{"host":"4qkvkh7pd9qr2mca","time":1609028409,"event":{"mods":["AchievementEnabler","BaseMod","Colored Map","Colored Powertips","Highlight Path","Minty Spire (QoL Compilation)","Permanent Neow","Quick Restart","StSLib","SuperFastMode"],"gold_per_floor":[110,110,126,139,155,188,188,36,36,36,47,60,92,48,48,122,122,141,141,155,55,55,55],"floor_reached":22,"playtime":811,"items_purged":["Normality","Strike_R"],"score":392,"play_id":"bfcf2908-8d1d-4839-8c4a-60b6e73701e4","local_time":"20201227012009","is_ascension_mode":true,"campfire_choices":[{"data":"Demon Form","floor":7.0,"key":"SMITH"},{"data":"Combust","floor":10.0,"key":"SMITH"},{"data":"Blood for Blood","floor":15.0,"key":"SMITH"}],"circlet_count":0,"master_deck":["AscendersBane","Strike_R","Strike_R","Strike_R","Strike_R","Defend_R","Defend_R","Defend_R","Defend_R","Bash","Shockwave","Demon Form+1","Anger","Sword Boomerang","Headbutt","Shrug It Off","Combust+1","Feel No Pain","Seeing Red","Whirlwind","Blood for Blood+1","Dark Embrace+1","Offering","Flame Barrier","True Grit"],"relics":["Burning Blood","Incense Burner","Gremlin Horn","Frozen Egg 2","Mercury Hourglass","Philosopher\u0027s Stone","Paper Frog"],"acts_visited":["Exordium","TheCity"],"potions_floor_usage":[16,20],"damage_taken":[{"damage":4.0,"enemies":"2 Louse","floor":1.0,"turns":4.0},{"damage":1.0,"enemies":"Cultist","floor":3.0,"turns":3.0},{"damage":14.0,"enemies":"Jaw Worm","floor":4.0,"turns":4.0},{"damage":2.0,"enemies":"Looter","floor":5.0,"turns":4.0},{"damage":20.0,"enemies":"Lagavulin","floor":6.0,"turns":6.0},{"damage":0.0,"enemies":"Exordium Wildlife","floor":11.0,"turns":4.0},{"damage":11.0,"enemies":"Blue Slaver","floor":12.0,"turns":3.0},{"damage":21.0,"enemies":"Gremlin Nob","floor":13.0,"turns":4.0},{"damage":21,"enemies":"The Guardian","floor":16,"turns":9},{"damage":4,"enemies":"3 Byrds","floor":18,"turns":3},{"damage":24,"enemies":"Chosen","floor":20,"turns":5},{"damage":51,"enemies":"Shelled Parasite and Fungi","floor":22,"turns":4}],"seed_played":"2490435698658271864","potions_obtained":[{"floor":4.0,"key":"ColorlessPotion"},{"floor":6.0,"key":"Fire Potion"},{"floor":13.0,"key":"Block Potion"}],"is_trial":false,"path_per_floor":["M","?","M","M","M","E","R","$","T","R","M","M","E","$","R","B",null,"M","T","M","$","M"],"character_chosen":"IRONCLAD","items_purchased":["Feel No Pain","Dark Embrace+1"],"campfire_rested":0,"item_purchase_floors":[8,14],"current_hp_per_floor":[70,70,75,67,71,57,57,57,57,57,63,58,43,43,43,28,63,65,65,47,47,0,0],"gold":55,"neow_bonus":"ONE_RARE_RELIC","is_daily":false,"chose_seed":false,"campfire_upgraded":3,"win_rate":0.0,"timestamp":1609028409,"path_taken":["M","?","M","M","M","E","R","?","T","R","?","M","E","$","R","BOSS","M","?","M","$","M"],"items_purchased_type":["Card","Card"],"build_version":"2020-12-22","purchased_purges":2,"victory":false,"max_hp_per_floor":[75,75,75,75,75,75,75,75,75,75,75,75,75,75,75,75,75,75,75,75,75,75,75],"card_choices":[{"not_picked":["Pommel Strike","Flex"],"picked":"Shockwave","floor":1.0},{"not_picked":["Headbutt","Twin Strike"],"picked":"Sword Boomerang","floor":3.0},{"not_picked":["Perfected Strike","Clothesline"],"picked":"Headbutt","floor":4.0},{"not_picked":["Armaments","Havoc"],"picked":"Shrug It Off","floor":5.0},{"not_picked":["Second Wind","Pommel Strike"],"picked":"Combust","floor":6.0},{"not_picked":["Rampage","Havoc"],"picked":"Seeing Red","floor":11.0},{"not_picked":["Flex","Clash"],"picked":"Whirlwind","floor":12.0},{"not_picked":["Armaments","True Grit"],"picked":"Blood for Blood","floor":13.0},{"not_picked":["Juggernaut+1","Double Tap"],"picked":"Offering","floor":16},{"not_picked":["Whirlwind","Ghostly Armor"],"picked":"Flame Barrier","floor":18},{"not_picked":["Feel No Pain+1","Iron Wave"],"picked":"True Grit","floor":20}],"player_experience":495456,"relics_obtained":[{"floor":6.0,"key":"Gremlin Horn"},{"floor":9.0,"key":"Frozen Egg 2"},{"floor":13.0,"key":"Mercury Hourglass"},{"floor":19,"key":"Paper Frog"}],"event_choices":[{"damage_healed":0.0,"max_hp_gain":0.0,"max_hp_loss":0.0,"gold_gain":0.0,"event_name":"Match and Keep!","player_choice":"2 cards matched","floor":2.0,"gold_loss":0.0,"damage_taken":0.0,"cards_obtained":["Demon Form","Anger"]},{"damage_healed":0.0,"max_hp_gain":0.0,"max_hp_loss":0.0,"gold_gain":0.0,"event_name":"Match and Keep!","player_choice":"2 cards matched","floor":2.0,"gold_loss":0.0,"damage_taken":0.0,"cards_obtained":["Demon Form","Anger"]}],"is_beta":false,"boss_relics":[{"not_picked":["Velvet Choker","Empty Cage"],"picked":"Philosopher\u0027s Stone"}],"items_purged_floors":[8,21],"is_endless":false,"potions_floor_spawned":[4,6,13],"killed_by":"Shelled Parasite and Fungi","ascension_level":20}}