{"host":"udzsrhbqdxqtlypj","time":1609093372,"event":{"mods":["BaseMod","Minty Spire (QoL Compilation)","Relic Stats"],"gold_per_floor":[119,129,144,144,161,161,189,189,189,189,218,218,218,236,236,340,340,351,651,49,64,79,105,105,136,136,166,178,3,103,132,132,231,231,248,259,259,311,35,35,68,86,86,113,39,69,86,113,113,113,113,113,15,48,48],"floor_reached":56,"playtime":3693,"items_purged":["Strike_G","Strike_G"],"score":2189,"play_id":"caca56ba-e2fa-4df4-a9f6-dd82fe4d5f0c","local_time":"20201227122252","is_ascension_mode":true,"campfire_choices":[{"data":"Glass Knife","floor":6,"key":"SMITH"},{"data":"Neutralize","floor":10,"key":"SMITH"},{"data":"Poisoned Stab","floor":13,"key":"SMITH"},{"floor":15,"key":"REST"},{"data":"Adrenaline","floor":24,"key":"SMITH"},{"data":"Noxious Fumes","floor":32,"key":"SMITH"},{"data":"Corpse Explosion","floor":40,"key":"SMITH"},{"floor":49,"key":"RECALL"},{"data":"Acrobatics","floor":52,"key":"SMITH"}],"circlet_count":0,"master_deck":["AscendersBane","Strike_G","Defend_G","Defend_G","Defend_G+1","Defend_G","Defend_G","Survivor","Neutralize+1","Skewer+1","Backstab","Dagger Spray","Glass Knife+1","Poisoned Stab+1","Adrenaline+1","Terror","PiercingWail","All Out Attack","Prepared+1","Reflex","Poisoned Stab+1","Noxious Fumes+1","Noxious Fumes+1","Dagger Throw+1","Corpse Explosion+1","Backstab+1","Catalyst+1","PiercingWail","Leg Sweep","Acrobatics+1","Prepared+1","Tactician+1","Acrobatics+1"],"relics":["Ring of the Snake","NeowsBlessing","Ninja Scroll","Torii","CaptainsWheel","Sundial","Empty Cage","Old Coin","TwistedFunnel","Turnip","Tough Bandages","Pocketwatch","InkBottle","Pen Nib","Membership Card","Unceasing Top","Pear","Centennial Puzzle","HoveringKite","Calipers","Lee\u0027s Waffle","Meat on the Bone","Lantern","Smiling Mask","PreservedInsect","Thread and Needle","Nunchaku","Chemical X","Ginger"],"acts_visited":["Exordium","TheCity","TheBeyond","TheEnding"],"potions_floor_usage":[11,23,25,28,30,33,47,48,54,55,55,55],"damage_taken":[{"damage":0,"enemies":"2 Louse","floor":1,"turns":1},{"damage":0,"enemies":"Small Slimes","floor":2,"turns":1},{"damage":0,"enemies":"Jaw Worm","floor":3,"turns":1},{"damage":0,"enemies":"Blue Slaver","floor":5,"turns":3},{"damage":15,"enemies":"3 Sentries","floor":7,"turns":8},{"damage":20,"enemies":"Lagavulin","floor":11,"turns":5},{"damage":1,"enemies":"Exordium Wildlife","floor":14,"turns":4},{"damage":12,"enemies":"The Guardian","floor":16,"turns":11},{"damage":1,"enemies":"Spheric Guardian","floor":18,"turns":3},{"damage":0,"enemies":"2 Thieves","floor":21,"turns":2},{"damage":15,"enemies":"Shelled Parasite and Fungi","floor":22,"turns":5},{"damage":5,"enemies":"Gremlin Leader","floor":23,"turns":5},{"damage":0,"enemies":"Slavers","floor":25,"turns":4},{"damage":14,"enemies":"Book of Stabbing","floor":27,"turns":3},{"damage":6,"enemies":"Snake Plant","floor":28,"turns":3},{"damage":2,"enemies":"Colosseum Slavers","floor":30,"turns":3},{"damage":0,"enemies":"Colosseum Nobs","floor":30,"turns":3},{"damage":3,"enemies":"Slavers","floor":31,"turns":3},{"damage":0,"enemies":"Collector","floor":33,"turns":6},{"damage":0,"enemies":"3 Shapes","floor":35,"turns":4},{"damage":0,"enemies":"Orb Walker","floor":36,"turns":2},{"damage":1,"enemies":"2 Orb Walkers","floor":38,"turns":2},{"damage":0,"enemies":"Giant Head","floor":41,"turns":5},{"damage":2,"enemies":"Writhing Mass","floor":42,"turns":4},{"damage":24,"enemies":"Nemesis","floor":44,"turns":3},{"damage":0,"enemies":"Reptomancer","floor":46,"turns":2},{"damage":0,"enemies":"Spire Growth","floor":47,"turns":2},{"damage":0,"enemies":"Giant Head","floor":48,"turns":4},{"damage":8,"enemies":"Donu and Deca","floor":50,"turns":5},{"damage":0,"enemies":"Shield and Spear","floor":54,"turns":4},{"damage":61,"enemies":"The Heart","floor":55,"turns":9}],"seed_played":"8738370221860766977","potions_obtained":[{"floor":1,"key":"PowerPotion"},{"floor":16,"key":"Explosive Potion"},{"floor":22,"key":"GhostInAJar"},{"floor":23,"key":"EssenceOfSteel"},{"floor":27,"key":"Block Potion"},{"floor":30,"key":"Fire Potion"},{"floor":31,"key":"SkillPotion"},{"floor":36,"key":"Poison Potion"},{"floor":42,"key":"BlessingOfTheForge"},{"floor":46,"key":"Dexterity Potion"},{"floor":47,"key":"PowerPotion"},{"floor":54,"key":"Weak Potion"}],"is_trial":false,"path_per_floor":["M","M","M","?","M","R","E","?","T","R","E","?","R","M","R","B",null,"M","?","$","M","M","E","R","E","T","E","M","$","?","E","R","B",null,"M","M","?","?","$","R","E","M","T","E","$","E","M","E","R","B",null,"R","$","E","B",null],"character_chosen":"THE_SILENT","items_purchased":["TwistedFunnel","Terror","Turnip","Membership Card","Noxious Fumes","Lee\u0027s Waffle","PiercingWail","Meat on the Bone","PreservedInsect","Chemical X","PowerPotion"],"campfire_rested":1,"item_purchase_floors":[20,20,20,29,29,39,39,39,45,53,53],"current_hp_per_floor":[63,63,63,68,68,68,53,38,38,38,18,15,15,14,36,24,62,61,61,61,61,46,41,41,41,41,27,21,21,29,26,26,26,70,70,70,70,69,88,88,88,86,86,62,62,62,62,62,62,54,80,80,80,80,31],"gold":48,"neow_bonus":"THREE_ENEMY_KILL","is_daily":false,"chose_seed":false,"campfire_upgraded":7,"win_rate":0.0,"timestamp":1609093372,"path_taken":["M","M","M","?","M","R","E","?","T","R","E","?","R","M","R","BOSS","M","?","$","M","M","E","R","E","T","E","M","$","?","E","R","BOSS","M","M","?","?","$","R","E","M","T","E","?","E","?","E","R","BOSS","R","$","E","BOSS"],"items_purchased_type":["Relic","Card","Relic","Relic","Card","Relic","Card","Relic","Relic","Relic","Potion"],"build_version":"2020-12-22","purchased_purges":2,"victory":true,"max_hp_per_floor":[70,70,70,75,75,75,75,75,75,75,75,75,75,75,75,75,75,75,75,75,75,75,75,75,75,75,75,75,75,85,85,85,85,85,85,85,81,81,88,88,88,88,88,88,88,88,88,88,88,88,88,88,88,88,88],"relic_stats":{"Lee\u0027s Waffle":19,"Torii":44,"counters":[31,120],"HoveringKite":[31],"Pen Nib":[21],"PreservedInsect":269,"Ginger":[2],"Smiling Mask":0,"Tough Bandages":[264],"Centennial Puzzle":[13],"Nunchaku":[5],"Sundial":[16],"Turnip":[7],"Chemical X":[3],"obtain_stats":[{"TwistedFunnel":20,"Lantern":41,"Calipers":38,"Torii":9,"HoveringKite":34,"Ginger":54,"Empty Cage":17,"Smiling Mask":44,"Old Coin":19,"Tough Bandages":23,"Centennial Puzzle":31,"Nunchaku":48,"Ninja Scroll":7,"Sundial":12,"Chemical X":53,"InkBottle":26,"Ring of the Snake":0,"Lee\u0027s Waffle":39,"Pear":30,"NeowsBlessing":0,"Thread and Needle":46,"Pen Nib":27,"PreservedInsect":45,"CaptainsWheel":11,"Turnip":20,"Membership Card":29,"Unceasing Top":30,"Pocketwatch":25,"Meat on the Bone":39},{"TwistedFunnel":9,"Lantern":23,"Calipers":22,"Torii":5,"HoveringKite":19,"Ginger":30,"Empty Cage":8,"Smiling Mask":25,"Old Coin":9,"Tough Bandages":12,"Centennial Puzzle":18,"Nunchaku":28,"Ninja Scroll":5,"Sundial":6,"Chemical X":29,"InkBottle":13,"Ring of the Snake":0,"Lee\u0027s Waffle":22,"Pear":17,"NeowsBlessing":0,"Thread and Needle":26,"Pen Nib":14,"PreservedInsect":25,"CaptainsWheel":6,"Turnip":9,"Membership Card":15,"Unceasing Top":17,"Pocketwatch":13,"Meat on the Bone":22},{"TwistedFunnel":37,"Lantern":87,"Calipers":82,"Torii":14,"HoveringKite":74,"Ginger":111,"Empty Cage":34,"Smiling Mask":94,"Old Coin":37,"Tough Bandages":49,"Centennial Puzzle":68,"Nunchaku":102,"Ninja Scroll":14,"Sundial":19,"Chemical X":107,"InkBottle":53,"Ring of the Snake":0,"Lee\u0027s Waffle":82,"Pear":65,"NeowsBlessing":0,"Thread and Needle":96,"Pen Nib":56,"PreservedInsect":94,"CaptainsWheel":19,"Turnip":37,"Membership Card":59,"Unceasing Top":65,"Pocketwatch":53,"Meat on the Bone":82}],"InkBottle":[37],"Unceasing Top":[10],"Ring of the Snake":[62],"Pocketwatch":[41],"Meat on the Bone":12},"card_choices":[{"not_picked":["Footwork","Terror"],"picked":"Skewer","floor":1},{"not_picked":["Cloak And Dagger","Finisher"],"picked":"Backstab","floor":2},{"not_picked":["Footwork","Infinite Blades"],"picked":"Dagger Spray","floor":3},{"not_picked":["Cloak And Dagger","Dagger Spray"],"picked":"Glass Knife","floor":5},{"not_picked":["Calculated Gamble","Quick Slash"],"picked":"Poisoned Stab","floor":7},{"not_picked":["Deflect","Predator","Concentrate"],"picked":"SKIP","floor":11},{"not_picked":["Dagger Spray","Dodge and Roll","Blade Dance"],"picked":"SKIP","floor":14},{"not_picked":["Burst","Phantasmal Killer"],"picked":"Adrenaline","floor":16},{"not_picked":["Slice","Heel Hook+1","Riddle With Holes+1"],"picked":"SKIP","floor":18},{"not_picked":["Outmaneuver+1","Eviscerate+1","Underhanded Strike"],"picked":"SKIP","floor":21},{"not_picked":["Skewer","Bane"],"picked":"PiercingWail","floor":22},{"not_picked":["Expertise","Slice"],"picked":"All Out Attack","floor":23},{"not_picked":["Choke","Deflect+1"],"picked":"Prepared+1","floor":25},{"not_picked":["Blur","All Out Attack"],"picked":"Reflex","floor":27},{"not_picked":["Quick Slash","Predator"],"picked":"Poisoned Stab+1","floor":28},{"not_picked":["Dagger Throw","Unload"],"picked":"Noxious Fumes+1","floor":30},{"not_picked":["Masterful Stab","Reflex"],"picked":"Dagger Throw+1","floor":31},{"not_picked":["Burst","After Image"],"picked":"Corpse Explosion","floor":33},{"not_picked":["Flechettes+1","Quick Slash+1"],"picked":"Backstab+1","floor":35},{"not_picked":["Accuracy+1","Outmaneuver+1","Flying Knee+1"],"picked":"SKIP","floor":36},{"not_picked":["Blur+1","Backflip+1"],"picked":"Catalyst+1","floor":38},{"not_picked":["Eviscerate","Distraction"],"picked":"Leg Sweep","floor":41},{"not_picked":["Blur+1","Terror"],"picked":"Acrobatics+1","floor":42},{"not_picked":["Unload","Accuracy+1"],"picked":"Prepared+1","floor":44},{"not_picked":["PiercingWail+1","Accuracy"],"picked":"Tactician+1","floor":46},{"not_picked":["Bane+1","Poisoned Stab+1"],"picked":"Acrobatics","floor":47},{"not_picked":["Blade Dance","Underhanded Strike","Sucker Punch"],"picked":"SKIP","floor":48},{"not_picked":["Underhanded Strike","Heel Hook+1","Dash"],"picked":"SKIP","floor":54}],"player_experience":2736234,"relics_obtained":[{"floor":7,"key":"Ninja Scroll"},{"floor":9,"key":"Torii"},{"floor":11,"key":"CaptainsWheel"},{"floor":23,"key":"Tough Bandages"},{"floor":25,"key":"Pocketwatch"},{"floor":26,"key":"InkBottle"},{"floor":27,"key":"Pen Nib"},{"floor":30,"key":"Unceasing Top"},{"floor":30,"key":"Pear"},{"floor":31,"key":"Centennial Puzzle"},{"floor":38,"key":"Calipers"},{"floor":41,"key":"Lantern"},{"floor":44,"key":"Smiling Mask"},{"floor":46,"key":"Thread and Needle"},{"floor":48,"key":"Nunchaku"},{"floor":54,"key":"Ginger"}],"event_choices":[{"damage_healed":0,"gold_gain":0,"player_choice":"Donut","damage_taken":0,"max_hp_gain":5,"max_hp_loss":0,"event_name":"Big Fish","floor":4,"gold_loss":0},{"damage_healed":0,"gold_gain":0,"player_choice":"Entered Light","damage_taken":15,"max_hp_gain":0,"max_hp_loss":0,"event_name":"Shining Light","floor":8,"gold_loss":0,"cards_upgraded":["Defend_G","Skewer"]},{"damage_healed":0,"gold_gain":0,"player_choice":"Success","damage_taken":3,"relics_obtained":["Sundial"],"max_hp_gain":0,"max_hp_loss":0,"event_name":"Scrap Ooze","floor":12,"gold_loss":0},{"damage_healed":0,"gold_gain":0,"player_choice":"Opened","damage_taken":0,"relics_obtained":["Old Coin"],"max_hp_gain":0,"max_hp_loss":0,"event_name":"The Mausoleum","floor":19,"gold_loss":0},{"damage_healed":0,"gold_gain":0,"player_choice":"Fight","damage_taken":0,"max_hp_gain":0,"max_hp_loss":0,"event_name":"Colosseum","floor":30,"gold_loss":0},{"damage_healed":0,"gold_gain":0,"player_choice":"Fought Nobs","damage_taken":0,"max_hp_gain":0,"max_hp_loss":0,"event_name":"Colosseum","floor":30,"gold_loss":0},{"damage_healed":0,"gold_gain":0,"player_choice":"Max HP","damage_taken":0,"max_hp_gain":0,"max_hp_loss":4,"event_name":"Winding Halls","floor":37,"gold_loss":0},{"damage_healed":0,"gold_gain":0,"player_choice":"Fight","damage_taken":0,"max_hp_gain":0,"max_hp_loss":0,"event_name":"Mysterious Sphere","floor":38,"gold_loss":0}],"is_beta":false,"boss_relics":[{"not_picked":["SacredBark","SlaversCollar"],"picked":"Empty Cage"},{"not_picked":["Philosopher\u0027s Stone","Runic Dome"],"picked":"HoveringKite"}],"items_purged_floors":[20,39],"is_endless":false,"potions_floor_spawned":[1,16,22,23,27,30,31,36,42,46,47,54],"ascension_level":10}}