{"host":"gttgmv2wah99hzdm","time":1609092240,"event":{"mods":["AchievementEnabler","BaseMod","Bestiary","Block Reminder","Filter the Spire","Highlight Path","Minty Spire (QoL Compilation)","Permanent Neow","Random Character Button","Relic Stats","StSLib","ojb\u0027s Info Mod"],"gold_per_floor":[109,74,93,10,28,28,28,55,55,67,67,86,121,144,144,221,221,231,281,281,281,281,310,22,22,71,71,98,112,27,37,37,111,111,122,122,141,152,152,177,191,217,217,252,266,293,307,340,340,340],"floor_reached":51,"playtime":5002,"items_purged":["Writhe"],"score":1854,"play_id":"8951955f-4663-457d-91fd-21ea23f29ea3","local_time":"20201227120400","is_ascension_mode":true,"campfire_choices":[{"data":"Sunder","floor":6.0,"key":"SMITH"},{"data":"Seek","floor":11.0,"key":"SMITH"},{"data":"Hologram","floor":15.0,"key":"SMITH"},{"data":"Biased Cognition","floor":25.0,"key":"SMITH"},{"data":"Capacitor","floor":27.0,"key":"SMITH"},{"data":"Hologram","floor":32.0,"key":"SMITH"},{"floor":49,"key":"REST"}],"circlet_count":0,"master_deck":["AscendersBane","Zap","Sunder+1","Capacitor+1","Multi-Cast","Rip and Tear","Rebound","Amplify","Seek+1","Leap","Cold Snap","Electrodynamics","Echo Form","Hologram+1","Biased Cognition+1","Hologram+1","Reinforced Body","Reinforced Body","Apotheosis","Echo Form","Heatsinks+1","Biased Cognition","Force Field","Defragment","Ball Lightning"],"relics":["Pandora\u0027s Box","Thread and Needle","Mango","Darkstone Periapt","Potion Belt","Snecko Eye","Meat on the Bone","Gambling Chip","Pantograph","Lantern","Bronze Scales","Ancient Tea Set","Busted Crown","Peace Pipe","Strawberry","HornCleat","Symbiotic Virus","Frozen Egg 2","Pocketwatch"],"acts_visited":["Exordium","TheCity","TheBeyond"],"potions_floor_usage":[45,45,50,50,50],"damage_taken":[{"damage":12.0,"enemies":"Jaw Worm","floor":1.0,"turns":3.0},{"damage":0.0,"enemies":"2 Louse","floor":3.0,"turns":1.0},{"damage":0.0,"enemies":"Cultist","floor":5.0,"turns":3.0},{"damage":9.0,"enemies":"Gremlin Nob","floor":8.0,"turns":3.0},{"damage":0.0,"enemies":"Exordium Wildlife","floor":10.0,"turns":3.0},{"damage":21.0,"enemies":"Exordium Thugs","floor":12.0,"turns":4.0},{"damage":2.0,"enemies":"Lagavulin","floor":13.0,"turns":6.0},{"damage":0.0,"enemies":"Slime Boss","floor":16.0,"turns":6.0},{"damage":0.0,"enemies":"Spheric Guardian","floor":18.0,"turns":3.0},{"damage":5.0,"enemies":"Slavers","floor":23.0,"turns":3.0},{"damage":0.0,"enemies":"Gremlin Leader","floor":28.0,"turns":4.0},{"damage":0.0,"enemies":"3 Byrds","floor":29.0,"turns":2.0},{"damage":0.0,"enemies":"Centurion and Healer","floor":31.0,"turns":3.0},{"damage":33.0,"enemies":"Automaton","floor":33.0,"turns":5.0},{"damage":2.0,"enemies":"3 Darklings","floor":35.0,"turns":3.0},{"damage":0.0,"enemies":"Orb Walker","floor":37.0,"turns":3.0},{"damage":0.0,"enemies":"4 Shapes","floor":38.0,"turns":3.0},{"damage":7.0,"enemies":"Nemesis","floor":40.0,"turns":5.0},{"damage":0.0,"enemies":"Writhing Mass","floor":41.0,"turns":4.0},{"damage":0.0,"enemies":"Giant Head","floor":44.0,"turns":4.0},{"damage":2,"enemies":"Transient","floor":45,"turns":6},{"damage":6,"enemies":"Reptomancer","floor":46,"turns":7},{"damage":0,"enemies":"Jaw Worm Horde","floor":47,"turns":2},{"damage":0,"enemies":"Giant Head","floor":48,"turns":1},{"damage":10,"enemies":"Time Eater","floor":50,"turns":14}],"seed_played":"-2233376492946506468","potions_obtained":[{"floor":10.0,"key":"FearPotion"},{"floor":12.0,"key":"AttackPotion"},{"floor":16.0,"key":"PowerPotion"},{"floor":28.0,"key":"Explosive Potion"},{"floor":31.0,"key":"Swift Potion"},{"floor":38.0,"key":"LiquidBronze"},{"floor":41.0,"key":"BlessingOfTheForge"},{"floor":45,"key":"PotionOfCapacity"},{"floor":47,"key":"FearPotion"}],"is_trial":false,"path_per_floor":["M","?","M","$","M","R","?","E","T","M","R","M","E","T","R","B",null,"M","?","?","?","T","E","$","R","T","R","E","M","?","M","R","B",null,"M","?","M","M","?","E","M","T","T","E","M","E","M","E","R","B",null],"character_chosen":"DEFECT","items_purchased":["LiquidMemories","Apotheosis"],"campfire_rested":1,"item_purchase_floors":[4,24],"current_hp_per_floor":[52,69,69,69,69,69,69,60,74,74,74,53,51,51,51,51,77,77,77,83,83,83,78,78,78,78,78,78,78,78,78,78,58,83,81,81,81,81,81,74,74,81,81,81,79,73,73,73,98,88],"gold":340,"neow_bonus":"BOSS_RELIC","is_daily":false,"chose_seed":false,"campfire_upgraded":6,"win_rate":0.0,"timestamp":1609092240,"path_taken":["M","?","M","$","M","R","?","E","T","M","R","?","E","?","R","BOSS","M","?","?","?","?","E","$","R","T","R","E","M","?","M","R","BOSS","M","?","M","M","?","E","?","?","T","E","M","E","M","E","R","BOSS"],"items_purchased_type":["Potion","Card"],"build_version":"2020-12-22","purchased_purges":1,"victory":true,"max_hp_per_floor":[71,71,71,71,71,71,71,71,85,85,85,85,85,85,85,85,85,85,85,91,91,91,91,91,91,91,91,91,91,91,91,91,91,91,91,91,91,91,91,91,91,98,98,98,98,98,98,98,98,98],"relic_stats":{"Darkstone Periapt":6,"Peace Pipe":0,"Busted Crown":20,"counters":[25,101],"Gambling Chip":[64],"Pantograph":13,"Bronze Scales":[192],"Snecko Eye":[139,152,136,132],"Pandora\u0027s Box":["Sunder","Capacitor","Multi-Cast","Redo","Rip and Tear","Rebound","Amplify","Seek"],"obtain_stats":[{"Darkstone Periapt":13,"Potion Belt":14,"Lantern":26,"Thread and Needle":8,"Mango":9,"Frozen Egg 2":46,"Ancient Tea Set":30,"Peace Pipe":40,"Busted Crown":34,"HornCleat":43,"Gambling Chip":22,"Pantograph":23,"Bronze Scales":28,"Strawberry":42,"Snecko Eye":17,"Pandora\u0027s Box":0,"Cracked Core":0,"Symbiotic Virus":44,"Meat on the Bone":20,"Pocketwatch":48},{"Darkstone Periapt":7,"Potion Belt":7,"Lantern":10,"Thread and Needle":4,"Mango":4,"Frozen Egg 2":22,"Ancient Tea Set":12,"Peace Pipe":18,"Busted Crown":14,"HornCleat":19,"Gambling Chip":9,"Pantograph":10,"Bronze Scales":11,"Strawberry":19,"Snecko Eye":8,"Pandora\u0027s Box":0,"Cracked Core":0,"Symbiotic Virus":20,"Meat on the Bone":9,"Pocketwatch":24},{"Darkstone Periapt":23,"Potion Belt":23,"Lantern":35,"Thread and Needle":10,"Mango":10,"Frozen Egg 2":84,"Ancient Tea Set":41,"Peace Pipe":63,"Busted Crown":49,"HornCleat":67,"Gambling Chip":32,"Pantograph":35,"Bronze Scales":39,"Strawberry":67,"Snecko Eye":29,"Pandora\u0027s Box":0,"Cracked Core":0,"Symbiotic Virus":71,"Meat on the Bone":32,"Pocketwatch":87}],"Meat on the Bone":0,"Pocketwatch":[8]},"card_choices":[{"not_picked":["Compile Driver","Barrage"],"picked":"Leap","floor":1.0},{"not_picked":["Stack","Sweeping Beam"],"picked":"Cold Snap","floor":3.0},{"not_picked":["Beam Cell","Stack","Doom and Gloom"],"picked":"SKIP","floor":5.0},{"not_picked":["Heatsinks","Leap"],"picked":"Echo Form","floor":8.0},{"not_picked":["Gash","Steam","Redo"],"picked":"SKIP","floor":10.0},{"not_picked":["Static Discharge","Redo","Beam Cell"],"picked":"SKIP","floor":12.0},{"not_picked":["Fusion","Machine Learning","Hologram"],"picked":"SKIP","floor":13.0},{"not_picked":["Fusion","Machine Learning"],"picked":"Hologram","floor":13.0},{"not_picked":["Core Surge","Multi-Cast"],"picked":"Biased Cognition","floor":16.0},{"not_picked":["Compile Driver","Loop"],"picked":"Hologram","floor":18.0},{"not_picked":["Cold Snap","Chill"],"picked":"Reinforced Body","floor":23.0},{"not_picked":["Redo","Genetic Algorithm"],"picked":"Echo Form","floor":28.0},{"not_picked":["Ball Lightning","Gash+1"],"picked":"Heatsinks+1","floor":29.0},{"not_picked":["Compile Driver","Go for the Eyes","Reinforced Body"],"picked":"SKIP","floor":31.0},{"not_picked":["Thunder Strike","Reboot"],"picked":"Biased Cognition","floor":33.0},{"not_picked":[],"picked":"Force Field","floor":35.0},{"not_picked":["Compile Driver"],"picked":"SKIP","floor":37.0},{"not_picked":["Go for the Eyes"],"picked":"SKIP","floor":38.0},{"not_picked":[],"picked":"Defragment","floor":40.0},{"not_picked":["Melter"],"picked":"SKIP","floor":41.0},{"not_picked":["Sunder"],"picked":"SKIP","floor":44.0},{"not_picked":["Darkness"],"picked":"SKIP","floor":45},{"not_picked":[],"picked":"Ball Lightning","floor":46},{"not_picked":["Stack"],"picked":"SKIP","floor":47},{"not_picked":["Redo"],"picked":"SKIP","floor":48}],"player_experience":986905,"relics_obtained":[{"floor":8.0,"key":"Thread and Needle"},{"floor":9.0,"key":"Mango"},{"floor":13.0,"key":"Darkstone Periapt"},{"floor":14.0,"key":"Potion Belt"},{"floor":22.0,"key":"Gambling Chip"},{"floor":23.0,"key":"Pantograph"},{"floor":26.0,"key":"Lantern"},{"floor":28.0,"key":"Bronze Scales"},{"floor":40.0,"key":"Peace Pipe"},{"floor":42.0,"key":"Strawberry"},{"floor":43.0,"key":"HornCleat"},{"floor":44.0,"key":"Symbiotic Virus"},{"floor":46,"key":"Frozen Egg 2"},{"floor":48,"key":"Pocketwatch"}],"event_choices":[{"damage_healed":17.0,"max_hp_gain":0.0,"max_hp_loss":0.0,"gold_gain":0.0,"event_name":"The Cleric","player_choice":"Healed","floor":2.0,"gold_loss":35.0,"damage_taken":0.0},{"damage_healed":0.0,"max_hp_gain":0.0,"max_hp_loss":0.0,"gold_gain":0.0,"cards_transformed":["Redo"],"event_name":"Transmorgrifier","player_choice":"Transformed","floor":7.0,"gold_loss":0.0,"damage_taken":0.0,"cards_obtained":["Electrodynamics"]},{"damage_healed":0.0,"max_hp_gain":0.0,"max_hp_loss":0.0,"gold_gain":50.0,"event_name":"Nest","player_choice":"Stole From Cult","floor":19.0,"gold_loss":0.0,"damage_taken":0.0},{"damage_healed":0.0,"max_hp_gain":0.0,"max_hp_loss":0.0,"gold_gain":0.0,"event_name":"The Mausoleum","player_choice":"Opened","floor":20.0,"gold_loss":0.0,"damage_taken":0.0,"relics_obtained":["Meat on the Bone"],"cards_obtained":["Writhe"]},{"damage_healed":0.0,"max_hp_gain":0.0,"max_hp_loss":0.0,"gold_gain":0.0,"event_name":"The Library","player_choice":"Read","floor":21.0,"gold_loss":0.0,"damage_taken":0.0,"cards_obtained":["Reinforced Body"]},{"damage_healed":0.0,"max_hp_gain":0.0,"max_hp_loss":0.0,"gold_gain":0.0,"event_name":"Addict","player_choice":"Obtained Relic","floor":30.0,"gold_loss":85.0,"damage_taken":0.0,"relics_obtained":["Ancient Tea Set"]},{"cards_removed":["Dualcast"],"damage_healed":0.0,"max_hp_gain":0.0,"max_hp_loss":0.0,"gold_gain":0.0,"event_name":"Falling","player_choice":"Removed Skill","floor":36.0,"gold_loss":0.0,"damage_taken":0.0},{"damage_healed":0.0,"max_hp_gain":0.0,"max_hp_loss":0.0,"gold_gain":0.0,"event_name":"SecretPortal","player_choice":"Ignored","floor":39.0,"gold_loss":0.0,"damage_taken":0.0}],"is_beta":false,"boss_relics":[{"not_picked":["Runic Dome","Empty Cage"],"picked":"Snecko Eye"},{"not_picked":["Calling Bell","Velvet Choker"],"picked":"Busted Crown"}],"items_purged_floors":[24],"is_endless":false,"potions_floor_spawned":[10,12,16,28,31,33,38,40,41,45,47],"ascension_level":19}}