{"host":"hgkb2zpbo2dcws21","time":1609077707,"event":{"mods":["AchievementEnabler","BaseMod","Colored Map","Colored Powertips","Custom Start","DeckTracker","KOR Keyword Fix","Minty Spire (QoL Compilation)","Relic Stats","StSLib","SuperFastMode"],"gold_per_floor":[119,119,119,119,119,148,148,183,183,193,219,219,237,2,2,75,75,90,105,117,117,117,148,160,188,252,278,318,330,353,396,408,420,420],"floor_reached":33,"playtime":679,"items_purged":["Strike_R"],"score":746,"play_id":"08b68a71-b96a-4505-9edc-b955900eed25","local_time":"20201227230147","is_ascension_mode":true,"campfire_choices":[{"data":"Battle Trance","floor":7.0,"key":"SMITH"},{"data":"Seeing Red","floor":12.0,"key":"SMITH"},{"data":"Bludgeon","floor":15.0,"key":"SMITH"},{"floor":24.0,"key":"REST"},{"data":"Wild Strike","floor":29,"key":"SMITH"},{"floor":32,"key":"REST"}],"circlet_count":0,"master_deck":["AscendersBane","Strike_R+1","Defend_R","Defend_R","Defend_R","Defend_R","Bash","Sword Boomerang+1","Battle Trance+1","Shrug It Off","Wild Strike+1","Seeing Red+1","Bludgeon+1","Barricade","Shrug It Off","Flame Barrier","Body Slam","Feel No Pain+1","Fire Breathing","Feel No Pain"],"relics":["Burning Blood","NeowsBlessing","Whetstone","Blue Candle","Mercury Hourglass","Bottled Lightning","Matryoshka","Strawberry","Medical Kit","Snecko Eye","MawBank","Boot","Centennial Puzzle","Paper Frog"],"acts_visited":["Exordium","TheCity"],"potions_floor_usage":[31],"damage_taken":[{"damage":0.0,"enemies":"Jaw Worm","floor":1.0,"turns":1.0},{"damage":0.0,"enemies":"Gremlin Nob","floor":6.0,"turns":1.0},{"damage":0.0,"enemies":"3 Sentries","floor":8.0,"turns":1.0},{"damage":0.0,"enemies":"2 Louse","floor":10.0,"turns":2.0},{"damage":27.0,"enemies":"Lagavulin","floor":11.0,"turns":5.0},{"damage":0.0,"enemies":"Cultist","floor":13.0,"turns":3.0},{"damage":50.0,"enemies":"The Guardian","floor":16.0,"turns":10.0},{"damage":0.0,"enemies":"2 Thieves","floor":18.0,"turns":2.0},{"damage":35.0,"enemies":"Shell Parasite","floor":19.0,"turns":4.0},{"damage":0.0,"enemies":"Snake Plant","floor":20.0,"turns":2.0},{"damage":21.0,"enemies":"Book of Stabbing","floor":23.0,"turns":4.0},{"damage":9.0,"enemies":"3 Cultists","floor":25.0,"turns":4.0},{"damage":5.0,"enemies":"Chosen and Byrds","floor":27.0,"turns":7.0},{"damage":29.0,"enemies":"Slavers","floor":28.0,"turns":5.0},{"damage":13,"enemies":"Centurion and Healer","floor":30,"turns":5},{"damage":20,"enemies":"Book of Stabbing","floor":31,"turns":5},{"damage":35,"enemies":"Collector","floor":33,"turns":5}],"seed_played":"1712759942709456362","potions_obtained":[{"floor":1.0,"key":"AttackPotion"},{"floor":13.0,"key":"SteroidPotion"},{"floor":23.0,"key":"SkillPotion"},{"floor":25.0,"key":"AttackPotion"}],"is_trial":false,"path_per_floor":["M","?","?","T","?","E","R","E","T","M","E","R","M","$","R","B",null,"M","M","M","?","?","E","R","M","T","M","E","R","M","E","R","B"],"character_chosen":"IRONCLAD","items_purchased":["Medical Kit"],"campfire_rested":2,"item_purchase_floors":[14],"current_hp_per_floor":[74,74,67,67,49,55,55,61,61,67,53,53,59,59,59,15,65,71,42,48,48,48,33,57,54,54,55,32,32,25,11,35,0,0],"gold":420,"neow_bonus":"THREE_ENEMY_KILL","is_daily":false,"chose_seed":false,"campfire_upgraded":4,"win_rate":0.0,"timestamp":1609077707,"path_taken":["M","?","?","?","?","E","R","E","T","?","E","R","M","$","R","BOSS","M","M","M","?","?","E","R","M","T","M","E","R","M","E","R","BOSS"],"items_purchased_type":["Relic"],"build_version":"2020-12-22","purchased_purges":1,"victory":false,"max_hp_per_floor":[75,75,75,75,75,75,75,75,75,75,82,82,82,82,82,82,82,82,82,82,82,82,82,82,82,82,82,82,82,82,82,82,82,82],"relic_stats":{"Centennial Puzzle":[9],"counters":[17,65],"Blue Candle":[4],"Snecko Eye":[88,67,78,74],"Whetstone":["Sword Boomerang","Strike_R"],"Medical Kit":[35],"MawBank":120,"Boot":[48],"obtain_stats":[{"NeowsBlessing":0,"Blue Candle":5,"Whetstone":4,"Medical Kit":14,"MawBank":23,"Boot":26,"Burning Blood":0,"Mercury Hourglass":6,"Centennial Puzzle":28,"Matryoshka":9,"Strawberry":11,"Snecko Eye":17,"Bottled Lightning":8,"Paper Frog":31},{"NeowsBlessing":0,"Blue Candle":1,"Whetstone":1,"Medical Kit":6,"MawBank":11,"Boot":12,"Burning Blood":0,"Mercury Hourglass":2,"Centennial Puzzle":14,"Matryoshka":3,"Strawberry":5,"Snecko Eye":7,"Bottled Lightning":3,"Paper Frog":16},{"NeowsBlessing":0,"Blue Candle":1,"Whetstone":1,"Medical Kit":12,"MawBank":34,"Boot":38,"Burning Blood":0,"Mercury Hourglass":2,"Centennial Puzzle":50,"Matryoshka":3,"Strawberry":10,"Snecko Eye":22,"Bottled Lightning":3,"Paper Frog":60}],"Burning Blood":96,"Mercury Hourglass":[247]},"card_choices":[{"not_picked":["Entrench","Warcry"],"picked":"Sword Boomerang","floor":1.0},{"not_picked":["Whirlwind","Dropkick"],"picked":"Battle Trance","floor":6.0},{"not_picked":["Twin Strike","Cleave"],"picked":"Shrug It Off","floor":8.0},{"not_picked":["Feel No Pain","Fire Breathing"],"picked":"Wild Strike","floor":10.0},{"not_picked":["Hemokinesis","Rupture"],"picked":"Seeing Red","floor":11.0},{"not_picked":["Flex","Shrug It Off"],"picked":"Bludgeon","floor":13.0},{"not_picked":["Impervious","Fiend Fire"],"picked":"Barricade","floor":16.0},{"not_picked":["Flex","Dropkick","Infernal Blade+1"],"picked":"SKIP","floor":18.0},{"not_picked":["Cleave","Armaments"],"picked":"Shrug It Off","floor":19.0},{"not_picked":["Headbutt","Armaments"],"picked":"Flame Barrier","floor":20.0},{"not_picked":["Twin Strike","Infernal Blade"],"picked":"Body Slam","floor":23.0},{"not_picked":["Flame Barrier","Thunderclap+1"],"picked":"Feel No Pain+1","floor":25.0},{"not_picked":["Cleave","Body Slam+1","Twin Strike"],"picked":"SKIP","floor":27.0},{"not_picked":["Anger","Reckless Charge","Seeing Red+1"],"picked":"SKIP","floor":28},{"not_picked":["Warcry","Feed"],"picked":"Fire Breathing","floor":30},{"not_picked":["Perfected Strike","Shrug It Off"],"picked":"Feel No Pain","floor":31}],"player_experience":1112201,"relics_obtained":[{"floor":4.0,"key":"Whetstone"},{"floor":6.0,"key":"Mercury Hourglass"},{"floor":8.0,"key":"Bottled Lightning"},{"floor":9.0,"key":"Matryoshka"},{"floor":11.0,"key":"Strawberry"},{"floor":23.0,"key":"MawBank"},{"floor":26.0,"key":"Boot"},{"floor":28,"key":"Centennial Puzzle"},{"floor":31,"key":"Paper Frog"}],"event_choices":[{"cards_removed":["Strike_R"],"damage_healed":0.0,"max_hp_gain":0.0,"max_hp_loss":0.0,"gold_gain":0.0,"event_name":"Living Wall","player_choice":"Forget","floor":2.0,"gold_loss":0.0,"damage_taken":0.0},{"cards_removed":["Strike_R"],"damage_healed":0.0,"max_hp_gain":0.0,"max_hp_loss":0.0,"gold_gain":0.0,"event_name":"Golden Wing","player_choice":"Card Removal","floor":3.0,"gold_loss":0.0,"damage_taken":7.0},{"damage_healed":0.0,"max_hp_gain":0.0,"max_hp_loss":0.0,"gold_gain":0.0,"event_name":"Scrap Ooze","player_choice":"Success","floor":5.0,"gold_loss":0.0,"damage_taken":18.0,"relics_obtained":["Blue Candle"]},{"damage_healed":0.0,"max_hp_gain":0.0,"max_hp_loss":0.0,"gold_gain":0.0,"event_name":"Ghosts","player_choice":"Ignored","floor":21.0,"gold_loss":0.0,"damage_taken":0.0},{"cards_removed":["Strike_R"],"damage_healed":0.0,"max_hp_gain":0.0,"max_hp_loss":0.0,"gold_gain":0.0,"event_name":"Back to Basics","player_choice":"Elegance","floor":22.0,"gold_loss":0.0,"damage_taken":0.0}],"is_beta":false,"boss_relics":[{"not_picked":["Pandora\u0027s Box","Black Star"],"picked":"Snecko Eye"}],"items_purged_floors":[14],"is_endless":false,"potions_floor_spawned":[1,13,16,23,25,27,30],"killed_by":"Collector","ascension_level":20}}