{"host":"nptej036rrbiurf5","time":1609049145,"event":{"mods":["BaseMod","Colored Map","Colored Powertips","DeckTracker","Minty Spire (QoL Compilation)","StSLib","SuperFastMode"],"gold_per_floor":[119,138,138,151,163,163,2,77,127,127,127,127,145,158,158,235,235,251,261,97,110,44,74,92,124,124,124,74,74,74,87,87,87,87],"floor_reached":33,"playtime":753,"items_purged":["Strike_P","Defend_P"],"score":554,"play_id":"0a98520a-f41e-4941-affb-32b5b116bfca","local_time":"20201227150545","is_ascension_mode":true,"campfire_choices":[{"data":"Eruption","floor":6.0,"key":"SMITH"},{"data":"Ragnarok","floor":11.0,"key":"SMITH"},{"data":"CrushJoints","floor":15.0,"key":"SMITH"},{"floor":29.0,"key":"REST"},{"floor":32,"key":"RECALL"}],"circlet_count":0,"master_deck":["AscendersBane","Defend_P","Defend_P","Defend_P","Eruption+1","Vigilance","CrushJoints+1","Tantrum","ThirdEye","Ragnarok+1","EmptyFist","DeusExMachina","FearNoEvil","ClearTheMind+1","Halt"],"relics":["PureWater","Bronze Scales","Regal Pillow","The Courier","Empty Cage","Membership Card","Lee\u0027s Waffle","Bag of Preparation","Vajra","Question Card"],"acts_visited":["Exordium","TheCity"],"potions_floor_usage":[33],"damage_taken":[{"damage":4.0,"enemies":"2 Louse","floor":1.0,"turns":3.0},{"damage":0.0,"enemies":"Jaw Worm","floor":2.0,"turns":3.0},{"damage":0.0,"enemies":"Small Slimes","floor":4.0,"turns":2.0},{"damage":10.0,"enemies":"3 Louse","floor":5.0,"turns":3.0},{"damage":0.0,"enemies":"Gremlin Gang","floor":13.0,"turns":2.0},{"damage":8.0,"enemies":"Lots of Slimes","floor":14.0,"turns":3.0},{"damage":28.0,"enemies":"Slime Boss","floor":16.0,"turns":9.0},{"damage":5.0,"enemies":"3 Byrds","floor":18.0,"turns":1.0},{"damage":14.0,"enemies":"2 Thieves","floor":19.0,"turns":3.0},{"damage":24.0,"enemies":"Centurion and Healer","floor":21.0,"turns":2.0},{"damage":11.0,"enemies":"Gremlin Leader","floor":23.0,"turns":4.0},{"damage":11.0,"enemies":"3 Cultists","floor":24.0,"turns":5.0},{"damage":14.0,"enemies":"Book of Stabbing","floor":25.0,"turns":2.0},{"damage":9,"enemies":"Snake Plant","floor":31,"turns":2},{"damage":14,"enemies":"Automaton","floor":33,"turns":6}],"seed_played":"7069112423502063990","potions_obtained":[{"floor":2.0,"key":"LiquidBronze"},{"floor":4.0,"key":"DistilledChaos"},{"floor":16.0,"key":"FearPotion"},{"floor":18.0,"key":"Strength Potion"},{"floor":24.0,"key":"FearPotion"},{"floor":31,"key":"Dexterity Potion"}],"is_trial":false,"path_per_floor":["M","M","?","M","M","R","$","?","T","T","R","?","M","M","R","B",null,"M","M","$","M","$","E","M","E","T","?","$","R","?","M","R","B"],"character_chosen":"WATCHER","items_purchased":["Ragnarok","Membership Card","Lee\u0027s Waffle"],"campfire_rested":1,"item_purchase_floors":[7,20,22],"current_hp_per_floor":[57,57,57,57,47,47,47,36,36,36,36,58,58,50,50,22,57,52,38,38,14,75,64,53,39,39,39,39,75,75,66,66,52,52],"gold":87,"neow_bonus":"RANDOM_COMMON_RELIC","is_daily":false,"chose_seed":false,"campfire_upgraded":3,"win_rate":0.0,"timestamp":1609049145,"path_taken":["M","M","?","M","M","R","$","?","T","?","R","?","M","M","R","BOSS","M","M","$","M","$","E","M","E","T","?","$","R","?","M","R","BOSS"],"items_purchased_type":["Card","Relic","Relic"],"build_version":"2020-12-22","purchased_purges":2,"victory":false,"max_hp_per_floor":[68,68,68,68,68,68,68,68,68,68,68,68,68,68,68,68,68,68,68,68,68,75,75,75,75,75,75,75,75,75,75,75,75,75],"card_choices":[{"not_picked":["FlyingSleeves","CutThroughFate"],"picked":"CrushJoints","floor":1.0},{"not_picked":["ForeignInfluence","Adaptation"],"picked":"Tantrum","floor":2.0},{"not_picked":["ClearTheMind","SashWhip","Consecrate"],"picked":"SKIP","floor":4.0},{"not_picked":["Vengeance","Evaluate"],"picked":"ThirdEye","floor":5.0},{"not_picked":["Consecrate","Perseverance"],"picked":"EmptyFist","floor":13.0},{"not_picked":["Sanctity","JustLucky","SashWhip"],"picked":"SKIP","floor":14.0},{"not_picked":["Brilliance","MasterReality"],"picked":"DeusExMachina","floor":16.0},{"not_picked":["CrushJoints","CutThroughFate","Halt"],"picked":"SKIP","floor":18.0},{"not_picked":["Wallop","Consecrate"],"picked":"FearNoEvil","floor":19.0},{"not_picked":["SandsOfTime","WindmillStrike"],"picked":"ClearTheMind+1","floor":21.0},{"not_picked":["ClearTheMind","Vengeance","Consecrate"],"picked":"SKIP","floor":23.0},{"not_picked":["FlyingSleeves","ReachHeaven","SashWhip"],"picked":"SKIP","floor":24.0},{"not_picked":["Protect","DevaForm"],"picked":"Halt","floor":25.0},{"not_picked":["EmptyFist","EmptyBody","FlyingSleeves","Halt"],"picked":"SKIP","floor":31}],"player_experience":858337,"relics_obtained":[{"floor":9.0,"key":"Regal Pillow"},{"floor":10.0,"key":"The Courier"},{"floor":23.0,"key":"Bag of Preparation"},{"floor":25.0,"key":"Vajra"},{"floor":26.0,"key":"Question Card"}],"event_choices":[{"damage_healed":0.0,"max_hp_gain":0.0,"max_hp_loss":0.0,"gold_gain":0.0,"event_name":"Shining Light","player_choice":"Ignored","floor":3.0,"gold_loss":0.0,"damage_taken":0.0},{"damage_healed":0.0,"max_hp_gain":0.0,"max_hp_loss":0.0,"gold_gain":75.0,"event_name":"World of Goop","player_choice":"Gather Gold","floor":8.0,"gold_loss":0.0,"damage_taken":11.0},{"damage_healed":22.0,"max_hp_gain":0.0,"max_hp_loss":0.0,"gold_gain":0.0,"event_name":"Big Fish","player_choice":"Banana","floor":12.0,"gold_loss":0.0,"damage_taken":0.0},{"cards_removed":["Strike_P"],"damage_healed":0.0,"max_hp_gain":0.0,"max_hp_loss":0.0,"gold_gain":0.0,"event_name":"Back to Basics","player_choice":"Elegance","floor":27.0,"gold_loss":0.0,"damage_taken":0.0}],"is_beta":false,"boss_relics":[{"not_picked":["Runic Pyramid","SlaversCollar"],"picked":"Empty Cage"}],"items_purged_floors":[20,28],"is_endless":false,"potions_floor_spawned":[2,4,16,18,24,31],"killed_by":"Automaton","ascension_level":20}}