{"host":"bq4pt811tk9yrmjl","time":1609083723,"event":{"mods":["AchievementEnabler","BaseMod","Colored Map","Colored Powertips","Defuse TimeMaze Blight","Hermit","Minty Spire (QoL Compilation)","StSLib","SuperFastMode"],"gold_per_floor":[113,388,142,63,73,104,104,118,145,164,164,177,203,203,203,326,326,350,390,8,8,26,67,67,74,74],"floor_reached":25,"playtime":704,"items_purged":[],"score":267,"play_id":"34e128b6-3b30-4716-80c9-417ac49d528a","local_time":"20201227134203","is_ascension_mode":true,"campfire_choices":[{"data":"hermit:Brawl","floor":7,"key":"SMITH"},{"floor":15,"key":"REST"},{"floor":24,"key":"REST"}],"circlet_count":0,"master_deck":["hermit:Strike_Hermit","hermit:Strike_Hermit","hermit:Strike_Hermit","hermit:Strike_Hermit","hermit:Defend_Hermit","hermit:Defend_Hermit","hermit:Defend_Hermit","hermit:Defend_Hermit","hermit:Snapshot+1","hermit:Covet","Regret","hermit:Maintenance+1","hermit:Brawl+1","hermit:LuckOfTheDraw+1","hermit:Vantage+1","hermit:Snipe+1","hermit:GoldenBullet","Injury","hermit:LoneWolf+1","hermit:BodyArmor+1","hermit:Maintenance+1","Writhe","hermit:Scavenge+1"],"relics":["hermit:Momento","NeowsBlessing","Toxic Egg 2","Juzu Bracelet","Blood Vial","Golden Idol","Sozu","Red Mask","Tiny Chest","HandDrill","Anchor","Thread and Needle"],"acts_visited":["Exordium","TheCity"],"potions_floor_usage":[10,10,13,16,19,19],"damage_taken":[{"damage":0,"enemies":"2 Louse","floor":1,"turns":1},{"damage":0,"enemies":"Cultist","floor":5,"turns":1},{"damage":0,"enemies":"Lagavulin","floor":6,"turns":1},{"damage":0,"enemies":"Small Slimes","floor":8,"turns":4},{"damage":15,"enemies":"Blue Slaver","floor":10,"turns":5},{"damage":0,"enemies":"2 Fungi Beasts","floor":12,"turns":4},{"damage":24,"enemies":"Gremlin Nob","floor":13,"turns":4},{"damage":21,"enemies":"The Guardian","floor":16,"turns":15},{"damage":5,"enemies":"Spheric Guardian","floor":18,"turns":7},{"damage":29,"enemies":"Masked Bandits","floor":19,"turns":6},{"damage":0,"enemies":"Shell Parasite","floor":22,"turns":4},{"damage":37,"enemies":"Slavers","floor":23,"turns":8},{"damage":42,"enemies":"Gremlin Leader","floor":25,"turns":10}],"seed_played":"-7957998261174758971","potions_obtained":[{"floor":1,"key":"Ancient Potion"},{"floor":6,"key":"Swift Potion"},{"floor":8,"key":"ColorlessPotion"},{"floor":12,"key":"EssenceOfSteel"},{"floor":13,"key":"DistilledChaos"},{"floor":16,"key":"EssenceOfSteel"}],"is_trial":false,"path_per_floor":["M","?","$","$","M","E","R","M","T","M","?","M","E","?","R","B",null,"M","?","$","?","M","E","R","E"],"character_chosen":"HERMIT","items_purchased":["Toxic Egg 2","hermit:Maintenance+1","hermit:Maintenance+1","Tiny Chest","HandDrill"],"campfire_rested":2,"item_purchase_floors":[3,4,20,20,20],"current_hp_per_floor":[75,75,75,75,75,75,75,75,75,60,60,60,36,36,58,39,75,70,43,43,43,45,10,32,0,0],"gold":74,"neow_bonus":"THREE_ENEMY_KILL","is_daily":false,"chose_seed":false,"campfire_upgraded":1,"win_rate":0.0,"timestamp":1609083723,"path_taken":["M","?","?","$","M","E","R","M","T","M","?","M","E","?","R","BOSS","M","?","$","?","M","E","R","E"],"items_purchased_type":["Relic","Card","Card","Relic","Relic"],"build_version":"2020-12-22","purchased_purges":0,"victory":false,"max_hp_per_floor":[75,75,75,75,75,75,75,75,75,75,75,75,75,75,75,75,75,75,75,75,75,75,75,75,75,75],"card_choices":[{"not_picked":["hermit:NoHoldsBarred","hermit:TakeCover","hermit:DeadMansHand"],"picked":"SKIP","floor":1},{"not_picked":["hermit:DeadMansHand+1","hermit:Midnight+1"],"picked":"hermit:Brawl","floor":5},{"not_picked":["hermit:Malice","hermit:DeadMansHand+1"],"picked":"hermit:LuckOfTheDraw+1","floor":6},{"not_picked":["hermit:CalledShot","hermit:Horror+1"],"picked":"hermit:Vantage+1","floor":8},{"not_picked":["hermit:Ricochet","hermit:WideOpen"],"picked":"hermit:Snipe+1","floor":10},{"not_picked":["hermit:CalledShot","hermit:Ricochet","hermit:TrackingShot"],"picked":"SKIP","floor":12},{"not_picked":["hermit:EternalForm","hermit:Snipe+1"],"picked":"hermit:GoldenBullet","floor":13},{"not_picked":["hermit:Roulette","hermit:Desperado+1"],"picked":"hermit:LoneWolf+1","floor":18},{"not_picked":["hermit:Quickdraw","hermit:Vantage+1"],"picked":"hermit:BodyArmor+1","floor":19},{"not_picked":["hermit:Roulette+1","hermit:LuckOfTheDraw+1","hermit:ItchyTrigger"],"picked":"SKIP","floor":22},{"not_picked":["hermit:Reprieve+1","hermit:Combo"],"picked":"hermit:Scavenge+1","floor":23}],"player_experience":127755,"relics_obtained":[{"floor":6,"key":"Juzu Bracelet"},{"floor":13,"key":"Blood Vial"},{"floor":19,"key":"Red Mask"},{"floor":23,"key":"Thread and Needle"}],"event_choices":[{"damage_healed":0,"gold_gain":275,"player_choice":"Desecrate","damage_taken":0,"max_hp_gain":0,"max_hp_loss":0,"event_name":"Golden Shrine","floor":2,"gold_loss":0,"cards_obtained":["Regret"]},{"damage_healed":0,"gold_gain":0,"player_choice":"Grow","damage_taken":0,"max_hp_gain":0,"max_hp_loss":0,"event_name":"Living Wall","floor":11,"gold_loss":0,"cards_upgraded":["hermit:Snapshot"]},{"damage_healed":0,"gold_gain":0,"player_choice":"Take Wound","damage_taken":0,"relics_obtained":["Golden Idol"],"max_hp_gain":0,"max_hp_loss":0,"event_name":"Golden Idol","floor":14,"gold_loss":0,"cards_obtained":["Injury"]},{"damage_healed":0,"gold_gain":0,"player_choice":"Fought Bandits","damage_taken":0,"max_hp_gain":0,"max_hp_loss":0,"event_name":"Masked Bandits","floor":19,"gold_loss":0},{"damage_healed":0,"gold_gain":0,"player_choice":"Opened","damage_taken":0,"relics_obtained":["Anchor"],"max_hp_gain":0,"max_hp_loss":0,"event_name":"The Mausoleum","floor":21,"gold_loss":0,"cards_obtained":["Writhe"]}],"is_beta":false,"boss_relics":[{"not_picked":["hermit:ClaspedLocket","Tiny House"],"picked":"Sozu"}],"items_purged_floors":[],"is_endless":false,"potions_floor_spawned":[1,6,8,12,13,16,18,19,22],"killed_by":"Gremlin Leader","ascension_level":1}}