{"host":"ij91kspbsf1i6fsu","time":1609062718,"event":{"mods":["AchievementEnabler","BaseMod","BetterRewards","Colored Map","Minty Spire (QoL Compilation)","MostiFishMod","Rare Cards Sparkle","StSLib","everything is the same but u backflip on backflip","¡¼?Úª?ø«¡½REMEMod"],"gold_per_floor":[116,116,116,116,116,116,150,150,150,168,182,182,208,228,228,326,326,338,354,354,115,40,40,59,59,59,59,59,76,76,4,4,105,105,121,132,143,143,493,520,540,571,571,571,571,600,600,619,619,619,619,619,87,112,118],"floor_reached":56,"playtime":4758,"items_purged":["Defend_G"],"score":1491,"play_id":"3aea3d24-2367-4937-9309-33948004c109","local_time":"20201227025158","is_ascension_mode":false,"campfire_choices":[{"floor":6,"key":"RECALL"},{"data":"MostiFishMod:FlyOverUtopia","floor":8,"key":"SMITH"},{"data":"Infinite Blades","floor":12,"key":"SMITH"},{"data":"MostiFishMod:FrostNova","floor":15,"key":"SMITH"},{"data":"MostiFishMod:Listen","floor":23,"key":"SMITH"},{"data":"REME_PuzzleBox","floor":25,"key":"SMITH"},{"data":"MostiFishMod:PoisonShield","floor":28,"key":"SMITH"},{"data":"REME_SpectralBlade","floor":30,"key":"SMITH"},{"data":"Defend_G","floor":32,"key":"SMITH"},{"data":"All Out Attack","floor":47,"key":"SMITH"},{"floor":49,"key":"REST"},{"data":"Transmutation","floor":52,"key":"SMITH"}],"circlet_count":0,"master_deck":["Strike_G","Strike_G","Strike_G","Strike_G","Strike_G+1","Defend_G+1","Defend_G+1","Defend_G","Survivor","Neutralize+1","MostiFishMod:FlyOverUtopia+1","Bouncing Flask+1","MostiFishMod:PoisonShield+1","Distraction","Infinite Blades+1","MostiFishMod:FrostNova+1","Footwork+1","MostiFishMod:Listen+1","MostiFishMod:ThornCasing+1","All Out Attack","REME_PuzzleBox+1","Poisoned Stab+1","REME_SpectralBlade+1","Adrenaline","Deadly Poison+1","Crippling Poison+1","Outmaneuver+1","Madness","Madness","PiercingWail","All Out Attack+1","Eviscerate+1","Dagger Spray+1","MostiFishMod:BrokenBlackCloak","REME_TwoStrings","Transmutation+1","Outmaneuver+1","REME_ShadowStrike+1","MostiFishMod:KingOfFree","Underhanded Strike","Caltrops","Predator","PanicButton","Underhanded Strike+1"],"relics":["Ring of the Snake","REME_ComplimentaryCards","DaveBox","EGODaCapo","SynthV:TestCard","InkBottle","REME_HourglassOfDeath","Whetstone","BloodWine","Anchor","Membership Card","Dodecahedron","ExusiaiGun","Old Coin","Blood Vial","CaptainsWheel","Paper Crane","Pear","Kunai","Bag of Marbles","ClockworkSouvenir","Lantern"],"acts_visited":["Exordium","TheCity","TheBeyond","TheEnding"],"potions_floor_usage":[],"damage_taken":[{"damage":4,"enemies":"Jaw Worm","floor":1,"turns":3},{"damage":13,"enemies":"Gremlin Nob","floor":7,"turns":4},{"damage":4,"enemies":"2 Louse","floor":10,"turns":2},{"damage":4,"enemies":"Cultist","floor":11,"turns":2},{"damage":4,"enemies":"Lagavulin","floor":13,"turns":4},{"damage":4,"enemies":"3 Louse","floor":14,"turns":2},{"damage":13,"enemies":"The Guardian","floor":16,"turns":9},{"damage":9,"enemies":"3 Byrds","floor":18,"turns":3},{"damage":4,"enemies":"2 Thieves","floor":19,"turns":3},{"damage":4,"enemies":"Snake Plant","floor":24,"turns":3},{"damage":8,"enemies":"Chosen and Byrds","floor":29,"turns":2},{"damage":7,"enemies":"Champ","floor":33,"turns":6},{"damage":4,"enemies":"3 Shapes","floor":35,"turns":1},{"damage":4,"enemies":"3 Darklings","floor":36,"turns":2},{"damage":4,"enemies":"Transient","floor":37,"turns":1},{"damage":4,"enemies":"Mind Bloom Boss Battle","floor":39,"turns":3},{"damage":4,"enemies":"Nemesis","floor":40,"turns":1},{"damage":4,"enemies":"Jaw Worm Horde","floor":41,"turns":2},{"damage":4,"enemies":"Reptomancer","floor":42,"turns":2},{"damage":4,"enemies":"Giant Head","floor":46,"turns":3},{"damage":9,"enemies":"Sphere and 2 Shapes","floor":48,"turns":2},{"damage":48,"enemies":"Time Eater","floor":50,"turns":9},{"damage":4,"enemies":"Shield and Spear","floor":54,"turns":2},{"damage":10,"enemies":"The Heart","floor":55,"turns":3}],"seed_played":"7237769483534046413","potions_obtained":[{"floor":7,"key":"Dexterity Potion"},{"floor":14,"key":"EntropicBrew"},{"floor":16,"key":"Energy Potion"},{"floor":18,"key":"GhostInAJar"},{"floor":33,"key":"CunningPotion"},{"floor":37,"key":"DuplicationPotion"}],"is_trial":false,"path_per_floor":["M","?","?","?","$","R","E","R","T","M","M","R","E","M","R","B",null,"M","M","?","$","?","R","M","R","T","?","R","M","R","$","R","B",null,"M","M","M","?","?","E","M","E","T","?","?","E","R","M","R","B",null,"R","$","E","B",null],"character_chosen":"THE_SILENT","items_purchased":["Membership Card","REME_PuzzleBox","Dodecahedron","MostiFishMod:KingOfFree","Kunai","Bag of Marbles","ClockworkSouvenir","Underhanded Strike","Caltrops","Predator","PanicButton"],"campfire_rested":1,"item_purchase_floors":[21,21,31,53,53,53,53,53,53,53,53],"current_hp_per_floor":[73,73,58,58,58,58,45,45,45,41,37,37,33,29,29,16,77,68,64,64,64,64,64,69,69,69,69,69,61,61,61,61,60,77,73,69,65,55,51,47,45,43,43,43,33,41,41,39,65,19,87,87,87,83,87],"gold":118,"neow_bonus":"TEN_PERCENT_HP_BONUS","is_daily":false,"chose_seed":false,"campfire_upgraded":10,"win_rate":0.0,"timestamp":1609062718,"path_taken":["M","?","?","?","$","R","E","R","T","M","M","R","E","?","R","BOSS","M","M","?","?","?","R","M","R","T","?","R","M","R","$","R","BOSS","M","M","M","?","?","E","M","E","T","?","?","E","R","M","R","BOSS","R","$","E","BOSS"],"items_purchased_type":["Relic","Card","Relic","Card","Relic","Relic","Relic","Card","Card","Card","Card"],"build_version":"2020-12-22","purchased_purges":1,"victory":true,"max_hp_per_floor":[77,77,77,77,77,77,77,77,77,77,77,77,77,77,77,77,77,77,77,77,77,77,77,77,77,77,77,77,77,77,77,77,77,77,77,77,77,77,77,77,77,77,77,77,77,87,87,87,87,87,87,87,87,87,87],"card_choices":[{"not_picked":["Acrobatics","Quick Slash"],"picked":"Bouncing Flask","floor":1},{"not_picked":["Terror","Deflect","Footwork","MostiFishMod:InvigoratingSolution"],"picked":"MostiFishMod:PoisonShield","floor":7},{"not_picked":["Terror","MostiFishMod:ThornCasing","MostiFishMod:PerfectParry","Choke"],"picked":"Distraction","floor":10},{"not_picked":["Endless Agony","Underhanded Strike","Prepared","MostiFishMod:PerfectParry"],"picked":"Infinite Blades","floor":11},{"not_picked":["Footwork","Tactician","Backflip","Backstab"],"picked":"MostiFishMod:FrostNova","floor":13},{"not_picked":["Flechettes","Reflex","Dagger Throw","Blur"],"picked":"Footwork","floor":14},{"not_picked":["REME_ShadowForm","Wraith Form v2","Unload","Tools of the Trade"],"picked":"MostiFishMod:Listen","floor":16},{"not_picked":["Acrobatics","MostiFishMod:PerfectParry","MostiFishMod:PreservedThorns","Backflip"],"picked":"MostiFishMod:ThornCasing+1","floor":18},{"not_picked":["Backflip","Dagger Throw","Expertise","Flying Knee+1"],"picked":"All Out Attack","floor":19},{"not_picked":["MostiFishMod:PoisonShield","Escape Plan","Tactician+1","Sucker Punch"],"picked":"Poisoned Stab+1","floor":24},{"not_picked":["Blade Dance","Deadly Poison","Reflex","Dagger Throw"],"picked":"REME_SpectralBlade","floor":29},{"not_picked":["MostiFishMod:Opportunism","MostiFishMod:Wind","REME_SpectralBlade","REME_ShadowForm"],"picked":"Adrenaline","floor":33},{"not_picked":["Reflex+1","Tactician","Poisoned Stab","Dagger Throw+1"],"picked":"Deadly Poison+1","floor":35},{"not_picked":["PiercingWail","Sucker Punch+1","Backflip","Quick Slash+1"],"picked":"Crippling Poison+1","floor":36},{"not_picked":["Quick Slash","Flying Knee+1","Sucker Punch","Expertise"],"picked":"Outmaneuver+1","floor":37},{"not_picked":["MostiFishMod:PerfectParry","Deadly Poison+1","Tactician","Unload"],"picked":"PiercingWail","floor":39},{"not_picked":["Choke","MostiFishMod:FrostNova","Deadly Poison","Flying Knee"],"picked":"All Out Attack","floor":40},{"not_picked":["Backstab","Distraction+1","MostiFishMod:PreservedThorns+1","PiercingWail+1"],"picked":"Eviscerate+1","floor":41},{"not_picked":["Infinite Blades+1","Dodge and Roll+1","Acrobatics+1","MostiFishMod:ThornCasing"],"picked":"Dagger Spray+1","floor":42},{"not_picked":["MostiFishMod:ButterFly","REME_EyeOfCthun","Discovery","REME_FirmDetermination"],"picked":"MostiFishMod:BrokenBlackCloak","floor":45},{"not_picked":["Dramatic Entrance","Jack Of All Trades","Madness","Panacea"],"picked":"REME_TwoStrings","floor":45},{"not_picked":["PanicButton","Mind Blast","Dramatic Entrance","Forethought"],"picked":"Transmutation","floor":45},{"not_picked":["Acrobatics","Blade Dance+1","Flying Knee+1","Dagger Spray+1"],"picked":"Outmaneuver+1","floor":46},{"not_picked":["Underhanded Strike","Prepared+1","Backflip+1","Poisoned Stab"],"picked":"REME_ShadowStrike+1","floor":48},{"not_picked":["Dash","Quick Slash","Deflect","Acrobatics+1"],"picked":"Underhanded Strike+1","floor":54}],"player_experience":11438,"relics_obtained":[{"floor":1,"key":"SynthV:TestCard"},{"floor":7,"key":"InkBottle"},{"floor":9,"key":"REME_HourglassOfDeath"},{"floor":13,"key":"Whetstone"},{"floor":39,"key":"Old Coin"},{"floor":40,"key":"Blood Vial"},{"floor":42,"key":"CaptainsWheel"},{"floor":43,"key":"Paper Crane"},{"floor":46,"key":"Pear"},{"floor":54,"key":"Lantern"}],"event_choices":[{"damage_healed":0,"gold_gain":0,"player_choice":"Ignored","damage_taken":0,"max_hp_gain":0,"max_hp_loss":0,"event_name":"Golden Wing","floor":2,"gold_loss":0},{"damage_healed":0,"gold_gain":0,"player_choice":"Entered Light","damage_taken":15,"max_hp_gain":0,"max_hp_loss":0,"event_name":"Shining Light","floor":3,"gold_loss":0,"cards_upgraded":["Bouncing Flask","Defend_G"]},{"damage_healed":0,"gold_gain":0,"player_choice":"Ignored","damage_taken":0,"max_hp_gain":0,"max_hp_loss":0,"event_name":"WeMeetAgain","floor":4,"gold_loss":0},{"damage_healed":0,"gold_gain":0,"player_choice":"Opened","damage_taken":0,"relics_obtained":["Anchor"],"max_hp_gain":0,"max_hp_loss":0,"event_name":"The Mausoleum","floor":20,"gold_loss":0},{"cards_removed":["Defend_G"],"damage_healed":0,"gold_gain":0,"player_choice":"Gave Gold","damage_taken":0,"max_hp_gain":0,"max_hp_loss":0,"event_name":"Beggar","floor":22,"gold_loss":75},{"damage_healed":0,"gold_gain":0,"player_choice":"Upgraded","damage_taken":0,"max_hp_gain":0,"max_hp_loss":0,"event_name":"Upgrade Shrine","floor":27,"gold_loss":0,"cards_upgraded":["Footwork"]},{"damage_healed":0,"gold_gain":0,"player_choice":"Embrace Madness","damage_taken":10,"max_hp_gain":0,"max_hp_loss":0,"event_name":"Winding Halls","floor":38,"gold_loss":0,"cards_obtained":["Madness","Madness"]},{"damage_healed":0,"gold_gain":0,"player_choice":"Fight","damage_taken":0,"max_hp_gain":0,"max_hp_loss":0,"event_name":"MindBloom","floor":39,"gold_loss":0},{"damage_healed":0,"gold_gain":0,"player_choice":"Ignored","damage_taken":0,"max_hp_gain":0,"max_hp_loss":0,"event_name":"Tomb of Lord Red Mask","floor":44,"gold_loss":0},{"damage_healed":0,"gold_gain":0,"player_choice":"Memory 3","damage_taken":10,"max_hp_gain":0,"max_hp_loss":0,"event_name":"SensoryStone","floor":45,"gold_loss":0}],"is_beta":false,"boss_relics":[{"not_picked":["xbg","EE1DDrone"],"picked":"BloodWine"},{"not_picked":["ChiXiaoBlade","Runic Pyramid"],"picked":"ExusiaiGun"}],"items_purged_floors":[53],"is_endless":false,"potions_floor_spawned":[7,14,16,18,29,33,35,37,40,46],"ascension_level":0}}