{"host":"3c27c697js19kaoo","time":1609071867,"event":{"mods":["ATMod(阿瑾Mod)","Aspiration","BaseMod","CapriCore","Dota2Spire","Hermit","Minty Spire (QoL Compilation)","Quick Restart","Remilia（蕾米莉亚）","Replay The Spire","Robot Space Explorer","RumiaBox-露米娅的神秘盒子","Spicy Shops","StSLib","The Alterego","The Cursed","The Runesmith","The Servant 0.9.4","vexMod","【功能Mod】混沌之环修复补丁","【遗物卡牌】REMEMod"],"gold_per_floor":[114,89,114,131,90,90,115,115,186,186,221,2,29,29,29,125,125,144,144,216,45,57,57,57],"floor_reached":23,"playtime":600,"items_purged":["Lust_TH","AT_ShrugMaster+1"],"score":251,"play_id":"c703810c-000a-4dcc-8009-efe7ae2dbdd8","local_time":"20201227202427","is_ascension_mode":true,"campfire_choices":[{"data":"AT_OneInchPunch","floor":6.0,"key":"SMITH"},{"data":"AT_DrawKnifeCut","floor":10.0,"key":"SMITH"},{"data":"REME_Cut","floor":15.0,"key":"SMITH"}],"circlet_count":0,"master_deck":["Strike_R","Strike_R","Strike_R","Strike_R","Strike_R","Defend_R","Defend_R","Defend_R","Defend_R","Bash","AT_OneInchPunch+1","Runesmith:RunicBlueprint","Seeing Red+1","REME_Cut+1","AT_DrawKnifeCut+1","Feel No Pain+1","Thunderclap","Brutality","Perfected Strike+1","J.A.X.","Twin Strike","AT_IchimonjiDouble","Brutality"],"relics":["Burning Blood","REME_ComplimentaryCards","AT_ATBox","NeowsBlessing","AT_RedTearstoneRing","vexMod:FocusSash","aspiration:StickyExplosives_weak","MealTicket","ReplayTheSpireMod:CursedCoin","aspiration:Lifesprig","Dota2Spire:EchoSabre","aspiration:SeaSaltIceCream","AT_ATBox","aspiration:RunesmithSkillbook","Dota2Spire:MaskOfMadness","DollysMirror"],"acts_visited":["Exordium","TheCity"],"potions_floor_usage":[],"damage_taken":[{"damage":0.0,"enemies":"Jaw Worm","floor":1.0,"turns":1.0},{"damage":0.0,"enemies":"2 Louse","floor":4.0,"turns":1.0},{"damage":0.0,"enemies":"Lagavulin","floor":7.0,"turns":1.0},{"damage":10.0,"enemies":"Gremlin Nob","floor":11.0,"turns":3.0},{"damage":17.0,"enemies":"3 Sentries","floor":13.0,"turns":6.0},{"damage":29.0,"enemies":"Hexaghost","floor":16.0,"turns":6.0},{"damage":1.0,"enemies":"Spheric Guardian","floor":18.0,"turns":3.0},{"damage":31.0,"enemies":"Shell Parasite","floor":22.0,"turns":3.0},{"damage":67,"enemies":"Replay:Snechameleon","floor":23,"turns":2}],"seed_played":"8028025164151047043","potions_obtained":[{"floor":1.0,"key":"Dota2Spire:Clarity"},{"floor":7.0,"key":"Energy Potion"},{"floor":11.0,"key":"Elixir"},{"floor":20.0,"key":"LiquidBronze"}],"is_trial":false,"path_per_floor":["M","?","T","M","$","R","E","?","T","R","E","$","E","?","R","B",null,"M","?","?","$","M","E"],"character_chosen":"IRONCLAD","items_purchased":["REME_Cut","ReplayTheSpireMod:CursedCoin","AT_ShrugMaster","aspiration:Lifesprig","Dota2Spire:EchoSabre","DollysMirror"],"campfire_rested":0,"item_purchase_floors":[5,12,12,12,12,21],"current_hp_per_floor":[80,80,80,80,80,80,80,80,80,80,76,80,69,53,53,30,80,80,80,48,63,38,0,0],"gold":57,"neow_bonus":"THREE_ENEMY_KILL","is_daily":false,"chose_seed":false,"campfire_upgraded":3,"win_rate":0.0,"timestamp":1609071867,"path_taken":["M","?","?","M","$","R","E","?","T","R","E","?","E","?","R","BOSS","M","?","?","$","M","E"],"items_purchased_type":["Card","Relic","Card","Relic","Relic","Relic"],"build_version":"2020-12-22","purchased_purges":2,"victory":false,"max_hp_per_floor":[80,80,80,80,80,80,80,80,80,80,80,80,80,80,80,80,80,80,80,80,80,80,80,80],"card_choices":[{"not_picked":["Armaments","Dual Wield"],"picked":"Seeing Red","floor":1.0},{"not_picked":["True Grit","Combust","Run Through"],"picked":"SKIP","floor":4.0},{"not_picked":["ReplayTheSpireMod:Strike From Hell","Armaments"],"picked":"AT_DrawKnifeCut","floor":7.0},{"not_picked":["Cleave","Sword Boomerang"],"picked":"Feel No Pain","floor":11.0},{"not_picked":["Iron Wave","Sword Boomerang"],"picked":"Thunderclap","floor":13.0},{"not_picked":["Fiend Fire","Replay:Many Hands"],"picked":"Brutality","floor":16.0},{"not_picked":["REME_FearOfPain","Entrench","Sever Soul"],"picked":"Perfected Strike+1","floor":18.0},{"not_picked":["Runesmith:HeatedChisel+1","Carnage","Runesmith:CraftProtectio"],"picked":"Twin Strike","floor":20.0},{"not_picked":["Runesmith:Empowerment+1","Runesmith:Grindstone","Runesmith:Firewall"],"picked":"AT_IchimonjiDouble","floor":20.0},{"not_picked":["Runesmith:StaticCage+1","Runesmith:Prism","ReplayTheSpireMod:Strike From Hell","Runesmith:Attraction"],"picked":"SKIP","floor":22.0}],"player_experience":190151,"relics_obtained":[{"floor":3.0,"key":"AT_RedTearstoneRing"},{"floor":7.0,"key":"vexMod:FocusSash"},{"floor":9.0,"key":"aspiration:StickyExplosives_weak"},{"floor":11.0,"key":"MealTicket"},{"floor":13.0,"key":"aspiration:SeaSaltIceCream"},{"floor":20.0,"key":"Dota2Spire:MaskOfMadness"}],"event_choices":[{"damage_healed":0.0,"max_hp_gain":0.0,"max_hp_loss":0.0,"gold_gain":0.0,"event_name":"Living Wall","player_choice":"Grow","floor":8.0,"gold_loss":0.0,"damage_taken":0.0,"cards_upgraded":["Seeing Red"]},{"damage_healed":0.0,"max_hp_gain":0.0,"max_hp_loss":0.0,"gold_gain":0.0,"event_name":"Shining Light","player_choice":"Entered Light","floor":14.0,"gold_loss":0.0,"damage_taken":16.0,"cards_upgraded":["AT_ShrugMaster","Feel No Pain"]},{"damage_healed":0.0,"max_hp_gain":0.0,"max_hp_loss":0.0,"gold_gain":0.0,"event_name":"Drug Dealer","player_choice":"Obtain J.A.X.","floor":19.0,"gold_loss":0.0,"damage_taken":0.0,"cards_obtained":["J.A.X."]}],"is_beta":false,"boss_relics":[{"not_picked":["Runesmith:UraniumAnvil","Ectoplasm"],"picked":"aspiration:RunesmithSkillbook"}],"items_purged_floors":[12,21],"is_endless":false,"potions_floor_spawned":[1,7,11],"killed_by":"Replay:Snechameleon","ascension_level":2}}