{"host":"pe0zhl1vvtkxuc0p","time":1609041186,"event":{"mods":["AchievementEnabler","Act Like it!","Bard","BaseMod","Card Forge","CatGirl Mod","Chen","Colored Powertips","Curses Come First","GifTheSpireLib","Glutton Mod","Gremlin Mod","Hunter 猎人","KinomotoSakuraMod(木之本樱)","LagranYue(拉格朗・月)","Luminous","Minty Spire (QoL Compilation)","Pale of the Ancients","Quick Restart","StSLib","SuperFastMode","The Clintock","The Dragon Tamer","The Druid","The Factory","The Hierophant","The Jungle","The Necromancer"],"gold_per_floor":[116,133,133,143,143,143,172,190,216,46,57,92,92,92,92,92,92],"floor_reached":16,"playtime":881,"items_purged":["Luminous:Dark_Abyssal_Drop"],"score":110,"play_id":"b5cfd4bd-5b9a-4f0d-9491-12bac3db828a","local_time":"20201227115306","is_ascension_mode":false,"campfire_choices":[{"data":"Luminous:Light_Reflection","floor":6.0,"key":"SMITH"},{"floor":15.0,"key":"REST"}],"circlet_count":0,"master_deck":["Luminous:Light_Flash_Shower","Luminous:Light_Flash_Shower","Luminous:Dark_Abyssal_Drop","Luminous:Dark_Abyssal_Drop","Luminous:Defend_Luminous","Luminous:Defend_Luminous","Luminous:Defend_Luminous","Luminous:Switch_Luminous","Luminous:Magic_Guard_Luminous","Luminous:Light_Reflection+1","Luminous:Light_Sylvan_Lance","Luminous:Concentrate_Luminous","Luminous:Magic_Accelerate_Luminous","Luminous:Dark_Arcane_Pitch","Dramatic Entrance","Luminous:Freud_Wisdom1_Luminous","Luminous:Light_Gather"],"relics":["Luminous:MirrorRelic","Hammer of Thor","Seething Fire","Anvil of the Gods","LagranYue:RandomDrawCardRelic","NeowsBlessing","Happy Flower","Anchor","Blood Vial","Bird Faced Urn","Darkstone Periapt"],"acts_visited":["Exordium"],"potions_floor_usage":[],"damage_taken":[{"damage":0.0,"enemies":"Cultist","floor":1.0,"turns":1.0},{"damage":0.0,"enemies":"Jaw Worm","floor":2.0,"turns":1.0},{"damage":0.0,"enemies":"2 Louse","floor":4.0,"turns":1.0},{"damage":24.0,"enemies":"3 Sentries","floor":7.0,"turns":7.0},{"damage":0.0,"enemies":"Looter","floor":8.0,"turns":2.0},{"damage":0.0,"enemies":"3 Louse","floor":11.0,"turns":2.0},{"damage":28.0,"enemies":"Lagavulin","floor":12.0,"turns":7.0},{"damage":31,"enemies":"Slime Boss","floor":16,"turns":7}],"seed_played":"-1303608317311113130","potions_obtained":[{"floor":1.0,"key":"Weak Potion"},{"floor":2.0,"key":"Swift Potion"},{"floor":12.0,"key":"FairyPotion"}],"is_trial":false,"path_per_floor":["M","M","?","M","?","R","E","M","T","$","M","E","?","$","R","B"],"character_chosen":"LuminousClass","items_purchased":["Dramatic Entrance"],"campfire_rested":1,"item_purchase_floors":[10],"current_hp_per_floor":[75,75,75,75,57,57,33,33,33,33,35,13,13,13,35,10,10],"gold":92,"neow_bonus":"THREE_ENEMY_KILL","is_daily":false,"chose_seed":false,"campfire_upgraded":1,"win_rate":0.0,"timestamp":1609041186,"path_taken":["M","?","?","?","?","R","E","M","T","$","M","E","?","$","R","BOSS"],"items_purchased_type":["Card"],"build_version":"2020-12-22","purchased_purges":1,"victory":false,"max_hp_per_floor":[75,75,75,75,75,75,75,75,75,75,75,75,75,75,75,75,75],"card_choices":[{"not_picked":["Luminous:Light_Reflection","Luminous:Darkness_Mastery_Luminous"],"picked":"Luminous:Magic_Guard_Luminous","floor":1.0},{"not_picked":["Luminous:Light_Disperse","Luminous:Dark_Pressure_Void"],"picked":"Luminous:Light_Reflection","floor":2.0},{"not_picked":["Luminous:Blinding_Pillar_Luminous","Luminous:Light_Sylvan_Lance"],"picked":"Luminous:Concentrate_Luminous","floor":4.0},{"not_picked":["Luminous:Dark_Dim_Erosion","Luminous:Accumulation_Luminous"],"picked":"Luminous:Magic_Accelerate_Luminous","floor":7.0},{"not_picked":["Luminous:Dark_Dim_Erosion","Luminous:Dark_Raid"],"picked":"Luminous:Dark_Arcane_Pitch","floor":8.0},{"not_picked":["Luminous:Blinding_Pillar_Luminous","Luminous:Balance_Death_Scythe"],"picked":"Luminous:Freud_Wisdom1_Luminous","floor":11.0},{"not_picked":["Luminous:Dark_Arcane_Pitch","Luminous:Concentrate_Luminous"],"picked":"Luminous:Light_Gather","floor":12.0}],"player_experience":484590,"relics_obtained":[{"floor":7.0,"key":"Anchor"},{"floor":9.0,"key":"Blood Vial"},{"floor":12.0,"key":"Bird Faced Urn"}],"event_choices":[{"damage_healed":0.0,"max_hp_gain":0.0,"max_hp_loss":0.0,"gold_gain":0.0,"cards_transformed":["Luminous:Defend_Luminous"],"event_name":"Transmorgrifier","player_choice":"Transformed","floor":3.0,"gold_loss":0.0,"damage_taken":0.0,"cards_obtained":["Luminous:Light_Sylvan_Lance"]},{"damage_healed":0.0,"max_hp_gain":0.0,"max_hp_loss":0.0,"gold_gain":0.0,"event_name":"Scrap Ooze","player_choice":"Success","floor":5.0,"gold_loss":0.0,"damage_taken":18.0,"relics_obtained":["Happy Flower"]},{"damage_healed":0.0,"max_hp_gain":0.0,"max_hp_loss":0.0,"gold_gain":0.0,"event_name":"Dead Adventurer","player_choice":"Searched \u00271\u0027 times","floor":13.0,"gold_loss":0.0,"damage_taken":0.0,"relics_obtained":["Darkstone Periapt"]}],"is_beta":false,"boss_relics":[],"items_purged_floors":[10],"is_endless":false,"potions_floor_spawned":[1,2,12],"killed_by":"Slime Boss","ascension_level":0}}