{"host":"1eo5f82aifdzd7pr","time":1609088245,"event":{"mods":["AchievementEnabler","BaseMod","Colored Map","Colored Powertips","DeckTracker","Minty Spire (QoL Compilation)","SuperFastMode"],"gold_per_floor":[113,126,126,147,162,162,198,198,245,286,299,299,322,322,322,322,322],"floor_reached":16,"playtime":773,"items_purged":[],"score":196,"play_id":"4ef6c212-35a8-4310-8abe-1a58c27c27df","local_time":"20201227185725","is_ascension_mode":true,"campfire_choices":[{"floor":6.0,"key":"REST"},{"floor":8.0,"key":"REST"},{"floor":12.0,"key":"REST"},{"floor":15.0,"key":"REST"}],"circlet_count":0,"master_deck":["AscendersBane","Strike_G","Strike_G","Strike_G","Strike_G","Strike_G","Defend_G","Defend_G","Defend_G","Defend_G","Defend_G","Survivor","Neutralize","Bouncing Flask","Backflip","Deflect","Bane","Escape Plan"],"relics":["Ring of the Snake","Art of War","Golden Idol","Darkstone Periapt","Snake Skull","Bag of Preparation"],"acts_visited":["Exordium"],"potions_floor_usage":[16],"damage_taken":[{"damage":5.0,"enemies":"Cultist","floor":1.0,"turns":6.0},{"damage":0.0,"enemies":"2 Louse","floor":2.0,"turns":4.0},{"damage":9.0,"enemies":"Small Slimes","floor":4.0,"turns":3.0},{"damage":8.0,"enemies":"Blue Slaver","floor":5.0,"turns":4.0},{"damage":54.0,"enemies":"3 Sentries","floor":7.0,"turns":14.0},{"damage":16.0,"enemies":"Lagavulin","floor":10.0,"turns":7.0},{"damage":2.0,"enemies":"Large Slime","floor":11.0,"turns":6.0},{"damage":5.0,"enemies":"Exordium Thugs","floor":13.0,"turns":3.0},{"damage":37,"enemies":"Slime Boss","floor":16,"turns":5}],"seed_played":"-7062446706466077935","potions_obtained":[{"floor":1.0,"key":"Weak Potion"},{"floor":11.0,"key":"SteroidPotion"},{"floor":13.0,"key":"SkillPotion"}],"is_trial":false,"path_per_floor":["M","M","?","M","M","R","E","R","T","E","M","R","M","?","R","B"],"character_chosen":"THE_SILENT","items_purchased":[],"campfire_rested":4,"item_purchase_floors":[],"current_hp_per_floor":[54,54,54,45,37,55,1,19,19,3,1,19,14,14,32,0,0],"gold":322,"neow_bonus":"RANDOM_COMMON_RELIC","is_daily":false,"chose_seed":false,"campfire_upgraded":0,"win_rate":0.0,"timestamp":1609088245,"path_taken":["M","M","?","M","M","R","E","R","T","E","M","R","M","?","R","BOSS"],"items_purchased_type":[],"build_version":"2020-12-22","purchased_purges":0,"victory":false,"max_hp_per_floor":[66,66,60,60,60,60,60,60,60,60,60,60,60,60,60,60,60],"card_choices":[{"not_picked":["Prepared","Acrobatics"],"picked":"Bouncing Flask","floor":1.0},{"not_picked":["Bane","Quick Slash","Terror"],"picked":"SKIP","floor":2.0},{"not_picked":["Deadly Poison","Underhanded Strike","Footwork"],"picked":"SKIP","floor":4.0},{"not_picked":["Dodge and Roll","Dagger Throw"],"picked":"Backflip","floor":5.0},{"not_picked":["Envenom","Backflip"],"picked":"Deflect","floor":7.0},{"not_picked":["Grand Finale","Concentrate"],"picked":"Bane","floor":10.0},{"not_picked":["Sucker Punch","Predator"],"picked":"Escape Plan","floor":11.0},{"not_picked":["Slice","Noxious Fumes","Footwork"],"picked":"SKIP","floor":13.0}],"player_experience":707387,"relics_obtained":[{"floor":7.0,"key":"Darkstone Periapt"},{"floor":9.0,"key":"Snake Skull"},{"floor":10.0,"key":"Bag of Preparation"}],"event_choices":[{"damage_healed":0.0,"max_hp_gain":0.0,"max_hp_loss":6.0,"gold_gain":0.0,"event_name":"Golden Idol","player_choice":"Lose Max HP","floor":3.0,"gold_loss":0.0,"damage_taken":0.0,"relics_obtained":["Golden Idol"]},{"damage_healed":0.0,"max_hp_gain":0.0,"max_hp_loss":0.0,"gold_gain":0.0,"event_name":"Shining Light","player_choice":"Ignored","floor":14.0,"gold_loss":0.0,"damage_taken":0.0}],"is_beta":false,"boss_relics":[],"items_purged_floors":[],"is_endless":false,"potions_floor_spawned":[1,11,13],"killed_by":"Slime Boss","ascension_level":15}}