{"host":"wbdly04l9mkn9nrc","time":1609047316,"event":{"mods":["AchievementEnabler","BaseMod","BetterRewards","Minty Spire (QoL Compilation)","StSLib","[IsaacMod]ÒÔÈö¼âËþ"],"gold_per_floor":[127,141,150,174,197,197,233,305,328,356,356,139,298,314,323,422,422,456,476,162,190,34,67,67,111,111,111,134,170,188,267,267,370,370,403,91,120,28,28,28,28,37,111,134,134,0,24,72,72,72],"floor_reached":51,"playtime":2909,"items_purged":["Strike_R","Defend_R","Strike_R","Doubt"],"score":1758,"play_id":"2282bb2c-b564-4f06-9421-2eee0e7817b0","local_time":"20201227133516","is_ascension_mode":true,"campfire_choices":[{"floor":6.0,"key":"REST"},{"data":"Apotheosis","floor":11.0,"key":"SMITH"},{"floor":15.0,"key":"REST"},{"data":"True Grit","floor":24.0,"key":"SMITH"},{"data":"Double Tap","floor":32.0,"key":"SMITH"},{"data":"Limit Break","floor":40,"key":"SMITH"},{"floor":42,"key":"REST"},{"floor":45,"key":"REST"},{"floor":49,"key":"REST"}],"circlet_count":0,"master_deck":["AscendersBane","Strike_R","Strike_R","Defend_R","Defend_R","Bash","EpicFetus","Inflame","Apotheosis+1","Feed","Carnage","Battle Trance","Injury","True Grit+1","Fire Breathing","Shrug It Off","Double Tap+1","Demon Form","Twin Strike","Twin Strike","Sever Soul","Reckless Charge","Impervious","Pommel Strike+1","Limit Break+1","Perfected Strike","Pommel Strike","Shockwave","Headbutt+1","Wild Strike+1"],"relics":["Burning Blood","HushsDoor","BelialBook","Vajra","Du-Vu Doll","PreservedInsect","NineVolt","Membership Card","Oddly Smooth Stone","CeramicFish","Habit","Golden Idol","TheBean","Akabeko","Matryoshka","Dream Catcher","Runic Dome","Eternal Feather","StrikeDummy","GuppysTail","Paper Frog","Omamori","PillsDrop","TungstenRod","GuppysPaw","Strawberry","White Beast Statue","SlaversCollar","Bottled Lightning","GuppysHead","Lee\u0027s Waffle","Molten Egg 2","Red Mask","Anchor"],"acts_visited":["Exordium","TheCity","TheBeyond"],"potions_floor_usage":[33,50],"damage_taken":[{"damage":7.0,"enemies":"2 Louse","floor":1.0,"turns":3.0},{"damage":6.0,"enemies":"Small Slimes","floor":2.0,"turns":3.0},{"damage":6.0,"enemies":"Cultist","floor":4.0,"turns":3.0},{"damage":9.0,"enemies":"2 Fungi Beasts","floor":5.0,"turns":2.0},{"damage":20.0,"enemies":"3 Sentries","floor":7.0,"turns":3.0},{"damage":0.0,"enemies":"Large Slime","floor":10.0,"turns":2.0},{"damage":11.0,"enemies":"Lots of Slimes","floor":14.0,"turns":5.0},{"damage":50.0,"enemies":"Hexaghost","floor":16.0,"turns":5.0},{"damage":0.0,"enemies":"Spheric Guardian","floor":18.0,"turns":2.0},{"damage":14.0,"enemies":"2 Thieves","floor":19.0,"turns":2.0},{"damage":27.0,"enemies":"Shelled Parasite and Fungi","floor":21.0,"turns":3.0},{"damage":0.0,"enemies":"Gremlin Leader","floor":23.0,"turns":3.0},{"damage":21.0,"enemies":"Slavers","floor":25.0,"turns":3.0},{"damage":31.0,"enemies":"Snake Plant","floor":28.0,"turns":3.0},{"damage":12.0,"enemies":"Book of Stabbing","floor":29.0,"turns":2.0},{"damage":7,"enemies":"Champ","floor":33,"turns":6},{"damage":23,"enemies":"3 Darklings","floor":35,"turns":3},{"damage":0,"enemies":"3 Shapes","floor":37,"turns":2},{"damage":12,"enemies":"Jaw Worm Horde","floor":44,"turns":2},{"damage":2,"enemies":"3 Darklings","floor":47,"turns":3},{"damage":0,"enemies":"Giant Head","floor":48,"turns":3},{"damage":34,"enemies":"Awakened One","floor":50,"turns":5}],"seed_played":"2230643666008010225","potions_obtained":[{"floor":2.0,"key":"FearPotion"},{"floor":4.0,"key":"BlessingOfTheForge"},{"floor":19.0,"key":"DuplicationPotion"},{"floor":33,"key":"Dexterity Potion"},{"floor":35,"key":"Regen Potion"},{"floor":47,"key":"BloodPotion"}],"is_trial":false,"path_per_floor":["M","M","?","M","M","R","E","?","T","M","R","$","?","M","R","B",null,"M","M","$","M","$","E","R","E","T","$","M","E","?","T","R","B",null,"M","$","M","$","?","R","$","R","T","M","R","?","M","E","R","B",null],"character_chosen":"IRONCLAD","items_purchased":["Vajra","Du-Vu Doll","Inflame","PreservedInsect","Apotheosis","NineVolt","Feed","Membership Card","Oddly Smooth Stone","Carnage","CeramicFish","Habit","Matryoshka","Dream Catcher","Shrug It Off","Eternal Feather","StrikeDummy","GuppysTail","Limit Break","Bottled Lightning","GuppysHead","Lee\u0027s Waffle","Pommel Strike"],"campfire_rested":5,"item_purchase_floors":[0,0,0,0,0,0,0,0,0,0,0,0,12,12,12,20,20,22,36,36,36,38,38],"current_hp_per_floor":[24,28,28,32,29,55,45,45,45,51,51,51,51,49,77,33,79,85,77,77,60,60,66,78,67,67,67,42,40,40,47,59,58,84,67,67,73,100,100,100,100,100,100,94,100,100,103,103,103,95],"gold":72,"neow_bonus":"","is_daily":false,"chose_seed":false,"campfire_upgraded":4,"win_rate":0.0,"timestamp":1609047316,"path_taken":["M","M","?","?","M","R","E","?","T","M","R","$","?","M","R","BOSS","M","M","$","M","$","E","R","E","T","?","M","E","?","?","R","BOSS","M","$","M","$","?","R","$","R","T","M","R","?","M","E","R","BOSS"],"items_purchased_type":["Relic","Relic","Card","Relic","Card","Relic","Card","Relic","Relic","Card","Relic","Relic","Relic","Relic","Card","Relic","Relic","Relic","Card","Relic","Relic","Relic","Card"],"build_version":"2020-12-22","purchased_purges":4,"victory":true,"max_hp_per_floor":[79,83,83,87,87,87,91,91,91,91,91,91,91,94,94,94,94,94,94,94,98,98,98,98,102,102,102,97,101,101,108,108,93,93,93,93,93,100,100,100,100,100,100,100,100,100,103,103,103,103],"card_choices":[{"not_picked":[],"picked":"EpicFetus","floor":0.0},{"not_picked":["Perfected Strike","Metallicize"],"picked":"Battle Trance","floor":1.0},{"not_picked":["Havoc","Exhume","Iron Wave"],"picked":"SKIP","floor":2.0},{"not_picked":["Armaments","Perfected Strike","Seeing Red"],"picked":"SKIP","floor":4.0},{"not_picked":["Thunderclap","Dropkick"],"picked":"True Grit","floor":5.0},{"not_picked":["Clothesline","Disarm","Entrench"],"picked":"SKIP","floor":7.0},{"not_picked":["Entrench","True Grit"],"picked":"Fire Breathing","floor":10.0},{"not_picked":["Body Slam","Warcry","Cleave"],"picked":"SKIP","floor":14.0},{"not_picked":["Thunderclap","Heavy Blade"],"picked":"Double Tap","floor":15.0},{"not_picked":["Berserk","Barricade"],"picked":"Demon Form","floor":16.0},{"not_picked":["Searing Blow","Rupture"],"picked":"Twin Strike","floor":18.0},{"not_picked":["Carnage","Flex","True Grit"],"picked":"SKIP","floor":19.0},{"not_picked":["Warcry","Disarm"],"picked":"Twin Strike","floor":21.0},{"not_picked":["Anger","Searing Blow","Shrug It Off"],"picked":"SKIP","floor":23.0},{"not_picked":["Feed","Rage","Heavy Blade"],"picked":"SKIP","floor":25.0},{"not_picked":["Spot Weakness","Thunderclap+1","Entrench"],"picked":"SKIP","floor":28.0},{"not_picked":["Disarm","Spot Weakness","Cleave"],"picked":"SKIP","floor":29.0},{"not_picked":["Reaper","Feed"],"picked":"Impervious","floor":33},{"not_picked":["Infernal Blade","Fire Breathing"],"picked":"Pommel Strike+1","floor":35},{"not_picked":["Intimidate","Berserk"],"picked":"Perfected Strike","floor":37},{"not_picked":["Heavy Blade+1","Iron Wave"],"picked":"Shockwave","floor":42},{"not_picked":["Exhume","Clothesline+1"],"picked":"Headbutt+1","floor":44},{"not_picked":["Headbutt+1","Armaments","Cleave+1"],"picked":"SKIP","floor":47},{"not_picked":["Blood for Blood+1","Corruption"],"picked":"Wild Strike+1","floor":48}],"player_experience":123582,"relics_obtained":[{"floor":7.0,"key":"TheBean"},{"floor":9.0,"key":"Akabeko"},{"floor":23.0,"key":"Paper Frog"},{"floor":25.0,"key":"Omamori"},{"floor":26.0,"key":"PillsDrop"},{"floor":26.0,"key":"TungstenRod"},{"floor":29.0,"key":"GuppysPaw"},{"floor":31.0,"key":"Strawberry"},{"floor":31.0,"key":"White Beast Statue"},{"floor":43,"key":"Molten Egg 2"},{"floor":48,"key":"Anchor"}],"event_choices":[{"damage_healed":0.0,"max_hp_gain":0.0,"max_hp_loss":0.0,"gold_gain":0.0,"event_name":"Golden Idol","player_choice":"Take Wound","floor":3.0,"gold_loss":0.0,"damage_taken":0.0,"relics_obtained":["Golden Idol"],"cards_obtained":["Injury"]},{"damage_healed":0.0,"max_hp_gain":0.0,"max_hp_loss":0.0,"gold_gain":72.0,"event_name":"Golden Wing","player_choice":"Gained Gold","floor":8.0,"gold_loss":0.0,"damage_taken":0.0},{"damage_healed":0.0,"max_hp_gain":0.0,"max_hp_loss":0.0,"gold_gain":150.0,"event_name":"Liars Game","player_choice":"AGREE","floor":13.0,"gold_loss":0.0,"damage_taken":0.0,"cards_obtained":["Doubt"]},{"damage_healed":0.0,"max_hp_gain":0.0,"max_hp_loss":0.0,"gold_gain":0.0,"cards_transformed":["Defend_R","Strike_R"],"event_name":"Drug Dealer","player_choice":"Became Test Subject","floor":30.0,"gold_loss":0.0,"damage_taken":0.0,"cards_obtained":["Sever Soul","Reckless Charge"]},{"damage_healed":20,"gold_gain":0,"player_choice":"Writhe","damage_taken":0,"max_hp_gain":0,"max_hp_loss":0,"event_name":"Winding Halls","floor":39,"gold_loss":0,"cards_obtained":["Writhe"]},{"damage_healed":0,"gold_gain":0,"player_choice":"Paid","damage_taken":0,"relics_obtained":["Red Mask"],"max_hp_gain":0,"max_hp_loss":0,"event_name":"Tomb of Lord Red Mask","floor":46,"gold_loss":134}],"is_beta":false,"boss_relics":[{"not_picked":["Tiny House","Runic Cube"],"picked":"Runic Dome"},{"not_picked":[]},{"not_picked":["Empty Cage","Fusion Hammer"],"picked":"SlaversCollar"},{"not_picked":[]}],"items_purged_floors":[0,0,0,20],"is_endless":false,"potions_floor_spawned":[2,4,5,7,14,19,21,25,29,33,35,37,44,47,48],"ascension_level":15}}