{"host":"vydapxfau6612551","time":1609040873,"event":{"mods":["AchievementEnabler","BaseMod","Minty Spire (QoL Compilation)","StSLib","SuperFastMode"],"gold_per_floor":[117,129,204,204,204,239,239,239,239],"floor_reached":8,"playtime":126,"items_purged":[],"score":111,"play_id":"b697cd42-8297-4cd9-9df6-633b2bb003df","local_time":"20201227124753","is_ascension_mode":true,"campfire_choices":[{"floor":7,"key":"RECALL"}],"circlet_count":0,"master_deck":["Strike_R","Strike_R","Strike_R+1","Strike_R","Strike_R","Defend_R","Defend_R+1","Defend_R","Defend_R","Bash","Pommel Strike","Clothesline","Pommel Strike"],"relics":["Burning Blood","NeowsBlessing","Golden Idol","Bronze Scales"],"acts_visited":["Exordium"],"potions_floor_usage":[],"damage_taken":[{"damage":0,"enemies":"Cultist","floor":1,"turns":1},{"damage":0,"enemies":"2 Louse","floor":2,"turns":1},{"damage":0,"enemies":"Gremlin Nob","floor":6,"turns":1},{"damage":32,"enemies":"3 Sentries","floor":8,"turns":6}],"seed_played":"4102889273448594072","potions_obtained":[],"is_trial":false,"path_per_floor":["M","M","?","?","?","E","R","E"],"character_chosen":"IRONCLAD","items_purchased":[],"campfire_rested":0,"item_purchase_floors":[],"current_hp_per_floor":[78,80,69,49,33,39,39,7,7],"gold":239,"neow_bonus":"THREE_ENEMY_KILL","is_daily":false,"chose_seed":false,"campfire_upgraded":0,"win_rate":0.0,"timestamp":1609040873,"path_taken":["M","M","?","?","?","E","R","E"],"items_purchased_type":[],"build_version":"2020-12-22","purchased_purges":0,"victory":false,"max_hp_per_floor":[80,80,80,80,80,80,80,80,80],"card_choices":[{"not_picked":["Wild Strike","Whirlwind"],"picked":"Pommel Strike","floor":1},{"not_picked":["Reckless Charge","True Grit"],"picked":"Clothesline","floor":2},{"not_picked":["Clothesline","Havoc"],"picked":"Pommel Strike","floor":6}],"player_experience":387150,"relics_obtained":[{"floor":6,"key":"Bronze Scales"}],"event_choices":[{"damage_healed":0,"gold_gain":75,"player_choice":"Gather Gold","damage_taken":11,"max_hp_gain":0,"max_hp_loss":0,"event_name":"World of Goop","floor":3,"gold_loss":0},{"damage_healed":0,"gold_gain":0,"player_choice":"Take Damage","damage_taken":20,"relics_obtained":["Golden Idol"],"max_hp_gain":0,"max_hp_loss":0,"event_name":"Golden Idol","floor":4,"gold_loss":0},{"damage_healed":0,"gold_gain":0,"player_choice":"Entered Light","damage_taken":16,"max_hp_gain":0,"max_hp_loss":0,"event_name":"Shining Light","floor":5,"gold_loss":0,"cards_upgraded":["Defend_R","Strike_R"]}],"is_beta":false,"boss_relics":[],"items_purged_floors":[],"is_endless":false,"potions_floor_spawned":[],"killed_by":"3 Sentries","ascension_level":8}}