{"host":"lctcqud4f9t1q6q5","time":1609034996,"event":{"mods":["BaseMod","Better Vampires","Block Reminder","Colored Map","Colored Powertips","Highlight Path","KinomotoSakuraMod(木之本樱)","Marisa（F雨　魔理沙）","Minty Spire (QoL Compilation)","Quick Restart","Reimu（博丽灵梦）","Relic Stats","Replay The Spire","RumiaBox-露米娅的神秘盒子","Shop Mod","Spicy Shops","StSLib","TestMod","The Bug Knight","WarShipGirlsR/战舰少女R mod","vexMod","【功能Mod】混沌之环修复补丁","篝火指南"],"gold_per_floor":[217,392,410,76,94,94,94,169,243,243,271,289,309,320,320,415,415,435,449,449,449,459,488,488,488,488],"floor_reached":25,"playtime":1224,"items_purged":["Doubt"],"score":318,"play_id":"f36ff725-9fdb-471d-88fc-4c0c432cea85","local_time":"20201227100956","is_ascension_mode":true,"campfire_choices":[{"data":"Seeing Red","floor":6.0,"key":"SMITH"},{"data":"Bash","floor":10.0,"key":"SMITH"},{"data":"Strike_R","floor":15,"key":"PURGE"},{"floor":24,"key":"REST"}],"circlet_count":0,"master_deck":["Defend_R","Defend_R","Defend_R","Defend_R","Bash+1","Thunderclap","Seeing Red+1","Rampage","Reaper","Eclipse","Pommel Strike+1","Bite","Bite","Bite","Pot Of Greed","Pot Of Greed"],"relics":["Burning Blood","testmod-TestBox","testmod-SaigiyounoYou","GodSword5","ReplayTheSpireMod:Lightbulb","testmod-HarvestTotem","Grinning Jar"],"acts_visited":["Exordium","TheCity"],"potions_floor_usage":[11,16,16,19,22,22,22,22,25],"damage_taken":[{"damage":16.0,"enemies":"Jaw Worm","floor":1.0,"turns":4.0},{"damage":22.0,"enemies":"Small Slimes","floor":3.0,"turns":5.0},{"damage":13.0,"enemies":"2 Louse","floor":5.0,"turns":2.0},{"damage":62,"enemies":"Lagavulin","floor":11,"turns":9},{"damage":5,"enemies":"Exordium Wildlife","floor":12,"turns":3},{"damage":11,"enemies":"Blue Slaver","floor":13,"turns":4},{"damage":10,"enemies":"Lots of Slimes","floor":14,"turns":4},{"damage":22,"enemies":"Hexaghost","floor":16,"turns":7},{"damage":29,"enemies":"Chosen","floor":18,"turns":6},{"damage":56,"enemies":"Shell Parasite","floor":19,"turns":6},{"damage":18,"enemies":"Cultist and Chosen","floor":22,"turns":5},{"damage":164,"enemies":"Slavers","floor":23,"turns":10},{"damage":81,"enemies":"Book of Stabbing","floor":25,"turns":6}],"seed_played":"-2436709093661269053","potions_obtained":[{"floor":1.0,"key":"Adrenaline Potion"},{"floor":12,"key":"DistilledChaos"},{"floor":14,"key":"testmod-TestPotion"},{"floor":16,"key":"LiquidBronze"},{"floor":19,"key":"EntropicBrew"},{"floor":23,"key":"Venom Potion"}],"is_trial":false,"path_per_floor":["M","?","M","$","M","R","?","?","T","R","E","M","M","M","R_BF","B",null,"M","M","?","?","M","E","R","E"],"character_chosen":"IRONCLAD","items_purchased":["GodSword5"],"campfire_rested":1,"item_purchase_floors":[4],"current_hp_per_floor":[74,74,65,65,63,63,63,52,52,52,12,21,24,34,34,42,160,144,114,114,114,123,14,64,7,7],"gold":488,"neow_bonus":"HUNDRED_GOLD","is_daily":false,"chose_seed":false,"campfire_upgraded":2,"win_rate":0.0,"timestamp":1609034996,"path_taken":["M","?","M","$","M","R","?","?","T","R","E","M","M","M","R_BF","BOSS","M","M","?","?","?","E","R","E"],"items_purchased_type":["Relic"],"build_version":"2020-12-22","purchased_purges":1,"victory":false,"max_hp_per_floor":[80,80,80,80,80,80,80,80,80,80,80,80,80,80,80,80,160,160,166,136,136,136,136,136,136,136],"relic_stats":{"counters":[13,71],"obtain_stats":[{"testmod-TestBox":0,"testmod-HarvestTotem":17,"GodSword5":4,"Grinning Jar":23,"testmod-SaigiyounoYou":0,"ReplayTheSpireMod:Lightbulb":11,"Burning Blood":0},{"testmod-TestBox":0,"testmod-HarvestTotem":8,"GodSword5":2,"Grinning Jar":12,"testmod-SaigiyounoYou":0,"ReplayTheSpireMod:Lightbulb":4,"Burning Blood":0},{"testmod-TestBox":0,"testmod-HarvestTotem":38,"GodSword5":9,"Grinning Jar":65,"testmod-SaigiyounoYou":0,"ReplayTheSpireMod:Lightbulb":20,"Burning Blood":0}],"Burning Blood":82},"card_choices":[{"not_picked":["Pummel","Combust","Uppercut"],"picked":"SKIP","floor":1.0},{"not_picked":["Run Through","Heavy Blade"],"picked":"Thunderclap","floor":3.0},{"not_picked":["True Grit","Body Slam"],"picked":"Seeing Red","floor":5.0},{"not_picked":["Twin Strike","True Grit","Massacre"],"picked":"SKIP","floor":11},{"not_picked":["Berserk","Wild Strike"],"picked":"Rampage","floor":12},{"not_picked":["Body Slam","Anger","Combust"],"picked":"SKIP","floor":13},{"not_picked":["Blood for Blood","Anger"],"picked":"Reaper","floor":14},{"not_picked":["Replay:Many Hands","Demon Form"],"picked":"Eclipse","floor":16},{"not_picked":["Rupture+1","ReplayReversal","Warcry"],"picked":"SKIP","floor":18},{"not_picked":["Warcry","Sword Boomerang"],"picked":"Pommel Strike+1","floor":19},{"not_picked":["Perfected Strike+1","Flex","Wild Strike"],"picked":"SKIP","floor":22},{"not_picked":["Dropkick","Cleave+1","Replay:Many Hands"],"picked":"SKIP","floor":23}],"player_experience":283756,"relics_obtained":[{"floor":11,"key":"ReplayTheSpireMod:Lightbulb"},{"floor":23,"key":"Grinning Jar"}],"event_choices":[{"damage_healed":0.0,"max_hp_gain":0.0,"max_hp_loss":0.0,"gold_gain":175.0,"event_name":"Liars Game","player_choice":"AGREE","floor":2.0,"gold_loss":0.0,"damage_taken":0.0,"cards_obtained":["Doubt"]},{"damage_healed":0.0,"max_hp_gain":0.0,"max_hp_loss":0.0,"gold_gain":75.0,"event_name":"World of Goop","player_choice":"Gather Gold","floor":8.0,"gold_loss":0.0,"damage_taken":11.0},{"damage_healed":0,"gold_gain":0,"player_choice":"Became a vampire","damage_taken":0,"max_hp_gain":0,"max_hp_loss":30,"event_name":"Vampires","floor":20,"gold_loss":0,"cards_obtained":["Bite","Bite","Bite"]}],"is_beta":false,"boss_relics":[{"not_picked":["Replay:Bronze Core","testmod-EnergyCheck"],"picked":"testmod-HarvestTotem"}],"items_purged_floors":[4],"is_endless":false,"potions_floor_spawned":[1,12,14,16,19,23],"killed_by":"Book of Stabbing","ascension_level":4}}