{"host":"7l2t4psy44vpcd9q","time":1609052482,"event":{"mods":["AchievementEnabler","BaseMod","DeckTracker","Minty Spire (QoL Compilation)","SuperFastMode"],"gold_per_floor":[110,110,129,146,164,164,164,195,195,195,208,92,92,102,102,179,179,151,167,181,181,181,181],"floor_reached":22,"playtime":768,"items_purged":["Strike_G"],"score":376,"play_id":"993a9a62-f0f8-4e4f-b06a-949502d2d7f8","local_time":"20201227160122","is_ascension_mode":true,"campfire_choices":[{"data":"Dagger Throw","floor":6,"key":"SMITH"},{"floor":10,"key":"REST"},{"floor":15,"key":"REST"}],"circlet_count":0,"master_deck":["AscendersBane","Strike_G","Strike_G","Strike_G","Defend_G","Defend_G","Defend_G","Defend_G","Defend_G","Survivor","Neutralize","Quick Slash","Blade Dance+1","Flying Knee","Dagger Spray","Dagger Throw+1","Blade Dance","Venomology","Well Laid Plans","Tactician","Dash","Envenom","CurseOfTheBell","Cloak And Dagger","Deflect+1"],"relics":["Ring of the Snake","Tough Bandages","InkBottle","Calling Bell","Art of War","Kunai","WingedGreaves","GremlinMask"],"acts_visited":["Exordium","TheCity"],"potions_floor_usage":[14,16,16,16,16,18,19,22,22],"damage_taken":[{"damage":4,"enemies":"Small Slimes","floor":1,"turns":5},{"damage":0,"enemies":"Cultist","floor":3,"turns":2},{"damage":0,"enemies":"2 Louse","floor":4,"turns":2},{"damage":0,"enemies":"Looter","floor":5,"turns":3},{"damage":35,"enemies":"Lagavulin","floor":8,"turns":5},{"damage":6,"enemies":"Lots of Slimes","floor":11,"turns":2},{"damage":0,"enemies":"Exordium Wildlife","floor":14,"turns":1},{"damage":11,"enemies":"Slime Boss","floor":16,"turns":8},{"damage":10,"enemies":"2 Thieves","floor":18,"turns":4},{"damage":0,"enemies":"3 Byrds","floor":19,"turns":4},{"damage":16,"enemies":"Snecko","floor":20,"turns":5},{"damage":43,"enemies":"Cultist and Chosen","floor":22,"turns":5}],"seed_played":"7238250509745134842","potions_obtained":[{"floor":3,"key":"Swift Potion"},{"floor":5,"key":"Explosive Potion"},{"floor":14,"key":"Poison Potion"},{"floor":19,"key":"FearPotion"}],"is_trial":false,"path_per_floor":["M","?","M","M","M","R","?","E","T","R","M","$","?","M","R","B",null,"M","M","M","?","M"],"character_chosen":"THE_SILENT","items_purchased":["Well Laid Plans"],"campfire_rested":2,"item_purchase_floors":[12],"current_hp_per_floor":[55,55,55,55,55,55,55,20,20,39,33,33,33,33,52,41,60,50,50,34,34,0,0],"gold":181,"neow_bonus":"THREE_CARDS","is_daily":false,"chose_seed":false,"campfire_upgraded":1,"win_rate":0.0,"timestamp":1609052482,"path_taken":["M","?","M","?","M","R","?","E","T","R","M","$","?","M","R","BOSS","M","M","M","?","?"],"items_purchased_type":["Card"],"build_version":"2020-12-22","purchased_purges":1,"victory":false,"max_hp_per_floor":[66,66,66,66,66,66,66,66,66,66,66,66,66,66,66,66,66,66,66,66,66,66,66],"card_choices":[{"not_picked":["Endless Agony","Backflip"],"picked":"Quick Slash","floor":0},{"not_picked":["Distraction","Deflect"],"picked":"Blade Dance","floor":1},{"not_picked":["Quick Slash","Footwork"],"picked":"Flying Knee","floor":3},{"not_picked":["Noxious Fumes","Underhanded Strike"],"picked":"Dagger Spray","floor":4},{"not_picked":["Slice","Calculated Gamble"],"picked":"Dagger Throw","floor":5},{"not_picked":["Flying Knee","Outmaneuver"],"picked":"Blade Dance","floor":8},{"not_picked":["Blade Dance","Concentrate"],"picked":"Venomology","floor":11},{"not_picked":["Escape Plan","Deadly Poison"],"picked":"Dash","floor":14},{"not_picked":["Glass Knife","Venomology"],"picked":"Envenom","floor":16},{"not_picked":["Setup","Deflect"],"picked":"Cloak And Dagger","floor":18},{"not_picked":["Prepared","Blade Dance"],"picked":"Deflect+1","floor":19},{"not_picked":["Blur","Riddle With Holes","Deadly Poison+1"],"picked":"SKIP","floor":20}],"player_experience":1151258,"relics_obtained":[{"floor":8,"key":"Tough Bandages"},{"floor":9,"key":"InkBottle"},{"floor":17,"key":"Art of War"},{"floor":17,"key":"Kunai"},{"floor":17,"key":"WingedGreaves"}],"event_choices":[{"damage_healed":0,"gold_gain":0,"player_choice":"Upgraded","damage_taken":0,"max_hp_gain":0,"max_hp_loss":0,"event_name":"Upgrade Shrine","floor":2,"gold_loss":0,"cards_upgraded":["Blade Dance"]},{"damage_healed":0,"gold_gain":0,"player_choice":"Ignored","damage_taken":0,"max_hp_gain":0,"max_hp_loss":0,"event_name":"Liars Game","floor":7,"gold_loss":0},{"damage_healed":0,"gold_gain":0,"cards_transformed":["Strike_G"],"player_choice":"Change","damage_taken":0,"max_hp_gain":0,"max_hp_loss":0,"event_name":"Living Wall","floor":13,"gold_loss":0,"cards_obtained":["Tactician"]},{"damage_healed":0,"gold_gain":0,"player_choice":"Trade","damage_taken":0,"relics_obtained":["GremlinMask"],"max_hp_gain":0,"max_hp_loss":0,"event_name":"FaceTrader","floor":21,"gold_loss":0}],"is_beta":false,"boss_relics":[{"not_picked":["Tiny House","Black Star"],"picked":"Calling Bell"}],"items_purged_floors":[12],"is_endless":false,"potions_floor_spawned":[3,5,14,19],"killed_by":"Cultist and Chosen","ascension_level":20}}