{"host":"qj91dvco5uhu9oti","time":1609099462,"event":{"mods":["BaseMod","Colored Map","Keyboard Shortcuts","Minty Spire (QoL Compilation)","Permanent Neow","Relic Stats","StSLib","SuperFastMode","everything is the same but u backflip on backflip"],"gold_per_floor":[117,28,28,28,48,60,60,60,60,60,79,104,104,104,104,104,104],"floor_reached":16,"playtime":256,"items_purged":[],"score":196,"play_id":"ca9f9731-e037-403a-81ff-1f5d59871602","local_time":"20201228050422","is_ascension_mode":true,"campfire_choices":[{"data":"Deep Breath","floor":7.0,"key":"SMITH"},{"data":"Shockwave","floor":10.0,"key":"SMITH"},{"data":"Armaments","floor":13,"key":"SMITH"},{"data":"Rampage","floor":15,"key":"SMITH"}],"circlet_count":0,"master_deck":["AscendersBane","Strike_R+1","Strike_R","Strike_R","Defend_R","Defend_R","Defend_R","Defend_R","Bash","Twin Strike+1","Deep Breath+1","Rampage+1","Shockwave+1","Body Slam","Armaments+1"],"relics":["Burning Blood","Mummified Hand","Pear","FossilizedHelix"],"acts_visited":["Exordium"],"potions_floor_usage":[12,16],"damage_taken":[{"damage":9.0,"enemies":"Jaw Worm","floor":1.0,"turns":5.0},{"damage":7.0,"enemies":"Small Slimes","floor":5.0,"turns":3.0},{"damage":0.0,"enemies":"2 Louse","floor":6.0,"turns":2.0},{"damage":12.0,"enemies":"Blue Slaver","floor":11.0,"turns":4.0},{"damage":25,"enemies":"3 Sentries","floor":12,"turns":6},{"damage":15,"enemies":"Hexaghost","floor":16,"turns":9}],"seed_played":"-7932219842731716361","potions_obtained":[{"floor":5.0,"key":"GamblersBrew"},{"floor":6.0,"key":"DistilledChaos"}],"is_trial":false,"path_per_floor":["M","$","?","?","M","M","R","$","T","R","M","E","R","?","R","B"],"character_chosen":"IRONCLAD","items_purchased":["Deep Breath"],"campfire_rested":0,"item_purchase_floors":[2],"current_hp_per_floor":[65,65,42,24,23,29,29,29,39,39,33,14,14,14,14,0,0],"gold":104,"neow_bonus":"REMOVE_CARD","is_daily":false,"chose_seed":false,"campfire_upgraded":4,"win_rate":0.0,"timestamp":1609099462,"path_taken":["M","$","?","?","M","M","R","$","T","R","M","E","R","?","R","BOSS"],"items_purchased_type":["Card"],"build_version":"2020-12-22","purchased_purges":0,"victory":false,"max_hp_per_floor":[75,75,75,75,75,75,75,75,85,85,85,85,85,85,85,85,85],"relic_stats":{"counters":[6,29],"Mummified Hand":[0],"obtain_stats":[{"Pear":9,"Mummified Hand":4,"Burning Blood":0,"FossilizedHelix":12},{"Pear":3,"Mummified Hand":1,"Burning Blood":0,"FossilizedHelix":5},{"Pear":10,"Mummified Hand":5,"Burning Blood":0,"FossilizedHelix":20}],"Burning Blood":30},"card_choices":[{"not_picked":["Clothesline","Pommel Strike"],"picked":"Twin Strike","floor":1.0},{"not_picked":["Headbutt","Anger"],"picked":"Rampage","floor":5.0},{"not_picked":["Intimidate","Flex"],"picked":"Shockwave","floor":6.0},{"not_picked":["Blood for Blood","Uppercut"],"picked":"Body Slam","floor":11.0},{"not_picked":["Rage","Metallicize"],"picked":"Armaments","floor":12}],"player_experience":310121,"relics_obtained":[{"floor":9.0,"key":"Pear"},{"floor":12,"key":"FossilizedHelix"}],"event_choices":[{"damage_healed":0.0,"max_hp_gain":0.0,"max_hp_loss":0.0,"gold_gain":0.0,"event_name":"Shining Light","player_choice":"Entered Light","floor":3.0,"gold_loss":0.0,"damage_taken":23.0,"cards_upgraded":["Twin Strike","Strike_R"]},{"damage_healed":0.0,"max_hp_gain":0.0,"max_hp_loss":0.0,"gold_gain":0.0,"event_name":"Scrap Ooze","player_choice":"Success","floor":4.0,"gold_loss":0.0,"damage_taken":18.0,"relics_obtained":["Mummified Hand"]},{"cards_removed":["Strike_R"],"damage_healed":0,"gold_gain":0,"player_choice":"Forget","damage_taken":0,"max_hp_gain":0,"max_hp_loss":0,"event_name":"Living Wall","floor":14,"gold_loss":0}],"is_beta":false,"boss_relics":[],"items_purged_floors":[],"is_endless":false,"potions_floor_spawned":[5,6],"killed_by":"Hexaghost","ascension_level":20}}