{"host":"i6h98ln524gxv8ri","time":1609087535,"event":{"mods":["BaseMod","Minty Spire (QoL Compilation)","MostiFishMod","Quick Restart","Remilia（蕾米莉亚）","Shop Mod","StSLib","TestMod","Uncapped","【功能Mod】Neow奖励","【功能Mod】混沌之环修复补丁","【功能Mod】精心准备","【功能Mod】聪明的最终Boss"],"gold_per_floor":[110,130,147,163,179,193,193,223,223,243,258,271,286,313,313,386,386,406,423,437,30,50,82,96,96,96,127,158,169,188,208,208,284,284,296,220,238,257,324,350,362,393,393,426,445,327,343,373,373,428,428],"floor_reached":50,"playtime":4500,"items_purged":[],"score":2421,"play_id":"fc7e0de4-1088-4ea4-b291-a369527621f9","local_time":"20201228004535","daily_mods":["SealedDeck","Vintage","Heirloom","Flight","Lethality","Terminal"],"is_ascension_mode":true,"campfire_choices":[{"data":"ScarletDream","floor":7.0,"key":"SMITH"},{"data":"ScarletCoffin","floor":15.0,"key":"SMITH"},{"data":"BombardNight","floor":25.0,"key":"SMITH"},{"data":"Stigmanizer","floor":32.0,"key":"SMITH"},{"data":"NightLord","floor":49,"key":"SMITH"}],"circlet_count":0,"master_deck":["AscendersBane","RedRainbow","Stigmanizer+1","NightDance","ScarletImprint+1","NightLord+1","ScarletDream+1","Stigmanizer+1","UnderTheZenith+1","Septette+1","CharismaGuard","BloodRain+1","ScarletCoffin+1","CeilingFear+1","BombardNight+1","MiserableFate+1","TricksterDevil+1","ScarletNetherworld+1"],"relics":["ScarletHat","DaveBox","testmod-TestBox","OneHitWonderSystem","testmod-TimeTraveler","Ice Cream","testmod-CrystalShield","SynthV:TestCard","Bottled Lightning","SentryEyes","Smiling Mask","Regal Pillow","testmod-Justice","Potion Belt","Toxic Egg 2","Anchor","Juzu Bracelet","Busted Crown","Tiny Chest","MerchantsRug","testmod-Register","Thread and Needle","testmod-InjuryResistance","Blue Candle","RedBat","Frozen Egg 2","Letter Opener","AntiCross","testmod-DeterminationOfClimber","ImprovedEquipment","Ancient Tea Set","Lizard Tail","Orichalcum","testmod-RealStoneCalender","Mercury Hourglass","testmod-Hope","Kunai","Gremlin Horn","Membership Card","testmod-OneHitWonder","Omamori"],"acts_visited":["Exordium","TheCity","TheBeyond"],"potions_floor_usage":[45,50,50],"damage_taken":[{"damage":0.0,"enemies":"Small Slimes","floor":1.0,"turns":2.0},{"damage":0.0,"enemies":"Jaw Worm","floor":2.0,"turns":1.0},{"damage":0.0,"enemies":"Cultist","floor":3.0,"turns":1.0},{"damage":0.0,"enemies":"3 Louse","floor":4.0,"turns":1.0},{"damage":0.0,"enemies":"Blue Slaver","floor":5.0,"turns":2.0},{"damage":0.0,"enemies":"Large Slime","floor":6.0,"turns":1.0},{"damage":0.0,"enemies":"3 Sentries","floor":8.0,"turns":2.0},{"damage":0.0,"enemies":"3 Louse","floor":10.0,"turns":1.0},{"damage":0.0,"enemies":"Exordium Thugs","floor":11.0,"turns":1.0},{"damage":0.0,"enemies":"Looter","floor":12.0,"turns":1.0},{"damage":0.0,"enemies":"3 Louse","floor":13.0,"turns":1.0},{"damage":0.0,"enemies":"Lagavulin","floor":14.0,"turns":3.0},{"damage":0.0,"enemies":"Hexaghost","floor":16.0,"turns":4.0},{"damage":0.0,"enemies":"3 Byrds","floor":18.0,"turns":2.0},{"damage":0.0,"enemies":"Shell Parasite","floor":19.0,"turns":1.0},{"damage":0.0,"enemies":"Cultist and Chosen","floor":20.0,"turns":2.0},{"damage":0.0,"enemies":"Centurion and Healer","floor":22.0,"turns":3.0},{"damage":0.0,"enemies":"Slavers","floor":23.0,"turns":2.0},{"damage":0.0,"enemies":"Sentry and Sphere","floor":24.0,"turns":2.0},{"damage":0.0,"enemies":"Book of Stabbing","floor":27.0,"turns":2.0},{"damage":0.0,"enemies":"Gremlin Leader","floor":28.0,"turns":3.0},{"damage":0.0,"enemies":"Cultist and Chosen","floor":29.0,"turns":2.0},{"damage":0.0,"enemies":"Snake Plant","floor":30.0,"turns":1.0},{"damage":0.0,"enemies":"Centurion and Healer","floor":31.0,"turns":1.0},{"damage":0.0,"enemies":"Collector","floor":33.0,"turns":4.0},{"damage":0.0,"enemies":"3 Shapes","floor":35.0,"turns":1.0},{"damage":0.0,"enemies":"3 Darklings","floor":37.0,"turns":1.0},{"damage":0,"enemies":"Sphere and 2 Shapes","floor":38,"turns":1},{"damage":0,"enemies":"Reptomancer","floor":40,"turns":1},{"damage":0,"enemies":"Maw","floor":41,"turns":2},{"damage":0,"enemies":"Nemesis","floor":42,"turns":1},{"damage":0,"enemies":"Giant Head","floor":44,"turns":2},{"damage":0,"enemies":"3 Darklings","floor":45,"turns":1},{"damage":0,"enemies":"Jaw Worm Horde","floor":47,"turns":1},{"damage":0,"enemies":"Reptomancer","floor":48,"turns":1},{"damage":9,"enemies":"Awakened One","floor":50,"turns":11}],"seed_played":"7150024391898577931","potions_obtained":[{"floor":4.0,"key":"ColorlessPotion"},{"floor":5.0,"key":"SkillPotion"},{"floor":14.0,"key":"FearPotion"},{"floor":16.0,"key":"ColorlessPotion"},{"floor":19.0,"key":"DuplicationPotion"},{"floor":24.0,"key":"Explosive Potion"},{"floor":27.0,"key":"PowerPotion"},{"floor":28.0,"key":"LiquidMemories"},{"floor":30.0,"key":"GamblersBrew"},{"floor":31.0,"key":"Dexterity Potion"},{"floor":40,"key":"LiquidMemories"},{"floor":41,"key":"FearPotion"},{"floor":45,"key":"testmod-SpacePotion"},{"floor":47,"key":"Swift Potion"},{"floor":48,"key":"Explosive Potion"}],"is_trial":true,"path_per_floor":["M","M","M","M","M","M","R","E","T","M","M","M","M","E","R","B",null,"M","M","M","$","M","E","M","R","T","E","E","M","M","M","R","B",null,"M","$","M","M","$","E","M","E","T","E","M","$","M","E","R","B"],"character_chosen":"REMILIA","items_purchased":["MerchantsRug","testmod-Register","Thread and Needle","ImprovedEquipment","Membership Card"],"campfire_rested":0,"item_purchase_floors":[21,21,21,36,46],"current_hp_per_floor":[1,1,1,1,1,14,1,1,1,1,1,1,1,1,1,1,1,1,1,1,1,1,10,1,1,1,1,1,1,1,1,1,1,1,1,1,1,1,1,1,1,1,1,1,1,1,1,1,1,0,0],"gold":428,"neow_bonus":"","is_daily":false,"chose_seed":false,"campfire_upgraded":5,"win_rate":0.0,"timestamp":1609087535,"path_taken":["M","M","M","M","M","M","R","E","T","M","M","M","M","E","R","BOSS","M","M","M","$","M","E","M","R","T","E","E","M","M","M","R","BOSS","M","$","M","M","$","E","M","E","T","E","M","$","M","E","R","BOSS"],"items_purchased_type":["Relic","Relic","Relic","Relic","Relic"],"build_version":"2020-12-22","purchased_purges":0,"victory":false,"max_hp_per_floor":[1,1,1,1,1,14,1,1,1,1,1,1,1,1,1,1,1,1,1,1,1,1,10,1,1,1,1,1,1,1,1,1,1,1,1,1,1,1,1,1,1,1,1,1,1,1,1,1,1,1,1],"card_choices":[{"not_picked":["Septette","FavorOfDestiny","Ultimatum","Stigmanizer"],"picked":"BloodRain","floor":8.0},{"not_picked":["EndlessAdversity","VampirishNight+1","BlasphemousPunishment+1","RedNightlessCastle"],"picked":"ScarletCoffin","floor":14.0},{"not_picked":["ChaoticDestiny+1","BatForm","KillingBlow","QueenOfMidnight"],"picked":"CeilingFear+1","floor":16.0},{"not_picked":["SuperhumanBloodyKnife+1","DiffusionOfMisfortune"],"picked":"BombardNight","floor":23.0},{"not_picked":["VampireSweep","RedRainbow","NightDance"],"picked":"SKIP","floor":27.0},{"not_picked":["MastersStateliness+1","BlasphemousPunishment+1"],"picked":"MiserableFate+1","floor":28.0},{"not_picked":["CeilingFear+1","BloodyCatastrophe+1"],"picked":"TricksterDevil+1","floor":33.0},{"not_picked":["VampireClaw+1","BombardNight","DiffusionOfMisfortune"],"picked":"SKIP","floor":40},{"not_picked":["ChainGang+1","RedRainbow","LeisurelyOfLord"],"picked":"SKIP","floor":42},{"not_picked":["Stigmanizer+1","UltimateOffering","DiffusionOfMisfortune+1"],"picked":"SKIP","floor":44},{"not_picked":["ScarletImprint","DiffusionOfMisfortune"],"picked":"ScarletNetherworld+1","floor":48}],"player_experience":54116,"relics_obtained":[{"floor":1.0,"key":"testmod-CrystalShield"},{"floor":1.0,"key":"SynthV:TestCard"},{"floor":2.0,"key":"Bottled Lightning"},{"floor":3.0,"key":"Whetstone"},{"floor":4.0,"key":"StrikeDummy"},{"floor":5.0,"key":"SentryEyes"},{"floor":6.0,"key":"Mango"},{"floor":8.0,"key":"Smiling Mask"},{"floor":9.0,"key":"Regal Pillow"},{"floor":10.0,"key":"testmod-Justice"},{"floor":12.0,"key":"Potion Belt"},{"floor":13.0,"key":"Toxic Egg 2"},{"floor":14.0,"key":"Anchor"},{"floor":16.0,"key":"Juzu Bracelet"},{"floor":18.0,"key":"Tiny Chest"},{"floor":19.0,"key":"testmod-Antiphasic"},{"floor":20.0,"key":"MealTicket"},{"floor":22.0,"key":"testmod-InjuryResistance"},{"floor":23.0,"key":"Pear"},{"floor":24.0,"key":"Blue Candle"},{"floor":26.0,"key":"RedBat"},{"floor":27.0,"key":"Frozen Egg 2"},{"floor":28.0,"key":"Letter Opener"},{"floor":29.0,"key":"Pantograph"},{"floor":30.0,"key":"TungstenRod"},{"floor":31.0,"key":"AntiCross"},{"floor":35.0,"key":"Blood Vial"},{"floor":37,"key":"Ancient Tea Set"},{"floor":40,"key":"Lizard Tail"},{"floor":40,"key":"Orichalcum"},{"floor":41,"key":"testmod-RealStoneCalender"},{"floor":42,"key":"Mercury Hourglass"},{"floor":43,"key":"testmod-Hope"},{"floor":44,"key":"Kunai"},{"floor":45,"key":"Gremlin Horn"},{"floor":47,"key":"testmod-OneHitWonder"},{"floor":48,"key":"Omamori"}],"event_choices":[],"is_beta":false,"boss_relics":[{"not_picked":["Astrolabe","MostiFishMod:Hod"],"picked":"Busted Crown"},{"not_picked":["testmod-SaigiyounoYou","RhineFirstAidKit"],"picked":"testmod-DeterminationOfClimber"}],"items_purged_floors":[],"is_endless":true,"potions_floor_spawned":[4,5,6,10,14,16,19,24,27,28,30,41,45,48],"killed_by":"Awakened One","ascension_level":20}}