{"host":"4myia77ydcdhvoxj","time":1609054482,"event":{"mods":["2.2 Compatiblity","BaseMod","Better Third Choice","Colored Powertips","Downfall","Minty Spire (QoL Compilation)","Relic Stats","Replay The Spire","Spicy Shops","StSLib"],"gold_per_floor":[99,117,137,155,170,95,118,136,136,136,2,102,27,38,48,48,48,48],"floor_reached":16,"playtime":1808,"items_purged":[],"score":119,"play_id":"c7eeb019-729d-45d9-adc5-a8cf80ee398d","local_time":"20201227163442","is_ascension_mode":false,"campfire_choices":[{"floor":1,"key":"RECALL"},{"data":"champ:Taunt","floor":6,"key":"SMITH"},{"floor":13,"key":"REST"}],"circlet_count":0,"master_deck":["champ:Strike","champ:Strike","champ:Strike","champ:Defend","champ:Defend","champ:Defend","champ:Defend","champ:Execute","champ:Taunt+1","champ:FlashCut","champ:CrookedStrike","champ:Riposte","champ:StrikeOfGenius+1","champ:GutPunch","Master of Strategy","expansioncontent:DarkVoid","Thinking Ahead","champ:EnGarde","champ:GladiatorsShout","champ:FanOfKnives","champ:AdrenalArmor"],"relics":["champ:ChampionCrown","downfall:HeartBlessingRed","downfall:BrokenWingStatue","Happy Flower","ReplayTheSpireMod:ShopPack","downfall:HeartBlessingBlue"],"acts_visited":["Exordium"],"potions_floor_usage":[12],"damage_taken":[{"damage":5,"enemies":"Cultist","floor":2,"turns":4},{"damage":10,"enemies":"Jaw Worm","floor":3,"turns":5},{"damage":0,"enemies":"2 Louse","floor":4,"turns":2},{"damage":12,"enemies":"Blue Slaver","floor":5,"turns":3},{"damage":14,"enemies":"3 Louse","floor":8,"turns":4},{"damage":10,"enemies":"downfall:FleeingMerchant","floor":11,"turns":4},{"damage":57,"enemies":"downfall:Heads","floor":12,"turns":8},{"damage":11,"enemies":"Gremlin Gang","floor":14,"turns":4},{"damage":13,"enemies":"Lots of Slimes","floor":15,"turns":3},{"damage":68,"enemies":"downfall:Defect","floor":16,"turns":6}],"seed_played":"-997240778998778434","potions_obtained":[{"floor":3,"key":"Regen Potion"},{"floor":14,"key":"Guardian:BlockOnCardUsePotion"},{"floor":15,"key":"Elixir"}],"is_trial":false,"path_per_floor":["R","M","M","M","M","R","T","M","?","?","$","?","R","M","M","B"],"character_chosen":"THE_CHAMP","items_purchased":["ReplayTheSpireMod:ShopPack"],"campfire_rested":1,"item_purchase_floors":[11],"current_hp_per_floor":[99,99,99,99,87,87,87,83,83,71,71,44,86,75,67,0,0,0],"gold":48,"neow_bonus":"TEN_PERCENT_HP_BONUS","is_daily":false,"chose_seed":false,"campfire_upgraded":1,"win_rate":0.0,"timestamp":1609054482,"path_taken":["R","M","?","M","M","R","T","M","?","?","$","?","R","M","M","BOSS"],"items_purchased_type":["Relic"],"build_version":"2020-12-22","purchased_purges":0,"victory":false,"max_hp_per_floor":[99,99,99,99,99,99,99,99,99,99,99,99,109,109,109,109,109,109],"relic_stats":{"Happy Flower":[8],"counters":[10,43],"obtain_stats":[{"downfall:BrokenWingStatue":9,"downfall:HeartBlessingRed":6,"Happy Flower":10,"downfall:HeartBlessingBlue":13,"champ:ChampionCrown":0,"ReplayTheSpireMod:ShopPack":11},{"downfall:BrokenWingStatue":5,"downfall:HeartBlessingRed":4,"Happy Flower":5,"downfall:HeartBlessingBlue":7,"champ:ChampionCrown":0,"ReplayTheSpireMod:ShopPack":6},{"downfall:BrokenWingStatue":18,"downfall:HeartBlessingRed":14,"Happy Flower":18,"downfall:HeartBlessingBlue":30,"champ:ChampionCrown":0,"ReplayTheSpireMod:ShopPack":22}]},"card_choices":[{"not_picked":["champ:StanceDance","champ:ShieldWall"],"picked":"champ:FlashCut","floor":2},{"not_picked":["champ:Shatter","champ:FlashCut"],"picked":"champ:CrookedStrike","floor":3},{"not_picked":["champ:GutPunch","champ:ArenaPreparation"],"picked":"champ:BladeFlurry","floor":4},{"not_picked":["champ:IronFortress","champ:RecklessLeap"],"picked":"champ:Riposte","floor":5},{"not_picked":["champ:FalseCounter","champ:EndlessRage"],"picked":"champ:StrikeOfGenius","floor":8},{"not_picked":["champ:FocusedDefense","champ:FlashCut"],"picked":"champ:GutPunch","floor":11},{"not_picked":["ReplayUltimateDefense","ReplayTheSpireMod:Necrogeddon"],"picked":"Master of Strategy","floor":11},{"not_picked":["Metamorphosis","Replay:Bootleg Shield Generator"],"picked":"expansioncontent:DarkVoid","floor":11},{"not_picked":["expansioncontent:ChargeUp","Panacea"],"picked":"Thinking Ahead","floor":11},{"not_picked":["champ:FocusedGladiator","champ:DefensiveStyle"],"picked":"champ:GladiatorsShout","floor":12},{"not_picked":["champ:GladiatorsShout","champ:EndlessRage"],"picked":"champ:FanOfKnives","floor":14},{"not_picked":["champ:FocusedGladiator","champ:CalledShot"],"picked":"champ:AdrenalArmor","floor":15}],"player_experience":453004,"relics_obtained":[],"event_choices":[{"damage_healed":0,"gold_gain":0,"player_choice":"Relic ","damage_taken":12,"max_hp_gain":0,"max_hp_loss":0,"event_name":"betterThird:BetterScrap","floor":10,"gold_loss":0,"cards_obtained":["Eclipse"]}],"is_beta":false,"boss_relics":[],"items_purged_floors":[],"is_endless":false,"potions_floor_spawned":[3,14,15],"killed_by":"downfall:Defect","ascension_level":0}}