{"host":"wbjiqg83duq292na","time":1609052415,"event":{"mods":["BaseMod","Minty Spire (QoL Compilation)"],"gold_per_floor":[110,285,285,295,315,347,360,394,394,394,410,129,156,156,156,253,253,273,273,0,20,20,20,20,49,74,105,105,105,116,135,135,135,135],"floor_reached":33,"playtime":1853,"items_purged":["Doubt"],"score":371,"play_id":"08c17523-2c98-46ed-b09d-c9f7dffb9ba8","local_time":"20201227050015","is_ascension_mode":true,"campfire_choices":[{"floor":10,"key":"REST"},{"floor":15,"key":"REST"},{"floor":23,"key":"REST"},{"floor":28,"key":"REST"},{"floor":32,"key":"REST"}],"circlet_count":0,"master_deck":["Strike_G","Strike_G","Strike_G+1","Strike_G","Strike_G","Defend_G","Defend_G+1","Defend_G","Defend_G","Defend_G","Survivor","Neutralize+1","Noxious Fumes","Choke","Backflip","Infinite Blades","Quick Slash","Backstab","Finisher","Blade Dance","Adrenaline","Cloak And Dagger","Unload+1","Shame","Slice+1","Noxious Fumes+1","Backflip+1","RitualDagger","Blade Dance"],"relics":["Ring of the Snake","Centennial Puzzle","Letter Opener","Tough Bandages","Mummified Hand","HoveringKite","Boot","Regal Pillow","Whetstone","Nunchaku"],"acts_visited":["Exordium","TheCity"],"potions_floor_usage":[8,8,16,27,27,33],"damage_taken":[{"damage":0,"enemies":"2 Louse","floor":1,"turns":4},{"damage":0,"enemies":"Jaw Worm","floor":4,"turns":5},{"damage":0,"enemies":"Small Slimes","floor":5,"turns":4},{"damage":35,"enemies":"Gremlin Nob","floor":6,"turns":6},{"damage":0,"enemies":"Blue Slaver","floor":7,"turns":5},{"damage":11,"enemies":"3 Sentries","floor":8,"turns":6},{"damage":9,"enemies":"2 Fungi Beasts","floor":11,"turns":3},{"damage":8,"enemies":"Lagavulin","floor":13,"turns":4},{"damage":0,"enemies":"Slime Boss","floor":16,"turns":7},{"damage":0,"enemies":"3 Byrds","floor":18,"turns":3},{"damage":29,"enemies":"2 Thieves","floor":21,"turns":3},{"damage":38,"enemies":"Book of Stabbing","floor":25,"turns":5},{"damage":5,"enemies":"Slavers","floor":27,"turns":4},{"damage":19,"enemies":"3 Cultists","floor":30,"turns":5},{"damage":12,"enemies":"Centurion and Healer","floor":31,"turns":3},{"damage":66,"enemies":"Collector","floor":33,"turns":5}],"seed_played":"-6005970926574597689","potions_obtained":[{"floor":5,"key":"PowerPotion"},{"floor":6,"key":"DuplicationPotion"},{"floor":13,"key":"SkillPotion"},{"floor":16,"key":"Explosive Potion"},{"floor":21,"key":"SkillPotion"},{"floor":25,"key":"DuplicationPotion"},{"floor":30,"key":"Swift Potion"}],"is_trial":false,"path_per_floor":["M","?","?","M","M","E","M","E","T","R","M","$","E","T","R","B",null,"M","?","?","M","$","R","?","E","T","E","R","?","M","M","R","B"],"character_chosen":"THE_SILENT","items_purchased":["Blade Dance","Adrenaline"],"campfire_rested":5,"item_purchase_floors":[12,12],"current_hp_per_floor":[70,70,56,56,56,21,21,10,10,31,22,22,14,14,35,35,70,70,70,70,41,41,62,49,11,11,6,43,37,18,6,43,0,0],"gold":135,"neow_bonus":"UPGRADE_CARD","is_daily":false,"chose_seed":false,"campfire_upgraded":0,"win_rate":0.0,"timestamp":1609052415,"path_taken":["M","?","?","M","M","E","M","E","T","R","M","$","E","?","R","BOSS","M","?","?","M","$","R","?","E","T","E","R","?","M","M","R","BOSS"],"items_purchased_type":["Card","Card"],"build_version":"2020-12-22","purchased_purges":1,"victory":false,"max_hp_per_floor":[70,70,70,70,70,70,70,70,70,70,70,70,70,70,70,70,70,70,70,70,70,70,70,75,75,75,75,75,75,75,75,75,75,75],"card_choices":[{"not_picked":["Deadly Poison","Bane"],"picked":"Noxious Fumes","floor":1},{"not_picked":["Flying Knee","Slice"],"picked":"Choke","floor":4},{"not_picked":["Deflect","Sucker Punch"],"picked":"Backflip","floor":5},{"not_picked":["Caltrops","Prepared"],"picked":"Infinite Blades","floor":6},{"not_picked":["Prepared","Dodge and Roll"],"picked":"Quick Slash","floor":7},{"not_picked":["All Out Attack","Dash"],"picked":"Backstab","floor":8},{"not_picked":["PiercingWail","Underhanded Strike"],"picked":"Finisher","floor":11},{"not_picked":["Grand Finale","Setup"],"picked":"Cloak And Dagger","floor":13},{"not_picked":["Venomology","Adrenaline"],"picked":"Unload","floor":16},{"not_picked":["Flying Knee","Deflect","Quick Slash"],"picked":"SKIP","floor":18},{"not_picked":["Outmaneuver","Reflex"],"picked":"Slice","floor":21},{"not_picked":["Deflect","Poisoned Stab"],"picked":"Noxious Fumes+1","floor":25},{"not_picked":["Dagger Throw","Slice"],"picked":"Backflip+1","floor":27},{"not_picked":["Die Die Die","Dagger Spray+1"],"picked":"Blade Dance","floor":30},{"not_picked":["Backflip","Dagger Throw","Slice"],"picked":"SKIP","floor":31}],"player_experience":218285,"relics_obtained":[{"floor":6,"key":"Centennial Puzzle"},{"floor":8,"key":"Letter Opener"},{"floor":13,"key":"Tough Bandages"},{"floor":14,"key":"Mummified Hand"},{"floor":25,"key":"Regal Pillow"},{"floor":26,"key":"Whetstone"},{"floor":27,"key":"Nunchaku"}],"event_choices":[{"damage_healed":0,"gold_gain":175,"player_choice":"AGREE","damage_taken":0,"max_hp_gain":0,"max_hp_loss":0,"event_name":"Liars Game","floor":2,"gold_loss":0,"cards_obtained":["Doubt"]},{"damage_healed":0,"gold_gain":0,"player_choice":"Entered Light","damage_taken":14,"max_hp_gain":0,"max_hp_loss":0,"event_name":"Shining Light","floor":3,"gold_loss":0,"cards_upgraded":["Defend_G","Strike_G"]},{"damage_healed":0,"gold_gain":0,"player_choice":"Stole Relic","damage_taken":0,"relics_obtained":["Boot"],"max_hp_gain":0,"max_hp_loss":0,"event_name":"Addict","floor":19,"gold_loss":0,"cards_obtained":["Shame"]},{"damage_healed":0,"gold_gain":0,"player_choice":"Paid Fearfully","damage_taken":0,"max_hp_gain":0,"max_hp_loss":0,"event_name":"Masked Bandits","floor":20,"gold_loss":273},{"damage_healed":0,"gold_gain":0,"player_choice":"Shed Blood","damage_taken":18,"max_hp_gain":5,"max_hp_loss":0,"event_name":"Forgotten Altar","floor":24,"gold_loss":0},{"damage_healed":0,"gold_gain":0,"player_choice":"Joined the Cult","damage_taken":6,"max_hp_gain":0,"max_hp_loss":0,"event_name":"Nest","floor":29,"gold_loss":0,"cards_obtained":["RitualDagger"]}],"is_beta":false,"boss_relics":[{"not_picked":["Tiny House","Busted Crown"],"picked":"HoveringKite"}],"items_purged_floors":[12],"is_endless":false,"potions_floor_spawned":[5,6,13,16,21,25,30],"killed_by":"Collector","ascension_level":1}}