{"host":"gk9qdtkqd8dwfeg2","time":1609076840,"event":{"mods":["Aspiration","BaseMod","Colored Powertips","KomeijiMod","Minty Spire (QoL Compilation)","Quick Restart","Replay The Spire","Shop Mod","StSLib","TestMod","The Gatherer","The Servant 0.9.4","Waifu the Spire","WarShipGirlsR/战舰少女R mod","Yuri Mod","【功能Mod】聪明的最终Boss"],"gold_per_floor":[114,114,125,125,175,211,241,41,68,68,97,97,97,111,111,216,216,216,216,216],"floor_reached":18,"playtime":572,"items_purged":["Looming Evil"],"score":158,"play_id":"55c699c8-6a6a-4319-867c-b81d3723d10a","local_time":"20201227214720","is_ascension_mode":false,"metric_token":1045,"campfire_choices":[{"data":"Gatherer:FlowerWhip","floor":15,"key":"SMITH"}],"circlet_count":0,"master_deck":["Gatherer:Strike_Gatherer","Gatherer:Strike_Gatherer","Gatherer:Strike_Gatherer","Gatherer:Defend_Gatherer","Gatherer:Defend_Gatherer","Gatherer:Defend_Gatherer","Gatherer:Defend_Gatherer","Gatherer:Centralize","Gatherer:FlowerWhip+1","Gatherer:Uplift","Gatherer:Enchant+1","Gatherer:Frenzy","Gatherer:QuickSynthesis+1","Apotheosis+1","Pain","Gatherer:BigPouch+1","Gatherer:AlchemyTrial","Overencumbered","Gatherer:FlowerBeam","ReplayTheSpireMod:Doomed","Gatherer:BlackTea"],"relics":["Gatherer:AlchemyBag","testmod-TestBox","testmod-Muramasa","NeowsBlessing","Ring of Hypnosis","Ring of Greed","MawBank","Blue Doll","Juzu Bracelet","War Paint","Pantograph","aspiration:PoetsPen"],"acts_visited":["Exordium","TheCity"],"potions_floor_usage":[16],"damage_taken":[{"damage":0.0,"enemies":"2 Louse","floor":1.0,"turns":1.0},{"damage":0.0,"enemies":"Small Slimes","floor":3.0,"turns":1.0},{"damage":0.0,"enemies":"Jaw Worm","floor":7.0,"turns":1.0},{"damage":29.0,"enemies":"3 Sentries","floor":11.0,"turns":9.0},{"damage":4,"enemies":"Blue Slaver","floor":14,"turns":3},{"damage":30,"enemies":"The Guardian","floor":16,"turns":7},{"damage":11,"enemies":"3 Byrds","floor":18,"turns":2}],"seed_played":"6860594249001159061","potions_obtained":[{"floor":1.0,"key":"PowerPotion"},{"floor":3.0,"key":"JyouchiReiPotion"},{"floor":7.0,"key":"BlessingOfTheForge"}],"is_trial":false,"path_per_floor":["M","?","M","?","?","T","M","$","T","?","E","?","T","M","R","B",null,"M"],"character_chosen":"THE_GATHERER","items_purchased":["Apotheosis+1"],"campfire_rested":0,"item_purchase_floors":[8],"current_hp_per_floor":[72,72,72,72,72,72,72,72,72,72,43,43,43,39,39,34,72,61,61,61],"gold":216,"neow_bonus":"THREE_ENEMY_KILL","is_daily":false,"chose_seed":false,"campfire_upgraded":1,"win_rate":0.0,"timestamp":1609076840,"path_taken":["M","?","M","?","?","?","?","$","T","?","E","?","?","M","R","BOSS","M"],"items_purchased_type":["Card"],"build_version":"2020-12-22","purchased_purges":1,"victory":false,"max_hp_per_floor":[72,72,72,72,72,72,72,72,72,72,72,72,72,72,72,72,72,72,72,72],"card_choices":[{"not_picked":["Gatherer:Duality","Gatherer:GatherMaterial"],"picked":"Gatherer:Uplift","floor":1.0},{"not_picked":["Gatherer:AcidicSpray","Gatherer:AromaProtection"],"picked":"Gatherer:Frenzy","floor":3.0},{"not_picked":["Gatherer:Enchant","Gatherer:Snatch"],"picked":"Gatherer:QuickSynthesis","floor":7.0},{"not_picked":["Gatherer:AromaProtection","Gatherer:EchoOfNature"],"picked":"Gatherer:AlchemyTrial","floor":11.0},{"not_picked":["Gatherer:SmartManeuver","Gatherer:FlowerFalling"],"picked":"Gatherer:FlowerBeam","floor":14},{"not_picked":["Gatherer:FlamingBottle","Gatherer:StoneFence"],"picked":"Gatherer:BlackTea","floor":16}],"player_experience":579466,"relics_obtained":[{"floor":5.0,"key":"Ring of Hypnosis"},{"floor":5.0,"key":"Ring of Greed"},{"floor":5.0,"key":"MawBank"},{"floor":5.0,"key":"Blue Doll"},{"floor":9.0,"key":"Juzu Bracelet"},{"floor":11.0,"key":"War Paint"},{"floor":13,"key":"Pantograph"}],"event_choices":[{"damage_healed":0.0,"max_hp_gain":0.0,"max_hp_loss":0.0,"gold_gain":0.0,"cards_transformed":["Gatherer:Strike_Gatherer"],"event_name":"Living Wall","player_choice":"Change","floor":2.0,"gold_loss":0.0,"damage_taken":0.0,"cards_obtained":["Gatherer:Enchant"]}],"is_beta":false,"boss_relics":[{"not_picked":["Runic Pyramid","Replay:Wanted Poster"],"picked":"aspiration:PoetsPen"}],"items_purged_floors":[8],"is_endless":false,"potions_floor_spawned":[1,3,7],"killed_by":"3 Byrds","ascension_level":0}}