{"host":"qc268ltokmxwqyrx","time":1609102846,"event":{"mods":["BaseMod","Colored Map","Colored Powertips","Minty Spire (QoL Compilation)","RNG Fix","Relic Stats","Slay the Relics Exporter","StSLib"],"gold_per_floor":[109,125,143,156,171,199,199,259,329,339,339,369,37,50,50,123,123,141,141,141,151,59,85,85,35,35,47,65,81,114,124,124,124,124],"floor_reached":33,"playtime":2845,"items_purged":[],"score":602,"play_id":"a4737dbc-30b5-4624-add9-d65aa504747c","local_time":"20201227150046","is_ascension_mode":true,"campfire_choices":[{"data":"Predator","floor":7.0,"key":"SMITH"},{"floor":11.0,"key":"REST"},{"data":"Blade Dance","floor":15.0,"key":"SMITH"},{"data":"Tools of the Trade","floor":24.0,"key":"SMITH"},{"data":"Blade Dance","floor":32.0,"key":"SMITH"}],"circlet_count":0,"master_deck":["AscendersBane","Strike_G","Strike_G","Strike_G","Defend_G","Defend_G","Defend_G","Defend_G","Survivor","Neutralize","Quick Slash+1","Underhanded Strike+1","Reflex+1","Dagger Spray","PiercingWail","Flying Knee","Predator+1","Blade Dance+1","Dagger Throw","Glass Knife+1","Corpse Explosion","Blade Dance+1","Leg Sweep","Impatience","Tools of the Trade+1","Backflip","Cloak And Dagger","Blade Dance+1","Terror","Skewer"],"relics":["Astrolabe","Regal Pillow","Ornamental Fan","CaptainsWheel","Bag of Preparation","Pen Nib","Philosopher\u0027s Stone","MutagenicStrength","Shuriken","Akabeko","WingedGreaves"],"acts_visited":["TheCity"],"potions_floor_usage":[33],"damage_taken":[{"damage":0.0,"enemies":"Jaw Worm","floor":1.0,"turns":4.0},{"damage":1.0,"enemies":"Small Slimes","floor":2.0,"turns":3.0},{"damage":3.0,"enemies":"Cultist","floor":3.0,"turns":4.0},{"damage":15.0,"enemies":"Gremlin Gang","floor":4.0,"turns":5.0},{"damage":1.0,"enemies":"Exordium Wildlife","floor":5.0,"turns":3.0},{"damage":17.0,"enemies":"Gremlin Nob","floor":6.0,"turns":4.0},{"damage":1.0,"enemies":"Looter","floor":10.0,"turns":2.0},{"damage":16.0,"enemies":"Lagavulin","floor":12.0,"turns":5.0},{"damage":0.0,"enemies":"Red Slaver","floor":14.0,"turns":4.0},{"damage":34.0,"enemies":"Hexaghost","floor":16.0,"turns":9.0},{"damage":4.0,"enemies":"2 Thieves","floor":18.0,"turns":4.0},{"damage":0.0,"enemies":"Spheric Guardian","floor":21.0,"turns":1.0},{"damage":6.0,"enemies":"Book of Stabbing","floor":23.0,"turns":3.0},{"damage":6.0,"enemies":"Snake Plant","floor":27.0,"turns":2.0},{"damage":0.0,"enemies":"Shelled Parasite and Fungi","floor":28.0,"turns":1.0},{"damage":0.0,"enemies":"3 Cultists","floor":29.0,"turns":2.0},{"damage":3.0,"enemies":"Gremlin Leader","floor":30.0,"turns":4.0},{"damage":2.0,"enemies":"Snake Plant","floor":31.0,"turns":2.0},{"damage":31,"enemies":"Automaton","floor":33,"turns":4}],"seed_played":"-3227580976383546368","potions_obtained":[{"floor":5.0,"key":"DistilledChaos"},{"floor":6.0,"key":"Dexterity Potion"},{"floor":12.0,"key":"Ancient Potion"},{"floor":16.0,"key":"SpeedPotion"},{"floor":18.0,"key":"LiquidMemories"},{"floor":21.0,"key":"Poison Potion"},{"floor":28.0,"key":"FearPotion"},{"floor":30.0,"key":"BlessingOfTheForge"}],"is_trial":false,"path_per_floor":["M","M","M","M","M","E","R","?","T","M","R","E","$","M","R","B",null,"M","?","?","M","$","E","R","?","T","M","M","M","E","M","R","B"],"character_chosen":"THE_SILENT","items_purchased":["Bag of Preparation","Pen Nib","Impatience"],"campfire_rested":1,"item_purchase_floors":[13,13,22],"current_hp_per_floor":[59,58,55,40,39,22,22,22,22,21,55,39,39,39,39,5,51,47,47,47,47,47,41,41,41,41,35,35,35,32,30,30,0,0],"gold":124,"neow_bonus":"BOSS_RELIC","is_daily":false,"chose_seed":false,"campfire_upgraded":4,"win_rate":0.0,"timestamp":1609102846,"path_taken":["M","?","M","?","M","E","R","?","T","M","R","E","?","M","R","BOSS","M","?","?","M","$","E","R","?","T","M","M","M","E","M","R","BOSS"],"items_purchased_type":["Relic","Relic","Card"],"build_version":"2020-12-22","purchased_purges":0,"victory":false,"max_hp_per_floor":[66,66,66,66,66,66,66,66,66,66,66,66,66,66,66,66,66,66,66,66,66,66,66,66,66,66,66,66,66,66,66,66,66,66],"relic_stats":{"Regal Pillow":15,"counters":[19,66],"Ornamental Fan":[144],"Shuriken":[16],"Astrolabe":["Quick Slash","Underhanded Strike","Reflex"],"Pen Nib":[12],"Bag of Preparation":[22],"obtain_stats":[{"Regal Pillow":6,"CaptainsWheel":12,"Ornamental Fan":9,"Shuriken":23,"Astrolabe":0,"MutagenicStrength":20,"Philosopher\u0027s Stone":17,"Pen Nib":13,"WingedGreaves":30,"Bag of Preparation":13,"Akabeko":26,"Ring of the Snake":0},{"Regal Pillow":6,"CaptainsWheel":8,"Ornamental Fan":6,"Shuriken":13,"Astrolabe":0,"MutagenicStrength":11,"Philosopher\u0027s Stone":10,"Pen Nib":8,"WingedGreaves":17,"Bag of Preparation":8,"Akabeko":13,"Ring of the Snake":0},{"Regal Pillow":23,"CaptainsWheel":30,"Ornamental Fan":23,"Shuriken":51,"Astrolabe":0,"MutagenicStrength":47,"Philosopher\u0027s Stone":43,"Pen Nib":30,"WingedGreaves":60,"Bag of Preparation":30,"Akabeko":51,"Ring of the Snake":0}]},"card_choices":[{"not_picked":["Slice","Catalyst"],"picked":"Dagger Spray","floor":1.0},{"not_picked":["Backflip","Leg Sweep"],"picked":"PiercingWail","floor":2.0},{"not_picked":["Cloak And Dagger","Tactician","Deflect"],"picked":"SKIP","floor":3.0},{"not_picked":["Deadly Poison","A Thousand Cuts"],"picked":"Flying Knee","floor":4.0},{"not_picked":["Bane","Quick Slash"],"picked":"Predator","floor":5.0},{"not_picked":["Outmaneuver","Cloak And Dagger"],"picked":"Blade Dance","floor":6.0},{"not_picked":["Escape Plan","Flechettes"],"picked":"Dagger Throw","floor":10.0},{"not_picked":["Poisoned Stab","Slice"],"picked":"Glass Knife","floor":12.0},{"not_picked":["Dagger Spray","Flying Knee","Deadly Poison"],"picked":"SKIP","floor":14.0},{"not_picked":["Malaise","Venomology"],"picked":"Corpse Explosion","floor":16.0},{"not_picked":["Slice","Deflect"],"picked":"Blade Dance+1","floor":18.0},{"not_picked":["Outmaneuver","Distraction"],"picked":"Leg Sweep","floor":21.0},{"not_picked":["Underhanded Strike","Backstab"],"picked":"Tools of the Trade","floor":23.0},{"not_picked":["Leg Sweep","PiercingWail"],"picked":"Backflip","floor":27.0},{"not_picked":["Cloak And Dagger","Bane","Backflip+1"],"picked":"SKIP","floor":28.0},{"not_picked":["Bane","Backflip+1"],"picked":"Cloak And Dagger","floor":28.0},{"not_picked":["Flechettes","Quick Slash"],"picked":"Blade Dance","floor":29.0},{"not_picked":["PiercingWail","Concentrate"],"picked":"Terror","floor":30.0},{"not_picked":["Footwork","PiercingWail"],"picked":"Skewer","floor":31.0}],"player_experience":1685383,"relics_obtained":[{"floor":6.0,"key":"Regal Pillow"},{"floor":9.0,"key":"Ornamental Fan"},{"floor":12.0,"key":"CaptainsWheel"},{"floor":23.0,"key":"Shuriken"},{"floor":26.0,"key":"Akabeko"},{"floor":30.0,"key":"WingedGreaves"}],"event_choices":[{"damage_healed":0.0,"max_hp_gain":0.0,"max_hp_loss":0.0,"gold_gain":60.0,"event_name":"Golden Wing","player_choice":"Gained Gold","floor":8.0,"gold_loss":0.0,"damage_taken":0.0},{"damage_healed":0.0,"max_hp_gain":0.0,"max_hp_loss":0.0,"gold_gain":0.0,"event_name":"Upgrade Shrine","player_choice":"Upgraded","floor":19.0,"gold_loss":0.0,"damage_taken":0.0,"cards_upgraded":["Glass Knife"]},{"damage_healed":0.0,"max_hp_gain":0.0,"max_hp_loss":0.0,"gold_gain":0.0,"event_name":"Drug Dealer","player_choice":"Inject Mutagens","floor":20.0,"gold_loss":0.0,"damage_taken":0.0,"relics_obtained":["MutagenicStrength"]},{"damage_healed":0.0,"max_hp_gain":0.0,"max_hp_loss":0.0,"gold_gain":0.0,"event_name":"The Joust","player_choice":"Bet on Owner","floor":25.0,"gold_loss":50.0,"damage_taken":0.0}],"is_beta":false,"boss_relics":[{"not_picked":["SlaversCollar","Cursed Key"],"picked":"Philosopher\u0027s Stone"}],"items_purged_floors":[],"is_endless":false,"potions_floor_spawned":[5,6,12,16,18,21,28,30],"killed_by":"Automaton","ascension_level":20}}