{"host":"43gh4c2f6tt319we","time":1609066673,"event":{"mods":["ATMod(∞¢Ë™Mod)","Act Like it!","BaseMod","Gensokyo","Hallownest","KinomotoSakuraMod(ƒæ÷Æ±æ”£)","Lobotomy","Marisa£®ÏF”Í°°ƒß¿Ì…≥£©","Minty Spire (QoL Compilation)","Reimu£®≤©¿ˆ¡È√Œ£©","Remilia£®¿Ÿ√◊¿Ú—«£©","StSLib","The Alterego","The Bug Knight","Yakumo Yukari mod","Youmu£®ªÍ∆«—˝√Œ£©"],"gold_per_floor":[20,30,30,30,40,75,86,103,103,116,116,116,46,46,46,46,46],"floor_reached":16,"playtime":1057,"items_purged":[],"score":102,"play_id":"f24a2bad-9d56-4279-b15b-5ff2ff28e238","local_time":"20201227195753","is_ascension_mode":false,"campfire_choices":[{"data":"alterego_mod:BrynhildrsRune","floor":11,"key":"SMITH"},{"data":"alterego_mod:Defend","floor":15,"key":"SMITH"}],"circlet_count":0,"master_deck":["alterego_mod:Strike","alterego_mod:Strike","alterego_mod:Strike+1","alterego_mod:Strike","alterego_mod:Defend+1","alterego_mod:Defend+1","alterego_mod:Defend","alterego_mod:Defend","alterego_mod:Impale+1","alterego_mod:BigMeatyClaws","alterego_mod:BrynhildrsRune+1","alterego_mod:AlterEgo","alterego_mod:Bounce","alterego_mod:Complex","alterego_mod:Bounce","alterego_mod:Bounce"],"relics":["alterego_mod:MasochisticConstitution","AT_ATBox","RuthlessExorcism:ReiMu","Letter Opener","Gensokyo:PortableGap"],"acts_visited":["Exordium"],"potions_floor_usage":[5,16],"damage_taken":[{"damage":1,"enemies":"Gensokyo:3_Fairies","floor":1,"turns":3},{"damage":3,"enemies":"Gensokyo:2_Kodama","floor":2,"turns":4},{"damage":3,"enemies":"Gensokyo:Gryphon","floor":5,"turns":6},{"damage":12,"enemies":"Gensokyo:Mamizou","floor":6,"turns":11},{"damage":0,"enemies":"Gensokyo:LivingMonolith","floor":7,"turns":3},{"damage":9,"enemies":"Gensokyo:3_Kodama","floor":8,"turns":5},{"damage":14,"enemies":"Gensokyo:Kitsune","floor":10,"turns":4},{"damage":62,"enemies":"Gensokyo:Yukari","floor":16,"turns":12}],"seed_played":"-2069487897883530326","potions_obtained":[{"floor":1,"key":"Block Potion"},{"floor":6,"key":"CultistPotion"}],"is_trial":false,"path_per_floor":["M","M","?","?","M","E","M","M","T","M","R","?","?","?","R","B"],"character_chosen":"The_Alterego","items_purchased":[],"campfire_rested":0,"item_purchase_floors":[],"current_hp_per_floor":[70,69,62,62,60,49,49,62,62,56,56,56,56,56,56,0,0],"gold":46,"neow_bonus":"THREE_RARE_CARDS","is_daily":false,"chose_seed":false,"campfire_upgraded":2,"win_rate":0.0,"timestamp":1609066673,"path_taken":["M","M","?","?","M","E","M","?","T","?","R","?","?","?","R","BOSS"],"items_purchased_type":[],"build_version":"2020-12-22","purchased_purges":0,"victory":false,"max_hp_per_floor":[71,72,72,72,73,74,74,75,75,76,76,69,66,66,66,66,66],"card_choices":[{"not_picked":["alterego_mod:Valkyrie","alterego_mod:RingBreak"],"picked":"alterego_mod:AlterEgo","floor":0},{"not_picked":["alterego_mod:PerceptionDisorder","alterego_mod:MagicResistance"],"picked":"alterego_mod:Bounce","floor":1},{"not_picked":["alterego_mod:Rip","alterego_mod:PerceptionDisorder","alterego_mod:Jiggle"],"picked":"SKIP","floor":2},{"not_picked":["alterego_mod:MagicResistance","alterego_mod:Maid"],"picked":"alterego_mod:Complex","floor":5},{"not_picked":["alterego_mod:Cooking","alterego_mod:Cycle","alterego_mod:Rip"],"picked":"SKIP","floor":6},{"not_picked":["alterego_mod:HighServant","alterego_mod:Undulate"],"picked":"alterego_mod:Bounce","floor":7},{"not_picked":["alterego_mod:Undulate","alterego_mod:Rip"],"picked":"alterego_mod:Bounce","floor":8},{"not_picked":["alterego_mod:Lingerie","alterego_mod:Table","alterego_mod:DeftHands"],"picked":"SKIP","floor":10}],"player_experience":480840,"relics_obtained":[{"floor":6,"key":"RuthlessExorcism:ReiMu"},{"floor":9,"key":"Letter Opener"}],"event_choices":[],"is_beta":false,"boss_relics":[],"items_purged_floors":[],"is_endless":false,"potions_floor_spawned":[1,6],"killed_by":"Gensokyo:Yukari","ascension_level":0}}