{"host":"vcrofm1hbk0ziuql","time":1609096079,"event":{"mods":["2.2 Compatiblity","BaseMod","Colored Map","DeckTracker","Googly Eyes","Highlight Path","Minty Spire (QoL Compilation)","StSLib"],"gold_per_floor":[113,288,59,71,83,134,134,84,84,100,134,146,172,192,192,289,289,301,301,317,317,227,227,261,261,261,8,19,19,29,29,29,133,133,149,167,167,0,50,77,77,88,115,132,151,151,151,121,121,121,121],"floor_reached":50,"playtime":2204,"items_purged":["Doubt","Doubt"],"score":535,"play_id":"56915cf5-bf67-40a9-8172-95525a8a9139","local_time":"20201227190759","is_ascension_mode":false,"campfire_choices":[{"data":"Bash","floor":7,"key":"SMITH"},{"floor":15,"key":"REST"},{"data":"Double Tap","floor":23,"key":"SMITH"},{"data":"Intimidate","floor":25,"key":"SMITH"},{"data":"Evolve","floor":29,"key":"SMITH"},{"floor":32,"key":"REST"},{"floor":41,"key":"REST"},{"floor":46,"key":"RECALL"},{"data":"1","floor":49,"key":"LIFT"}],"circlet_count":0,"master_deck":["Strike_R","Strike_R","Strike_R","Defend_R+1","Defend_R","Defend_R","Defend_R","Bash+1","Double Tap+1","Cleave","Impervious","Wild Strike","Intimidate+1","Spot Weakness","Headbutt","Rupture","Hemokinesis","Offering","Dropkick","RitualDagger","Evolve+1","Blood for Blood","Brutality","True Grit","Bloodletting","Parasite","Parasite","Power Through+1","Writhe"],"relics":["Burning Blood","Toolbox","Bird Faced Urn","Matryoshka","Paper Frog","Singing Bowl","Cursed Key","Champion Belt","Regal Pillow","Juzu Bracelet","Fusion Hammer","Self Forming Clay","Red Mask","Girya","Molten Egg 2","Pear","Gremlin Horn"],"acts_visited":["Exordium","TheCity","TheBeyond"],"potions_floor_usage":[6,16,18,30,33,33,45,50,50,50],"damage_taken":[{"damage":12,"enemies":"Small Slimes","floor":1,"turns":3},{"damage":6,"enemies":"Jaw Worm","floor":4,"turns":3},{"damage":0,"enemies":"2 Louse","floor":5,"turns":1},{"damage":29,"enemies":"Lagavulin","floor":6,"turns":7},{"damage":24,"enemies":"Exordium Thugs","floor":10,"turns":4},{"damage":8,"enemies":"Gremlin Nob","floor":11,"turns":4},{"damage":6,"enemies":"Lots of Slimes","floor":12,"turns":4},{"damage":8,"enemies":"Lagavulin","floor":13,"turns":5},{"damage":12,"enemies":"2 Fungi Beasts","floor":14,"turns":3},{"damage":32,"enemies":"The Guardian","floor":16,"turns":9},{"damage":18,"enemies":"3 Byrds","floor":18,"turns":4},{"damage":12,"enemies":"Chosen","floor":20,"turns":4},{"damage":15,"enemies":"Book of Stabbing","floor":24,"turns":4},{"damage":21,"enemies":"Centurion and Healer","floor":28,"turns":4},{"damage":14,"enemies":"3 Cultists","floor":30,"turns":4},{"damage":57,"enemies":"Automaton","floor":33,"turns":7},{"damage":2,"enemies":"3 Darklings","floor":35,"turns":4},{"damage":13,"enemies":"Orb Walker","floor":36,"turns":3},{"damage":17,"enemies":"Mind Bloom Boss Battle","floor":39,"turns":6},{"damage":67,"enemies":"Reptomancer","floor":40,"turns":7},{"damage":17,"enemies":"Writhing Mass","floor":42,"turns":6},{"damage":18,"enemies":"Maw","floor":44,"turns":5},{"damage":19,"enemies":"Sphere and 2 Shapes","floor":45,"turns":5},{"damage":72,"enemies":"Time Eater","floor":50,"turns":8}],"seed_played":"-3384655250458941538","potions_obtained":[{"floor":1,"key":"HeartOfIron"},{"floor":4,"key":"ElixirPotion"},{"floor":13,"key":"LiquidBronze"},{"floor":14,"key":"Explosive Potion"},{"floor":28,"key":"Explosive Potion"},{"floor":30,"key":"DistilledChaos"},{"floor":36,"key":"Energy Potion"},{"floor":40,"key":"FearPotion"},{"floor":44,"key":"SkillPotion"},{"floor":48,"key":"EssenceOfSteel"},{"floor":48,"key":"Strength Potion"}],"is_trial":false,"path_per_floor":["M","?","$","M","M","E","R","?","T","M","E","M","E","M","R","B",null,"M","?","M","?","?","R","E","R","T","$","M","R","M","$","R","B",null,"M","M","?","?","?","E","R","M","T","M","M","R","T","?","R","B"],"character_chosen":"IRONCLAD","items_purchased":["Toolbox","Evolve","Blood for Blood"],"campfire_rested":3,"item_purchase_floors":[3,27,27],"current_hp_per_floor":[66,66,66,66,72,49,49,49,49,33,31,33,31,25,46,22,72,60,60,60,54,54,54,47,47,47,47,36,36,34,34,73,26,80,80,75,75,75,72,19,59,58,68,66,59,59,59,59,59,0,0],"gold":121,"neow_bonus":"THREE_RARE_CARDS","is_daily":false,"chose_seed":false,"campfire_upgraded":4,"win_rate":0.0,"timestamp":1609096079,"path_taken":["M","?","$","M","M","E","R","?","T","M","E","M","E","M","R","BOSS","M","?","M","?","?","R","E","R","T","$","M","R","M","$","R","BOSS","M","M","?","?","?","E","R","M","T","M","M","R","?","?","R","BOSS"],"items_purchased_type":["Relic","Card","Card"],"build_version":"2020-12-22","purchased_purges":2,"victory":false,"max_hp_per_floor":[72,72,72,72,72,72,72,72,72,72,72,72,72,72,72,72,72,72,72,74,74,74,74,76,76,76,76,78,78,80,80,80,80,80,80,82,82,82,82,84,84,86,96,98,98,98,98,98,98,98,98],"card_choices":[{"not_picked":["Exhume","Brutality"],"picked":"Double Tap","floor":0},{"not_picked":["Pommel Strike","Burning Pact"],"picked":"Cleave","floor":1},{"not_picked":["Heavy Blade","Thunderclap"],"picked":"Impervious","floor":4},{"not_picked":["Iron Wave","Shrug It Off"],"picked":"Wild Strike","floor":5},{"not_picked":["Searing Blow","Clash","Perfected Strike"],"picked":"SKIP","floor":6},{"not_picked":["Iron Wave","Anger"],"picked":"Intimidate","floor":10},{"not_picked":["Shrug It Off","Combust"],"picked":"Spot Weakness","floor":11},{"not_picked":["Dual Wield","Combust"],"picked":"Headbutt","floor":12},{"not_picked":["Iron Wave","Clothesline"],"picked":"Rupture","floor":13},{"not_picked":["Battle Trance","Shrug It Off"],"picked":"Hemokinesis","floor":14},{"not_picked":["Limit Break","Bludgeon"],"picked":"Offering","floor":16},{"not_picked":["Thunderclap","Warcry+1"],"picked":"Dropkick","floor":18},{"not_picked":["Rage","Headbutt","Havoc"],"picked":"Singing Bowl","floor":20},{"not_picked":["Wild Strike","Shockwave","Body Slam+1"],"picked":"Singing Bowl","floor":24},{"not_picked":["Feel No Pain","Double Tap","Sword Boomerang"],"picked":"Singing Bowl","floor":28},{"not_picked":["Heavy Blade","Iron Wave+1","Dark Embrace"],"picked":"Singing Bowl","floor":30},{"not_picked":["Fiend Fire","Juggernaut"],"picked":"Brutality","floor":33},{"not_picked":["Clothesline+1","Body Slam+1"],"picked":"True Grit","floor":35},{"not_picked":["Headbutt","Infernal Blade","Inflame+1"],"picked":"Singing Bowl","floor":36},{"not_picked":["Burning Pact+1","Blood for Blood+1"],"picked":"Bloodletting","floor":39},{"not_picked":["Berserk","Rage","Second Wind+1"],"picked":"Singing Bowl","floor":40},{"not_picked":["Heavy Blade+1","Flex+1","Fire Breathing+1"],"picked":"Singing Bowl","floor":42},{"not_picked":["Twin Strike+1","Thunderclap+1","Armaments+1"],"picked":"Singing Bowl","floor":44},{"not_picked":["Wild Strike+1","Warcry"],"picked":"Power Through+1","floor":45}],"player_experience":538250,"relics_obtained":[{"floor":6,"key":"Bird Faced Urn"},{"floor":9,"key":"Matryoshka"},{"floor":11,"key":"Paper Frog"},{"floor":13,"key":"Singing Bowl"},{"floor":24,"key":"Champion Belt"},{"floor":26,"key":"Regal Pillow"},{"floor":26,"key":"Juzu Bracelet"},{"floor":39,"key":"Girya"},{"floor":40,"key":"Molten Egg 2"},{"floor":43,"key":"Pear"},{"floor":47,"key":"Gremlin Horn"}],"event_choices":[{"damage_healed":0,"gold_gain":175,"player_choice":"AGREE","damage_taken":0,"max_hp_gain":0,"max_hp_loss":0,"event_name":"Liars Game","floor":2,"gold_loss":0,"cards_obtained":["Doubt"]},{"cards_removed":["Strike_R"],"damage_healed":0,"gold_gain":0,"player_choice":"Card Removal","damage_taken":0,"max_hp_gain":0,"max_hp_loss":0,"event_name":"The Cleric","floor":8,"gold_loss":50},{"damage_healed":0,"gold_gain":0,"player_choice":"Ignored","damage_taken":0,"max_hp_gain":0,"max_hp_loss":0,"event_name":"Ghosts","floor":19,"gold_loss":0},{"damage_healed":0,"gold_gain":0,"player_choice":"Joined the Cult","damage_taken":6,"max_hp_gain":0,"max_hp_loss":0,"event_name":"Nest","floor":21,"gold_loss":0,"cards_obtained":["RitualDagger"]},{"cards_removed":["Strike_R"],"damage_healed":0,"gold_gain":0,"player_choice":"Upgrade and Remove","damage_taken":0,"max_hp_gain":0,"max_hp_loss":0,"event_name":"Designer","floor":22,"gold_loss":90,"cards_upgraded":["Defend_R"]},{"damage_healed":0,"gold_gain":0,"player_choice":"Gave Potion","damage_taken":0,"relics_obtained":["Self Forming Clay"],"max_hp_gain":0,"max_hp_loss":0,"event_name":"WeMeetAgain","floor":37,"gold_loss":0},{"damage_healed":0,"gold_gain":0,"player_choice":"Paid","damage_taken":0,"relics_obtained":["Red Mask"],"max_hp_gain":0,"max_hp_loss":0,"event_name":"Tomb of Lord Red Mask","floor":38,"gold_loss":167},{"damage_healed":0,"gold_gain":0,"player_choice":"Fight","damage_taken":0,"max_hp_gain":0,"max_hp_loss":0,"event_name":"MindBloom","floor":39,"gold_loss":0},{"damage_healed":0,"gold_gain":0,"player_choice":"Bought 2 Potions","damage_taken":0,"max_hp_gain":0,"max_hp_loss":0,"event_name":"The Woman in Blue","floor":48,"gold_loss":0}],"is_beta":false,"boss_relics":[{"not_picked":["Empty Cage","Black Blood"],"picked":"Cursed Key"},{"not_picked":["SacredBark","Sozu"],"picked":"Fusion Hammer"}],"items_purged_floors":[3,27],"is_endless":false,"potions_floor_spawned":[1,4,13,14,28,30,36,40,44],"killed_by":"Time Eater","ascension_level":0}}