{"host":"qlj7f7zro8kbedlv","time":1609056874,"event":{"mods":["2.2 Compatiblity","Astrologer","Bard","BaseMod","Better Note","BetterRewards","Colored Map","Colored Powertips","Conspire","Downfall","Energized Spire","Friendly Minions","Hermit","Highlight Path","Hubris","Infinite Spire","Jorbs\u0027s Wanderer Trilogy","Mimic Mod","Minty Spire (QoL Compilation)","Rare Cards Sparkle","Replay The Spire","StSLib","The Bladedancer","The Cursed","The Elementalist","The Runesmith"],"gold_per_floor":[109,124,124,124,138,138,163,6,52,52,64,93,121,150,150,276,276,307,307,333,367,466,466,79,79,79,114,114,143,143,7,7,124,124,151,151,178,221,2,2,44,44,100,100,100,67,96,127,127,137],"floor_reached":51,"playtime":2115,"items_purged":["Strike_G","Poison Darts","Neutralize"],"score":780,"play_id":"7d514b2e-35de-4e32-9b91-26c3eb3bd36c","local_time":"20201227021434","is_ascension_mode":false,"campfire_choices":[{"data":"Survivor","floor":6,"key":"SMITH"},{"floor":10,"key":"REST"},{"floor":15,"key":"REST"},{"floor":23,"key":"REST"},{"floor":28,"key":"REST"},{"data":"Cloak And Dagger","floor":30,"key":"SMITH"},{"floor":32,"key":"REST"},{"data":"Noxious Fumes","floor":40,"key":"SMITH"},{"data":"Noxious Fumes","floor":42,"key":"SMITH"},{"floor":44,"key":"REST"},{"data":"Noxious Fumes","floor":49,"key":"SMITH"}],"circlet_count":0,"master_deck":["Strike_G","Strike_G+1","Strike_G+1","Defend_G","Defend_G","Defend_G","Defend_G","Defend_G","Survivor+1","Neutralize+1","conspire:DoublingDagger+1","Cloak And Dagger+1","Noxious Fumes+1","Dodge and Roll","Blade Dance","Dodge and Roll","Well Laid Plans","Noxious Fumes+1","Good Instincts","Dodge and Roll","Noxious Fumes+1","Replay:Poison Smokescreen+1","Storm of Steel","Dodge and Roll","Footwork","Footwork"],"relics":["Ring of the Snake","infinitespire:Beetle Shell","Whetstone","infinitespire:Lucky Rock","Replay:Bandana","WristBlade","Pet Ghost","Replay:Rubber Ducky","Garlic","conspire:SpecialSausage","Shuriken","hubris:EmptyBottle","Vajra","hubris:AstralHammer","hubris:Metronome"],"acts_visited":["Exordium","TheCity","TheBeyond"],"potions_floor_usage":[12,16,33,33,33,47,48,50,50,50,50],"damage_taken":[{"damage":0,"enemies":"2 Louse","floor":1,"turns":3},{"damage":0,"enemies":"Cultist","floor":2,"turns":4},{"damage":0,"enemies":"Small Slimes","floor":5,"turns":3},{"damage":24,"enemies":"3 Sentries","floor":7,"turns":14},{"damage":2,"enemies":"2 Fungi Beasts","floor":11,"turns":4},{"damage":0,"enemies":"Lagavulin","floor":12,"turns":7},{"damage":11,"enemies":"Lots of Slimes","floor":13,"turns":4},{"damage":0,"enemies":"Large Slime","floor":14,"turns":7},{"damage":38,"enemies":"Fading Forest","floor":16,"turns":11},{"damage":10,"enemies":"2 Thieves","floor":18,"turns":4},{"damage":15,"enemies":"Spheric Guardian","floor":20,"turns":6},{"damage":20,"enemies":"Snake Plant","floor":21,"turns":5},{"damage":14,"enemies":"conspire:SneckoGhost","floor":27,"turns":8},{"damage":1,"enemies":"Sentry and Sphere","floor":29,"turns":4},{"damage":46,"enemies":"Collector","floor":33,"turns":9},{"damage":0,"enemies":"3 Shapes","floor":35,"turns":4},{"damage":11,"enemies":"3 Darklings","floor":37,"turns":5},{"damage":1,"enemies":"Sphere and 2 Shapes","floor":38,"turns":3},{"damage":20,"enemies":"R_Hoarder","floor":41,"turns":9},{"damage":0,"enemies":"4 Shapes","floor":43,"turns":7},{"damage":0,"enemies":"4 Shapes","floor":47,"turns":4},{"damage":11,"enemies":"3 Darklings","floor":48,"turns":4},{"damage":47,"enemies":"Donu and Deca","floor":50,"turns":9}],"seed_played":"-8220976880208080632","potions_obtained":[{"floor":7,"key":"Milkshake"},{"floor":12,"key":"AttackPotion"},{"floor":13,"key":"FearPotion"},{"floor":14,"key":"Elixir"},{"floor":20,"key":"Energy Potion"},{"floor":29,"key":"DistilledChaos"},{"floor":37,"key":"Swift Potion"},{"floor":41,"key":"Energy Potion"}],"is_trial":false,"path_per_floor":["M","M","?","?","M","R","E","$","T","R","M","E","M","M","R","B",null,"M","?","M","M","?","R","$","?","T","E","R","M","R","$","R","B",null,"M","?","M","M","$","R","E","R","MIM","R","?","$","M","M","R","B",null],"character_chosen":"THE_SILENT","items_purchased":["Whetstone","Pet Ghost","Noxious Fumes","Good Instincts","Noxious Fumes","Replay:Poison Smokescreen+1","Shuriken","Dodge and Roll","hubris:EmptyBottle","Strength Potion","PowerPotion","hubris:Metronome","Footwork"],"campfire_rested":6,"item_purchase_floors":[8,24,24,24,31,31,39,39,39,39,39,46,46],"current_hp_per_floor":[70,70,70,70,70,70,46,46,46,67,65,65,54,54,70,42,70,60,47,32,12,12,34,34,34,34,20,42,41,41,41,63,17,75,75,75,64,63,63,63,43,43,43,65,65,65,65,54,54,7],"gold":137,"neow_bonus":"UPGRADE_CARD","is_daily":false,"chose_seed":false,"campfire_upgraded":5,"win_rate":0.0,"timestamp":1609056874,"path_taken":["M","M","?","?","M","R","E","$","T","R","M","E","M","?","R","BOSS","M","?","M","M","?","R","$","?","T","E","R","?","R","?","R","BOSS","M","?","M","M","?","R","E","R","MIM","R","?","$","?","M","R","BOSS"],"items_purchased_type":["Relic","Relic","Card","Card","Card","Card","Relic","Card","Relic","Potion","Potion","Relic","Card"],"build_version":"2020-12-22","purchased_purges":3,"victory":true,"max_hp_per_floor":[70,70,70,70,70,70,70,70,70,70,70,70,70,70,70,70,70,70,75,75,75,75,75,75,75,75,75,75,75,75,75,75,75,75,75,75,75,75,75,75,75,75,75,75,75,75,75,75,75,75],"card_choices":[{"not_picked":["Backflip","Prepared"],"picked":"conspire:DoublingDagger","floor":1},{"not_picked":["hubris:SlightOfHand","Dagger Spray"],"picked":"Cloak And Dagger","floor":2},{"not_picked":["Fluid Movement","Bane","Sneak Up"],"picked":"SKIP","floor":5},{"not_picked":["Reflex","Deadly Poison","Underhanded Strike"],"picked":"SKIP","floor":7},{"not_picked":["Bane","Toxin Wave"],"picked":"Noxious Fumes","floor":11},{"not_picked":["Distraction","Envenom"],"picked":"Dodge and Roll","floor":12},{"not_picked":["Bouncing Flask","Hidden Blade"],"picked":"Blade Dance","floor":13},{"not_picked":["Underhanded Strike","Sucker Punch","Dagger Throw"],"picked":"SKIP","floor":14},{"not_picked":["Die Die Die","Doppelganger"],"picked":"Poison Darts","floor":16},{"not_picked":["PiercingWail","Slice"],"picked":"Dodge and Roll","floor":18},{"not_picked":["Poisoned Stab","hubris:SlightOfHand+1","ReplayTheSpireMod:Exploit Weakness"],"picked":"SKIP","floor":20},{"not_picked":["Deadly Poison","Dagger Throw+1"],"picked":"Well Laid Plans","floor":21},{"not_picked":["conspire:DoublingDagger+1","Bane"],"picked":"Dodge and Roll","floor":27},{"not_picked":["hubris:SlightOfHand","Phantasmal Killer","Terror"],"picked":"SKIP","floor":29},{"not_picked":["Phantasmal Killer","Die Die Die"],"picked":"Storm of Steel","floor":33},{"not_picked":["PiercingWail","Well Laid Plans","Leg Sweep+1"],"picked":"SKIP","floor":35},{"not_picked":["Underhanded Strike+1","PiercingWail+1","Acrobatics+1"],"picked":"SKIP","floor":37},{"not_picked":["Slice","Acrobatics+1","Dagger Throw"],"picked":"SKIP","floor":38},{"not_picked":["Infinite Blades","conspire:DoublingDagger","Malaise"],"picked":"SKIP","floor":41},{"not_picked":["Quick Slash","Outmaneuver","Noxious Fumes"],"picked":"SKIP","floor":47},{"not_picked":["Leg Sweep","Dagger Throw","Underhanded Strike"],"picked":"SKIP","floor":48}],"player_experience":101267,"relics_obtained":[{"floor":7,"key":"infinitespire:Beetle Shell"},{"floor":9,"key":"infinitespire:Lucky Rock"},{"floor":12,"key":"Replay:Bandana"},{"floor":26,"key":"Replay:Rubber Ducky"},{"floor":27,"key":"Garlic"},{"floor":41,"key":"Vajra"},{"floor":43,"key":"hubris:AstralHammer"}],"event_choices":[{"damage_healed":0,"gold_gain":0,"player_choice":"Ignored","damage_taken":0,"max_hp_gain":0,"max_hp_loss":0,"event_name":"betterNote:BetterNote","floor":4,"gold_loss":0,"cards_obtained":["Strike_R"]},{"damage_healed":0,"gold_gain":0,"player_choice":"Shed Blood","damage_taken":18,"max_hp_gain":5,"max_hp_loss":0,"event_name":"Forgotten Altar","floor":19,"gold_loss":0},{"damage_healed":0,"gold_gain":99,"player_choice":"Stole From Cult","damage_taken":0,"max_hp_gain":0,"max_hp_loss":0,"event_name":"Nest","floor":22,"gold_loss":0},{"cards_removed":["Strike_G"],"damage_healed":0,"gold_gain":0,"player_choice":"Purged","damage_taken":0,"max_hp_gain":0,"max_hp_loss":0,"event_name":"Purifier","floor":25,"gold_loss":0},{"damage_healed":0,"gold_gain":0,"player_choice":"1 cards matched","damage_taken":0,"max_hp_gain":0,"max_hp_loss":0,"event_name":"Match and Keep!","floor":36,"gold_loss":0,"cards_obtained":["Neutralize"]}],"is_beta":false,"boss_relics":[{"not_picked":["conspire:SeveredTorchhead","Calling Bell"],"picked":"WristBlade"},{"not_picked":["SacredBark","Replay:Wanted Poster"],"picked":"conspire:SpecialSausage"}],"items_purged_floors":[24,39,46],"is_endless":false,"potions_floor_spawned":[7,12,13,14,20,29,37,41,47],"ascension_level":0}}