{"host":"m1ntkrf87179kmo6","time":1609029878,"event":{"mods":["BaseMod","Better Third Choice","Minty Spire (QoL Compilation)","Shade Mod","StSLib"],"gold_per_floor":[111,122,122,132,143,171,171,171,171,171,96,110,88,101,101,198,248,261,278,193,193,193,193,219,219,219,239,239,259,259,272,272,272,272],"floor_reached":33,"playtime":1718,"items_purged":["Regret"],"score":267,"play_id":"5f0c1753-d5fa-4ca5-b93f-b27835994258","local_time":"20201226204438","is_ascension_mode":false,"campfire_choices":[{"floor":7.0,"key":"REST"},{"floor":10.0,"key":"RECALL"},{"data":"Shade:AncientSpear","floor":15.0,"key":"SMITH"},{"floor":23.0,"key":"REST"},{"floor":28.0,"key":"REST"},{"data":"Shade:TouchOfTheGrave","floor":32,"key":"SMITH"}],"circlet_count":0,"master_deck":["Shade:Strike_Shade+1","Shade:Strike_Shade+1","Shade:Strike_Shade+1","Shade:Strike_Shade+1","Shade:Defend_Shade+1","Shade:Defend_Shade+1","Shade:Defend_Shade+1","Shade:Defend_Shade+1","Shade:AnimateDead","Shade:CarefulCut+1","Shade:AncientSpear+1","Shade:FleshToFlesh","Shade:GreyBargain","Shade:ExtraLimbs","Shade:GreyBargain","Shade:Premonition","Shade:Tombstone","Shade:ExtraLimbs","Shade:ClawBack","Shade:FleshToFlesh","Shade:TouchOfTheGrave+1"],"relics":["Shade:YorickSkull","Whetstone","Juzu Bracelet","Sundial","Bag of Marbles","Question Card","Tiny House","Meat on the Bone","The Courier","Molten Egg 2"],"acts_visited":["Exordium","TheCity"],"potions_floor_usage":[33],"damage_taken":[{"damage":0.0,"enemies":"Jaw Worm","floor":1.0,"turns":3.0},{"damage":0.0,"enemies":"2 Louse","floor":2.0,"turns":2.0},{"damage":1.0,"enemies":"Small Slimes","floor":4.0,"turns":3.0},{"damage":0.0,"enemies":"3 Louse","floor":5.0,"turns":4.0},{"damage":20.0,"enemies":"Lagavulin","floor":6.0,"turns":6.0},{"damage":0.0,"enemies":"2 Fungi Beasts","floor":12.0,"turns":2.0},{"damage":3.0,"enemies":"Exordium Thugs","floor":14.0,"turns":4.0},{"damage":12.0,"enemies":"Slime Boss","floor":16.0,"turns":7.0},{"damage":0.0,"enemies":"Chosen","floor":18.0,"turns":3.0},{"damage":20.0,"enemies":"Spheric Guardian","floor":19.0,"turns":4.0},{"damage":40.0,"enemies":"Book of Stabbing","floor":24.0,"turns":5.0},{"damage":27.0,"enemies":"Cultist and Chosen","floor":27.0,"turns":5.0},{"damage":2.0,"enemies":"Snecko","floor":29.0,"turns":4.0},{"damage":34,"enemies":"Shelled Parasite and Fungi","floor":31,"turns":9},{"damage":52,"enemies":"Automaton","floor":33,"turns":10}],"seed_played":"-7611123127902542860","potions_obtained":[{"floor":5.0,"key":"Weak Potion"},{"floor":12.0,"key":"Strength Potion"},{"floor":14.0,"key":"ColorlessPotion"},{"floor":17.0,"key":"BlessingOfTheForge"},{"floor":19.0,"key":"CultistPotion"},{"floor":31,"key":"Regen Potion"}],"is_trial":false,"path_per_floor":["M","M","?","M","M","E","R","?","T","R","$","M","$","M","R","B",null,"M","M","?","?","?","R","E","T","T","M","R","M","?","M","R","B"],"character_chosen":"SHADE","items_purchased":["Shade:GreyBargain"],"campfire_rested":3,"item_purchase_floors":[13],"current_hp_per_floor":[65,65,62,61,61,41,60,60,60,60,60,60,60,57,57,45,70,70,50,50,37,37,59,31,31,31,16,38,48,48,26,26,0,0],"gold":272,"neow_bonus":"RANDOM_COMMON_RELIC","is_daily":false,"chose_seed":false,"campfire_upgraded":2,"win_rate":0.0,"timestamp":1609029878,"path_taken":["M","M","?","M","M","E","R","?","T","R","$","M","$","M","R","BOSS","M","M","?","?","?","R","E","?","T","M","R","M","?","M","R","BOSS"],"items_purchased_type":["Card"],"build_version":"2020-12-22","purchased_purges":1,"victory":false,"max_hp_per_floor":[65,65,65,65,65,65,65,65,65,65,65,65,65,65,65,65,70,70,70,70,75,75,75,75,75,75,75,75,75,75,75,75,75,75],"card_choices":[{"not_picked":["Shade:FingerOfDeath","Shade:SkeletonHug"],"picked":"Shade:AncientSpear","floor":1.0},{"not_picked":["Shade:FreshBones","Shade:AncientSpear","Shade:Trample"],"picked":"SKIP","floor":2.0},{"not_picked":["Shade:Premonition","Shade:AblativeArmor"],"picked":"Shade:FleshToFlesh","floor":4.0},{"not_picked":["Shade:CloudOfShrapnel","Shade:FeralStrike"],"picked":"Shade:GreyBargain","floor":5.0},{"not_picked":["Shade:Coordination","Shade:SkeletonHug","Shade:CommandSoldier"],"picked":"SKIP","floor":6.0},{"not_picked":["Shade:GraveStillness","Shade:LyeBath","Shade:Premonition"],"picked":"Shade:ExtraLimbs","floor":12.0},{"not_picked":["Shade:MadHubris","Shade:AuraOfUnlife","Shade:Brains"],"picked":"Shade:Premonition","floor":14.0},{"not_picked":["Shade:SoulPierce","Shade:UnbarTheGrave","Shade:Putrefaction"],"picked":"Shade:Tombstone","floor":16.0},{"not_picked":["Shade:BoneShards+1","Shade:Trample","Shade:Brains"],"picked":"Shade:ExtraLimbs","floor":18.0},{"not_picked":["Shade:Premonition","Shade:FingerOfDeath+1","Shade:FreshBones"],"picked":"Shade:ClawBack","floor":19.0},{"not_picked":["Shade:OpenGraves","Shade:AncientSpear+1","Shade:FleshOffering","Shade:Asphyxiate"],"picked":"SKIP","floor":24.0},{"not_picked":["Shade:GreyBargain","Shade:AblativeArmor+1","Shade:SanguineRitual"],"picked":"Shade:FleshToFlesh","floor":27.0},{"not_picked":["Shade:Patience","Shade:AuraOfUnlife","Shade:GraveStillness","Shade:DangerousRitual+1"],"picked":"SKIP","floor":29.0},{"not_picked":["Shade:PressTheAttack+1","Shade:Asphyxiate+1","Shade:PotionOfRestlessness"],"picked":"Shade:TouchOfTheGrave","floor":31}],"player_experience":1127544,"relics_obtained":[{"floor":6.0,"key":"Sundial"},{"floor":9.0,"key":"Question Card"},{"floor":24.0,"key":"The Courier"},{"floor":25.0,"key":"Molten Egg 2"}],"event_choices":[{"damage_healed":0.0,"max_hp_gain":0.0,"max_hp_loss":0.0,"gold_gain":0.0,"event_name":"betterThird:BetterScrap","player_choice":"Relic ","floor":3.0,"gold_loss":0.0,"damage_taken":3.0,"cards_obtained":["Dash"]},{"damage_healed":0.0,"max_hp_gain":0.0,"max_hp_loss":0.0,"gold_gain":0.0,"event_name":"Big Fish","player_choice":"Box","floor":8.0,"gold_loss":0.0,"damage_taken":0.0,"relics_obtained":["Bag of Marbles"],"cards_obtained":["Regret"]},{"damage_healed":0.0,"max_hp_gain":0.0,"max_hp_loss":0.0,"gold_gain":0.0,"event_name":"Addict","player_choice":"Obtained Relic","floor":20.0,"gold_loss":85.0,"damage_taken":0.0,"relics_obtained":["Meat on the Bone"]},{"damage_healed":0.0,"max_hp_gain":5.0,"max_hp_loss":0.0,"gold_gain":0.0,"event_name":"Forgotten Altar","player_choice":"Shed Blood","floor":21.0,"gold_loss":0.0,"damage_taken":18.0},{"damage_healed":0.0,"max_hp_gain":0.0,"max_hp_loss":0.0,"gold_gain":0.0,"event_name":"Vampires","player_choice":"Ignored","floor":22.0,"gold_loss":0.0,"damage_taken":0.0},{"damage_healed":0.0,"max_hp_gain":0.0,"max_hp_loss":6.0,"gold_gain":0.0,"event_name":"betterThird:BetterWriting","player_choice":"Simplicity","floor":30.0,"gold_loss":0.0,"damage_taken":0.0}],"is_beta":false,"boss_relics":[{"not_picked":["Pandora\u0027s Box","Black Star"],"picked":"Tiny House"}],"items_purged_floors":[11],"is_endless":false,"potions_floor_spawned":[5,12,14,19,31],"killed_by":"Automaton","ascension_level":0}}