{"host":"49c2zf0lajbcs427","time":1609032517,"event":{"mods":["AchievementEnabler","BaseMod","Colored Map","Colored Powertips","Highlight Path","Key Reminder","Minty Spire (QoL Compilation)","Relic Stats","StSLib"],"gold_per_floor":[111,211,230,180,180,180,211,229,281,294,294,321,321,340,340,438,438,451,451,376,376,395,422,422,422,468,393,419,334,156,176,176,273,323,343,393,407,407,420,420,445,445,445,445,475,492,545,580,580,580,580,580,310,343,343,343],"floor_reached":55,"playtime":3427,"items_purged":["Strike_R+1","Strike_R+1"],"score":1199,"play_id":"8aa5b488-8899-4c30-8e5f-a76aa6daa38c","local_time":"20201227142837","is_ascension_mode":true,"campfire_choices":[{"data":"Bash","floor":6.0,"key":"SMITH"},{"data":"Battle Trance","floor":13.0,"key":"SMITH"},{"data":"Armaments","floor":15.0,"key":"SMITH"},{"data":"J.A.X.","floor":24.0,"key":"SMITH"},{"data":"Impervious","floor":32.0,"key":"SMITH"},{"data":"Limit Break","floor":40.0,"key":"SMITH"},{"data":"Secret Technique","floor":42.0,"key":"SMITH"},{"data":"Sword Boomerang","floor":44,"key":"SMITH"},{"floor":49,"key":"RECALL"},{"floor":52,"key":"REST"}],"circlet_count":0,"master_deck":["Strike_R+1","Defend_R+1","Defend_R+1","Defend_R+1","Defend_R+1","Bash+1","Battle Trance+1","Seeing Red+1","Infernal Blade+1","Thunderclap","Cleave","Armaments+1","Twin Strike","Impervious+1","Iron Wave","J.A.X.+1","Burning Pact","Body Slam+1","Battle Trance","Headbutt","Limit Break+1","Sword Boomerang+1","Armaments","Dark Shackles","Secret Technique+1","Clothesline","Sword Boomerang+1","Warcry+1","Pummel+1","Shrug It Off","Flex+1","Headbutt+1"],"relics":["Busted Crown","War Paint","Dream Catcher","Red Skull","Ancient Tea Set","Black Star","Nunchaku","Pantograph","Enchiridion","Regal Pillow","White Beast Statue","Pear","Bag of Marbles","Orrery","Tiny House","Ice Cream","InkBottle","MealTicket","Molten Egg 2","Boot","Du-Vu Doll","Blue Candle","Lizard Tail","Akabeko","HornCleat"],"acts_visited":["Exordium","TheCity","TheBeyond","TheEnding"],"potions_floor_usage":[45,48,50,54,54,55,55],"damage_taken":[{"damage":0.0,"enemies":"Small Slimes","floor":1.0,"turns":3.0},{"damage":1.0,"enemies":"Cultist","floor":3.0,"turns":3.0},{"damage":21.0,"enemies":"Gremlin Nob","floor":7.0,"turns":4.0},{"damage":0.0,"enemies":"Jaw Worm","floor":8.0,"turns":2.0},{"damage":8.0,"enemies":"3 Louse","floor":10.0,"turns":2.0},{"damage":7.0,"enemies":"3 Sentries","floor":12.0,"turns":4.0},{"damage":0.0,"enemies":"Large Slime","floor":14.0,"turns":4.0},{"damage":11.0,"enemies":"The Guardian","floor":16.0,"turns":7.0},{"damage":6.0,"enemies":"Spheric Guardian","floor":18.0,"turns":4.0},{"damage":4.0,"enemies":"3 Byrds","floor":22.0,"turns":3.0},{"damage":9.0,"enemies":"Gremlin Leader","floor":23.0,"turns":5.0},{"damage":6.0,"enemies":"Book of Stabbing","floor":28.0,"turns":4.0},{"damage":6.0,"enemies":"Centurion and Healer","floor":31.0,"turns":3.0},{"damage":14.0,"enemies":"Automaton","floor":33.0,"turns":6.0},{"damage":11.0,"enemies":"3 Darklings","floor":35.0,"turns":3.0},{"damage":13.0,"enemies":"Mind Bloom Boss Battle","floor":36.0,"turns":8.0},{"damage":3.0,"enemies":"3 Shapes","floor":37.0,"turns":2.0},{"damage":3.0,"enemies":"Transient","floor":39.0,"turns":5.0},{"damage":5.0,"enemies":"Nemesis","floor":41.0,"turns":3.0},{"damage":3,"enemies":"Reptomancer","floor":45,"turns":3},{"damage":11,"enemies":"Jaw Worm Horde","floor":46,"turns":2},{"damage":32,"enemies":"2 Orb Walkers","floor":47,"turns":3},{"damage":3,"enemies":"Nemesis","floor":48,"turns":3},{"damage":17,"enemies":"Time Eater","floor":50,"turns":6},{"damage":96,"enemies":"Shield and Spear","floor":54,"turns":5},{"damage":118,"enemies":"The Heart","floor":55,"turns":5}],"seed_played":"2741511611722870133","potions_obtained":[{"floor":1.0,"key":"Regen Potion"},{"floor":7.0,"key":"Dexterity Potion"},{"floor":8.0,"key":"ColorlessPotion"},{"floor":28.0,"key":"EssenceOfSteel"},{"floor":33.0,"key":"BlessingOfTheForge"},{"floor":34.0,"key":"Explosive Potion"},{"floor":37.0,"key":"SpeedPotion"},{"floor":39.0,"key":"PowerPotion"},{"floor":41.0,"key":"GamblersBrew"},{"floor":45,"key":"Energy Potion"},{"floor":46,"key":"GamblersBrew"},{"floor":47,"key":"LiquidMemories"},{"floor":54,"key":"LiquidBronze"}],"is_trial":false,"path_per_floor":["M","?","M","?","?","R","E","M","T","M","?","E","R","M","R","B",null,"M","?","?","?","M","E","R","?","T","$","E","?","$","M","R","B",null,"M","?","M","?","M","R","E","R","T","R","E","M","?","E","R","B",null,"R","$","E","B"],"character_chosen":"IRONCLAD","items_purchased":["Orrery","Headbutt","GamblersBrew","Dexterity Potion","Headbutt+1"],"campfire_rested":1,"item_purchase_floors":[30,30,53,53,53],"current_hp_per_floor":[80,80,79,79,79,79,58,58,58,50,47,40,40,40,40,29,67,61,61,61,61,57,48,48,32,32,32,48,48,48,42,42,53,86,75,82,79,69,66,66,61,61,61,61,58,47,15,12,12,20,76,95,95,47,0,0],"gold":343,"neow_bonus":"BOSS_RELIC","is_daily":false,"chose_seed":false,"campfire_upgraded":8,"win_rate":0.0,"timestamp":1609032517,"path_taken":["M","?","?","?","?","R","E","M","T","M","?","E","R","M","R","BOSS","M","?","?","?","M","E","R","?","T","?","E","?","$","M","R","BOSS","M","?","M","?","M","R","E","R","T","R","E","M","?","E","R","BOSS","R","$","E","BOSS"],"items_purchased_type":["Relic","Card","Potion","Potion","Card"],"build_version":"2020-12-22","purchased_purges":2,"victory":false,"max_hp_per_floor":[80,80,80,80,80,80,80,80,80,80,80,80,80,80,80,80,80,80,80,80,80,80,80,80,80,80,80,90,90,90,90,90,90,95,95,95,95,95,95,95,95,95,95,95,95,95,95,95,95,95,95,95,95,95,95,95],"relic_stats":{"Regal Pillow":0,"counters":[26,102],"Blue Candle":[0],"War Paint":["Defend_R","Infernal Blade"],"Boot":[6],"Dream Catcher":1,"Nunchaku":[12],"Lizard Tail":47,"Busted Crown":68,"Pantograph":95,"MealTicket":0,"Black Star":6,"obtain_stats":[{"Ice Cream":36,"Regal Pillow":26,"Tiny House":34,"Enchiridion":25,"Ancient Tea Set":12,"Boot":45,"Burning Blood":0,"Dream Catcher":9,"Nunchaku":23,"Lizard Tail":48,"HornCleat":54,"Pantograph":23,"MealTicket":41,"Red Skull":11,"InkBottle":41,"Pear":28,"Blue Candle":48,"War Paint":7,"White Beast Statue":28,"Akabeko":54,"keyreminder:keyreminder":43,"Du-Vu Doll":47,"Busted Crown":0,"Orrery":30,"Molten Egg 2":45,"Black Star":17,"Bag of Marbles":29},{"Ice Cream":16,"Regal Pillow":11,"Tiny House":14,"Enchiridion":11,"Ancient Tea Set":6,"Boot":20,"Burning Blood":0,"Dream Catcher":4,"Nunchaku":11,"Lizard Tail":23,"HornCleat":25,"Pantograph":11,"MealTicket":19,"Red Skull":5,"InkBottle":19,"Pear":12,"Blue Candle":23,"War Paint":3,"White Beast Statue":12,"Akabeko":25,"keyreminder:keyreminder":19,"Du-Vu Doll":22,"Busted Crown":0,"Orrery":12,"Molten Egg 2":20,"Black Star":8,"Bag of Marbles":12},{"Ice Cream":65,"Regal Pillow":41,"Tiny House":54,"Enchiridion":41,"Ancient Tea Set":18,"Boot":78,"Burning Blood":0,"Dream Catcher":12,"Nunchaku":41,"Lizard Tail":86,"HornCleat":97,"Pantograph":41,"MealTicket":75,"Red Skull":14,"InkBottle":75,"Pear":45,"Blue Candle":86,"War Paint":10,"White Beast Statue":45,"Akabeko":97,"keyreminder:keyreminder":75,"Du-Vu Doll":83,"Busted Crown":0,"Orrery":45,"Molten Egg 2":78,"Black Star":29,"Bag of Marbles":45}],"InkBottle":[8]},"card_choices":[{"not_picked":[],"picked":"Battle Trance","floor":1.0},{"not_picked":[],"picked":"Seeing Red","floor":3.0},{"not_picked":[],"picked":"Infernal Blade","floor":7.0},{"not_picked":[],"picked":"Thunderclap","floor":8.0},{"not_picked":[],"picked":"Cleave","floor":10.0},{"not_picked":[],"picked":"Armaments","floor":12.0},{"not_picked":[],"picked":"Twin Strike","floor":14.0},{"not_picked":[],"picked":"Impervious","floor":16.0},{"not_picked":[],"picked":"Iron Wave","floor":18.0},{"not_picked":["Infernal Blade"],"picked":"SKIP","floor":22.0},{"not_picked":[],"picked":"Burning Pact","floor":23.0},{"not_picked":["Clash"],"picked":"SKIP","floor":28.0},{"not_picked":[],"picked":"Body Slam+1","floor":30.0},{"not_picked":[],"picked":"Battle Trance","floor":30.0},{"not_picked":["True Grit"],"picked":"SKIP","floor":31.0},{"not_picked":[],"picked":"Limit Break","floor":33.0},{"not_picked":[],"picked":"Sword Boomerang","floor":34.0},{"not_picked":[],"picked":"Armaments","floor":35.0},{"not_picked":["Wild Strike"],"picked":"SKIP","floor":37.0},{"not_picked":[],"picked":"Dark Shackles","floor":38.0},{"not_picked":[],"picked":"Secret Technique","floor":38.0},{"not_picked":[],"picked":"Clothesline","floor":39.0},{"not_picked":["Bludgeon"],"picked":"SKIP","floor":41.0},{"not_picked":[],"picked":"Sword Boomerang+1","floor":45},{"not_picked":[],"picked":"Warcry+1","floor":46},{"not_picked":[],"picked":"Pummel+1","floor":47},{"not_picked":[],"picked":"Shrug It Off","floor":48},{"not_picked":[],"picked":"Flex+1","floor":52},{"not_picked":["Whirlwind+1"],"picked":"SKIP","floor":54}],"player_experience":2174413,"relics_obtained":[{"floor":7.0,"key":"War Paint"},{"floor":9.0,"key":"Dream Catcher"},{"floor":12.0,"key":"Ancient Tea Set"},{"floor":23.0,"key":"Nunchaku"},{"floor":23.0,"key":"Pantograph"},{"floor":25.0,"key":"Enchiridion"},{"floor":26.0,"key":"Regal Pillow"},{"floor":28.0,"key":"White Beast Statue"},{"floor":28.0,"key":"Pear"},{"floor":36.0,"key":"Ice Cream"},{"floor":41.0,"key":"InkBottle"},{"floor":41.0,"key":"MealTicket"},{"floor":45,"key":"Molten Egg 2"},{"floor":45,"key":"Boot"},{"floor":47,"key":"Du-Vu Doll"},{"floor":48,"key":"Blue Candle"},{"floor":48,"key":"Lizard Tail"},{"floor":54,"key":"Akabeko"},{"floor":54,"key":"HornCleat"}],"event_choices":[{"damage_healed":0.0,"max_hp_gain":0.0,"max_hp_loss":0.0,"gold_gain":100.0,"event_name":"Golden Shrine","player_choice":"Pray","floor":2.0,"gold_loss":0.0,"damage_taken":0.0},{"cards_removed":["Strike_R"],"damage_healed":0.0,"max_hp_gain":0.0,"max_hp_loss":0.0,"gold_gain":0.0,"event_name":"The Cleric","player_choice":"Card Removal","floor":4.0,"gold_loss":50.0,"damage_taken":0.0},{"damage_healed":0.0,"max_hp_gain":0.0,"max_hp_loss":0.0,"gold_gain":0.0,"event_name":"Liars Game","player_choice":"Ignored","floor":5.0,"gold_loss":0.0,"damage_taken":0.0},{"damage_healed":0.0,"max_hp_gain":0.0,"max_hp_loss":0.0,"gold_gain":0.0,"event_name":"Scrap Ooze","player_choice":"Success","floor":11.0,"gold_loss":0.0,"damage_taken":3.0,"relics_obtained":["Red Skull"]},{"damage_healed":0.0,"max_hp_gain":0.0,"max_hp_loss":0.0,"gold_gain":0.0,"event_name":"Drug Dealer","player_choice":"Obtain J.A.X.","floor":19.0,"gold_loss":0.0,"damage_taken":0.0,"cards_obtained":["J.A.X."]},{"cards_removed":["Strike_R"],"damage_healed":0.0,"max_hp_gain":0.0,"max_hp_loss":0.0,"gold_gain":0.0,"event_name":"Beggar","player_choice":"Gave Gold","floor":20.0,"gold_loss":75.0,"damage_taken":0.0},{"damage_healed":0.0,"max_hp_gain":0.0,"max_hp_loss":0.0,"gold_gain":0.0,"event_name":"Back to Basics","player_choice":"Simplicity","floor":21.0,"gold_loss":0.0,"damage_taken":0.0,"cards_upgraded":["Strike_R","Strike_R","Strike_R","Defend_R","Defend_R","Defend_R"]},{"damage_healed":0.0,"max_hp_gain":0.0,"max_hp_loss":0.0,"gold_gain":0.0,"event_name":"Cursed Tome","player_choice":"Obtained Book","floor":25.0,"gold_loss":0.0,"damage_taken":16.0},{"damage_healed":0.0,"max_hp_gain":0.0,"max_hp_loss":0.0,"gold_gain":0.0,"event_name":"Addict","player_choice":"Obtained Relic","floor":29.0,"gold_loss":85.0,"damage_taken":0.0,"relics_obtained":["Bag of Marbles"]},{"damage_healed":0.0,"max_hp_gain":0.0,"max_hp_loss":0.0,"gold_gain":0.0,"event_name":"MindBloom","player_choice":"Fight","floor":36.0,"gold_loss":0.0,"damage_taken":0.0},{"damage_healed":0.0,"max_hp_gain":0.0,"max_hp_loss":0.0,"gold_gain":0.0,"event_name":"SensoryStone","player_choice":"Memory 3","floor":38.0,"gold_loss":0.0,"damage_taken":10.0},{"damage_healed":0,"gold_gain":0,"player_choice":"Fight","damage_taken":0,"max_hp_gain":0,"max_hp_loss":0,"event_name":"Mysterious Sphere","floor":47,"gold_loss":0}],"is_beta":false,"boss_relics":[{"not_picked":["SlaversCollar","Sozu"],"picked":"Black Star"},{"not_picked":["Velvet Choker","Snecko Eye"],"picked":"Tiny House"}],"items_purged_floors":[27,53],"is_endless":false,"potions_floor_spawned":[1,7,8,14,16,18,28,31,33,35,36,37,39,41,45,46,47,54],"killed_by":"The Heart","ascension_level":5}}