{"host":"lxgv1wbl12oya7hr","time":1609101050,"event":{"mods":["BaseMod","Minty Spire (QoL Compilation)","Permanent Neow","StSLib"],"gold_per_floor":[118,34,45,45,45,45,78,97,120,101,101,119,130,144,144,244,244,258,533,549,567,345,345,365,379,460,460,460],"floor_reached":27,"playtime":1679,"items_purged":["Regret"],"score":255,"play_id":"ab9f7e4d-64bc-48ee-93eb-02487c44c53e","local_time":"20201227123050","is_ascension_mode":true,"campfire_choices":[{"data":"A Thousand Cuts","floor":6.0,"key":"SMITH"},{"data":"Predator","floor":11.0,"key":"SMITH"},{"floor":15.0,"key":"REST"},{"floor":23,"key":"RECALL"}],"circlet_count":0,"master_deck":["Strike_G","Strike_G","Strike_G","Strike_G","Strike_G","Defend_G","Defend_G","Defend_G","Defend_G","Survivor","Neutralize","A Thousand Cuts+1","Predator+1","Predator","Cloak And Dagger","Slice","Flying Knee","Choke","Prepared","Malaise","CurseOfTheBell","Cloak And Dagger+1","Slice","Infinite Blades","Flechettes"],"relics":["Ring of the Snake","Snake Skull","Calling Bell","Centennial Puzzle","Eternal Feather","Mango","OrangePellets","Shuriken"],"acts_visited":["Exordium","TheCity"],"potions_floor_usage":[20,20],"damage_taken":[{"damage":0.0,"enemies":"Cultist","floor":1.0,"turns":4.0},{"damage":2.0,"enemies":"Jaw Worm","floor":3.0,"turns":4.0},{"damage":8.0,"enemies":"Gremlin Nob","floor":7.0,"turns":5.0},{"damage":0.0,"enemies":"2 Louse","floor":8.0,"turns":2.0},{"damage":7.0,"enemies":"Exordium Thugs","floor":10.0,"turns":4.0},{"damage":0.0,"enemies":"Exordium Wildlife","floor":12.0,"turns":3.0},{"damage":7.0,"enemies":"Lots of Slimes","floor":13.0,"turns":2.0},{"damage":8.0,"enemies":"Gremlin Gang","floor":14.0,"turns":3.0},{"damage":7.0,"enemies":"Slime Boss","floor":16.0,"turns":8.0},{"damage":23.0,"enemies":"Spheric Guardian","floor":18.0,"turns":4.0},{"damage":4,"enemies":"2 Thieves","floor":20,"turns":2},{"damage":15,"enemies":"Centurion and Healer","floor":21,"turns":5},{"damage":35,"enemies":"Sentry and Sphere","floor":24,"turns":7},{"damage":13,"enemies":"Cultist and Chosen","floor":25,"turns":5}],"seed_played":"825061487289819267","potions_obtained":[{"floor":1.0,"key":"LiquidMemories"},{"floor":5.0,"key":"BlessingOfTheForge"},{"floor":5.0,"key":"GhostInAJar"},{"floor":7.0,"key":"Explosive Potion"},{"floor":10.0,"key":"Block Potion"},{"floor":16.0,"key":"LiquidMemories"},{"floor":21,"key":"GamblersBrew"}],"is_trial":false,"path_per_floor":["M","$","M","?","?","R","E","M","T","M","R","M","M","M","R","B",null,"M","?","M","M","$","R","M","M","T","?"],"character_chosen":"THE_SILENT","items_purchased":["Predator","Cloak And Dagger","OrangePellets"],"campfire_rested":1,"item_purchase_floors":[2,2,22],"current_hp_per_floor":[49,49,47,40,40,40,32,32,32,25,25,25,18,10,31,24,84,61,61,57,42,42,54,19,6,6,0,0],"gold":460,"neow_bonus":"THREE_RARE_CARDS","is_daily":false,"chose_seed":false,"campfire_upgraded":2,"win_rate":0.0,"timestamp":1609101050,"path_taken":["M","?","M","?","?","R","E","M","T","M","R","M","M","?","R","BOSS","M","?","?","?","$","R","?","?","T","?"],"items_purchased_type":["Card","Card","Relic"],"build_version":"2020-12-22","purchased_purges":1,"victory":false,"max_hp_per_floor":[70,70,70,70,70,70,70,70,70,70,70,70,70,70,70,70,84,84,84,84,84,84,84,84,84,84,89,89],"card_choices":[{"not_picked":["After Image","Doppelganger"],"picked":"A Thousand Cuts","floor":0.0},{"not_picked":["Leg Sweep","Outmaneuver"],"picked":"Predator","floor":1.0},{"not_picked":["Quick Slash","Blur","Poisoned Stab"],"picked":"SKIP","floor":3.0},{"not_picked":["Outmaneuver","Bane"],"picked":"Slice","floor":7.0},{"not_picked":["Prepared","Backstab"],"picked":"Flying Knee","floor":8.0},{"not_picked":["Unload","Prepared","Cloak And Dagger"],"picked":"SKIP","floor":10.0},{"not_picked":["Setup","Slice"],"picked":"Choke","floor":12.0},{"not_picked":["Sucker Punch","Poisoned Stab"],"picked":"Prepared","floor":13.0},{"not_picked":["Bane","Acrobatics","Distraction"],"picked":"SKIP","floor":14.0},{"not_picked":["Doppelganger","Grand Finale"],"picked":"Malaise","floor":16.0},{"not_picked":["Eviscerate","Blur+1"],"picked":"Cloak And Dagger+1","floor":18.0},{"not_picked":["Dagger Spray","Choke"],"picked":"Slice","floor":20},{"not_picked":["Bane+1","Crippling Poison"],"picked":"Infinite Blades","floor":21},{"not_picked":["PiercingWail","Heel Hook"],"picked":"Flechettes","floor":24},{"not_picked":["Calculated Gamble","Slice","Deadly Poison+1"],"picked":"SKIP","floor":25}],"player_experience":2185544,"relics_obtained":[{"floor":7.0,"key":"Snake Skull"},{"floor":17.0,"key":"Centennial Puzzle"},{"floor":17.0,"key":"Eternal Feather"},{"floor":17.0,"key":"Mango"},{"floor":26,"key":"Shuriken"}],"event_choices":[{"cards_removed":["Defend_G"],"damage_healed":0.0,"max_hp_gain":0.0,"max_hp_loss":0.0,"gold_gain":0.0,"event_name":"Golden Wing","player_choice":"Card Removal","floor":4.0,"gold_loss":0.0,"damage_taken":7.0},{"damage_healed":0.0,"max_hp_gain":0.0,"max_hp_loss":0.0,"gold_gain":0.0,"event_name":"Lab","player_choice":"Got Potions","floor":5.0,"gold_loss":0.0,"damage_taken":0.0},{"damage_healed":0.0,"max_hp_gain":0.0,"max_hp_loss":0.0,"gold_gain":275.0,"event_name":"Golden Shrine","player_choice":"Desecrate","floor":19.0,"gold_loss":0.0,"damage_taken":0.0,"cards_obtained":["Regret"]}],"is_beta":false,"boss_relics":[{"not_picked":["Philosopher\u0027s Stone","Ectoplasm"],"picked":"Calling Bell"}],"items_purged_floors":[22],"is_endless":false,"potions_floor_spawned":[1,7,10,16,21],"ascension_level":1}}