{"host":"344lv32hnei0mdhu","time":1609041361,"event":{"mods":["Act Like it!","BaseMod","Better Match","Better Sensory Stone","Better Skull","Better Third Choice","Better Vampires","Colored Powertips","Highlight Path","Minty Spire (QoL Compilation)","Quick Restart","Random Character Button","Rare Cards Sparkle","StSLib"],"gold_per_floor":[112,112,112,112,187,187,225,240,266,266,266,118,157,173,173,297,297,310,333,111,124,124,124,124,159,159,159,159,179,189,189,189],"floor_reached":31,"playtime":3456,"items_purged":[],"score":440,"play_id":"9ce7b78f-8283-4132-beb7-f81391f66f98","local_time":"20201226215601","is_ascension_mode":true,"campfire_choices":[{"floor":6.0,"key":"REST"},{"data":"Inflame","floor":11.0,"key":"SMITH"},{"data":"Spot Weakness","floor":15.0,"key":"SMITH"},{"floor":23,"key":"REST"},{"floor":27,"key":"REST"}],"circlet_count":0,"master_deck":["Strike_R+1","Strike_R+1","Strike_R+1","Strike_R+1","Strike_R+1","Defend_R+1","Defend_R+1","Defend_R+1","Defend_R+1","Bash","Inflame+1","A Thousand Cuts","Shockwave","Spot Weakness+1","Inflame","Sword Boomerang","Shrug It Off","Limit Break","Shockwave","Brutality","CurseOfTheBell","Shrug It Off","Rage+1","Demon Form","Whirlwind","Intimidate","Bandage Up","Sword Boomerang+1","Clothesline+1"],"relics":["Burning Blood","NeowsBlessing","Bloody Idol","Boot","Pear","Blood Vial","Toy Ornithopter","Calling Bell","Centennial Puzzle","Letter Opener","FossilizedHelix","Self Forming Clay","Bottled Tornado"],"acts_visited":["Exordium","TheCity"],"potions_floor_usage":[19,25],"damage_taken":[{"damage":0.0,"enemies":"Cultist","floor":1.0,"turns":1.0},{"damage":0.0,"enemies":"Gremlin Nob","floor":7.0,"turns":1.0},{"damage":0.0,"enemies":"2 Louse","floor":8.0,"turns":1.0},{"damage":17.0,"enemies":"Lagavulin","floor":13.0,"turns":7.0},{"damage":9.0,"enemies":"Jaw Worm","floor":14.0,"turns":3.0},{"damage":19.0,"enemies":"The Guardian","floor":16.0,"turns":8.0},{"damage":41.0,"enemies":"Spheric Guardian","floor":18.0,"turns":6.0},{"damage":34,"enemies":"2 Thieves","floor":19,"turns":4},{"damage":40,"enemies":"Centurion and Healer","floor":21,"turns":6},{"damage":41,"enemies":"Gremlin Leader","floor":25,"turns":7},{"damage":45,"enemies":"Shelled Parasite and Fungi","floor":29,"turns":5},{"damage":3,"enemies":"Snecko","floor":30,"turns":5},{"damage":37,"enemies":"Cultist and Chosen","floor":31,"turns":5}],"seed_played":"-3679638977069871454","potions_obtained":[{"floor":7.0,"key":"Energy Potion"},{"floor":8.0,"key":"DistilledChaos"},{"floor":14.0,"key":"PowerPotion"},{"floor":16.0,"key":"SteroidPotion"},{"floor":18.0,"key":"Explosive Potion"},{"floor":19,"key":"DuplicationPotion"},{"floor":30,"key":"Energy Potion"}],"is_trial":false,"path_per_floor":["M","?","?","?","?","R","E","M","T","?","R","$","E","M","R","B",null,"M","M","$","M","?","R","?","E","T","R","?","M","M","M"],"character_chosen":"IRONCLAD","items_purchased":["Inflame","Sword Boomerang","Shrug It Off","Demon Form","Whirlwind"],"campfire_rested":3,"item_purchase_floors":[12,12,12,20,20],"current_hp_per_floor":[78,83,62,54,43,68,84,90,90,90,90,90,81,80,80,82,92,64,43,43,11,11,39,39,20,20,48,48,20,30,0,0],"gold":189,"neow_bonus":"THREE_ENEMY_KILL","is_daily":false,"chose_seed":false,"campfire_upgraded":2,"win_rate":0.0,"timestamp":1609041361,"path_taken":["M","?","?","?","?","R","E","?","T","?","R","$","E","M","R","BOSS","M","M","$","M","?","R","?","E","T","R","?","M","M","M"],"items_purchased_type":["Card","Card","Card","Card","Card"],"build_version":"2020-12-22","purchased_purges":0,"victory":false,"max_hp_per_floor":[80,85,85,85,85,85,95,95,95,95,95,95,95,95,95,95,95,95,95,95,95,95,95,95,95,95,95,95,95,95,95,95],"card_choices":[{"not_picked":["True Grit","Dual Wield"],"picked":"Inflame","floor":1.0},{"not_picked":["Havoc","Perfected Strike"],"picked":"Shockwave","floor":7.0},{"not_picked":["Metallicize","Battle Trance"],"picked":"Spot Weakness","floor":8.0},{"not_picked":["Rage","Anger"],"picked":"Limit Break","floor":13.0},{"not_picked":["Thunderclap","Seeing Red"],"picked":"Shockwave","floor":14.0},{"not_picked":["Reaper","Bludgeon"],"picked":"Brutality","floor":16.0},{"not_picked":["Pommel Strike","Iron Wave"],"picked":"Shrug It Off","floor":18.0},{"not_picked":["Armaments","True Grit"],"picked":"Rage+1","floor":19},{"not_picked":["Evolve","Havoc"],"picked":"Intimidate","floor":21},{"not_picked":["Deep Breath","Dark Shackles"],"picked":"Bandage Up","floor":22},{"not_picked":["Fire Breathing","Brutality"],"picked":"Sword Boomerang+1","floor":25},{"not_picked":["Armaments","Cleave","Blood for Blood"],"picked":"SKIP","floor":29},{"not_picked":["Intimidate","Dropkick"],"picked":"Clothesline+1","floor":30}],"player_experience":280456,"relics_obtained":[{"floor":7.0,"key":"Pear"},{"floor":9.0,"key":"Blood Vial"},{"floor":13.0,"key":"Toy Ornithopter"},{"floor":17.0,"key":"Centennial Puzzle"},{"floor":17.0,"key":"Letter Opener"},{"floor":17.0,"key":"FossilizedHelix"},{"floor":25,"key":"Self Forming Clay"},{"floor":26,"key":"Bottled Tornado"}],"event_choices":[{"damage_healed":0.0,"max_hp_gain":5.0,"max_hp_loss":0.0,"gold_gain":0.0,"event_name":"Big Fish","player_choice":"Donut","floor":2.0,"gold_loss":0.0,"damage_taken":0.0},{"damage_healed":0.0,"max_hp_gain":0.0,"max_hp_loss":0.0,"gold_gain":0.0,"event_name":"Golden Idol","player_choice":"Take Damage","floor":3.0,"gold_loss":0.0,"damage_taken":21.0,"relics_obtained":["Golden Idol"]},{"damage_healed":0.0,"max_hp_gain":0.0,"max_hp_loss":0.0,"gold_gain":75.0,"event_name":"betterThird:BetterGoop","player_choice":"Gold","floor":5.0,"gold_loss":0.0,"damage_taken":11.0},{"damage_healed":0.0,"max_hp_gain":0.0,"max_hp_loss":0.0,"gold_gain":0.0,"event_name":"The Cleric","player_choice":"Leave","floor":10.0,"gold_loss":0.0,"damage_taken":0.0},{"damage_healed":0,"gold_gain":2,"player_choice":"1","damage_taken":0,"max_hp_gain":0,"max_hp_loss":0,"event_name":"betterStone:BetterStone","floor":22,"gold_loss":0},{"damage_healed":0,"gold_gain":0,"player_choice":"Gave Idol","damage_taken":0,"relics_obtained":["Bloody Idol"],"max_hp_gain":0,"max_hp_loss":0,"event_name":"Forgotten Altar","floor":24,"relics_lost":["Golden Idol"],"gold_loss":0},{"damage_healed":0,"gold_gain":0,"player_choice":"Simplicity","damage_taken":0,"max_hp_gain":0,"max_hp_loss":9,"event_name":"betterThird:BetterWriting","floor":28,"gold_loss":0}],"is_beta":false,"boss_relics":[{"not_picked":["Black Star","Cursed Key"],"picked":"Calling Bell"}],"items_purged_floors":[],"is_endless":false,"potions_floor_spawned":[7,8,14,16,18,19,30],"killed_by":"Cultist and Chosen","ascension_level":9}}