{"host":"4amcrcg6ktw8dbzk","time":1609049466,"event":{"mods":["ATMod(°¢èªMod)","BaseMod","Dota2Spire","Minty Spire (QoL Compilation)","MostiFishMod","Spicy Shops","StSLib","Waifu the Spire"],"gold_per_floor":[109,109,109,38,52,80,5,38,38,102,127,127,137,137,137,214,214,234,250,107,123,141,168,168,196,242,242,275,275,306,316,316,391,391,411,436,436,451,59,59,70,70,123,123,123,140,168,183,183,183,183,183,110,138,138],"floor_reached":56,"playtime":3071,"items_purged":["Strike_P","BowlingBash"],"score":2871,"play_id":"2739a7e7-c96d-450d-aab7-33d025175c53","local_time":"20201227141106","is_ascension_mode":true,"campfire_choices":[{"data":"AT_FocusSwordFire","floor":12,"key":"SMITH"},{"data":"Eruption","floor":15,"key":"SMITH"},{"floor":29,"key":"RECALL"},{"data":"FlurryOfBlows","floor":32,"key":"SMITH"},{"data":"MostiFishMod:WinterMarkForm","floor":40,"key":"SMITH"},{"data":"LessonLearned","floor":42,"key":"SMITH"},{"data":"MostiFishMod:LegendTransform","floor":44,"key":"SMITH"},{"data":"Wireheading","floor":49,"key":"SMITH"},{"data":"Vigilance","floor":52,"key":"SMITH"}],"circlet_count":0,"master_deck":["AscendersBane","Strike_P+1","Strike_P+1","Defend_P+1","Defend_P","Defend_P","Eruption+1","Vigilance+1","AT_FocusSwordFire+1","Impatience+1","FearNoEvil+1","Prostrate+1","DeusExMachina+1","FlyingSleeves+1","LessonLearned+1","MostiFishMod:FrostNova","MostiFishMod:WinterMarkForm+1","FlurryOfBlows+1","DevaForm+1","ClearTheMind+1","MostiFishMod:LegendTransform+1","TalkToTheHand+1","FlurryOfBlows+1","DeusExMachina+1","Fasting2+1","Nirvana+1","Wireheading+1"],"relics":["PureWater","DaveBox","AT_ATBox","BionicSphere","SynthV:TestCard","Happy Flower","Kunai","DianDianMeat","Dota2Spire:EchoSabre","Damaru","Pantograph","FrostBlade","MealTicket","Regal Pillow","Blood Vial","Lantern","Sozu","Dead Branch","Toy Ornithopter","PreservedInsect","Dota2Spire:PowerTreads","War Paint","Omamori","Ying","SynthV:C4"],"acts_visited":["Exordium","TheCity","TheBeyond","TheEnding"],"potions_floor_usage":[36],"damage_taken":[{"damage":0,"enemies":"Small Slimes","floor":1,"turns":3},{"damage":0,"enemies":"2 Louse","floor":5,"turns":3},{"damage":0,"enemies":"Lagavulin","floor":6,"turns":5},{"damage":0,"enemies":"Gremlin Nob","floor":8,"turns":4},{"damage":0,"enemies":"3 Sentries","floor":10,"turns":4},{"damage":0,"enemies":"3 Sentries","floor":11,"turns":6},{"damage":0,"enemies":"Cultist","floor":13,"turns":2},{"damage":0,"enemies":"Slime Boss","floor":16,"turns":3},{"damage":0,"enemies":"Chosen","floor":18,"turns":4},{"damage":0,"enemies":"Shell Parasite","floor":19,"turns":2},{"damage":0,"enemies":"Chosen and Byrds","floor":21,"turns":5},{"damage":0,"enemies":"Snecko","floor":22,"turns":5},{"damage":0,"enemies":"Book of Stabbing","floor":23,"turns":2},{"damage":0,"enemies":"Gremlin Leader","floor":25,"turns":2},{"damage":0,"enemies":"Book of Stabbing","floor":28,"turns":4},{"damage":0,"enemies":"Gremlin Leader","floor":30,"turns":4},{"damage":0,"enemies":"Centurion and Healer","floor":31,"turns":3},{"damage":0,"enemies":"Champ","floor":33,"turns":4},{"damage":0,"enemies":"Orb Walker","floor":35,"turns":6},{"damage":47,"enemies":"Mind Bloom Boss Battle","floor":36,"turns":4},{"damage":0,"enemies":"3 Darklings","floor":38,"turns":3},{"damage":0,"enemies":"Maw","floor":41,"turns":9},{"damage":29,"enemies":"Reptomancer","floor":45,"turns":6},{"damage":0,"enemies":"Sphere and 2 Shapes","floor":46,"turns":3},{"damage":0,"enemies":"Nemesis","floor":47,"turns":1},{"damage":0,"enemies":"Spire Growth","floor":48,"turns":9},{"damage":7,"enemies":"Donu and Deca","floor":50,"turns":6},{"damage":0,"enemies":"Shield and Spear","floor":54,"turns":4},{"damage":0,"enemies":"The Heart","floor":55,"turns":6}],"seed_played":"-6334820356287896529","potions_obtained":[{"floor":8,"key":"EssenceOfSteel"},{"floor":16,"key":"Energy Potion"},{"floor":18,"key":"PowerPotion"}],"is_trial":false,"path_per_floor":["M","?","?","$","M","E","$","E","T","?","E","R","M","?","R","B",null,"M","M","$","M","M","E","?","E","T","?","E","R","E","M","R","B",null,"M","?","?","M","$","R","M","R","T","R","E","M","E","M","R","B",null,"R","$","E","B",null],"character_chosen":"WATCHER","items_purchased":["Happy Flower","DevaForm","PreservedInsect","Dota2Spire:PowerTreads","Ying"],"campfire_rested":0,"item_purchase_floors":[4,20,39,39,53],"current_hp_per_floor":[61,66,66,66,66,66,66,66,66,66,67,67,67,67,67,76,83,88,88,94,101,101,109,109,118,118,118,128,128,128,139,139,151,151,151,104,104,119,134,134,136,136,136,136,109,125,127,144,144,164,186,186,193,193,193],"gold":138,"neow_bonus":"RANDOM_COLORLESS","is_daily":false,"chose_seed":false,"campfire_upgraded":8,"win_rate":0.0,"timestamp":1609049466,"path_taken":["M","?","?","$","?","E","$","E","T","?","E","R","M","?","R","BOSS","M","M","$","M","M","E","?","E","T","?","E","R","E","M","R","BOSS","M","?","?","M","$","R","M","R","T","R","E","?","E","M","R","BOSS","R","$","E","BOSS"],"items_purchased_type":["Relic","Card","Relic","Relic","Relic"],"build_version":"2020-12-22","purchased_purges":2,"victory":true,"max_hp_per_floor":[68,73,73,73,73,73,73,73,73,73,74,74,74,74,74,76,83,88,88,94,101,101,109,109,118,118,118,128,128,128,139,139,151,151,151,151,151,164,164,164,164,164,164,164,164,178,178,193,193,193,193,193,193,193,193],"card_choices":[{"not_picked":["AT_PowerWithin","Swift Strike"],"picked":"Impatience","floor":0},{"not_picked":["LikeWater","CrushJoints"],"picked":"FearNoEvil","floor":1},{"not_picked":["SashWhip","MostiFishMod:Speedup","ThirdEye","FollowUp"],"picked":"Prostrate","floor":5},{"not_picked":["AT_ChampionStep","EmptyBody","MostiFishMod:FlowState","Ragnarok"],"picked":"DeusExMachina","floor":6},{"not_picked":["EmptyFist","DeceiveReality","MostiFishMod:StarHerder","AT_SoftenMuscles","BattleHymn"],"picked":"SKIP","floor":8},{"not_picked":["BowlingBash","Prostrate","EmptyBody","CrushJoints"],"picked":"FlyingSleeves","floor":11},{"not_picked":["AT_MachinaRedman","Wireheading","Crescendo","BowlingBash","EmptyFist"],"picked":"SKIP","floor":13},{"not_picked":["Wish","SpiritShield","MostiFishMod:StarWish","AT_RealColorLess"],"picked":"LessonLearned","floor":16},{"not_picked":["ThirdEye","PathToVictory","ClearTheMind","MostiFishMod:Speedup"],"picked":"FlurryOfBlows+1","floor":18},{"not_picked":["FlyingSleeves","Weave","Swivel","BattleHymn","EmptyBody"],"picked":"SKIP","floor":19},{"not_picked":["WreathOfFlame","FlurryOfBlows","Pray","WheelKick"],"picked":"ClearTheMind","floor":21},{"not_picked":["WindmillStrike","EmptyBody","MostiFishMod:DisColor","PathToVictory+1","Consecrate+1"],"picked":"SKIP","floor":22},{"not_picked":["LikeWater","ThirdEye+1","Evaluate","FearNoEvil"],"picked":"MostiFishMod:LegendTransform","floor":23},{"not_picked":["CutThroughFate","Conclude","ClearTheMind","AT_SoftenMuscles"],"picked":"BowlingBash","floor":25},{"not_picked":["Collect+1","ReachHeaven","AT_ChampionStep","SignatureMove"],"picked":"TalkToTheHand","floor":28},{"not_picked":["AT_MachinaRedman","FollowUp+1","AT_DivineConfetti+1","CrushJoints","Evaluate"],"picked":"SKIP","floor":30},{"not_picked":["CrushJoints","FollowUp","Crescendo","BattleHymn+1"],"picked":"FlurryOfBlows","floor":31},{"not_picked":["SpiritShield","Vault","AT_ChampionKick","MostiFishMod:ScryFuture"],"picked":"DeusExMachina","floor":33},{"not_picked":["CrushJoints","EmptyMind","ReachHeaven+1","CutThroughFate","JustLucky+1"],"picked":"SKIP","floor":35},{"not_picked":["CrushJoints+1","FollowUp+1","Perseverance","Worship+1"],"picked":"Fasting2","floor":38},{"not_picked":["ThirdEye","FollowUp+1","MostiFishMod:PathToVictory","AT_OneInchPunch","Weave+1"],"picked":"SKIP","floor":41},{"not_picked":["SignatureMove","Crescendo+1","DeusExMachina","AT_OneInchPunch","PathToVictory"],"picked":"SKIP","floor":45},{"not_picked":["Swivel","DeceiveReality+1","BowlingBash","JustLucky+1"],"picked":"Nirvana+1","floor":46},{"not_picked":["Evaluate","CrushJoints","ClearTheMind","Judgement","FearNoEvil"],"picked":"SKIP","floor":47},{"not_picked":["AT_OneInchPunch+1","InnerPeace+1","EmptyBody+1","MostiFishMod:Speedup"],"picked":"Wireheading","floor":48},{"not_picked":["BowlingBash+1","Halt","MostiFishMod:DustFall","Conclude","FlurryOfBlows+1"],"picked":"SKIP","floor":54}],"player_experience":313203,"relics_obtained":[{"floor":1,"key":"SynthV:TestCard"},{"floor":6,"key":"Kunai"},{"floor":8,"key":"DianDianMeat"},{"floor":9,"key":"Dota2Spire:EchoSabre"},{"floor":10,"key":"Damaru"},{"floor":11,"key":"Pantograph"},{"floor":23,"key":"MealTicket"},{"floor":25,"key":"Regal Pillow"},{"floor":28,"key":"Blood Vial"},{"floor":30,"key":"Lantern"},{"floor":36,"key":"Dead Branch"},{"floor":43,"key":"War Paint"},{"floor":47,"key":"Omamori"},{"floor":54,"key":"SynthV:C4"}],"event_choices":[{"damage_healed":0,"gold_gain":0,"player_choice":"Donut","damage_taken":0,"max_hp_gain":5,"max_hp_loss":0,"event_name":"Big Fish","floor":2,"gold_loss":0},{"cards_removed":["Defend_P"],"damage_healed":0,"gold_gain":0,"player_choice":"Offered Basic","damage_taken":0,"max_hp_gain":0,"max_hp_loss":0,"event_name":"Bonfire Elementals","floor":3,"gold_loss":0},{"damage_healed":0,"gold_gain":0,"player_choice":"Searched \u00271\u0027 times","damage_taken":0,"max_hp_gain":0,"max_hp_loss":0,"event_name":"Dead Adventurer","floor":10,"gold_loss":0},{"damage_healed":0,"gold_gain":0,"player_choice":"0 cards matched","damage_taken":0,"max_hp_gain":0,"max_hp_loss":0,"event_name":"Match and Keep!","floor":14,"gold_loss":0,"cards_obtained":[]},{"cards_removed":["Strike_P"],"damage_healed":0,"gold_gain":0,"player_choice":"Elegance","damage_taken":0,"max_hp_gain":0,"max_hp_loss":0,"event_name":"Back to Basics","floor":24,"gold_loss":0},{"damage_healed":0,"gold_gain":0,"player_choice":"Ignored","damage_taken":0,"max_hp_gain":0,"max_hp_loss":0,"event_name":"Ghosts","floor":27,"gold_loss":0},{"damage_healed":0,"gold_gain":0,"player_choice":"Fight","damage_taken":0,"max_hp_gain":0,"max_hp_loss":0,"event_name":"MindBloom","floor":36,"gold_loss":0},{"damage_healed":0,"gold_gain":0,"player_choice":"Gave Potion","damage_taken":0,"relics_obtained":["Toy Ornithopter"],"max_hp_gain":0,"max_hp_loss":0,"event_name":"WeMeetAgain","floor":37,"gold_loss":0}],"is_beta":false,"boss_relics":[{"not_picked":["Jackal-EndForJourney","HolyWater"],"picked":"FrostBlade"},{"not_picked":["TakeMeEscape","BloodWine"],"picked":"Sozu"}],"items_purged_floors":[7,39],"is_endless":false,"potions_floor_spawned":[8,16,18,22,25,30,33,38,41,45,46,54],"ascension_level":15}}