{"host":"dhyczjm99amxd3qx","time":1609084553,"event":{"mods":["BaseMod","Colored Map","Googly Eyes","Highlight Path","Minty Spire (QoL Compilation)","Quick Restart","StSLib"],"gold_per_floor":[118,118,78,92,167,185,185,220,220,220,251,263,213,213,213,213,213],"floor_reached":16,"playtime":562,"items_purged":[],"score":108,"play_id":"3d829c0d-ec29-4181-9dff-659aa3ed3458","local_time":"20201227105553","is_ascension_mode":false,"campfire_choices":[{"data":"Reaper","floor":7.0,"key":"SMITH"},{"data":"Carnage","floor":10,"key":"SMITH"},{"data":"Limit Break","floor":15,"key":"SMITH"}],"circlet_count":0,"master_deck":["Strike_R","Strike_R","Strike_R","Strike_R","Defend_R","Defend_R","Defend_R","Bash","Flex","Reaper+1","Carnage+1","Limit Break+1"],"relics":["Burning Blood","Peace Pipe","Blue Candle","Mercury Hourglass","Omamori","Frozen Egg 2"],"acts_visited":["Exordium"],"potions_floor_usage":[8],"damage_taken":[{"damage":0.0,"enemies":"Small Slimes","floor":1.0,"turns":3.0},{"damage":6.0,"enemies":"Jaw Worm","floor":4.0,"turns":3.0},{"damage":1.0,"enemies":"Cultist","floor":6.0,"turns":3.0},{"damage":37,"enemies":"3 Sentries","floor":8,"turns":13},{"damage":26,"enemies":"Lagavulin","floor":11,"turns":5},{"damage":12,"enemies":"Blue Slaver","floor":12,"turns":2},{"damage":44,"enemies":"The Guardian","floor":16,"turns":5}],"seed_played":"9163223852690968045","potions_obtained":[{"floor":3.0,"key":"Dexterity Potion"},{"floor":3.0,"key":"FairyPotion"},{"floor":3.0,"key":"EntropicBrew"},{"floor":8,"key":"Ancient Potion"}],"is_trial":false,"path_per_floor":["M","?","?","M","?","M","R","E","T","R","E","M","?","T","R","B"],"character_chosen":"IRONCLAD","items_purchased":[],"campfire_rested":0,"item_purchase_floors":[],"current_hp_per_floor":[72,72,72,72,61,66,66,45,45,45,25,19,19,19,19,0,0],"gold":213,"neow_bonus":"ONE_RARE_RELIC","is_daily":false,"chose_seed":false,"campfire_upgraded":3,"win_rate":0.0,"timestamp":1609084553,"path_taken":["M","?","?","?","?","M","R","E","T","R","E","M","?","?","R","BOSS"],"items_purchased_type":[],"build_version":"2020-12-22","purchased_purges":0,"victory":false,"max_hp_per_floor":[72,72,72,72,72,72,72,72,72,72,72,72,72,72,72,72,72],"card_choices":[{"not_picked":["Pommel Strike","Clothesline"],"picked":"Flex","floor":1.0},{"not_picked":["Armaments","Warcry"],"picked":"Reaper","floor":4.0},{"not_picked":["Body Slam","Heavy Blade","Cleave"],"picked":"SKIP","floor":6.0},{"not_picked":["Power Through","Ghostly Armor"],"picked":"Carnage","floor":8},{"not_picked":["Sword Boomerang","Perfected Strike"],"picked":"Limit Break","floor":11},{"not_picked":["Iron Wave","Wild Strike","Warcry"],"picked":"SKIP","floor":12}],"player_experience":95023,"relics_obtained":[{"floor":8,"key":"Blue Candle"},{"floor":9,"key":"Mercury Hourglass"},{"floor":11,"key":"Omamori"},{"floor":14,"key":"Frozen Egg 2"}],"event_choices":[{"cards_removed":["Defend_R"],"damage_healed":0.0,"max_hp_gain":0.0,"max_hp_loss":0.0,"gold_gain":0.0,"event_name":"Living Wall","player_choice":"Forget","floor":2.0,"gold_loss":0.0,"damage_taken":0.0},{"damage_healed":0.0,"max_hp_gain":0.0,"max_hp_loss":0.0,"gold_gain":0.0,"event_name":"The Woman in Blue","player_choice":"Bought 3 Potions","floor":3.0,"gold_loss":0.0,"damage_taken":0.0},{"damage_healed":0.0,"max_hp_gain":0.0,"max_hp_loss":0.0,"gold_gain":75.0,"event_name":"World of Goop","player_choice":"Gather Gold","floor":5.0,"gold_loss":0.0,"damage_taken":11.0},{"cards_removed":["Strike_R"],"damage_healed":0,"gold_gain":0,"player_choice":"Card Removal","damage_taken":0,"max_hp_gain":0,"max_hp_loss":0,"event_name":"The Cleric","floor":13,"gold_loss":50}],"is_beta":false,"boss_relics":[],"items_purged_floors":[],"is_endless":false,"potions_floor_spawned":[8],"killed_by":"The Guardian","ascension_level":0}}