{"host":"sum4dy402bbv9y4o","time":1609091607,"event":{"mods":["Aspiration","BaseMod","Conspire","Highlight Path","Minty Spire (QoL Compilation)","StSLib"],"gold_per_floor":[115,115,128,16,16,16,45,45,45,45,56,74,74,90,90,169,169,187,222,137,156,173,173,191,191,238,267,138,138,138,138,138,215,215,225,225,225,18,35,35,35],"floor_reached":40,"playtime":1216,"items_purged":["Strike_B"],"score":829,"play_id":"1b97c820-526c-475f-9d03-71e9be5ee162","local_time":"20201227205327","is_ascension_mode":true,"campfire_choices":[{"data":"Streamline","floor":6,"key":"SMITH"},{"data":"Zap","floor":13,"key":"SMITH"},{"data":"Defragment","floor":15,"key":"SMITH"},{"data":"Redo","floor":23,"key":"SMITH"},{"data":"Electrodynamics","floor":25,"key":"SMITH"},{"data":"Ball Lightning","floor":29,"key":"SMITH"},{"data":"Ball Lightning","floor":32,"key":"SMITH"}],"circlet_count":0,"master_deck":["AscendersBane","Strike_B","Defend_B+1","Defend_B","Defend_B+1","Zap+1","Dualcast+1","Conserve Battery","Cold Snap","Streamline+1","Ball Lightning+1","Redo+1","Self Repair","Defragment+1","Electrodynamics+1","Cold Snap","Ball Lightning+1","Cold Snap","Glacier","Poisoned Stab","aspiration:Lunge","Barrage","Creative AI","Cold Snap","Dark Shackles","BootSequence","Storm"],"relics":["Cracked Core","Sundial","Eternal Feather","Coffee Dripper","Red Mask","Symbiotic Virus","DataDisk","Anchor","Inserter","Runic Capacitor"],"acts_visited":["Exordium","TheCity","TheBeyond"],"potions_floor_usage":[7,16,16,24,27,33,33],"damage_taken":[{"damage":0,"enemies":"conspire:RoseBush","floor":1,"turns":3},{"damage":4,"enemies":"Small Slimes","floor":3,"turns":3},{"damage":6,"enemies":"3 Sentries","floor":7,"turns":5},{"damage":4,"enemies":"2 Louse","floor":11,"turns":2},{"damage":2,"enemies":"Looter","floor":12,"turns":3},{"damage":1,"enemies":"2 Fungi Beasts","floor":14,"turns":3},{"damage":30,"enemies":"Hexaghost","floor":16,"turns":9},{"damage":24,"enemies":"Chosen","floor":18,"turns":4},{"damage":8,"enemies":"Masked Bandits","floor":19,"turns":2},{"damage":0,"enemies":"3 Byrds","floor":21,"turns":3},{"damage":13,"enemies":"Centurion and Healer","floor":22,"turns":5},{"damage":12,"enemies":"Snecko","floor":24,"turns":4},{"damage":8,"enemies":"Slavers","floor":27,"turns":5},{"damage":12,"enemies":"conspire:MysteriousRune","floor":33,"turns":6},{"damage":3,"enemies":"3 Shapes","floor":35,"turns":4},{"damage":2,"enemies":"Orb Walker","floor":39,"turns":3},{"damage":77,"enemies":"Reptomancer","floor":40,"turns":3}],"seed_played":"-6833329778321158899","potions_obtained":[{"floor":1,"key":"Dexterity Potion"},{"floor":7,"key":"Strength Potion"},{"floor":18,"key":"SteroidPotion"},{"floor":21,"key":"Explosive Potion"},{"floor":22,"key":"DistilledChaos"},{"floor":27,"key":"PotionOfCapacity"},{"floor":35,"key":"FearPotion"}],"is_trial":false,"path_per_floor":["M","?","M","$","?","R","E","$","T","?","M","M","R","M","R","B",null,"M","?","?","M","M","R","M","R","T","E","$","R","?","?","R","B",null,"M","?","?","$","M","E"],"character_chosen":"DEFECT","items_purchased":["Ball Lightning","Explosive Potion","FocusPotion","Runic Capacitor","BootSequence"],"campfire_rested":0,"item_purchase_floors":[4,4,28,38,38],"current_hp_per_floor":[64,64,60,60,65,65,59,59,59,36,32,30,39,45,54,31,65,48,40,40,40,34,46,41,53,53,45,45,57,57,57,69,64,73,70,70,70,70,75,0,0],"gold":35,"neow_bonus":"THREE_CARDS","is_daily":false,"chose_seed":false,"campfire_upgraded":7,"win_rate":0.0,"timestamp":1609091607,"path_taken":["M","?","M","$","?","R","E","$","T","?","M","M","R","M","R","BOSS","M","?","?","M","M","R","M","R","T","E","$","R","?","?","R","BOSS","M","?","?","$","M","E"],"items_purchased_type":["Card","Potion","Potion","Relic","Card"],"build_version":"2020-12-22","purchased_purges":1,"victory":false,"max_hp_per_floor":[71,71,71,71,76,76,76,76,76,76,76,76,76,76,76,76,76,76,76,76,76,76,76,76,76,76,76,76,76,76,76,76,76,76,76,76,76,76,76,76,76],"card_choices":[{"not_picked":["Rebound","Beam Cell"],"picked":"Conserve Battery","floor":0},{"not_picked":["Stack","Beam Cell"],"picked":"Cold Snap","floor":1},{"not_picked":["Steam","FTL"],"picked":"Streamline","floor":3},{"not_picked":["Multi-Cast","Turbo"],"picked":"Redo","floor":7},{"not_picked":["Stack","Compile Driver","conspire:Rain"],"picked":"SKIP","floor":11},{"not_picked":["Beam Cell","Force Field"],"picked":"Self Repair","floor":12},{"not_picked":["Stack","Barrage"],"picked":"Defragment","floor":14},{"not_picked":["Hyperbeam","Seek"],"picked":"Electrodynamics","floor":16},{"not_picked":["Leap","Rebound"],"picked":"Cold Snap","floor":18},{"not_picked":["conspire:Rain","Coolheaded","Darkness"],"picked":"SKIP","floor":21},{"not_picked":["Hologram","Turbo"],"picked":"Ball Lightning","floor":22},{"not_picked":["Reinforced Body","Skim"],"picked":"Cold Snap","floor":24},{"not_picked":["All For One","Turbo"],"picked":"Glacier","floor":27},{"not_picked":["Reboot","Electrodynamics"],"picked":"Creative AI","floor":33},{"not_picked":["Recycle+1","Coolheaded"],"picked":"Cold Snap","floor":35},{"not_picked":["Magnetism","The Bomb"],"picked":"Dark Shackles","floor":36},{"not_picked":["Storm","Turbo","conspire:Rain"],"picked":"SKIP","floor":39},{"not_picked":["Turbo","conspire:Rain"],"picked":"Storm","floor":39}],"player_experience":2847050,"relics_obtained":[{"floor":7,"key":"Sundial"},{"floor":9,"key":"Eternal Feather"},{"floor":19,"key":"Red Mask"},{"floor":26,"key":"DataDisk"},{"floor":27,"key":"Anchor"}],"event_choices":[{"damage_healed":0,"gold_gain":0,"player_choice":"Grow","damage_taken":0,"max_hp_gain":0,"max_hp_loss":0,"event_name":"Living Wall","floor":2,"gold_loss":0,"cards_upgraded":["Dualcast"]},{"damage_healed":0,"gold_gain":0,"player_choice":"Donut","damage_taken":0,"max_hp_gain":5,"max_hp_loss":0,"event_name":"Big Fish","floor":5,"gold_loss":0},{"damage_healed":0,"gold_gain":0,"player_choice":"Entered Light","damage_taken":23,"max_hp_gain":0,"max_hp_loss":0,"event_name":"Shining Light","floor":10,"gold_loss":0,"cards_upgraded":["Defend_B","Defend_B"]},{"damage_healed":0,"gold_gain":0,"player_choice":"Fought Bandits","damage_taken":0,"max_hp_gain":0,"max_hp_loss":0,"event_name":"Masked Bandits","floor":19,"gold_loss":0},{"damage_healed":0,"gold_gain":0,"player_choice":"Obtained Relic","damage_taken":0,"relics_obtained":["Symbiotic Virus"],"max_hp_gain":0,"max_hp_loss":0,"event_name":"Addict","floor":20,"gold_loss":85},{"damage_healed":0,"gold_gain":0,"player_choice":"Read","damage_taken":0,"max_hp_gain":0,"max_hp_loss":0,"event_name":"The Library","floor":31,"gold_loss":0,"cards_obtained":["Barrage"]},{"damage_healed":0,"gold_gain":0,"player_choice":"Memory 1","damage_taken":0,"max_hp_gain":0,"max_hp_loss":0,"event_name":"SensoryStone","floor":36,"gold_loss":0},{"cards_removed":["Acrobatics"],"damage_healed":0,"gold_gain":0,"player_choice":"Removed Skill","damage_taken":0,"max_hp_gain":0,"max_hp_loss":0,"event_name":"Falling","floor":37,"gold_loss":0}],"is_beta":false,"boss_relics":[{"not_picked":["Runic Dome","conspire:SlowCooker"],"picked":"Coffee Dripper"},{"not_picked":["Cursed Key","aspiration:PoetsPen"],"picked":"Inserter"}],"items_purged_floors":[28],"is_endless":false,"potions_floor_spawned":[1,7,12,18,21,22,27,35],"killed_by":"Reptomancer","ascension_level":20}}