{"host":"xg9ie4wrtr2e8x9r","time":1609069259,"event":{"mods":["Aspiration","BaseMod","Bestiary","BetterRewards","CCEM","Colored Map","Colored Powertips","Conspire","DNKmod","Downfall","Friendly Minions","GifTheSpireLib","Hubris","Infinite Spire","Minty Spire (QoL Compilation)","Remove Card Discount Mod","Replay The Spire","StSLib","Stuff the Spire","The Construct","The Jungle","The Mystic"],"gold_per_floor":[1016,1033,575,588,588,619,638,649,729,729,4143,4143,4160,4193,4193,4293,4293,4305,4352,3530,3548,3564,3593,3608,3608,3608],"floor_reached":25,"playtime":2227,"items_purged":["Strike_B","Defend_B","Defend_B","Strike_B","Defend_B","Strike_B","Defend_B","Clumsy","Violence","StuffTheSpire:GlassShard"],"score":460,"play_id":"26f45cfe-8ce2-40da-9de0-71feb0cde00a","local_time":"20201227124059","is_ascension_mode":false,"campfire_choices":[{"floor":12,"key":"RECALL"},{"data":"expansioncontent:StudyTheSpire","floor":15,"key":"SMITH"}],"circlet_count":0,"master_deck":["Zap","Dualcast","StuffTheSpire:PlasmaPunch","Amplify","FIFO Queue","Barrage+1","expansioncontent:DecasProtection","Panic Button","Glacier","ReplayTheSpireMod:GoodbyeWorld","hubris:Ukulele","StuffTheSpire:Plugnplay","ReplayTheSpireMod:Omega Cannon","Hello World","White Noise","Defragment","BasicCrystalCard","expansioncontent:StudyTheSpire+1","expansioncontent:TimeRipple+1","Turbo","Master of Strategy+1","hubris:EnhanceAbility+1","Fission","conspire:SharedLibrary","ReplayTheSpireMod:Dual Polarity","Defragment","StuffTheSpire:LoadUp","Time Bomb"],"relics":["Cracked Core","Mummified Hand","Medical Kit","StuffTheSpire:Mouthbags","conspire:GiftBox","Nunchaku","Blue Candle","Gambling Chip","conspire:TopHat","Replay:Antivirus Software","Replay:PocketPolymizer","Replay:Mystery Machine","CCEMRelics:FestiveHat","Gremlin Food","Cursed Key","Juzu Bracelet","aspiration:HatOfInfinitePower","CCEMRelics:Icicle","CCEMRelics:FranticForklift","Chameleon Ring"],"acts_visited":["Exordium","theJungle:Jungle"],"potions_floor_usage":[],"damage_taken":[{"damage":6,"enemies":"Jaw Worm","floor":1,"turns":2},{"damage":0,"enemies":"2 Louse","floor":2,"turns":1},{"damage":0,"enemies":"Small Slimes","floor":4,"turns":3},{"damage":4,"enemies":"3 Sentries","floor":6,"turns":4},{"damage":0,"enemies":"3 Louse","floor":7,"turns":1},{"damage":13,"enemies":"Red Slaver","floor":8,"turns":2},{"damage":0,"enemies":"Large Slime","floor":13,"turns":2},{"damage":8,"enemies":"Gremlin Nob","floor":14,"turns":3},{"damage":19,"enemies":"Hexaghost","floor":16,"turns":5},{"damage":4,"enemies":"Shell Parasite","floor":18,"turns":2},{"damage":0,"enemies":"theJungle:GiantWrat","floor":21,"turns":3},{"damage":8,"enemies":"theJungle:SlimyTreeVines","floor":22,"turns":3},{"damage":0,"enemies":"theJungle:Cassacara","floor":23,"turns":4},{"damage":38,"enemies":"theJungle:2_Flameangoes","floor":24,"turns":2},{"damage":54,"enemies":"Nightmare","floor":25,"turns":3}],"seed_played":"-1062567831011098984","potions_obtained":[{"floor":1,"key":"Fire Potion"},{"floor":2,"key":"champ:CounterPotion"},{"floor":13,"key":"BlessingOfTheForge"}],"is_trial":false,"path_per_floor":["M","M","$","M","?","E","M","M","T","?","$","R","M","E","R","B",null,"M","?","$","M","M","E","M","NM"],"character_chosen":"DEFECT","items_purchased":["Mummified Hand","Medical Kit","StuffTheSpire:PlasmaPunch","StuffTheSpire:Mouthbags","Violence","Nunchaku","Blue Candle","FIFO Queue","Barrage+1","expansioncontent:DecasProtection","Panic Button","conspire:TopHat","Replay:Antivirus Software","ReplayTheSpireMod:GoodbyeWorld","hubris:Ukulele","Replay:Mystery Machine","CCEMRelics:FestiveHat","Defragment","BasicCrystalCard","expansioncontent:StudyTheSpire","aspiration:HatOfInfinitePower","CCEMRelics:Icicle","CCEMRelics:FranticForklift","Defragment","StuffTheSpire:LoadUp"],"campfire_rested":0,"item_purchase_floors":[0,0,0,0,0,0,0,0,0,0,0,3,3,3,3,11,11,11,11,11,20,20,20,20,20],"current_hp_per_floor":[94,94,94,94,94,90,90,77,77,77,77,77,77,69,69,50,100,96,96,96,96,88,88,50,0,0],"gold":3608,"neow_bonus":"","is_daily":false,"chose_seed":false,"campfire_upgraded":1,"win_rate":0.0,"timestamp":1609069259,"path_taken":["M","M","$","M","?","E","M","M","T","?","$","R","M","E","R","BOSS","M","?","$","M","M","E","M","NM"],"items_purchased_type":["Relic","Relic","Card","Relic","Card","Relic","Relic","Card","Card","Card","Card","Relic","Relic","Card","Card","Relic","Relic","Card","Card","Card","Relic","Relic","Relic","Card","Card"],"build_version":"2020-12-22","purchased_purges":10,"victory":false,"max_hp_per_floor":[100,100,100,100,100,100,100,100,100,100,100,100,100,100,100,100,100,100,100,100,100,100,100,100,100,100],"card_choices":[{"not_picked":["ReplayRNGCard","hubris:DoWhile"],"picked":"Amplify","floor":0},{"not_picked":["Cold Snap","Beam Cell","Go for the Eyes"],"picked":"SKIP","floor":1},{"not_picked":["Hologram","Blizzard"],"picked":"Glacier","floor":2},{"not_picked":["Ball Lightning","BootSequence"],"picked":"StuffTheSpire:Plugnplay","floor":4},{"not_picked":["Scrape","Doom and Gloom"],"picked":"ReplayTheSpireMod:Omega Cannon","floor":6},{"not_picked":["Stack","Sweeping Beam"],"picked":"Hello World","floor":7},{"not_picked":["StuffTheSpire:Plugnplay","Static Discharge"],"picked":"White Noise","floor":8},{"not_picked":["Finesse+1","Swift Strike+1"],"picked":"expansioncontent:TimeRipple+1","floor":13},{"not_picked":["Streamline","Compile Driver"],"picked":"Turbo","floor":13},{"not_picked":["Replay:SS_hec_4+1","Replay:SS_fish_3+1"],"picked":"Master of Strategy+1","floor":14},{"not_picked":["Redo","Hologram","Steam"],"picked":"SKIP","floor":14},{"not_picked":["Poisoned Strike+1","ReplayTheSpireMod:Trickstab+1"],"picked":"hubris:EnhanceAbility+1","floor":16},{"not_picked":["Multi-Cast","hubris:SpecializedCircuitry"],"picked":"Fission","floor":16},{"not_picked":["Ball Lightning+1","Steam","Darkness"],"picked":"SKIP","floor":18},{"not_picked":["Beam Cell","StuffTheSpire:Coldhearted+1"],"picked":"conspire:SharedLibrary","floor":19},{"not_picked":["ReplayTheSpireMod:System Scan","StuffTheSpire:LoadUp"],"picked":"ReplayTheSpireMod:Dual Polarity","floor":19},{"not_picked":["Self Repair","Conserve Battery","Ball Lightning"],"picked":"SKIP","floor":21},{"not_picked":["Self Repair","Stack","Sweeping Beam"],"picked":"SKIP","floor":22},{"not_picked":["Streamline","Ball Lightning","Coolheaded+1"],"picked":"SKIP","floor":23},{"not_picked":["Glacier","Turbo+1"],"picked":"Time Bomb","floor":24}],"player_experience":340768,"relics_obtained":[{"floor":6,"key":"Replay:PocketPolymizer"},{"floor":14,"key":"Gremlin Food"},{"floor":19,"key":"Juzu Bracelet"},{"floor":23,"key":"Chameleon Ring"}],"event_choices":[{"damage_healed":0,"gold_gain":0,"player_choice":"Leave","damage_taken":0,"max_hp_gain":0,"max_hp_loss":0,"event_name":"conspire:Investor","floor":5,"gold_loss":0},{"damage_healed":0,"gold_gain":0,"player_choice":"Ignored","damage_taken":0,"max_hp_gain":0,"max_hp_loss":0,"event_name":"Golden Idol","floor":10,"gold_loss":0}],"is_beta":false,"boss_relics":[{"not_picked":["Nuclear Battery","aspiration:IroncladSkillbook"],"picked":"Cursed Key"}],"items_purged_floors":[0,0,3,11,11,20,20,20,20,20],"is_endless":false,"potions_floor_spawned":[1,2,13,16,18,23,24],"killed_by":"Nightmare","ascension_level":0}}