{"host":"zv85muor2723jdwz","time":1609082095,"event":{"mods":["BaseMod","CapriCore","Decade(王小明)","KinomotoSakuraMod(木之本樱)","Marisa（F雨　魔理沙）","Minty Spire (QoL Compilation)","Reimu（博丽灵梦）","Remilia（蕾米莉亚）","StSLib","The Bug Knight","The Immortal","The Servant 0.9.4","WarShipGirlsR/战舰少女R mod","Yakumo Yukari mod","Youmu（魂魄妖梦）","Yuri Mod","Yuyuko"],"gold_per_floor":[119,3,3,0,0,0,0,0,27,45,45,65,55,89,89,185,185,205,205,3,21,37,37,37,49,49,49,65,65,29,39,39,138,138,154,154,2,21,21,21],"floor_reached":39,"playtime":1980,"items_purged":["Strike_Lin:ReiMu"],"score":377,"play_id":"278d8ee8-d3f9-43cb-a142-2b8375e8175b","local_time":"20201227231455","is_ascension_mode":false,"campfire_choices":[{"data":"MikOfLucky:ReiMu","floor":6,"key":"SMITH"},{"data":"UniversalSpiritual:ReiMu","floor":11,"key":"SMITH"},{"data":"LovePray:ReiMu","floor":15,"key":"SMITH"},{"floor":23,"key":"REST"},{"floor":27,"key":"REST"},{"floor":32,"key":"REST"}],"circlet_count":0,"master_deck":["Strike_Lin:ReiMu","Strike_Lin:ReiMu","Defend_Lin:ReiMu","Defend_Lin:ReiMu","Defend_Lin:ReiMu","NB:ReiMu","Stagnation:ReiMu","OrbThrow:ReiMu","LearningPray:ReiMu","MikOfLucky:ReiMu+1","UniversalSpiritual:ReiMu+1","LovePray:ReiMu+1","BlastKick2:ReiMu","ShadowOfCrow2:ReiMu+1","Intuition:ReiMu","Conquer:ReiMu","SubAcupoint:ReiMu","RitualDagger","InherentArray:ReiMu","Amulet:ReiMu","YinYangSange:ReiMu","FoulBorder2:ReiMu","HakureiPhantom:ReiMu","AlertArray:ReiMu+1","Impatience","Gathering:ReiMu","WonderfulDomain:ReiMu+1"],"relics":["FlyPower:ReiMu","NeowsBlessing","RuthlessExorcism:ReiMu","Potion Belt","Fusion Hammer","Blood Vial","Sundial","Incense Burner","CrownOfHeavens:ReiMu"],"acts_visited":["Exordium","TheCity","TheBeyond"],"potions_floor_usage":[22,22,28,33,35,39],"damage_taken":[{"damage":0,"enemies":"2 Louse","floor":1,"turns":1},{"damage":0,"enemies":"Jaw Worm","floor":10,"turns":1},{"damage":0,"enemies":"Small Slimes","floor":12,"turns":1},{"damage":9,"enemies":"Lagavulin","floor":14,"turns":6},{"damage":28,"enemies":"Slime Boss","floor":16,"turns":9},{"damage":38,"enemies":"2 Thieves","floor":18,"turns":4},{"damage":15,"enemies":"Chosen","floor":21,"turns":5},{"damage":8,"enemies":"3 Cultists","floor":22,"turns":4},{"damage":7,"enemies":"Centurion and Healer","floor":25,"turns":6},{"damage":2,"enemies":"Snake Plant","floor":28,"turns":4},{"damage":18,"enemies":"Snecko","floor":31,"turns":5},{"damage":32,"enemies":"Collector","floor":33,"turns":9},{"damage":21,"enemies":"3 Shapes","floor":35,"turns":3},{"damage":17,"enemies":"Orb Walker","floor":38,"turns":5},{"damage":31,"enemies":"Orin","floor":39,"turns":6}],"seed_played":"-8019226260258181882","potions_obtained":[{"floor":10,"key":"GrandPatriotsElixir:ReiMu"},{"floor":12,"key":"Block Potion"},{"floor":18,"key":"SpeedPotion"},{"floor":21,"key":"SteroidPotion"},{"floor":33,"key":"Weak Potion"},{"floor":35,"key":"BottledKami:ReiMu"}],"is_trial":false,"path_per_floor":["M","$","?","?","$","R","?","?","T","M","R","M","?","E","R","B",null,"M","?","$","M","M","R","?","M","T","R","M","?","$","M","R","B",null,"M","?","$","M","?"],"character_chosen":"REIMU","items_purchased":["LearningPray:ReiMu","MikOfLucky:ReiMu","Blood Vial","Intuition:ReiMu","YinYangSange:ReiMu","Gathering:ReiMu"],"campfire_rested":3,"item_purchase_floors":[2,2,20,20,30,37],"current_hp_per_floor":[65,65,58,58,58,58,58,65,65,65,65,65,65,56,56,28,65,27,27,27,14,8,27,21,16,16,35,35,35,35,19,38,8,65,44,44,44,29,0,0],"gold":21,"neow_bonus":"THREE_ENEMY_KILL","is_daily":false,"chose_seed":false,"campfire_upgraded":3,"win_rate":0.0,"timestamp":1609082095,"path_taken":["M","$","?","?","$","R","?","?","T","?","R","M","?","E","R","BOSS","M","?","$","?","?","R","?","M","T","R","M","?","?","M","R","BOSS","M","?","$","M","?"],"items_purchased_type":["Card","Card","Relic","Card","Card","Card"],"build_version":"2020-12-22","purchased_purges":1,"victory":false,"max_hp_per_floor":[65,65,65,65,65,65,65,65,65,65,65,65,65,65,65,65,65,65,65,65,65,65,65,65,65,65,65,65,65,65,65,65,65,65,65,65,65,65,65,65],"card_choices":[{"not_picked":["WonderfulDomain:ReiMu","MountainWay:ReiMu"],"picked":"OrbThrow:ReiMu","floor":1},{"not_picked":["AirStrike:ReiMu","RainPray2:ReiMu"],"picked":"UniversalSpiritual:ReiMu","floor":10},{"not_picked":["OrbThrow:ReiMu","SealNeedle:ReiMu"],"picked":"LovePray:ReiMu","floor":12},{"not_picked":["OrbThrow:ReiMu","KyokaiOfKami:ReiMu"],"picked":"KamiSacrifice:ReiMu","floor":14},{"not_picked":["Dreaming:ReiMu","YinYang:ReiMu"],"picked":"BlastKick2:ReiMu","floor":16},{"not_picked":["SubcavityInstant:ReiMu","ManaGlint:ReiMu"],"picked":"ShadowOfCrow2:ReiMu+1","floor":18},{"not_picked":["MountainWay:ReiMu","ShadowOfCrow2:ReiMu+1"],"picked":"Conquer:ReiMu","floor":21},{"not_picked":["SpiritualOutbreak2:ReiMu","RainPray2:ReiMu"],"picked":"SubAcupoint:ReiMu","floor":22},{"not_picked":["SpiritualOutbreak2:ReiMu","Meditation:ReiMu"],"picked":"InherentArray:ReiMu","floor":25},{"not_picked":["AlertArray:ReiMu","UniversalSpiritual:ReiMu"],"picked":"Amulet:ReiMu","floor":28},{"not_picked":["LovePray:ReiMu+1","AirStrike:ReiMu"],"picked":"FoulBorder2:ReiMu","floor":31},{"not_picked":["RunawayExorcism:ReiMu","CardOfSanctity:ReiMu"],"picked":"HakureiPhantom:ReiMu","floor":33},{"not_picked":["PayForSelf:ReiMu+1","BarrageOfMoneybags:ReiMu+1"],"picked":"AlertArray:ReiMu+1","floor":35},{"not_picked":["Jack Of All Trades","Violence"],"picked":"Impatience","floor":36},{"not_picked":["SpringWay:ReiMu","EmergencyTakeOff:ReiMu+1"],"picked":"WonderfulDomain:ReiMu+1","floor":38}],"player_experience":40495,"relics_obtained":[{"floor":9,"key":"RuthlessExorcism:ReiMu"},{"floor":14,"key":"Potion Belt"},{"floor":26,"key":"Sundial"}],"event_choices":[{"cards_removed":["Strike_Lin:ReiMu"],"damage_healed":0,"gold_gain":0,"player_choice":"Card Removal","damage_taken":7,"max_hp_gain":0,"max_hp_loss":0,"event_name":"Golden Wing","floor":3,"gold_loss":0},{"damage_healed":0,"gold_gain":0,"player_choice":"Left Gold","damage_taken":0,"max_hp_gain":0,"max_hp_loss":0,"event_name":"World of Goop","floor":4,"gold_loss":3},{"damage_healed":0,"gold_gain":0,"cards_transformed":["Defend_Lin:ReiMu"],"player_choice":"Change","damage_taken":0,"max_hp_gain":0,"max_hp_loss":0,"event_name":"Living Wall","floor":7,"gold_loss":0,"cards_obtained":["PhosphorusFlame:ReiMu"]},{"cards_removed":["PhosphorusFlame:ReiMu"],"damage_healed":7,"gold_gain":0,"player_choice":"Offered Uncommon","damage_taken":0,"max_hp_gain":0,"max_hp_loss":0,"event_name":"Bonfire Elementals","floor":8,"gold_loss":0},{"cards_removed":["KamiSacrifice:ReiMu"],"damage_healed":0,"gold_gain":0,"player_choice":"Card Removal","damage_taken":0,"max_hp_gain":0,"max_hp_loss":0,"event_name":"Wheel of Change","floor":19,"gold_loss":0},{"damage_healed":0,"gold_gain":0,"player_choice":"Joined the Cult","damage_taken":6,"max_hp_gain":0,"max_hp_loss":0,"event_name":"Nest","floor":24,"gold_loss":0,"cards_obtained":["RitualDagger"]},{"damage_healed":0,"gold_gain":0,"player_choice":"Opened","damage_taken":0,"relics_obtained":["Incense Burner"],"max_hp_gain":0,"max_hp_loss":0,"event_name":"The Mausoleum","floor":29,"gold_loss":0},{"damage_healed":0,"gold_gain":0,"player_choice":"Memory 1","damage_taken":0,"max_hp_gain":0,"max_hp_loss":0,"event_name":"SensoryStone","floor":36,"gold_loss":0},{"damage_healed":0,"gold_gain":0,"player_choice":"Fight","damage_taken":0,"max_hp_gain":0,"max_hp_loss":0,"event_name":"OrinTheCat","floor":39,"gold_loss":0}],"is_beta":false,"boss_relics":[{"not_picked":["Ectoplasm","Cursed Key"],"picked":"Fusion Hammer"},{"not_picked":["RedLine:ReiMu","SacredBark"],"picked":"CrownOfHeavens:ReiMu"}],"items_purged_floors":[37],"is_endless":false,"potions_floor_spawned":[10,12,18,21,33,35],"killed_by":"Orin","ascension_level":0}}