{"host":"bq4pt811tk9yrmjl","time":1609031792,"event":{"mods":["AchievementEnabler","BaseMod","Colored Map","Colored Powertips","Defuse TimeMaze Blight","Hermit","Minty Spire (QoL Compilation)","StSLib","SuperFastMode","UnlockEverythingMod"],"gold_per_floor":[118,118,131,61,71,71,104,120,147,158,169,181,181,197,197,197,197],"floor_reached":16,"playtime":295,"items_purged":[],"score":111,"play_id":"873e83e7-1340-41c3-b3b8-49161d078b02","local_time":"20201226231632","is_ascension_mode":true,"campfire_choices":[{"data":"hermit:GoldenBullet","floor":6,"key":"SMITH"},{"data":"hermit:Maintenance","floor":15,"key":"SMITH"}],"circlet_count":0,"master_deck":["hermit:Strike_Hermit","hermit:Strike_Hermit","hermit:Strike_Hermit","hermit:Defend_Hermit","hermit:Defend_Hermit","hermit:Defend_Hermit","hermit:Defend_Hermit","hermit:Snapshot","hermit:Covet","hermit:Shortfuse","hermit:Desperado","hermit:GoldenBullet+1","hermit:GoldenBullet","hermit:Maintenance+1"],"relics":["hermit:Momento","NeowsBlessing","Happy Flower"],"acts_visited":["Exordium"],"potions_floor_usage":[7,16],"damage_taken":[{"damage":0,"enemies":"Small Slimes","floor":1,"turns":1},{"damage":0,"enemies":"Cultist","floor":3,"turns":1},{"damage":1,"enemies":"Jaw Worm","floor":5,"turns":2},{"damage":37,"enemies":"Lagavulin","floor":7,"turns":6},{"damage":0,"enemies":"2 Fungi Beasts","floor":8,"turns":2},{"damage":0,"enemies":"Exordium Thugs","floor":10,"turns":3},{"damage":0,"enemies":"Large Slime","floor":11,"turns":3},{"damage":5,"enemies":"Looter","floor":12,"turns":4},{"damage":0,"enemies":"2 Fungi Beasts","floor":14,"turns":2},{"damage":37,"enemies":"Hexaghost","floor":16,"turns":11}],"seed_played":"6732940149934532391","potions_obtained":[{"floor":1,"key":"Swift Potion"},{"floor":3,"key":"Energy Potion"},{"floor":5,"key":"hermit:BlackBile"},{"floor":14,"key":"Dexterity Potion"}],"is_trial":false,"path_per_floor":["M","?","M","$","M","R","E","M","T","M","M","M","$","M","R","B"],"character_chosen":"HERMIT","items_purchased":["hermit:GoldenBullet"],"campfire_rested":0,"item_purchase_floors":[4],"current_hp_per_floor":[75,75,75,75,74,74,37,37,37,37,37,32,32,32,32,0,0],"gold":197,"neow_bonus":"THREE_ENEMY_KILL","is_daily":false,"chose_seed":false,"campfire_upgraded":2,"win_rate":0.0,"timestamp":1609031792,"path_taken":["M","?","?","$","M","R","E","M","T","M","M","?","?","M","R","BOSS"],"items_purchased_type":["Card"],"build_version":"2020-12-22","purchased_purges":0,"victory":false,"max_hp_per_floor":[75,75,75,75,75,75,75,75,75,75,75,75,75,75,75,75,75],"card_choices":[{"not_picked":["hermit:Enervate","hermit:Dive"],"picked":"hermit:Shortfuse","floor":1},{"not_picked":["hermit:Combo","hermit:Enervate"],"picked":"hermit:Desperado","floor":3},{"not_picked":["hermit:Spite","hermit:LowProfile","hermit:Scavenge"],"picked":"SKIP","floor":5},{"not_picked":["hermit:Brawl","hermit:Ricochet","hermit:Showdown"],"picked":"SKIP","floor":7},{"not_picked":["hermit:Quickdraw","hermit:HoleUp","hermit:SprayPray"],"picked":"SKIP","floor":8},{"not_picked":["hermit:Feint","hermit:Spite"],"picked":"hermit:GoldenBullet","floor":10},{"not_picked":["hermit:ItchyTrigger","hermit:LowProfile","hermit:CalledShot"],"picked":"SKIP","floor":11},{"not_picked":["hermit:PistolWhip","hermit:Virtue"],"picked":"hermit:Maintenance","floor":12},{"not_picked":["hermit:Feint","hermit:Dive","hermit:Desperado"],"picked":"SKIP","floor":14}],"player_experience":122181,"relics_obtained":[{"floor":7,"key":"Happy Flower"}],"event_choices":[{"cards_removed":["hermit:Strike_Hermit"],"damage_healed":0,"gold_gain":0,"player_choice":"Offered Basic","damage_taken":0,"max_hp_gain":0,"max_hp_loss":0,"event_name":"Bonfire Elementals","floor":2,"gold_loss":0}],"is_beta":false,"boss_relics":[],"items_purged_floors":[],"is_endless":false,"potions_floor_spawned":[1,3,5,14],"killed_by":"Hexaghost","ascension_level":1}}