{"host":"w3q5ijqu8eoknil3","time":1609095742,"event":{"mods":["AchievementEnabler","BaseMod","Block Reminder","Colored Powertips","Minty Spire (QoL Compilation)","Quick Restart","Relic Stats","ojb\u0027s Better Paths Mod","ojb\u0027s Info Mod","slay the spire mod where everything is the same but ironclad has a cowboy hat"],"gold_per_floor":[112,124,141,152,163,163,178,198,223,223,223],"floor_reached":10,"playtime":286,"items_purged":[],"score":128,"play_id":"52123691-57fe-4eaf-bd50-9e3b975bba09","local_time":"20201227190222","is_ascension_mode":true,"campfire_choices":[{"data":"Double Tap","floor":6,"key":"SMITH"}],"circlet_count":0,"master_deck":["AscendersBane","Strike_R","Strike_R","Strike_R","Strike_R","Strike_R","Defend_R","Defend_R","Defend_R","Defend_R","Bash","CurseOfTheBell","Headbutt","Sword Boomerang","Double Tap+1","Headbutt","Wild Strike","Heavy Blade"],"relics":["Calling Bell","Regal Pillow","Pantograph","Du-Vu Doll","Tiny Chest"],"acts_visited":["Exordium"],"potions_floor_usage":[8,10],"damage_taken":[{"damage":1,"enemies":"Cultist","floor":1,"turns":3},{"damage":7,"enemies":"Jaw Worm","floor":2,"turns":2},{"damage":1,"enemies":"2 Louse","floor":3,"turns":2},{"damage":7,"enemies":"Large Slime","floor":4,"turns":3},{"damage":24,"enemies":"Exordium Thugs","floor":5,"turns":5},{"damage":13,"enemies":"Blue Slaver","floor":7,"turns":2},{"damage":13,"enemies":"Red Slaver","floor":8,"turns":4},{"damage":20,"enemies":"3 Sentries","floor":10,"turns":2}],"seed_played":"-6881364295694906998","potions_obtained":[{"floor":3,"key":"CultistPotion"},{"floor":5,"key":"AttackPotion"},{"floor":8,"key":"BloodPotion"}],"is_trial":false,"path_per_floor":["M","M","M","M","M","R","M","M","T","E"],"character_chosen":"IRONCLAD","items_purchased":[],"campfire_rested":0,"item_purchase_floors":[],"current_hp_per_floor":[67,60,59,52,28,28,15,17,17,0,0],"gold":223,"neow_bonus":"BOSS_RELIC","is_daily":false,"chose_seed":false,"campfire_upgraded":1,"win_rate":0.0,"timestamp":1609095742,"path_taken":["M","M","M","M","?","R","M","M","T","E"],"items_purchased_type":[],"build_version":"2020-12-22","purchased_purges":0,"victory":false,"max_hp_per_floor":[75,75,75,75,75,75,75,75,75,75,75],"relic_stats":{"Regal Pillow":0,"counters":[8,23],"Pantograph":0,"Tiny Chest":0,"obtain_stats":[{"Calling Bell":0,"Du-Vu Doll":0,"Regal Pillow":0,"Pantograph":0,"Tiny Chest":9,"Burning Blood":0},{"Calling Bell":0,"Du-Vu Doll":0,"Regal Pillow":0,"Pantograph":0,"Tiny Chest":7,"Burning Blood":0},{"Calling Bell":0,"Du-Vu Doll":0,"Regal Pillow":0,"Pantograph":0,"Tiny Chest":21,"Burning Blood":0}]},"card_choices":[{"not_picked":["Sentinel","Body Slam"],"picked":"Headbutt","floor":1},{"not_picked":["Blood for Blood","Combust","Sentinel"],"picked":"SKIP","floor":2},{"not_picked":["Havoc","Clothesline"],"picked":"Sword Boomerang","floor":3},{"not_picked":["Perfected Strike","Heavy Blade"],"picked":"Double Tap","floor":4},{"not_picked":["Body Slam","Warcry"],"picked":"Headbutt","floor":5},{"not_picked":["Clothesline","Headbutt"],"picked":"Wild Strike","floor":7},{"not_picked":["Burning Pact","Headbutt"],"picked":"Heavy Blade","floor":8}],"player_experience":944031,"relics_obtained":[{"floor":0,"key":"Regal Pillow"},{"floor":0,"key":"Pantograph"},{"floor":0,"key":"Du-Vu Doll"},{"floor":9,"key":"Tiny Chest"}],"event_choices":[],"is_beta":false,"boss_relics":[],"items_purged_floors":[],"is_endless":false,"potions_floor_spawned":[3,5,7,8],"killed_by":"3 Sentries","ascension_level":20}}