{"host":"p6s16n2sj7zvsuor","time":1609085872,"event":{"mods":["BaseMod","Minty Spire (QoL Compilation)"],"gold_per_floor":[112,112,123,133,133,133,153,153,153,185,150,150,161,173,173,273,323,337,81,81,97,197,197,197,197],"floor_reached":24,"playtime":887,"items_purged":["Strike_G"],"score":245,"play_id":"e5886d0d-a83a-4a19-ab9a-ad8cd833875d","local_time":"20201227181752","is_ascension_mode":true,"campfire_choices":[{"data":"Phantasmal Killer","floor":6,"key":"SMITH"},{"data":"Leg Sweep","floor":8,"key":"SMITH"},{"floor":15,"key":"REST"},{"floor":23,"key":"REST"}],"circlet_count":0,"master_deck":["Strike_G+1","Strike_G","Strike_G","Strike_G","Defend_G","Defend_G+1","Defend_G","Defend_G+1","Defend_G","Survivor","Neutralize","Phantasmal Killer+1","Backstab","Leg Sweep+1","Dagger Spray","All Out Attack","Dash","Backflip","Flying Knee","Night Terror","Sucker Punch","Sadistic Nature","Shame","Flying Knee+1"],"relics":["Ring of the Snake","StoneCalendar","Regal Pillow","Tiny House","Molten Egg 2"],"acts_visited":["Exordium","TheCity"],"potions_floor_usage":[10,16,16,18,24,24],"damage_taken":[{"damage":7,"enemies":"Jaw Worm","floor":1,"turns":4},{"damage":2,"enemies":"Small Slimes","floor":3,"turns":3},{"damage":0,"enemies":"2 Louse","floor":4,"turns":4},{"damage":4,"enemies":"Exordium Thugs","floor":7,"turns":4},{"damage":12,"enemies":"Lagavulin","floor":10,"turns":7},{"damage":9,"enemies":"Blue Slaver","floor":13,"turns":3},{"damage":5,"enemies":"Red Slaver","floor":14,"turns":2},{"damage":33,"enemies":"The Guardian","floor":16,"turns":9},{"damage":11,"enemies":"2 Thieves","floor":18,"turns":3},{"damage":16,"enemies":"Chosen","floor":21,"turns":6},{"damage":73,"enemies":"Gremlin Leader","floor":24,"turns":5}],"seed_played":"269775963833173751","potions_obtained":[{"floor":1,"key":"Fire Potion"},{"floor":13,"key":"Swift Potion"},{"floor":14,"key":"PowerPotion"},{"floor":16,"key":"LiquidMemories"},{"floor":17,"key":"Explosive Potion"},{"floor":18,"key":"Swift Potion"}],"is_trial":false,"path_per_floor":["M","?","M","M","?","R","M","R","T","E","?","?","M","M","R","B",null,"M","$","?","M","?","R","E"],"character_chosen":"THE_SILENT","items_purchased":["Sadistic Nature"],"campfire_rested":2,"item_purchase_floors":[19],"current_hp_per_floor":[56,49,47,47,34,34,30,30,30,18,33,38,29,24,59,26,63,52,52,52,36,36,72,0,0],"gold":197,"neow_bonus":"THREE_RARE_CARDS","is_daily":false,"chose_seed":false,"campfire_upgraded":2,"win_rate":0.0,"timestamp":1609085872,"path_taken":["M","?","M","M","?","R","M","R","T","E","?","?","M","?","R","BOSS","M","$","?","M","?","R","E"],"items_purchased_type":["Card"],"build_version":"2020-12-22","purchased_purges":1,"victory":false,"max_hp_per_floor":[63,63,63,63,63,63,63,63,63,63,63,68,68,68,68,68,73,73,73,73,73,73,73,73,73],"card_choices":[{"not_picked":["Doppelganger","Burst"],"picked":"Phantasmal Killer","floor":0},{"not_picked":["Backflip","Deflect"],"picked":"Backstab","floor":1},{"not_picked":["PiercingWail","Choke"],"picked":"Leg Sweep","floor":3},{"not_picked":["Poisoned Stab","After Image"],"picked":"Dagger Spray","floor":4},{"not_picked":["Predator","Poisoned Stab"],"picked":"All Out Attack","floor":7},{"not_picked":["PiercingWail","Noxious Fumes"],"picked":"Dash","floor":10},{"not_picked":["Choke","Accuracy"],"picked":"Backflip","floor":13},{"not_picked":["Prepared","Acrobatics"],"picked":"Flying Knee","floor":14},{"not_picked":["A Thousand Cuts","Envenom"],"picked":"Night Terror","floor":16},{"not_picked":["Backflip","Deflect"],"picked":"Sucker Punch","floor":17},{"not_picked":["Noxious Fumes","Bane","Expertise"],"picked":"SKIP","floor":18},{"not_picked":["Deflect+1","Acrobatics+1"],"picked":"Flying Knee+1","floor":21}],"player_experience":771251,"relics_obtained":[{"floor":10,"key":"Regal Pillow"}],"event_choices":[{"damage_healed":0,"gold_gain":0,"player_choice":"Success","damage_taken":7,"relics_obtained":["StoneCalendar"],"max_hp_gain":0,"max_hp_loss":0,"event_name":"Scrap Ooze","floor":2,"gold_loss":0},{"damage_healed":0,"gold_gain":0,"player_choice":"Entered Light","damage_taken":13,"max_hp_gain":0,"max_hp_loss":0,"event_name":"Shining Light","floor":5,"gold_loss":0,"cards_upgraded":["Defend_G","Strike_G"]},{"damage_healed":15,"gold_gain":0,"player_choice":"Healed","damage_taken":0,"max_hp_gain":0,"max_hp_loss":0,"event_name":"The Cleric","floor":11,"gold_loss":35},{"damage_healed":0,"gold_gain":0,"player_choice":"Donut","damage_taken":0,"max_hp_gain":5,"max_hp_loss":0,"event_name":"Big Fish","floor":12,"gold_loss":0},{"damage_healed":0,"gold_gain":0,"player_choice":"Stole Relic","damage_taken":0,"relics_obtained":["Molten Egg 2"],"max_hp_gain":0,"max_hp_loss":0,"event_name":"Addict","floor":20,"gold_loss":0,"cards_obtained":["Shame"]},{"damage_healed":0,"gold_gain":100,"player_choice":"Pray","damage_taken":0,"max_hp_gain":0,"max_hp_loss":0,"event_name":"Golden Shrine","floor":22,"gold_loss":0}],"is_beta":false,"boss_relics":[{"not_picked":["WristBlade","HoveringKite"],"picked":"Tiny House"}],"items_purged_floors":[19],"is_endless":false,"potions_floor_spawned":[1,13,14,16,18],"killed_by":"Gremlin Leader","ascension_level":5}}