{"host":"gk9qdtkqd8dwfeg2","time":1609074464,"event":{"mods":["Aspiration","BaseMod","Colored Powertips","KomeijiMod","Minty Spire (QoL Compilation)","Quick Restart","Replay The Spire","Shop Mod","StSLib","TestMod","The Gatherer","The Servant 0.9.4","Waifu the Spire","WarShipGirlsR/战舰少女R mod","Yuri Mod","【功能Mod】聪明的最终Boss"],"gold_per_floor":[115,40,51,51,51,81,81,116,116,130,130,163,173,173,173,269,269,289,304,320,320,320,320,352,352,379,137,151,54,83,99,99,194,194,212,231,231,231,251,251,251],"floor_reached":40,"playtime":1584,"items_purged":["yuri:yuriStrike","yuri:yuriStrike"],"score":544,"play_id":"d609c572-e4f8-48e8-82d8-1ed1facdaa85","local_time":"20201227210744","is_ascension_mode":false,"campfire_choices":[{"data":"yuri:MultiDip","floor":7.0,"key":"SMITH"},{"data":"yuri:yuriStab","floor":15.0,"key":"SMITH"},{"data":"yuri:DragonForm","floor":23.0,"key":"SMITH"},{"data":"Adrenaline","floor":25.0,"key":"SMITH"},{"data":"yuri:UntestedCode","floor":32.0,"key":"SMITH"}],"circlet_count":0,"master_deck":["yuri:yuriStrike","yuri:yuriStrike","yuri:yuriDefend","yuri:yuriDefend","yuri:yuriDefend","yuri:yuriDefend","yuri:Oolong","yuri:yuriStab+1","yuri:MultiDip+1","yuri:yuriQuickStrike","yuri:SeeingDouble","yuri:BookRed","yuri:BookBlue","yuri:DebugCard","yuri:Stalk","yuri:DragonForm+1","KillingDoll","yuri:BookRed","yuri:GrowingInsanity","yuri:UntestedCode+1","Adrenaline+1","rmod:abidefaith","yuri:BookPurple","DemonsDinnerFork","ReplayTheSpireMod:Brewmster","Abandon","Confused"],"relics":["yuri:yuriKnife","testmod-TestBox","testmod-HeartOfDaVinci","NeowsBlessing","Mercury Hourglass","ReplayTheSpireMod:Ninjato","Meat on the Bone","SplendidAttire","PrismaticShard","Gremlin Food","MerchantsRug","Pen Nib","Busted Crown"],"acts_visited":["Exordium","TheCity","TheBeyond"],"potions_floor_usage":[40,40,40,40],"damage_taken":[{"damage":0.0,"enemies":"Jaw Worm","floor":1.0,"turns":1.0},{"damage":0.0,"enemies":"2 Louse","floor":3.0,"turns":1.0},{"damage":0.0,"enemies":"Replay:BlueRogue","floor":6.0,"turns":1.0},{"damage":12.0,"enemies":"3 Sentries","floor":8.0,"turns":5.0},{"damage":0.0,"enemies":"Cultist","floor":10.0,"turns":2.0},{"damage":27.0,"enemies":"Lagavulin","floor":12.0,"turns":4.0},{"damage":0.0,"enemies":"Exordium Wildlife","floor":13.0,"turns":1.0},{"damage":52.0,"enemies":"Fading Forest","floor":16.0,"turns":11.0},{"damage":0.0,"enemies":"Chosen","floor":18.0,"turns":4.0},{"damage":5.0,"enemies":"Shell Parasite","floor":19.0,"turns":3.0},{"damage":7.0,"enemies":"Chosen and Byrds","floor":20.0,"turns":4.0},{"damage":0.0,"enemies":"Book of Stabbing","floor":24.0,"turns":2.0},{"damage":23.0,"enemies":"Shelled Parasite and Fungi","floor":28.0,"turns":4.0},{"damage":12.0,"enemies":"Replay:Snechameleon","floor":30.0,"turns":2.0},{"damage":0.0,"enemies":"Snecko","floor":31.0,"turns":3.0},{"damage":13.0,"enemies":"Champ","floor":33.0,"turns":4.0},{"damage":10.0,"enemies":"Orb Walker","floor":35.0,"turns":4.0},{"damage":27.0,"enemies":"3 Shapes","floor":36.0,"turns":4.0},{"damage":62.0,"enemies":"Jaw Worm Horde","floor":39.0,"turns":6.0},{"damage":43,"enemies":"Reptomancer","floor":40,"turns":4}],"seed_played":"3543197279195950889","potions_obtained":[{"floor":1.0,"key":"Swift Potion"},{"floor":6.0,"key":"BlessingOfTheForge"},{"floor":8.0,"key":"SteroidPotion"},{"floor":13.0,"key":"Energy Potion"},{"floor":18.0,"key":"Swift Potion"},{"floor":35.0,"key":"Cursed Concoction"}],"is_trial":false,"path_per_floor":["M","$","M","?","$","E","R","E","T","M","?","E","M","?","R","B",null,"M","M","M","?","?","R","E","R","T","$","M","$","E","M","R","B",null,"M","M","?","?","M","E"],"character_chosen":"YURI","items_purchased":["MerchantsRug","yuri:BookPurple","ExcitationPotion"],"campfire_rested":0,"item_purchase_floors":[27,27,29],"current_hp_per_floor":[80,80,80,73,73,73,73,65,65,69,69,48,48,48,48,25,80,80,75,73,73,65,65,65,65,65,65,48,48,48,51,51,47,80,78,60,60,60,20,0,0],"gold":251,"neow_bonus":"THREE_ENEMY_KILL","is_daily":false,"chose_seed":false,"campfire_upgraded":5,"win_rate":0.0,"timestamp":1609074464,"path_taken":["M","$","M","?","$","E","R","E","T","M","?","E","M","?","R","BOSS","M","M","?","?","?","R","E","R","T","$","M","?","E","M","R","BOSS","M","M","?","?","M","E"],"items_purchased_type":["Relic","Card","Potion"],"build_version":"2020-12-22","purchased_purges":2,"victory":false,"max_hp_per_floor":[80,80,80,80,80,80,80,80,80,80,80,80,80,80,80,80,80,80,80,80,80,80,80,80,80,80,80,80,80,80,80,80,80,80,80,80,80,80,80,80,80],"card_choices":[{"not_picked":["yuri:Stalk","yuri:MPose"],"picked":"yuri:MultiDip","floor":1.0},{"not_picked":["yuri:Skip","yuri:NerfBat"],"picked":"yuri:yuriQuickStrike","floor":3.0},{"not_picked":["yuri:BookPurple","yuri:GrowingInsanity"],"picked":"yuri:SeeingDouble","floor":6.0},{"not_picked":["yuri:Parry","yuri:CorruptHitbox"],"picked":"yuri:BookRed","floor":8.0},{"not_picked":["yuri:ThrowBook","yuri:TPose","yuri:ThrowingKnives"],"picked":"SKIP","floor":10.0},{"not_picked":["yuri:Skip","yuri:JumpScare"],"picked":"yuri:DebugCard","floor":12.0},{"not_picked":["yuri:CalmingAura","yuri:RecklessStrike"],"picked":"yuri:Stalk","floor":13.0},{"not_picked":["yuri:ExploitStrike","yuri:Torment"],"picked":"yuri:DragonForm","floor":16.0},{"not_picked":["yuri:InsanityDefense","yuri:ReloadGame"],"picked":"yuri:BookRed","floor":18.0},{"not_picked":["yuri:SelfHarm","yuri:Spin"],"picked":"yuri:GrowingInsanity","floor":19.0},{"not_picked":["yuri:DebugCard","yuri:GlitchedStrike+1"],"picked":"yuri:UntestedCode","floor":20.0},{"not_picked":["Bane+1","Consecrate","FollowUp+1"],"picked":"SKIP","floor":24.0},{"not_picked":["Gatherer:WoolGloves+1","Duplication","Gatherer:CarefulStrike+1"],"picked":"SKIP","floor":28.0},{"not_picked":["Gatherer:FragileHammer","SashWhip"],"picked":"DemonsDinnerFork","floor":30.0},{"not_picked":["Hemogenesis","BodyStrengthen","yuri:yuriHeavyStrike"],"picked":"SKIP","floor":31.0},{"not_picked":["Gatherer:ScrollOfPurity","MasterReality"],"picked":"ReplayTheSpireMod:Brewmster","floor":33.0},{"not_picked":[],"picked":"Abandon","floor":35.0},{"not_picked":["Outmaneuver"],"picked":"SKIP","floor":36.0},{"not_picked":["Gatherer:TacticalStrike+1"],"picked":"SKIP","floor":39.0}],"player_experience":577765,"relics_obtained":[{"floor":6.0,"key":"Mercury Hourglass"},{"floor":8.0,"key":"ReplayTheSpireMod:Ninjato"},{"floor":12.0,"key":"Meat on the Bone"},{"floor":22.0,"key":"PrismaticShard"},{"floor":24.0,"key":"Gremlin Food"},{"floor":26.0,"key":"rmod:extraamm"},{"floor":30.0,"key":"Pen Nib"}],"event_choices":[{"cards_removed":["yuri:yuriStrike"],"damage_healed":0.0,"max_hp_gain":0.0,"max_hp_loss":0.0,"gold_gain":0.0,"event_name":"Golden Wing","player_choice":"Card Removal","floor":4.0,"gold_loss":0.0,"damage_taken":7.0},{"damage_healed":0.0,"max_hp_gain":0.0,"max_hp_loss":0.0,"gold_gain":0.0,"cards_transformed":["yuri:yuriDefend"],"event_name":"Living Wall","player_choice":"Change","floor":11.0,"gold_loss":0.0,"damage_taken":0.0,"cards_obtained":["yuri:BookBlue"]},{"damage_healed":0.0,"max_hp_gain":0.0,"max_hp_loss":0.0,"gold_gain":0.0,"event_name":"The Woman in Blue","player_choice":"Bought 0 Potions","floor":14.0,"gold_loss":0.0,"damage_taken":0.0},{"damage_healed":0.0,"max_hp_gain":0.0,"max_hp_loss":0.0,"gold_gain":0.0,"event_name":"The Mausoleum","player_choice":"Opened","floor":21.0,"gold_loss":0.0,"damage_taken":0.0,"relics_obtained":["Snake Skull"]}],"is_beta":false,"boss_relics":[{"not_picked":["testmod-IncinerationGenerator","Replay:Wanted Poster"],"picked":"SplendidAttire"},{"not_picked":["Mark of Pain","testmod-BatchProcessingSystem"],"picked":"Busted Crown"}],"items_purged_floors":[2,27],"is_endless":false,"potions_floor_spawned":[1,6,8,10,13,18,19,20,31,35],"killed_by":"Reptomancer","ascension_level":0}}