{"host":"tqwl84lmv2x2hgjr","time":1609089284,"event":{"mods":["ATMod(∞¢Ë™Mod)","Act Like it!","BaseMod","Better Third Choice","Curses Come First","Gensokyo","GungeonMod","Hermit","Luminous","Marisa£®ÏF”Í°°ƒß¿Ì…≥£©","Minty Spire (QoL Compilation)","Reimu£®≤©¿ˆ¡È√Œ£©","Replay The Spire","Spicy Shops","StSLib","The Cursed","The Hierophant","The Servant 0.9.4","TheWitcher","Yakumo Yukari mod","°æ“≈ŒÔø®≈∆°øREMEMod"],"gold_per_floor":[118,218,16,36,36,50,14,14,14,29,39,59,59,69,69,164,164,184,184,194,208,208,260,260,322,322,322,322,322,382,427,427,552,552,688,739,784,227,227,263,348,348,348,385,425,514,666,703,703,753],"floor_reached":51,"playtime":7143,"items_purged":["ReplayTheSpireMod:Splinters","Strike_Lin:ReiMu"],"score":807,"play_id":"9ab80d4a-c4a4-4090-82d6-de2b6efc1cc6","local_time":"20201227121444","is_ascension_mode":true,"campfire_choices":[{"data":"Conquer:ReiMu","floor":8.0,"key":"SMITH"},{"data":"SpreadBorder2:ReiMu","floor":13.0,"key":"SMITH"},{"data":"UniversalSpiritual:ReiMu","floor":15.0,"key":"SMITH"},{"data":"HakureiPhantom:ReiMu","floor":24,"key":"SMITH"},{"data":"OctopathSalyBorderN:ReiMu","floor":27,"key":"SMITH"},{"data":"Apotheosis","floor":29,"key":"SMITH"},{"data":"InherentArray:ReiMu","floor":32,"key":"SMITH"},{"floor":42,"key":"RECALL"}],"circlet_count":0,"master_deck":["Strike_Lin:ReiMu","Defend_Lin:ReiMu","Defend_Lin:ReiMu","Defend_Lin:ReiMu","Defend_Lin:ReiMu","NB:ReiMu","Stagnation:ReiMu","Dreaming2:ReiMu","AT_FamilyPortrait+1","Core Surge+1","Conquer:ReiMu+1","SpiritualOutbreak2:ReiMu","SpreadBorder2:ReiMu+1","Amulet:ReiMu","Gathering:ReiMu","UniversalSpiritual:ReiMu+1","CleanRite:ReiMu","Conquer:ReiMu","HakureiPhantom:ReiMu+1","OctopathBindingBorder2:ReiMu","OctopathSalyBorderN:ReiMu+1","Apotheosis+1","SpreadBorder2:ReiMu","InherentArray:ReiMu+1","RainPray2:ReiMu","TightArray:ReiMu+1","RainPray2:ReiMu+1","NineCharacters:ReiMu+1","RainPray2:ReiMu","FantasyBorder:ReiMu","REME_TwoStrings","EmergencyTakeOff:ReiMu","YinYangSange:ReiMu+1","Conquer:ReiMu+1","YinYang:ReiMu","OrbThrow:ReiMu+1","OrbThrow:ReiMu+1","SpiritualOutbreak2:ReiMu","Amulet:ReiMu"],"relics":["ShineYinYang:ReiMu","AT_ATBox","REME_ComplimentaryCards","Membership Card","DemoMod:GnawedKey","Guide Book","Eternal Feather","Coffee Dripper","AT_MibuBalloonWealth","Simple Rune","DemoMod:Orange","Replay:Grab Bag","Fusion Hammer","Philosopher\u0027s Stone","Empty Cage","REME_HandOfSuture","Centennial Puzzle","HandDrill","Darkstone Periapt","Snack Pack","Replay:Arrowhead"],"acts_visited":["Exordium","TheCity","TheBeyond"],"potions_floor_usage":[23,23,25,30,31,47,47,50,50],"damage_taken":[{"damage":0.0,"enemies":"2 Louse","floor":1.0,"turns":1.0},{"damage":0.0,"enemies":"Cultist","floor":4.0,"turns":3.0},{"damage":0.0,"enemies":"Small Slimes","floor":6.0,"turns":3.0},{"damage":4.0,"enemies":"Red Slaver","floor":10.0,"turns":2.0},{"damage":0.0,"enemies":"Exordium Thugs","floor":11.0,"turns":2.0},{"damage":1.0,"enemies":"Looter","floor":12.0,"turns":4.0},{"damage":0.0,"enemies":"3 Louse","floor":14.0,"turns":1.0},{"damage":1.0,"enemies":"Fading Forest","floor":16.0,"turns":11.0},{"damage":0.0,"enemies":"Shell Parasite","floor":18.0,"turns":7.0},{"damage":6.0,"enemies":"Spheric Guardian","floor":20.0,"turns":4.0},{"damage":2.0,"enemies":"Snecko","floor":21.0,"turns":5.0},{"damage":25,"enemies":"Replay:Snechameleon","floor":23,"turns":5},{"damage":0,"enemies":"Cultist and Chosen","floor":25,"turns":4},{"damage":0,"enemies":"Centurion and Healer","floor":30,"turns":4},{"damage":0,"enemies":"Snake Plant","floor":31,"turns":3},{"damage":10,"enemies":"Champ","floor":33,"turns":11},{"damage":17,"enemies":"3 Darklings","floor":35,"turns":4},{"damage":0,"enemies":"Orb Walker","floor":37,"turns":5},{"damage":10,"enemies":"Writhing Mass","floor":40,"turns":5},{"damage":0,"enemies":"Sphere and 2 Shapes","floor":41,"turns":6},{"damage":4,"enemies":"Maw","floor":44,"turns":6},{"damage":2,"enemies":"Transient","floor":45,"turns":5},{"damage":6,"enemies":"Sphere and 2 Shapes","floor":46,"turns":3},{"damage":8,"enemies":"Reptomancer","floor":47,"turns":4},{"damage":3,"enemies":"Spire Growth","floor":48,"turns":5},{"damage":14,"enemies":"Donu and Deca","floor":50,"turns":7}],"seed_played":"7280743224342757323","potions_obtained":[{"floor":1.0,"key":"Dexterity Potion"},{"floor":4.0,"key":"Explosive Potion"},{"floor":10.0,"key":"ColorlessPotion"},{"floor":18.0,"key":"DuplicationPotion"},{"floor":23,"key":"ZuzhouPotion:ReiMu"},{"floor":25,"key":"FearPotion"},{"floor":30,"key":"SteroidPotion"},{"floor":35,"key":"Venom Potion"},{"floor":36,"key":"HakureiPotion:ReiMu"},{"floor":40,"key":"SteroidPotion"},{"floor":48,"key":"BottledKami:ReiMu"}],"is_trial":false,"path_per_floor":["M","?","$","M","?","M","$","R","T","M","M","M","R","M","R","B",null,"M","?","M","M","?","E","R","M","T","R","?","R","M","M","R","B",null,"M","?","M","$","?","M","M","R","T","M","M","M","E","M","R","B",null],"character_chosen":"REIMU","items_purchased":["Membership Card","DemoMod:GnawedKey","Guide Book","NineCharacters:ReiMu+1","Centennial Puzzle","HandDrill","RainPray2:ReiMu","Darkstone Periapt","FantasyBorder:ReiMu","REME_TwoStrings"],"campfire_rested":0,"item_purchase_floors":[3,3,7,38,38,38,38,38,38,38],"current_hp_per_floor":[65,65,65,65,59,59,59,59,59,55,55,54,63,63,65,64,65,65,54,48,46,46,21,33,33,45,57,57,72,72,72,82,72,82,65,65,65,65,65,58,58,76,76,74,84,78,72,69,85,71],"gold":753,"neow_bonus":"THREE_CARDS","is_daily":false,"chose_seed":false,"campfire_upgraded":7,"win_rate":0.0,"timestamp":1609089284,"path_taken":["M","?","$","?","?","?","?","R","T","M","M","M","R","M","R","BOSS","M","?","M","M","?","E","R","?","T","R","?","R","M","M","R","BOSS","M","?","M","$","?","M","M","R","T","M","?","M","E","M","R","BOSS"],"items_purchased_type":["Relic","Relic","Relic","Card","Relic","Relic","Card","Relic","Card","Card"],"build_version":"2020-12-22","purchased_purges":2,"victory":true,"max_hp_per_floor":[65,65,65,65,65,65,65,65,65,65,65,65,65,65,65,65,65,65,70,70,70,70,70,70,70,82,82,82,82,82,82,82,82,82,82,82,82,82,82,85,85,85,85,85,85,85,85,85,85,85],"card_choices":[{"not_picked":["Enchanting:ReiMu","EmergencyTakeOff:ReiMu"],"picked":"Dreaming2:ReiMu","floor":0.0},{"not_picked":["Dreaming2:ReiMu","Enchanting:ReiMu"],"picked":"Conquer:ReiMu","floor":1.0},{"not_picked":["Meditation:ReiMu","Enchanting:ReiMu"],"picked":"SpiritualOutbreak2:ReiMu","floor":4.0},{"not_picked":["CareerPray:ReiMu","Enchanting:ReiMu","FantasyMoon:ReiMu"],"picked":"SKIP","floor":6.0},{"not_picked":["LovePray:ReiMu","Meditation:ReiMu"],"picked":"SpreadBorder2:ReiMu","floor":10.0},{"not_picked":["YinYangSign:ReiMu","SpiritualOutbreak2:ReiMu"],"picked":"Amulet:ReiMu","floor":11.0},{"not_picked":["Conquer:ReiMu","OrbThrow:ReiMu"],"picked":"Gathering:ReiMu","floor":12.0},{"not_picked":["Enchanting:ReiMu","BlastKick2:ReiMu"],"picked":"UniversalSpiritual:ReiMu","floor":14.0},{"not_picked":["KamiRite:ReiMu","CeremonyResonance:ReiMu"],"picked":"CleanRite:ReiMu","floor":16.0},{"not_picked":["SafetyPray:ReiMu","SpringWay:ReiMu"],"picked":"Conquer:ReiMu","floor":18.0},{"not_picked":["UpKicking:ReiMu","OrbThrow:ReiMu"],"picked":"HakureiPhantom:ReiMu","floor":20.0},{"not_picked":["Gathering:ReiMu","CollectionFlower2:ReiMu"],"picked":"OctopathBindingBorder2:ReiMu","floor":21.0},{"not_picked":["SafetyPray:ReiMu","Intuition:ReiMu"],"picked":"OctopathSalyBorderN:ReiMu","floor":23},{"not_picked":["PhosphorusFlame:ReiMu+1","Intuition:ReiMu","AirStrike:ReiMu"],"picked":"SKIP","floor":25},{"not_picked":["PayForSelf:ReiMu","FantasyBorder:ReiMu+1"],"picked":"SpreadBorder2:ReiMu","floor":30},{"not_picked":["SpringWay:ReiMu","CareerPray:ReiMu"],"picked":"InherentArray:ReiMu","floor":31},{"not_picked":["AlertArray:ReiMu","Enchanting:ReiMu"],"picked":"RainPray2:ReiMu","floor":35},{"not_picked":["RainPray2:ReiMu","AirStrike:ReiMu"],"picked":"TightArray:ReiMu+1","floor":36},{"not_picked":["TightArray:ReiMu","TakeOff:ReiMu+1"],"picked":"RainPray2:ReiMu+1","floor":37},{"not_picked":["PayForSelf:ReiMu+1","OrbThrow:ReiMu"],"picked":"YinYangSange:ReiMu+1","floor":40},{"not_picked":["ShadowOfCrow2:ReiMu","AirStrike:ReiMu"],"picked":"Conquer:ReiMu+1","floor":41},{"not_picked":["Dreaming2:ReiMu+1","CareerPray:ReiMu"],"picked":"YinYang:ReiMu","floor":44},{"not_picked":["SpiritualOutbreak2:ReiMu","KamiRite:ReiMu"],"picked":"OrbThrow:ReiMu+1","floor":45},{"not_picked":["EmergencyTakeOff:ReiMu","CollectionFlower2:ReiMu"],"picked":"OrbThrow:ReiMu+1","floor":46},{"not_picked":["Amulet:ReiMu","WonderfulDomain:ReiMu"],"picked":"SpiritualOutbreak2:ReiMu","floor":47},{"not_picked":["SubAcupoint:ReiMu+1","AirStrike:ReiMu+1"],"picked":"Amulet:ReiMu","floor":48}],"player_experience":793194,"relics_obtained":[{"floor":9.0,"key":"Eternal Feather"},{"floor":22.0,"key":"AT_MibuBalloonWealth"},{"floor":23,"key":"Simple Rune"},{"floor":26,"key":"DemoMod:Orange"},{"floor":36,"key":"REME_HandOfSuture"},{"floor":43,"key":"Snack Pack"},{"floor":47,"key":"Replay:Arrowhead"}],"event_choices":[{"damage_healed":0.0,"max_hp_gain":0.0,"max_hp_loss":0.0,"gold_gain":100.0,"event_name":"Golden Shrine","player_choice":"Pray","floor":2.0,"gold_loss":0.0,"damage_taken":0.0},{"damage_healed":0.0,"max_hp_gain":0.0,"max_hp_loss":0.0,"gold_gain":0.0,"event_name":"Wheel of Change","player_choice":"Damaged","floor":5.0,"gold_loss":0.0,"damage_taken":6.0},{"damage_healed":0.0,"max_hp_gain":5.0,"max_hp_loss":0.0,"gold_gain":0.0,"event_name":"Forgotten Altar","player_choice":"Shed Blood","floor":19.0,"gold_loss":0.0,"damage_taken":16.0},{"damage_healed":0.0,"max_hp_gain":0.0,"max_hp_loss":0.0,"gold_gain":0.0,"event_name":"Wheel of Change","player_choice":"Relic","floor":22.0,"gold_loss":0.0,"damage_taken":0.0},{"damage_healed":0,"gold_gain":0,"player_choice":"1 cards matched","damage_taken":0,"max_hp_gain":0,"max_hp_loss":0,"event_name":"Match and Keep!","floor":39,"gold_loss":0,"cards_obtained":["EmergencyTakeOff:ReiMu"]}],"is_beta":false,"boss_relics":[{"not_picked":["DonationBox:ReiMu","REME_DemonsWealth"],"picked":"Coffee Dripper"},{"not_picked":["SacredBark","Replay:Ancient Bell"],"picked":"Replay:Grab Bag"},{"not_picked":["Busted Crown","SlaversCollar"],"picked":"Fusion Hammer"},{"not_picked":["Cursed Key","Sozu"],"picked":"Philosopher\u0027s Stone"},{"not_picked":["REME_DuelDisc","Astrolabe"],"picked":"Empty Cage"},{"not_picked":["Snecko Eye","CrownOfHeavens:ReiMu"],"picked":"ShineYinYang:ReiMu"}],"items_purged_floors":[38,38],"is_endless":false,"potions_floor_spawned":[1,4,10,16,18,23,25,30,35,40,45,48],"ascension_level":1}}