{"host":"vumwfieg2b2mnrfl","time":1609028930,"event":{"mods":["AchievementEnabler","BaseMod","Minty Spire (QoL Compilation)","Rare Cards Sparkle","Relic Stats"],"gold_per_floor":[117,134,209,223,71,71,105,105,105,130,130,130,164,189,201,213,213],"floor_reached":16,"playtime":485,"items_purged":[],"score":207,"play_id":"2abc1bfc-b1a9-4466-930a-99f233369b7c","local_time":"20201226182850","is_ascension_mode":true,"campfire_choices":[{"data":"Uppercut","floor":6.0,"key":"SMITH"},{"floor":8.0,"key":"REST"},{"data":"Bash","floor":11.0,"key":"SMITH"},{"floor":15.0,"key":"REST"}],"circlet_count":0,"master_deck":["AscendersBane","Strike_R","Strike_R","Strike_R","Strike_R","Strike_R","Defend_R","Defend_R","Defend_R","Defend_R","Bash+1","Panache","Uppercut+1","Ghostly Armor","Sword Boomerang","Pommel Strike","Armaments","Carnage"],"relics":["Burning Blood","Sling","White Beast Statue","Paper Frog","Question Card","MawBank"],"acts_visited":["Exordium"],"potions_floor_usage":[16],"damage_taken":[{"damage":11.0,"enemies":"2 Louse","floor":1.0,"turns":2.0},{"damage":4.0,"enemies":"Jaw Worm","floor":2.0,"turns":3.0},{"damage":11.0,"enemies":"Small Slimes","floor":4.0,"turns":3.0},{"damage":24.0,"enemies":"Gremlin Nob","floor":7.0,"turns":4.0},{"damage":15.0,"enemies":"Lagavulin","floor":10.0,"turns":5.0},{"damage":30.0,"enemies":"3 Sentries","floor":13.0,"turns":8.0},{"damage":3.0,"enemies":"Looter","floor":14.0,"turns":3.0},{"damage":52,"enemies":"Slime Boss","floor":16,"turns":11}],"seed_played":"3535109911996729111","potions_obtained":[{"floor":2.0,"key":"Swift Potion"},{"floor":10.0,"key":"LiquidBronze"},{"floor":13.0,"key":"SneckoOil"}],"is_trial":false,"path_per_floor":["M","M","?","M","$","R","E","R","T","E","R","$","E","M","R","B"],"character_chosen":"IRONCLAD","items_purchased":["Sling"],"campfire_rested":2,"item_purchase_floors":[5],"current_hp_per_floor":[63,65,54,49,49,49,31,51,51,42,42,42,18,21,41,0,0],"gold":213,"neow_bonus":"RANDOM_COLORLESS_2","is_daily":false,"chose_seed":false,"campfire_upgraded":2,"win_rate":0.0,"timestamp":1609028930,"path_taken":["M","M","?","M","$","R","E","R","T","E","R","$","E","M","R","BOSS"],"items_purchased_type":["Relic"],"build_version":"2020-12-22","purchased_purges":0,"victory":false,"max_hp_per_floor":[68,68,68,68,68,68,68,68,68,68,68,68,68,68,68,68,68],"relic_stats":{"counters":[8,39],"Question Card":2,"MawBank":36,"obtain_stats":[{"Sling":5,"Question Card":10,"MawBank":13,"Burning Blood":0,"White Beast Statue":7,"Paper Frog":9},{"Sling":3,"Question Card":5,"MawBank":6,"Burning Blood":0,"White Beast Statue":4,"Paper Frog":4},{"Sling":8,"Question Card":17,"MawBank":25,"Burning Blood":0,"White Beast Statue":12,"Paper Frog":12}],"Burning Blood":42},"card_choices":[{"not_picked":["Sadistic Nature","Secret Technique"],"picked":"Panache","floor":0.0},{"not_picked":["Hemokinesis","Headbutt"],"picked":"Uppercut","floor":1.0},{"not_picked":["Clothesline","Searing Blow"],"picked":"Ghostly Armor","floor":2.0},{"not_picked":["True Grit","Warcry"],"picked":"Sword Boomerang","floor":4.0},{"not_picked":["Dark Embrace","Warcry","Clash"],"picked":"SKIP","floor":7.0},{"not_picked":["Anger","Clash"],"picked":"Pommel Strike","floor":10.0},{"not_picked":["True Grit","Dropkick","Shockwave"],"picked":"Armaments","floor":13.0},{"not_picked":["Wild Strike","Disarm","Combust"],"picked":"Carnage","floor":14.0}],"player_experience":315285,"relics_obtained":[{"floor":7.0,"key":"White Beast Statue"},{"floor":9.0,"key":"Paper Frog"},{"floor":10.0,"key":"Question Card"},{"floor":13.0,"key":"MawBank"}],"event_choices":[{"damage_healed":0.0,"max_hp_gain":0.0,"max_hp_loss":0.0,"gold_gain":75.0,"event_name":"World of Goop","player_choice":"Gather Gold","floor":3.0,"gold_loss":0.0,"damage_taken":11.0}],"is_beta":false,"boss_relics":[],"items_purged_floors":[],"is_endless":false,"potions_floor_spawned":[2,10,13,14],"killed_by":"Slime Boss","ascension_level":15}}