{"host":"31s8hzukbhz1k6i6","time":1609027621,"event":{"mods":["BaseMod","Colored Map","Minty Spire (QoL Compilation)","Relic Stats","UnlockEverythingMod"],"gold_per_floor":[118,118,118,138,60,60,85,97,142,142,175,191,191,210,210,306,306,306,256,256,256,19,19,19,19,19,19,19,19,19,19,19,19,19,19,19,19,19,19,19,19,19,19,19,19,19,19,19,19,19,19,19,19,19,19],"floor_reached":56,"playtime":1999,"items_purged":[],"score":1566,"play_id":"af0821c0-1345-459d-bc11-1c90ff1360e0","local_time":"20201226160701","is_ascension_mode":true,"campfire_choices":[{"data":"Whirlwind","floor":6.0,"key":"SMITH"},{"data":"Pommel Strike","floor":10.0,"key":"SMITH"},{"data":"Metallicize","floor":13.0,"key":"SMITH"},{"data":"Thunderclap","floor":15.0,"key":"SMITH"},{"data":"Fiend Fire","floor":25,"key":"SMITH"},{"data":"Dark Embrace","floor":28,"key":"SMITH"},{"data":"Shockwave","floor":32,"key":"SMITH"},{"data":"Corruption","floor":40,"key":"SMITH"},{"floor":44,"key":"REST"},{"floor":47,"key":"RECALL"},{"data":"Uppercut","floor":49,"key":"SMITH"},{"floor":52,"key":"REST"}],"circlet_count":0,"master_deck":["Strike_R","Strike_R","Defend_R+1","Defend_R","Defend_R","Bash+1","Pommel Strike+1","Metallicize+1","Whirlwind+1","Thunderclap+1","Fiend Fire+1","Uppercut+1","Dark Embrace+1","Shockwave+1","Spot Weakness+1","Warcry+1","Metallicize+1","Corruption+1","Feel No Pain+1","Shrug It Off+1","Headbutt+1","Intimidate+1","Whirlwind+1","Flame Barrier+1","Exhume+1","Seeing Red+1","True Grit+1","Pommel Strike+1","Spot Weakness+1"],"relics":["Burning Blood","NeowsBlessing","Orichalcum","Regal Pillow","Mummified Hand","Ectoplasm","Akabeko","Toxic Egg 2","Meat on the Bone","Astrolabe","Red Skull","Pear","Pocketwatch","Bag of Marbles"],"acts_visited":["Exordium","TheCity","TheBeyond","TheEnding"],"potions_floor_usage":[31,33,42,50,55,55],"damage_taken":[{"damage":0.0,"enemies":"2 Louse","floor":1.0,"turns":1.0},{"damage":0.0,"enemies":"Small Slimes","floor":4.0,"turns":1.0},{"damage":0.0,"enemies":"3 Sentries","floor":7.0,"turns":2.0},{"damage":0.0,"enemies":"Cultist","floor":8.0,"turns":3.0},{"damage":18.0,"enemies":"Gremlin Nob","floor":11.0,"turns":5.0},{"damage":0.0,"enemies":"Gremlin Gang","floor":12.0,"turns":2.0},{"damage":2.0,"enemies":"Red Slaver","floor":14.0,"turns":2.0},{"damage":44.0,"enemies":"Hexaghost","floor":16.0,"turns":9.0},{"damage":6.0,"enemies":"Chosen","floor":18.0,"turns":3.0},{"damage":10,"enemies":"Shell Parasite","floor":20,"turns":4},{"damage":9,"enemies":"Snecko","floor":21,"turns":5},{"damage":0,"enemies":"Slavers","floor":23,"turns":1},{"damage":11,"enemies":"Sentry and Sphere","floor":24,"turns":3},{"damage":0,"enemies":"Shelled Parasite and Fungi","floor":27,"turns":3},{"damage":9,"enemies":"Snake Plant","floor":29,"turns":3},{"damage":0,"enemies":"Snecko","floor":30,"turns":2},{"damage":0,"enemies":"Gremlin Leader","floor":31,"turns":3},{"damage":21,"enemies":"Collector","floor":33,"turns":7},{"damage":4,"enemies":"3 Shapes","floor":35,"turns":4},{"damage":0,"enemies":"Orb Walker","floor":37,"turns":3},{"damage":0,"enemies":"Jaw Worm Horde","floor":38,"turns":2},{"damage":2,"enemies":"Writhing Mass","floor":39,"turns":4},{"damage":3,"enemies":"Transient","floor":41,"turns":5},{"damage":47,"enemies":"Reptomancer","floor":42,"turns":6},{"damage":0,"enemies":"3 Darklings","floor":45,"turns":3},{"damage":23,"enemies":"Giant Head","floor":46,"turns":7},{"damage":12,"enemies":"Spire Growth","floor":48,"turns":5},{"damage":46,"enemies":"Time Eater","floor":50,"turns":8},{"damage":8,"enemies":"Shield and Spear","floor":54,"turns":4},{"damage":83,"enemies":"The Heart","floor":55,"turns":8}],"seed_played":"96601029585210358","potions_obtained":[{"floor":4.0,"key":"Dexterity Potion"},{"floor":8.0,"key":"Regen Potion"},{"floor":12.0,"key":"LiquidMemories"},{"floor":20,"key":"AttackPotion"},{"floor":33,"key":"DistilledChaos"},{"floor":35,"key":"SpeedPotion"},{"floor":42,"key":"SteroidPotion"},{"floor":48,"key":"Strength Potion"},{"floor":54,"key":"EssenceOfSteel"}],"is_trial":false,"path_per_floor":["M","?","?","M","$","R","E","M","T","R","E","M","R","M","R","B",null,"M","?","M","M","$","E","M","R","T","M","R","M","M","E","R","B",null,"M","$","M","M","M","R","M","E","T","R","M","E","R","M","R","B",null,"R","$","E","B",null],"character_chosen":"IRONCLAD","items_purchased":["Whirlwind","Shockwave","Akabeko"],"campfire_rested":2,"item_purchase_floors":[5,22,22],"current_hp_per_floor":[80,64,64,70,70,70,76,80,80,80,68,74,74,78,78,40,70,70,70,66,63,63,69,64,64,64,70,70,67,73,79,79,71,78,80,80,80,80,80,80,80,51,61,90,90,73,73,67,67,39,77,90,90,88,23],"gold":19,"neow_bonus":"THREE_ENEMY_KILL","is_daily":false,"chose_seed":false,"campfire_upgraded":9,"win_rate":0.0,"timestamp":1609027621,"path_taken":["M","?","?","M","$","R","E","?","T","R","E","?","R","M","R","BOSS","M","?","M","M","$","E","M","R","T","M","R","M","?","E","R","BOSS","M","$","M","?","M","R","M","E","T","R","?","E","R","M","R","BOSS","R","$","E","BOSS"],"items_purchased_type":["Card","Card","Relic"],"build_version":"2020-12-22","purchased_purges":0,"victory":true,"max_hp_per_floor":[80,80,80,80,80,80,80,80,80,80,80,80,80,80,80,80,80,80,80,80,80,80,80,80,80,80,80,80,80,80,80,80,80,80,80,80,80,80,80,80,80,80,90,90,90,90,90,90,90,90,90,90,90,90,90],"relic_stats":{"Regal Pillow":2,"counters":[30,118],"Mummified Hand":[71],"Astrolabe":["Feel No Pain","Shrug It Off","Headbutt"],"Ectoplasm":644,"Orichalcum":[282],"obtain_stats":[{"Regal Pillow":9,"Pear":43,"NeowsBlessing":0,"Astrolabe":34,"Orichalcum":7,"Burning Blood":0,"Akabeko":22,"Mummified Hand":11,"Ectoplasm":17,"Bag of Marbles":54,"Toxic Egg 2":23,"Red Skull":42,"Meat on the Bone":31,"Pocketwatch":46},{"Regal Pillow":4,"Pear":24,"NeowsBlessing":0,"Astrolabe":18,"Orichalcum":3,"Burning Blood":0,"Akabeko":11,"Mummified Hand":5,"Ectoplasm":8,"Bag of Marbles":29,"Toxic Egg 2":12,"Red Skull":24,"Meat on the Bone":17,"Pocketwatch":26},{"Regal Pillow":7,"Pear":83,"NeowsBlessing":0,"Astrolabe":59,"Orichalcum":4,"Burning Blood":0,"Akabeko":37,"Mummified Hand":12,"Ectoplasm":25,"Bag of Marbles":110,"Toxic Egg 2":38,"Red Skull":83,"Meat on the Bone":52,"Pocketwatch":93}],"Burning Blood":147,"Meat on the Bone":36,"Pocketwatch":[15]},"card_choices":[{"not_picked":["Headbutt","Anger"],"picked":"Pommel Strike","floor":1.0},{"not_picked":["Wild Strike","Sentinel","Perfected Strike"],"picked":"SKIP","floor":4.0},{"not_picked":["Cleave","Wild Strike","Hemokinesis"],"picked":"SKIP","floor":7.0},{"not_picked":["Second Wind","Armaments","Cleave"],"picked":"SKIP","floor":8.0},{"not_picked":["Perfected Strike","Warcry"],"picked":"Thunderclap","floor":11.0},{"not_picked":["Iron Wave","Bloodletting","Clothesline"],"picked":"SKIP","floor":12.0},{"not_picked":["Thunderclap","Exhume","Iron Wave"],"picked":"SKIP","floor":14.0},{"not_picked":["Exhume","Limit Break"],"picked":"Fiend Fire","floor":16.0},{"not_picked":["Thunderclap","Intimidate"],"picked":"Uppercut","floor":18.0},{"not_picked":["Thunderclap","Ghostly Armor"],"picked":"Dark Embrace","floor":20},{"not_picked":["Headbutt+1","Rampage","Power Through"],"picked":"SKIP","floor":21},{"not_picked":["Sever Soul+1","Pummel+1"],"picked":"Spot Weakness+1","floor":23},{"not_picked":["Twin Strike+1","Heavy Blade","Warcry+1"],"picked":"SKIP","floor":24},{"not_picked":["Twin Strike+1","Heavy Blade"],"picked":"Warcry+1","floor":24},{"not_picked":["Clash+1","Heavy Blade+1"],"picked":"Metallicize+1","floor":27},{"not_picked":["Clothesline","Twin Strike+1","Bludgeon"],"picked":"SKIP","floor":29},{"not_picked":["Inflame","Warcry+1","Havoc+1"],"picked":"SKIP","floor":30},{"not_picked":["Twin Strike","Combust","Perfected Strike"],"picked":"SKIP","floor":31},{"not_picked":["Feed","Berserk"],"picked":"Corruption","floor":33},{"not_picked":["Second Wind+1","Flex+1"],"picked":"Intimidate+1","floor":35},{"not_picked":["Headbutt+1","Inflame","Cleave"],"picked":"SKIP","floor":37},{"not_picked":["Headbutt+1","Inflame","Cleave"],"picked":"SKIP","floor":37},{"not_picked":["Pummel+1","Rampage"],"picked":"Whirlwind+1","floor":38},{"not_picked":["Brutality","Clothesline"],"picked":"Flame Barrier+1","floor":39},{"not_picked":["Headbutt+1","Clothesline+1","Armaments+1"],"picked":"SKIP","floor":41},{"not_picked":["Shockwave+1","Headbutt"],"picked":"Exhume+1","floor":42},{"not_picked":["Anger+1","Armaments+1"],"picked":"Seeing Red+1","floor":45},{"not_picked":["Combust+1","Heavy Blade"],"picked":"True Grit+1","floor":46},{"not_picked":["Inflame+1","Juggernaut"],"picked":"Pommel Strike+1","floor":48},{"not_picked":["Armaments+1","Pummel+1"],"picked":"Spot Weakness+1","floor":54}],"player_experience":22831,"relics_obtained":[{"floor":7.0,"key":"Orichalcum"},{"floor":9.0,"key":"Regal Pillow"},{"floor":11.0,"key":"Mummified Hand"},{"floor":23,"key":"Toxic Egg 2"},{"floor":31,"key":"Meat on the Bone"},{"floor":42,"key":"Red Skull"},{"floor":43,"key":"Pear"},{"floor":46,"key":"Pocketwatch"},{"floor":54,"key":"Bag of Marbles"}],"event_choices":[{"damage_healed":0.0,"max_hp_gain":0.0,"max_hp_loss":0.0,"gold_gain":0.0,"event_name":"Shining Light","player_choice":"Entered Light","floor":2.0,"gold_loss":0.0,"damage_taken":16.0,"cards_upgraded":["Defend_R","Bash"]},{"damage_healed":0.0,"max_hp_gain":0.0,"max_hp_loss":0.0,"gold_gain":0.0,"cards_transformed":["Defend_R"],"event_name":"Transmorgrifier","player_choice":"Transformed","floor":3.0,"gold_loss":0.0,"damage_taken":0.0,"cards_obtained":["Metallicize"]},{"damage_healed":0,"gold_gain":100,"player_choice":"Bet on Murderer","damage_taken":0,"max_hp_gain":0,"max_hp_loss":0,"event_name":"The Joust","floor":19,"gold_loss":50}],"is_beta":false,"boss_relics":[{"not_picked":["Runic Dome","Runic Cube"],"picked":"Ectoplasm"},{"not_picked":["SlaversCollar","Mark of Pain"],"picked":"Astrolabe"}],"items_purged_floors":[],"is_endless":false,"potions_floor_spawned":[4,8,12,20,21,24,33,35,37,41,42,48,54],"ascension_level":5}}