{"host":"cyiefo55v5hz1ih5","time":1609104677,"event":{"mods":["2.2 Compatiblity","AchievementEnabler","Arknights The Spire","BaseMod","GifTheSpireLib","Hubris","Minty Spire (QoL Compilation)","Replay The Spire","Spicy Shops","StSLib"],"gold_per_floor":[112,122,297,315,376,376,402,417,417,69,9,22,22,22,22,122,122,137,155,171,246,263,263,263],"floor_reached":23,"playtime":1767,"items_purged":["Doubt"],"score":193,"play_id":"fd1d55aa-5101-4272-8a5d-22d2e7c99ba3","local_time":"20201227163117","is_ascension_mode":false,"campfire_choices":[{"floor":6,"key":"REST"},{"floor":15,"key":"REST"}],"circlet_count":0,"master_deck":["ats:Strike C+1","ats:Strike G","ats:Strike S","ats:Strike V","ats:Armor Crushing Shot","ats:Defend","ats:Defend","ats:Defend","ats:Defend","ats:Emotion Absorption+1","ats:Blood Oath+1","ats:Calcification","ats:Demon Strength","ats:Healing Drone","ats:Shadow Assault","ats:Automatic Cover","ats:Magnetic Hammer"],"relics":["ats:Sanity","Quantum Egg","ats:Originium","Strawberry","Membership Card","ats:Emergency Defibrillator","Kunai","Replay:Grab Bag","hubris:RunicObelisk","Philosopher\u0027s Stone","Ring of Chaos","hubris:ScarierMask"],"acts_visited":["Exordium","TheCity"],"potions_floor_usage":[7,20],"damage_taken":[{"damage":0,"enemies":"2 Louse","floor":1,"turns":3},{"damage":6,"enemies":"Jaw Worm","floor":2,"turns":4},{"damage":0,"enemies":"Small Slimes","floor":4,"turns":4},{"damage":29,"enemies":"3 Sentries","floor":7,"turns":14},{"damage":21,"enemies":"Exordium Thugs","floor":8,"turns":8},{"damage":8,"enemies":"Red Slaver","floor":12,"turns":5},{"damage":37,"enemies":"The Guardian","floor":16,"turns":15},{"damage":19,"enemies":"Chosen","floor":18,"turns":6},{"damage":28,"enemies":"Shell Parasite","floor":19,"turns":6},{"damage":13,"enemies":"Snecko","floor":20,"turns":4},{"damage":14,"enemies":"Centurion and Healer","floor":22,"turns":4},{"damage":86,"enemies":"Gremlin Leader","floor":23,"turns":8}],"seed_played":"4025462664145806776","potions_obtained":[{"floor":4,"key":"Elixir"},{"floor":7,"key":"FairyPotion"},{"floor":19,"key":"Adrenaline Potion"},{"floor":22,"key":"ats:Emergency Sanity Potion"}],"is_trial":false,"path_per_floor":["M","M","?","M","?","R","E","M","T","$","?","M","$","?","R","B",null,"M","M","M","?","M","E"],"character_chosen":"DOCTOR_CLASS","items_purchased":["Membership Card","ats:Emergency Defibrillator"],"campfire_rested":2,"item_purchase_floors":[10,10],"current_hp_per_floor":[72,72,72,72,44,65,54,44,44,44,44,50,50,34,57,78,79,71,55,43,36,39,0,0],"gold":263,"neow_bonus":"UPGRADE_CARD","is_daily":false,"chose_seed":false,"campfire_upgraded":0,"win_rate":0.0,"timestamp":1609104677,"path_taken":["M","M","?","M","?","R","E","M","T","$","?","?","?","?","R","BOSS","M","M","M","?","?","E"],"items_purchased_type":["Relic","Relic"],"build_version":"2020-12-22","purchased_purges":1,"victory":false,"max_hp_per_floor":[72,72,72,72,72,72,79,79,79,79,79,79,79,79,79,79,79,79,79,79,79,79,79,79],"card_choices":[{"not_picked":["ats:Consecutive Shot Auto","ats:Part Time Job"],"picked":"ats:Blood Oath","floor":1},{"not_picked":["ats:Powerful Strike","ats:Hammer On","ats:Sword Rain"],"picked":"SKIP","floor":2},{"not_picked":["ats:Consecutive Shot Auto","ats:Revitalization","ats:Powerful Strike"],"picked":"SKIP","floor":4},{"not_picked":["ats:Sunburst","ats:Part Time Job"],"picked":"ats:Calcification","floor":5},{"not_picked":["ats:Curse Doll","ats:Neurotoxin"],"picked":"ats:Demon Strength","floor":7},{"not_picked":["ats:Cat Scratch","ats:Ignite"],"picked":"ats:Healing Drone","floor":8},{"not_picked":["ats:Chain Hook","ats:Consecutive Shot Auto","ats:Burning Ground"],"picked":"SKIP","floor":12},{"not_picked":["ats:Durian","ats:Disruption Kick"],"picked":"ats:Shadow Assault","floor":16},{"not_picked":["ats:Powerful Strike","ats:Leaping Hammer+1","ats:Assault Order"],"picked":"SKIP","floor":18},{"not_picked":["ats:Cat Scratch","ats:Apocalypse+1","ats:Healing Drone"],"picked":"SKIP","floor":19},{"not_picked":["ats:Mental Burst+1","ats:Revitalization"],"picked":"ats:Automatic Cover","floor":20},{"not_picked":["ats:Apocalypse","ats:Soul Absorption"],"picked":"ats:Magnetic Hammer","floor":22}],"player_experience":590134,"relics_obtained":[{"floor":5,"key":"Quantum Egg"},{"floor":7,"key":"ats:Originium"},{"floor":7,"key":"Strawberry"}],"event_choices":[{"damage_healed":0,"gold_gain":175,"player_choice":"AGREE","damage_taken":0,"max_hp_gain":0,"max_hp_loss":0,"event_name":"Liars Game","floor":3,"gold_loss":0,"cards_obtained":["Doubt"]},{"damage_healed":0,"gold_gain":0,"player_choice":"Paid Gold","damage_taken":0,"relics_obtained":["Kunai"],"max_hp_gain":0,"max_hp_loss":0,"event_name":"WeMeetAgain","floor":11,"gold_loss":60},{"damage_healed":0,"gold_gain":0,"player_choice":"Entered Light","damage_taken":16,"max_hp_gain":0,"max_hp_loss":0,"event_name":"Shining Light","floor":14,"gold_loss":0,"cards_upgraded":["ats:Blood Oath","ats:Strike C"]},{"damage_healed":0,"gold_gain":75,"player_choice":"Touch","damage_taken":7,"max_hp_gain":0,"max_hp_loss":0,"event_name":"FaceTrader","floor":21,"gold_loss":0}],"is_beta":false,"boss_relics":[{"not_picked":["SacredBark","ats:Tactical Delivery"],"picked":"Replay:Grab Bag"},{"not_picked":["ReplayTheSpireMod:DimensionalGlitch","Busted Crown"],"picked":"hubris:RunicObelisk"},{"not_picked":["Coffee Dripper","Ectoplasm"],"picked":"Philosopher\u0027s Stone"},{"not_picked":["Astrolabe","hubris:HollowSoul"],"picked":"Ring of Chaos"},{"not_picked":["Replay:Drink Me","hubris:BlackHole"],"picked":"hubris:ScarierMask"}],"items_purged_floors":[10],"is_endless":false,"potions_floor_spawned":[4,7,19,22],"killed_by":"Gremlin Leader","ascension_level":0}}