{"host":"l8lkgdumzpe3823a","time":1609113479,"event":{"mods":["Always Whale","Aspiration","BaseMod","Better Note","Clockwork Mod","Colored Powertips","Curses Come First","Custom Start","DeckTracker","Defuse TimeMaze Blight","Highlight Path","Hubris","Infinite Spire","Minty Spire (QoL Compilation)","Quick Restart","Replay The Spire","Shop Mod","StSLib","SuperFastMode","The Construct","The Dragon Tamer","vexMod"],"gold_per_floor":[115,115,125,125,73,73,90,90,142,142,475,289,289,83,83,178,178,196,196,212,226,244,244,279,348,430,441,441,591,661,465,465,569,569,619,609,712,769,769,769],"floor_reached":39,"playtime":944,"items_purged":["Strike_R","Defend_R","Strike_R"],"score":796,"play_id":"65430cda-61e7-4fb5-924d-af8eafccd4a2","local_time":"20201227175759","is_ascension_mode":true,"campfire_choices":[{"data":"Flex","floor":6,"key":"SMITH"},{"data":"Demon Form","floor":8,"key":"SMITH"},{"data":"Bash","floor":10,"key":"SMITH"},{"data":"Cleave","floor":15,"key":"SMITH"},{"floor":23,"key":"REST"},{"floor":28,"key":"REST"},{"floor":32,"key":"REST"}],"circlet_count":0,"master_deck":["Strike_R","Strike_R","Strike_R","Defend_R+1","Defend_R","Bash+1","Flex+1","Flex+1","Demon Form+1","Cleave+1","Offering","Limit Break+1","Sword Boomerang+1","Flex","Metallicize+1","Anger","Heavy Blade","Crow Ritual","Finesse","Limit Break","Thunderclap"],"relics":["Burning Blood","NeowsBlessing","Lantern","Membership Card","SsserpentHead","MerchantsRug","Mercury Hourglass","ReplayTheSpireMod:DimensionalGlitch","Cauldron","aspiration:PoetsPen_weak","War Paint","Eternal Feather","Sozu","infinitespire:EvilPickle"],"acts_visited":["Exordium","TheCity","TheBeyond"],"potions_floor_usage":[21,22,27,39],"damage_taken":[{"damage":0,"enemies":"Small Slimes","floor":1,"turns":1},{"damage":0,"enemies":"Cultist","floor":3,"turns":1},{"damage":0,"enemies":"2 Louse","floor":7,"turns":1},{"damage":35,"enemies":"Lagavulin","floor":11,"turns":6},{"damage":13,"enemies":"Fading Forest","floor":16,"turns":11},{"damage":9,"enemies":"Shell Parasite","floor":18,"turns":1},{"damage":41,"enemies":"3 Byrds","floor":20,"turns":3},{"damage":19,"enemies":"Shelled Parasite and Fungi","floor":21,"turns":2},{"damage":22,"enemies":"Centurion and Healer","floor":22,"turns":3},{"damage":16,"enemies":"Slavers","floor":24,"turns":2},{"damage":10,"enemies":"Snecko","floor":25,"turns":3},{"damage":9,"enemies":"Sentry and Sphere","floor":27,"turns":2},{"damage":20,"enemies":"Cultist and Chosen","floor":30,"turns":4},{"damage":37,"enemies":"Pondfish","floor":33,"turns":6},{"damage":46,"enemies":"3 Darklings","floor":35,"turns":4},{"damage":9,"enemies":"Orb Walker","floor":37,"turns":1},{"damage":29,"enemies":"3 Darklings","floor":38,"turns":4},{"damage":12,"enemies":"4 Shapes","floor":39,"turns":1}],"seed_played":"-8807655707913299922","potions_obtained":[{"floor":2,"key":"Dexterity Potion"},{"floor":2,"key":"LifebloodPotion"},{"floor":2,"key":"Toxic Potion"},{"floor":16,"key":"FairyPotion"},{"floor":19,"key":"DistilledChaos"},{"floor":24,"key":"Adrenaline Potion"},{"floor":25,"key":"SpeedPotion"},{"floor":27,"key":"FairyPotion"},{"floor":30,"key":"Cursed Concoction"}],"is_trial":false,"path_per_floor":["M","?","M","?","$","R","M","R","T","R","E","$","?","$","R","B",null,"M","AVR","M","M","M","R","E","M","T","M","R","?","M","$","R","B",null,"M","?","M","M","M"],"character_chosen":"IRONCLAD","items_purchased":["Flex","Membership Card","MerchantsRug","Mercury Hourglass","Crow Ritual","Finesse"],"campfire_rested":3,"item_purchase_floors":[5,12,14,14,31,31],"current_hp_per_floor":[78,78,80,80,80,80,80,80,80,80,51,51,51,51,51,52,73,67,67,29,13,15,39,26,19,19,13,46,46,29,29,65,31,68,25,25,19,10,0,0],"gold":769,"neow_bonus":"THREE_ENEMY_KILL","is_daily":false,"chose_seed":false,"campfire_upgraded":4,"win_rate":0.0,"timestamp":1609113479,"path_taken":["M","?","?","?","?","R","M","R","T","R","E","$","?","$","R","BOSS","M","AVR","M","M","M","R","E","?","T","M","R","?","?","$","R","BOSS","M","?","?","M","M"],"items_purchased_type":["Card","Relic","Relic","Relic","Card","Card"],"build_version":"2020-12-22","purchased_purges":3,"victory":false,"max_hp_per_floor":[80,80,80,80,80,80,80,80,80,80,80,80,80,80,80,80,80,80,80,80,80,80,80,80,80,80,80,80,80,80,80,80,80,80,80,80,80,80,80,80],"card_choices":[{"not_picked":["Run Through","Armaments","Body Slam"],"picked":"SKIP","floor":1},{"not_picked":["Heavy Blade","Headbutt"],"picked":"Flex","floor":3},{"not_picked":["Burning Pact","Armaments"],"picked":"Demon Form","floor":7},{"not_picked":["hubris:SharpeningStone","Perfected Strike"],"picked":"Cleave","floor":11},{"not_picked":["Corruption","Exhume"],"picked":"Offering","floor":16},{"not_picked":["Armaments","Perfected Strike","Carnage"],"picked":"SKIP","floor":18},{"not_picked":["Replay:Undeath\u0027s Touch","Warcry"],"picked":"Limit Break","floor":20},{"not_picked":["Run Through","Thunderclap","Hemokinesis"],"picked":"SKIP","floor":21},{"not_picked":["Heavy Blade","Rupture"],"picked":"Sword Boomerang+1","floor":22},{"not_picked":["Hemogenesis","Run Through"],"picked":"Flex","floor":24},{"not_picked":["Pommel Strike+1","Perfected Strike+1"],"picked":"Metallicize+1","floor":25},{"not_picked":["ReplayTheSpireMod:Stacked+1","Blood for Blood"],"picked":"Anger","floor":27},{"not_picked":["Sword Boomerang","Warcry"],"picked":"Heavy Blade","floor":30},{"not_picked":["Reaper","Demon Form"],"picked":"Limit Break","floor":33},{"not_picked":["Clothesline","Havoc+1"],"picked":"Thunderclap","floor":35},{"not_picked":["Shrug It Off","Fiend Fire","Infernal Blade"],"picked":"SKIP","floor":37},{"not_picked":["Body Slam+1","Double Tap","Hemokinesis+1"],"picked":"SKIP","floor":38}],"player_experience":645324,"relics_obtained":[{"floor":9,"key":"Lantern"},{"floor":11,"key":"Old Coin"},{"floor":24,"key":"War Paint"},{"floor":26,"key":"Eternal Feather"}],"event_choices":[{"damage_healed":0,"gold_gain":0,"player_choice":"Got Potions","damage_taken":0,"max_hp_gain":0,"max_hp_loss":0,"event_name":"Lab","floor":2,"gold_loss":0},{"damage_healed":0,"gold_gain":0,"player_choice":"Trade","damage_taken":0,"relics_obtained":["SsserpentHead"],"max_hp_gain":0,"max_hp_loss":0,"event_name":"FaceTrader","floor":13,"gold_loss":0},{"damage_healed":0,"gold_gain":100,"player_choice":"Pray","damage_taken":0,"max_hp_gain":0,"max_hp_loss":0,"event_name":"Golden Shrine","floor":29,"gold_loss":0},{"cards_removed":["Defend_R"],"damage_healed":0,"gold_gain":0,"player_choice":"Single Remove","damage_taken":0,"max_hp_gain":0,"max_hp_loss":0,"event_name":"Designer","floor":36,"gold_loss":60}],"is_beta":false,"boss_relics":[{"not_picked":["hubris:HollowSoul","Ring of Chaos"],"picked":"ReplayTheSpireMod:DimensionalGlitch"},{"not_picked":["hubris:ScarierMask","vexMod:RockOfEvil"],"picked":"Sozu"}],"items_purged_floors":[12,14,31],"is_endless":false,"potions_floor_spawned":[3,11,16,24,25,27,30,35],"killed_by":"4 Shapes","ascension_level":8}}