{"host":"e4wnmsyty9uvvtwf","time":1609073692,"event":{"mods":["Act Like it!","BaseMod","Colored Map","Colored Powertips","Gensokyo","Marisa£®ÏF”Í°°ƒß¿Ì…≥£©","Minty Spire (QoL Compilation)","Rare Cards Sparkle","StSLib"],"gold_per_floor":[112,124,224,244,24,52,52,86,86,86,236,256,256,266,266,365,365,377,59,59,59,72,102,114,114,141,141,301,375,387,41,41,139,139,159,170,181,199,199,228,243,276,355,387,28,28,47,57,57,57],"floor_reached":51,"playtime":2429,"items_purged":[],"score":976,"play_id":"47bbf42c-a304-4605-9cad-5112ac3342a1","local_time":"20201227205452","is_ascension_mode":true,"campfire_choices":[{"data":"BlazeAway","floor":7,"key":"SMITH"},{"data":"DarkMatter","floor":10,"key":"SMITH"},{"data":"BinaryStars","floor":13,"key":"SMITH"},{"floor":15,"key":"REST"},{"data":"FairyDestructionRay","floor":25,"key":"SMITH"},{"data":"Singularity","floor":27,"key":"SMITH"},{"data":"ManaRampage","floor":32,"key":"SMITH"},{"data":"BigCrunch","floor":49,"key":"SMITH"}],"circlet_count":0,"master_deck":["Strike_MRS","Strike_MRS","Defend_MRS","Defend_MRS","Defend_MRS+1","Defend_MRS","MasterSpark","UpSweep","MeteoricShower","BlazeAway+1","MagicAbsorber+1","DarkMatter+1","IllusionStar","BinaryStars+1","MagicAbsorber","Singularity+1","JA","ManaRampage+1","MysteriousBeam","Singularity+1","FairyDestructionRay+1","DeepEcoloBomb","DeepEcoloBomb+1","OrrerysSun+1","CollectingQuirk","Gensokyo:ShootingStar","BigCrunch+1","AsteroidBelt+1","OpenUniverse","GasGiant+1","OortCloud","OortCloud+1","IllusionStar+1","Acceleration+1","MilkyWay","MysteriousBeam"],"relics":["MiniHakkero","SimpleLauncher","Strawberry","Smiling Mask","Sundial","Eternal Feather","Gensokyo:MarisaPhilosophersStone","Black Star","OrangePellets","Question Card","Gensokyo:RedStar","Centennial Puzzle","Happy Flower","War Paint","Pocketwatch","The Courier","Mercury Hourglass","Turnip","Busted Crown","Gensokyo:EmptyGrave","Mango","Ancient Tea Set","Akabeko","Juzu Bracelet","HandmadeGrimoire","Art of War","Vajra","ClockworkSouvenir","Chemical X","Pen Nib"],"acts_visited":["Exordium","Gensokyo:Gensokyo","Gensokyo:Gensokyoer"],"potions_floor_usage":[11,11,23,33],"damage_taken":[{"damage":0,"enemies":"Gensokyo:3_Fairies","floor":1,"turns":3},{"damage":11,"enemies":"Gensokyo:Python","floor":2,"turns":3},{"damage":3,"enemies":"Gensokyo:2_Kodama","floor":4,"turns":4},{"damage":25,"enemies":"Gensokyo:Aya","floor":6,"turns":6},{"damage":3,"enemies":"Gensokyo:Mamizou","floor":8,"turns":5},{"damage":41,"enemies":"Gensokyo:Mamizou","floor":11,"turns":8},{"damage":0,"enemies":"Gensokyo:LivingMonolith","floor":12,"turns":2},{"damage":12,"enemies":"Gensokyo:5_Fairies","floor":14,"turns":4},{"damage":2,"enemies":"Gensokyo:Reimu","floor":16,"turns":4},{"damage":19,"enemies":"Gensokyo:3_Dogs","floor":18,"turns":4},{"damage":0,"enemies":"Gensokyo:2_Gloops","floor":22,"turns":6},{"damage":48,"enemies":"Gensokyo:Tenshi","floor":23,"turns":4},{"damage":7,"enemies":"Gensokyo:Mirror_and_Dog","floor":24,"turns":4},{"damage":12,"enemies":"Gensokyo:Slime_Group","floor":28,"turns":4},{"damage":0,"enemies":"Gensokyo:Wraith","floor":30,"turns":3},{"damage":40,"enemies":"Gensokyo:Eiki","floor":33,"turns":8},{"damage":0,"enemies":"Gensokyo:3_Bats","floor":35,"turns":1},{"damage":0,"enemies":"Gensokyo:3_Boulders","floor":36,"turns":2},{"damage":25,"enemies":"Gensokyo:4_Bats","floor":37,"turns":2},{"damage":0,"enemies":"Gensokyo:Dusk_and_Dawn","floor":38,"turns":1},{"damage":14,"enemies":"Gensokyo:Kasen","floor":40,"turns":2},{"damage":0,"enemies":"Gensokyo:AtlasGolem","floor":41,"turns":3},{"damage":0,"enemies":"Gensokyo:Marisa","floor":42,"turns":4},{"damage":6,"enemies":"Gensokyo:Kasen","floor":44,"turns":5},{"damage":0,"enemies":"Gensokyo:SeedOfUnknown","floor":47,"turns":2},{"damage":0,"enemies":"Gensokyo:Rafflesia","floor":48,"turns":1},{"damage":23,"enemies":"Gensokyo:Shinki","floor":50,"turns":8}],"seed_played":"5782522305636300470","potions_obtained":[{"floor":1,"key":"SkillPotion"},{"floor":6,"key":"DistilledChaos"},{"floor":8,"key":"DistilledChaos"},{"floor":12,"key":"SteroidPotion"},{"floor":14,"key":"Regen Potion"},{"floor":24,"key":"DuplicationPotion"},{"floor":35,"key":"Dexterity Potion"}],"is_trial":false,"path_per_floor":["M","M","?","M","COS","E","R","E","T","R","?","M","R","M","R","B",null,"M","COS","?","?","M","E","M","R","T","R","M","T","M","$","R","B",null,"M","M","M","M","?","E","M","E","T","E","COS","?","M","M","R","B",null],"character_chosen":"MARISA","items_purchased":["Turnip","CollectingQuirk"],"campfire_rested":1,"item_purchase_floors":[31,31],"current_hp_per_floor":[82,71,71,68,68,50,50,47,47,56,15,15,24,12,47,45,89,70,70,70,70,70,34,27,42,42,57,45,45,45,45,60,42,82,82,82,57,57,57,57,57,90,90,84,84,84,84,84,90,67],"gold":57,"neow_bonus":"TEN_PERCENT_HP_BONUS","is_daily":false,"chose_seed":false,"campfire_upgraded":7,"win_rate":0.0,"timestamp":1609073692,"path_taken":["M","M","?","M","COS","E","R","E","T","R","?","M","R","M","R","BOSS","M","COS","?","?","M","E","?","R","T","R","M","?","M","$","R","BOSS","M","?","M","M","?","E","M","E","T","E","COS","?","M","M","R","BOSS"],"items_purchased_type":["Relic","Card"],"build_version":"2020-12-22","purchased_purges":0,"victory":true,"max_hp_per_floor":[82,82,82,82,82,89,89,89,89,89,89,89,89,89,89,89,89,89,89,82,82,82,82,82,82,82,82,82,82,82,82,82,82,82,82,82,82,82,76,90,90,90,90,90,90,90,90,90,90,90],"card_choices":[{"not_picked":["WitchLeyline","SporeBomb"],"picked":"MeteoricShower","floor":1},{"not_picked":["OortCloud","MysteriousBeam"],"picked":"BlazeAway","floor":2},{"not_picked":["Occultation","MilkyWay"],"picked":"MagicAbsorber","floor":4},{"not_picked":["SporeBomb","DeepEcoloBomb"],"picked":"DarkMatter","floor":6},{"not_picked":["WitchOfGreed","MagicChant"],"picked":"IllusionStar","floor":8},{"not_picked":["DoubleSpark","DC"],"picked":"MagicAbsorber","floor":11},{"not_picked":["Occultation","LuminesStrike"],"picked":"Singularity","floor":12},{"not_picked":["SporeBomb","ChargingUp"],"picked":"JA","floor":14},{"not_picked":["AbsoluteMagnitude","StarDustReverie"],"picked":"ManaRampage","floor":16},{"not_picked":["GasGiant","OortCloud"],"picked":"MysteriousBeam","floor":18},{"not_picked":["MilkyWay+1","Orbital+1","GalacticHalo+1"],"picked":"Singularity+1","floor":22},{"not_picked":["UnstableBomb","MagicChant","GravityBeat"],"picked":"FairyDestructionRay","floor":23},{"not_picked":["SporeBomb","MilkyWay","ShootingEcho"],"picked":"DeepEcoloBomb","floor":24},{"not_picked":["DC+1","GravityBeat","LuminesStrike"],"picked":"DeepEcoloBomb+1","floor":28},{"not_picked":["Acceleration","StarBarrage","DarkSpark"],"picked":"OrrerysSun+1","floor":30},{"not_picked":[],"picked":"Gensokyo:ShootingStar","floor":33},{"not_picked":["EscapeVelocity","MaximisePower","MillisecondPulsars"],"picked":"BigCrunch","floor":33},{"not_picked":["WitchOfGreed+1"],"picked":"AsteroidBelt+1","floor":35},{"not_picked":["DoubleSpark+1"],"picked":"OpenUniverse","floor":36},{"not_picked":["MachineGunSpark"],"picked":"GasGiant+1","floor":37},{"not_picked":["GrandCross"],"picked":"OortCloud","floor":38},{"not_picked":["LuminesStrike"],"picked":"OortCloud+1","floor":40},{"not_picked":["DC"],"picked":"IllusionStar+1","floor":41},{"not_picked":["WitchLeyline"],"picked":"Acceleration+1","floor":42},{"not_picked":["MysteriousBeam"],"picked":"MilkyWay","floor":44},{"not_picked":["WitchLeyline+1"],"picked":"MysteriousBeam","floor":47},{"not_picked":["DragonMeteor","SporeBomb+1"],"picked":"SKIP","floor":48}],"player_experience":669578,"relics_obtained":[{"floor":6,"key":"Strawberry"},{"floor":8,"key":"Sundial"},{"floor":9,"key":"Eternal Feather"},{"floor":11,"key":"Gensokyo:MarisaPhilosophersStone"},{"floor":23,"key":"Centennial Puzzle"},{"floor":23,"key":"Happy Flower"},{"floor":26,"key":"War Paint"},{"floor":29,"key":"Mercury Hourglass"},{"floor":40,"key":"Mango"},{"floor":40,"key":"Ancient Tea Set"},{"floor":42,"key":"Akabeko"},{"floor":42,"key":"Juzu Bracelet"},{"floor":43,"key":"HandmadeGrimoire"},{"floor":44,"key":"Art of War"},{"floor":44,"key":"Vajra"}],"event_choices":[],"is_beta":false,"boss_relics":[{"not_picked":["SlaversCollar","Runic Dome"],"picked":"Black Star"},{"not_picked":["Snecko Eye","Fusion Hammer"],"picked":"Busted Crown"}],"items_purged_floors":[],"is_endless":false,"potions_floor_spawned":[1,6,8,12,14,22,24,28,35,38,40,41,48],"ascension_level":1}}