{"host":"5fasz840ryq7obdf","time":1609065473,"event":{"mods":["AchievementEnabler","BaseMod","Bestiary","Better Altar","Better Skull","Better Third Choice","BetterRewards","Block Reminder","Colored Powertips","Curses Come First","Minty Spire (QoL Compilation)","Quick Restart","Relic Stats","Shop Mod","Spicy Shops","StSLib"],"gold_per_floor":[117,117,117,131,146,146,175,17,64,29,57,76,76,112,124,234,246,282,294,294],"floor_reached":19,"playtime":1337,"items_purged":[],"score":370,"play_id":"44c98351-3a9d-40ea-af6a-7be109901ec2","local_time":"20201227103753","is_ascension_mode":true,"campfire_choices":[{"floor":6.0,"key":"REST"},{"floor":15.0,"key":"REST"}],"circlet_count":0,"master_deck":["AscendersBane","Strike_G","Strike_G","Strike_G","Strike_G","Strike_G","Defend_G","Defend_G","Defend_G","Defend_G","Defend_G","Survivor","Neutralize","Crippling Poison","Prepared+1","Noxious Fumes","Poisoned Stab","Outmaneuver+1","Tools of the Trade","Calculated Gamble","Prepared","Regret","Burst","Tactician","Leg Sweep+1","Backstab","Tools of the Trade","Wraith Form v2","Deadly Poison+1"],"relics":["Ring of the Serpent","Snake Skull","MealTicket","Orrery","War Paint","Akabeko","Toxic Egg 2","Membership Card","Juzu Bracelet","Sundial","Golden Idol","MawBank"],"acts_visited":["Exordium","TheCity"],"potions_floor_usage":[],"damage_taken":[{"damage":11.0,"enemies":"Jaw Worm","floor":1.0,"turns":4.0},{"damage":1.0,"enemies":"Cultist","floor":4.0,"turns":3.0},{"damage":0.0,"enemies":"2 Louse","floor":5.0,"turns":4.0},{"damage":5.0,"enemies":"Lagavulin","floor":7.0,"turns":7.0},{"damage":44.0,"enemies":"Gremlin Nob","floor":11.0,"turns":5.0},{"damage":0.0,"enemies":"Looter","floor":12.0,"turns":4.0},{"damage":4.0,"enemies":"3 Sentries","floor":14.0,"turns":6.0},{"damage":15.0,"enemies":"The Guardian","floor":16.0,"turns":11.0},{"damage":12.0,"enemies":"Chosen","floor":18.0,"turns":6.0},{"damage":32,"enemies":"Shell Parasite","floor":19,"turns":5}],"seed_played":"-5960797084601476915","potions_obtained":[{"floor":3.0,"key":"SpeedPotion"},{"floor":3.0,"key":"SpeedPotion"},{"floor":7.0,"key":"SneckoOil"},{"floor":11.0,"key":"LiquidMemories"}],"is_trial":false,"path_per_floor":["M","?","?","M","M","R","E","$","T","?","E","M","?","E","R","B",null,"M","M"],"character_chosen":"THE_SILENT","items_purchased":["Snake Skull","MealTicket","Orrery","War Paint","Tools of the Trade","Calculated Gamble","Membership Card"],"campfire_rested":2,"item_purchase_floors":[0,0,0,0,0,0,8],"current_hp_per_floor":[17,17,17,16,16,34,29,44,44,59,15,15,15,11,27,12,44,32,0,0],"gold":294,"neow_bonus":"","is_daily":false,"chose_seed":false,"campfire_upgraded":0,"win_rate":0.0,"timestamp":1609065473,"path_taken":["M","?","?","M","M","R","E","$","T","?","E","M","?","E","R","BOSS","M","M"],"items_purchased_type":["Relic","Relic","Relic","Relic","Card","Card","Relic"],"build_version":"2020-12-22","purchased_purges":0,"victory":false,"max_hp_per_floor":[61,61,61,61,61,61,61,61,61,61,61,61,55,55,55,55,55,55,55,55],"relic_stats":{"counters":[42,241],"Sundial":[4],"Golden Idol":32,"MealTicket":15,"Snake Skull":[65],"Juzu Bracelet":1,"War Paint":["Prepared","Outmaneuver"],"MawBank":60,"obtain_stats":[{"Lantern":23,"Regal Pillow":28,"Tiny House":17,"Gremlin Horn":0,"CeramicFish":44,"Vajra":0,"HoveringKite":34,"Snake Skull":0,"Bag of Preparation":6,"Juzu Bracelet":30,"Sling":0,"Blood Vial":48,"Nunchaku":43,"Sundial":11,"MealTicket":0,"Kunai":26,"Toxic Egg 2":7,"Ring of the Snake":0,"Golden Idol":2,"Oddly Smooth Stone":11,"Tingsha":0,"Pen Nib":36,"Letter Opener":40,"Paper Crane":36,"War Paint":0,"MawBank":14,"Akabeko":2,"Mercury Hourglass":8,"Shuriken":25,"Orrery":0,"Membership Card":8,"Toy Ornithopter":9,"Unceasing Top":0,"Ring of the Serpent":17,"Pocketwatch":14},{"Lantern":14,"Regal Pillow":17,"Tiny House":9,"Gremlin Horn":0,"CeramicFish":25,"Vajra":0,"HoveringKite":20,"Snake Skull":32,"Bag of Preparation":4,"Juzu Bracelet":18,"Sling":29,"Blood Vial":27,"Nunchaku":24,"Sundial":37,"MealTicket":32,"Kunai":16,"Toxic Egg 2":36,"Ring of the Snake":0,"Golden Idol":1,"Oddly Smooth Stone":7,"Tingsha":29,"Pen Nib":21,"Letter Opener":24,"Paper Crane":21,"War Paint":32,"MawBank":39,"Akabeko":33,"Mercury Hourglass":5,"Shuriken":16,"Orrery":29,"Membership Card":36,"Toy Ornithopter":5,"Unceasing Top":29,"Ring of the Serpent":40,"Pocketwatch":8},{"Lantern":82,"Regal Pillow":97,"Tiny House":46,"Gremlin Horn":0,"CeramicFish":136,"Vajra":0,"HoveringKite":115,"Snake Skull":186,"Bag of Preparation":20,"Juzu Bracelet":102,"Sling":179,"Blood Vial":148,"Nunchaku":132,"Sundial":209,"MealTicket":186,"Kunai":93,"Toxic Egg 2":204,"Ring of the Snake":0,"Golden Idol":2,"Oddly Smooth Stone":32,"Tingsha":179,"Pen Nib":120,"Letter Opener":132,"Paper Crane":120,"War Paint":186,"MawBank":219,"Akabeko":190,"Mercury Hourglass":24,"Shuriken":93,"Orrery":179,"Membership Card":204,"Toy Ornithopter":24,"Unceasing Top":179,"Ring of the Serpent":230,"Pocketwatch":39}]},"card_choices":[{"not_picked":["Dagger Spray","Flechettes"],"picked":"Crippling Poison","floor":0.0},{"not_picked":["Deflect","All Out Attack"],"picked":"Prepared","floor":0.0},{"not_picked":["Underhanded Strike","Dash"],"picked":"Noxious Fumes","floor":0.0},{"not_picked":["Predator","Blade Dance"],"picked":"Poisoned Stab","floor":0.0},{"not_picked":["Dagger Spray","Deflect"],"picked":"Outmaneuver","floor":0.0},{"not_picked":["Blade Dance","Accuracy"],"picked":"Prepared","floor":1.0},{"not_picked":["Blade Dance","Slice"],"picked":"Burst","floor":4.0},{"not_picked":["Flying Knee","Dagger Spray"],"picked":"Tactician","floor":5.0},{"not_picked":["Bane","Flying Knee","Infinite Blades"],"picked":"SKIP","floor":7.0},{"not_picked":["Backflip+1","Riddle With Holes"],"picked":"Leg Sweep+1","floor":11.0},{"not_picked":["Eviscerate","Underhanded Strike"],"picked":"Backstab","floor":12.0},{"not_picked":["Poisoned Stab","Dagger Spray"],"picked":"Tools of the Trade","floor":14.0},{"not_picked":["Grand Finale","Storm of Steel+1"],"picked":"Wraith Form v2","floor":16.0},{"not_picked":["Acrobatics+1","PiercingWail+1"],"picked":"Deadly Poison+1","floor":18.0}],"player_experience":1150676,"relics_obtained":[{"floor":7.0,"key":"Toxic Egg 2"},{"floor":9.0,"key":"Juzu Bracelet"},{"floor":11.0,"key":"Sundial"},{"floor":14.0,"key":"MawBank"}],"event_choices":[{"damage_healed":0.0,"max_hp_gain":0.0,"max_hp_loss":0.0,"gold_gain":0.0,"event_name":"Big Fish","player_choice":"Box","floor":2.0,"gold_loss":0.0,"damage_taken":0.0,"relics_obtained":["Akabeko"],"cards_obtained":["Regret"]},{"damage_healed":0.0,"max_hp_gain":0.0,"max_hp_loss":0.0,"gold_gain":0.0,"event_name":"Lab","player_choice":"Got Potions","floor":3.0,"gold_loss":0.0,"damage_taken":0.0},{"damage_healed":15.0,"max_hp_gain":0.0,"max_hp_loss":0.0,"gold_gain":0.0,"event_name":"The Cleric","player_choice":"Healed","floor":10.0,"gold_loss":35.0,"damage_taken":0.0},{"damage_healed":0.0,"max_hp_gain":0.0,"max_hp_loss":6.0,"gold_gain":0.0,"event_name":"Golden Idol","player_choice":"Lose Max HP","floor":13.0,"gold_loss":0.0,"damage_taken":0.0,"relics_obtained":["Golden Idol"]}],"is_beta":false,"boss_relics":[{"not_picked":["Fusion Hammer","Velvet Choker"],"picked":"Ring of the Serpent"}],"items_purged_floors":[],"is_endless":false,"potions_floor_spawned":[4,7,11],"killed_by":"Shell Parasite","ascension_level":20}}