{"host":"9l2xd2qbyxfqdc97","time":1609087105,"event":{"mods":["BaseMod","Colored Map","Highlight Path","Minty Spire (QoL Compilation)","Quick Restart"],"gold_per_floor":[111,111,122,122,122,122,297,150,150,50,60,60,60,71,71,171,171,190,205,205,8,8,8,8,8],"floor_reached":24,"playtime":637,"items_purged":["Doubt","Defend_B"],"score":209,"play_id":"ce3de14f-90c2-4efb-8498-63ef67dd7859","local_time":"20201228013825","is_ascension_mode":true,"campfire_choices":[{"data":"Dualcast","floor":6,"key":"SMITH"},{"data":"Zap","floor":13,"key":"SMITH"},{"floor":15,"key":"REST"},{"data":"Redo","floor":23,"key":"SMITH"}],"circlet_count":0,"master_deck":["Strike_B+1","Defend_B","Defend_B+1","Zap+1","Dualcast+1","FTL","Self Repair","Go for the Eyes","Echo Form","CurseOfTheBell","Redo+1","Gash","Gash"],"relics":["Cracked Core","Shuriken","Calling Bell","Boot","Question Card","Mango","Pen Nib"],"acts_visited":["Exordium","TheCity"],"potions_floor_usage":[16,19],"damage_taken":[{"damage":12,"enemies":"Small Slimes","floor":1,"turns":3},{"damage":1,"enemies":"2 Louse","floor":3,"turns":3},{"damage":0,"enemies":"Jaw Worm","floor":11,"turns":3},{"damage":1,"enemies":"Red Slaver","floor":14,"turns":2},{"damage":27,"enemies":"The Guardian","floor":16,"turns":12},{"damage":17,"enemies":"3 Byrds","floor":18,"turns":4},{"damage":13,"enemies":"Spheric Guardian","floor":19,"turns":4},{"damage":89,"enemies":"Slavers","floor":24,"turns":5}],"seed_played":"7588541707194414565","potions_obtained":[{"floor":11,"key":"Strength Potion"},{"floor":14,"key":"Block Potion"},{"floor":19,"key":"FairyPotion"}],"is_trial":false,"path_per_floor":["M","?","M","?","?","R","?","$","T","$","M","$","R","M","R","B",null,"M","M","?","$","?","R","E"],"character_chosen":"DEFECT","items_purchased":["Self Repair","Gash","Pen Nib"],"campfire_rested":1,"item_purchase_floors":[8,21,21],"current_hp_per_floor":[56,42,41,34,34,34,34,34,34,34,41,41,41,40,60,40,82,72,66,50,50,50,50,0,0],"gold":8,"neow_bonus":"REMOVE_TWO","is_daily":false,"chose_seed":false,"campfire_upgraded":3,"win_rate":0.0,"timestamp":1609087105,"path_taken":["M","?","M","?","?","R","?","$","T","$","?","?","R","M","R","BOSS","M","M","?","$","?","R","E"],"items_purchased_type":["Card","Card","Relic"],"build_version":"2020-12-22","purchased_purges":2,"victory":false,"max_hp_per_floor":[68,68,68,68,68,68,68,68,68,68,68,68,68,68,68,68,82,82,82,87,87,87,87,87,87],"card_choices":[{"not_picked":["Rebound","Hologram"],"picked":"FTL","floor":1},{"not_picked":["Leap","BootSequence","Barrage"],"picked":"SKIP","floor":3},{"not_picked":["Rebound","Skim"],"picked":"Go for the Eyes","floor":11},{"not_picked":["Turbo","Undo","Streamline"],"picked":"SKIP","floor":14},{"not_picked":["Buffer","Hyperbeam"],"picked":"Echo Form","floor":16},{"not_picked":["Coolheaded","Skim","Turbo"],"picked":"Redo","floor":18},{"not_picked":["Blizzard","Hologram+1","Static Discharge"],"picked":"Gash","floor":19}],"player_experience":187536,"relics_obtained":[{"floor":9,"key":"Shuriken"},{"floor":17,"key":"Boot"},{"floor":17,"key":"Question Card"},{"floor":17,"key":"Mango"}],"event_choices":[{"damage_healed":0,"gold_gain":0,"player_choice":"Entered Light","damage_taken":14,"max_hp_gain":0,"max_hp_loss":0,"event_name":"Shining Light","floor":2,"gold_loss":0,"cards_upgraded":["Defend_B","Strike_B"]},{"cards_removed":["Strike_B"],"damage_healed":0,"gold_gain":0,"player_choice":"Card Removal","damage_taken":7,"max_hp_gain":0,"max_hp_loss":0,"event_name":"Golden Wing","floor":4,"gold_loss":0},{"cards_removed":["Strike_B"],"damage_healed":0,"gold_gain":0,"player_choice":"Forget","damage_taken":0,"max_hp_gain":0,"max_hp_loss":0,"event_name":"Living Wall","floor":5,"gold_loss":0},{"damage_healed":0,"gold_gain":175,"player_choice":"AGREE","damage_taken":0,"max_hp_gain":0,"max_hp_loss":0,"event_name":"Liars Game","floor":7,"gold_loss":0,"cards_obtained":["Doubt"]},{"damage_healed":0,"gold_gain":0,"player_choice":"Shed Blood","damage_taken":21,"max_hp_gain":5,"max_hp_loss":0,"event_name":"Forgotten Altar","floor":20,"gold_loss":0},{"damage_healed":0,"gold_gain":0,"player_choice":"Ignored","damage_taken":0,"max_hp_gain":0,"max_hp_loss":0,"event_name":"Vampires","floor":22,"gold_loss":0}],"is_beta":false,"boss_relics":[{"not_picked":["Ectoplasm","Tiny House"],"picked":"Calling Bell"}],"items_purged_floors":[8,10],"is_endless":false,"potions_floor_spawned":[11,14,19],"killed_by":"Slavers","ascension_level":3}}