{"host":"bxdue9bkfm2khp2x","time":1609066527,"event":{"mods":["ATMod(阿瑾Mod)","Aspiration","BaseMod","Better Vampires","Challenge The Spire","Colored Powertips","Conspire","Decade(王小明)","Dota2Spire","Highlight Path","Minty Spire (QoL Compilation)","MostiFishMod","Replay The Spire","RumiaBox-露米娅的神秘盒子","Spicy Shops","StSLib","Td1madao Mod","The Alterego","The Cursed","WarShipGirlsR/战舰少女R mod","noobMod","vexMod","【功能Mod】混沌之环修复补丁","【遗物卡牌】REMEMod","篝火指南"],"gold_per_floor":[118,118,130,205,225,225,251,251,275,306,356,110,128,138,138,214,214,230,230,244,244,262,262,290,290,290,290,324,99,125,138,138,210,210,226,304,319,338,358,358,369,379,379,379,398,398,413,426,426,426],"floor_reached":51,"playtime":3857,"items_purged":["Strike_G","Defend_G","A Thousand Cuts"],"score":1775,"play_id":"1a76251f-7dd9-4c02-a2f9-df88554b6356","local_time":"20201227185527","is_ascension_mode":true,"campfire_choices":[{"data":"AT_KneejerkReflex","floor":6.0,"key":"SMITH"},{"data":"AT_ShrugMaster","floor":8.0,"key":"SMITH"},{"data":"Footwork","floor":15.0,"key":"SMITH"},{"data":"Cloak And Dagger","floor":23,"key":"SMITH"},{"data":"Neutralize","floor":25,"key":"SMITH"},{"data":"Blade Dance","floor":27,"key":"SMITH"},{"data":"MostiFishMod:InterfaceCompatibility","floor":32,"key":"SMITH"},{"data":"Escape Plan","floor":40,"key":"SMITH"},{"data":"Defend_G","floor":44,"key":"SMITH"},{"data":"Defend_G","floor":46,"key":"SMITH"},{"data":"Survivor","floor":49,"key":"SMITH"}],"circlet_count":0,"master_deck":["AscendersBane","Defend_G","Defend_G","Defend_G+1","Defend_G+1","Survivor+1","Neutralize+1","MostiFishMod:InterfaceCompatibility+1","AT_ShrugMaster+1","Blade Dance+1","Escape Plan+1","AT_KneejerkReflex+1","ReplayTheSpireMod:Speed Training","Footwork+1","Cloak And Dagger+1","Bite","Bite","Bite","Bite","After Image","Accuracy+1"],"relics":["Ring of the Snake","DaveBox","REME_ComplimentaryCards","ice","AT_ATBox","ShadowXiaoBlade","NeowsBlessing","SynthV:TestCard","AT_SunfireAegis","The Specimen","Omamori","REME_ChargedStone","Dota2Spire:Butterfly","Replay:Bottled Steam","Pen Nib","Lantern","Black Star","GodSword4"],"acts_visited":["Exordium","TheCity","TheBeyond"],"potions_floor_usage":[24,28,28,39,50],"damage_taken":[{"damage":0.0,"enemies":"Small Slimes","floor":1.0,"turns":1.0},{"damage":0.0,"enemies":"Jaw Worm","floor":3.0,"turns":1.0},{"damage":0.0,"enemies":"Cultist","floor":5.0,"turns":1.0},{"damage":8.0,"enemies":"Gremlin Nob","floor":7.0,"turns":3.0},{"damage":2.0,"enemies":"3 Sentries","floor":10.0,"turns":4.0},{"damage":0.0,"enemies":"Large Slime","floor":13.0,"turns":3.0},{"damage":0.0,"enemies":"Blue Slaver","floor":14.0,"turns":2.0},{"damage":0.0,"enemies":"Fading Forest","floor":16.0,"turns":11.0},{"damage":4.0,"enemies":"3 Byrds","floor":18.0,"turns":5.0},{"damage":0.0,"enemies":"Chosen","floor":20.0,"turns":4.0},{"damage":1,"enemies":"3 Cultists","floor":22,"turns":4},{"damage":0,"enemies":"Book of Stabbing","floor":24,"turns":4},{"damage":14,"enemies":"Slavers","floor":28,"turns":3},{"damage":0,"enemies":"Gremlin Leader","floor":30,"turns":3},{"damage":0,"enemies":"Snake Plant","floor":31,"turns":4},{"damage":0,"enemies":"conspire:MysteriousRune","floor":33,"turns":5},{"damage":0,"enemies":"3 Shapes","floor":35,"turns":3},{"damage":1,"enemies":"Orb Walker","floor":37,"turns":3},{"damage":12,"enemies":"Writhing Mass","floor":38,"turns":4},{"damage":9,"enemies":"Jaw Worm Horde","floor":39,"turns":4},{"damage":0,"enemies":"Sphere and 2 Shapes","floor":41,"turns":3},{"damage":0,"enemies":"4 Shapes","floor":42,"turns":4},{"damage":0,"enemies":"Maw","floor":45,"turns":5},{"damage":0,"enemies":"Spire Growth","floor":47,"turns":3},{"damage":1,"enemies":"Writhing Mass","floor":48,"turns":4},{"damage":0,"enemies":"Donu and Deca","floor":50,"turns":5}],"seed_played":"-9188197400489758297","potions_obtained":[{"floor":5.0,"key":"Poison Potion"},{"floor":10.0,"key":"GhostInAJar"},{"floor":14.0,"key":"Regen Potion"},{"floor":16.0,"key":"PowerPotion"},{"floor":24,"key":"Weak Potion"},{"floor":30,"key":"ColorlessPotion"},{"floor":31,"key":"Fire Potion"},{"floor":33,"key":"Block Potion"},{"floor":41,"key":"DuplicationPotion"}],"is_trial":false,"path_per_floor":["M","?","M","?","M","R","E","R","T","E","?","$","M","M","R","B",null,"M","?","M","?","M","R","E","R","T","R","E","$","E","M","R","B",null,"M","?","M","M","M","R","M","M","T","R","M","R","M","M","R","B",null],"character_chosen":"THE_SILENT","items_purchased":["Omamori"],"campfire_rested":0,"item_purchase_floors":[12],"current_hp_per_floor":[59,64,64,53,53,53,45,45,45,43,43,43,43,43,43,66,70,66,53,53,53,52,52,53,53,53,53,41,41,41,45,45,53,53,53,32,39,33,24,24,30,34,34,34,42,42,44,49,49,53],"gold":426,"neow_bonus":"THREE_ENEMY_KILL","is_daily":false,"chose_seed":false,"campfire_upgraded":11,"win_rate":0.0,"timestamp":1609066527,"path_taken":["M","?","M","?","M","R","E","R","T","E","?","$","M","?","R","BOSS","M","?","M","?","M","R","E","R","T","R","E","$","E","M","R","BOSS","M","?","M","M","M","R","M","M","T","R","M","R","M","M","R","BOSS"],"items_purchased_type":["Relic"],"build_version":"2020-12-22","purchased_purges":3,"victory":true,"max_hp_per_floor":[66,71,71,71,71,71,71,71,71,71,71,71,71,71,71,71,71,71,53,53,53,53,53,53,53,53,53,53,53,53,53,53,53,53,53,53,53,53,53,53,53,53,53,53,53,53,53,53,53,53],"card_choices":[{"not_picked":["Hidden Blade","MostiFishMod:PerfectParry"],"picked":"Blade Dance","floor":1.0},{"not_picked":["Underhanded Strike","Blade Dance","Dodge and Roll","Flying Knee"],"picked":"Escape Plan","floor":3.0},{"not_picked":["MostiFishMod:PerfectParry","Quick Slash","Cloak And Dagger","Fluid Movement"],"picked":"AT_KneejerkReflex","floor":5.0},{"not_picked":["Dagger Throw","MostiFishMod:PreservedThorns","Blade Dance","Bane","PiercingWail"],"picked":"SKIP","floor":7.0},{"not_picked":["Fluid Movement","Deflect","Backflip","PiercingWail"],"picked":"ReplayTheSpireMod:Speed Training","floor":10.0},{"not_picked":["Catalyst","Bouncing Flask","MostiFishMod:AdrenalineArouse","Acrobatics"],"picked":"Footwork","floor":13.0},{"not_picked":["Quick Slash","AT_WindFlip","MostiFishMod:PerfectParry","Prepared","ReplayTheSpireMod:The Works"],"picked":"SKIP","floor":14.0},{"not_picked":["Malaise","REME_GrazeFinale","Night Terror","Burst"],"picked":"A Thousand Cuts","floor":16.0},{"not_picked":["Flying Knee","Prepared","Bane","Underhanded Strike+1"],"picked":"Cloak And Dagger","floor":18.0},{"not_picked":["Poisoned Stab","Dagger Spray","Deadly Poison+1","Acrobatics","Outmaneuver"],"picked":"SKIP","floor":20.0},{"not_picked":["REME_CopyPotion","Backflip","MostiFishMod:FrostNova","Dagger Throw","AT_WindFlip"],"picked":"SKIP","floor":22},{"not_picked":["Skewer","Hidden Blade","Flying Knee","AT_WindFlip"],"picked":"After Image","floor":24},{"not_picked":["Storm of Steel","conspire:PoisonWeapons+1","AT_WindFlip","Sucker Punch","MostiFishMod:GrandStart"],"picked":"SKIP","floor":28},{"not_picked":["Poisoned Stab","Prepared","Slice","AT_WindFlip","Deflect"],"picked":"SKIP","floor":30},{"not_picked":["Bane+1","MostiFishMod:InvigoratingSolution","MostiFishMod:Confrontation","Draining Mist","Prepared"],"picked":"SKIP","floor":31},{"not_picked":["Hidden Blade","Catalyst+1","Bane","Flying Knee+1","conspire:DoublingDagger"],"picked":"SKIP","floor":35},{"not_picked":["AT_WindRun","MostiFishMod:InvigoratingSolution","Poisoned Stab","Outmaneuver","Quick Slash"],"picked":"SKIP","floor":37},{"not_picked":["Predator","Slice+1","AT_WindFlip","AT_TinkerSharpsword","Backflip"],"picked":"SKIP","floor":38},{"not_picked":["Dagger Spray+1","Quick Slash","Hidden Blade","Deadly Poison+1","Underhanded Strike"],"picked":"SKIP","floor":39},{"not_picked":["Leg Sweep","Deadly Poison","ReplayTheSpireMod:Necrosis","Flying Knee","Poisoned Stab"],"picked":"SKIP","floor":41},{"not_picked":["AT_ThistleTea+1","Eviscerate+1","Dagger Throw+1","Setup","Hidden Blade"],"picked":"SKIP","floor":42},{"not_picked":["Bane","Flechettes","conspire:DoublingDagger","PiercingWail","Prepared"],"picked":"SKIP","floor":45},{"not_picked":["MostiFishMod:PerfectParry","Finisher+1","Hidden Blade","Cloak And Dagger","Blur+1"],"picked":"SKIP","floor":47},{"not_picked":["MostiFishMod:PerfectParry","AT_ThistleTea","Dagger Spray","Underhanded Strike+1"],"picked":"Accuracy+1","floor":48}],"player_experience":744277,"relics_obtained":[{"floor":1.0,"key":"SynthV:TestCard"},{"floor":9.0,"key":"AT_SunfireAegis"},{"floor":10.0,"key":"The Specimen"},{"floor":24,"key":"Dota2Spire:Butterfly"},{"floor":26,"key":"Replay:Bottled Steam"},{"floor":28,"key":"Pen Nib"},{"floor":30,"key":"Lantern"},{"floor":43,"key":"GodSword4"}],"event_choices":[{"damage_healed":0.0,"max_hp_gain":5.0,"max_hp_loss":0.0,"gold_gain":0.0,"event_name":"Big Fish","player_choice":"Donut","floor":2.0,"gold_loss":0.0,"damage_taken":0.0},{"damage_healed":0.0,"max_hp_gain":0.0,"max_hp_loss":0.0,"gold_gain":75.0,"event_name":"World of Goop","player_choice":"Gather Gold","floor":4.0,"gold_loss":0.0,"damage_taken":11.0},{"damage_healed":0.0,"max_hp_gain":0.0,"max_hp_loss":0.0,"gold_gain":50.0,"event_name":"Golden Shrine","player_choice":"Pray","floor":11.0,"gold_loss":0.0,"damage_taken":0.0},{"damage_healed":0.0,"max_hp_gain":0.0,"max_hp_loss":18.0,"gold_gain":0.0,"event_name":"Vampires","player_choice":"Became a vampire","floor":19.0,"gold_loss":0.0,"damage_taken":0.0,"cards_obtained":["Bite","Bite","Bite","Bite"]}],"is_beta":false,"boss_relics":[{"not_picked":["BloodWine","MostiFishMod:Hod"],"picked":"REME_ChargedStone"},{"not_picked":["ChewingGum","ReplayTheSpireMod:DimensionalGlitch"],"picked":"Black Star"}],"items_purged_floors":[12,29,29],"is_endless":false,"potions_floor_spawned":[5,10,14,16,24,30,31,33,37,41,42,45,48],"ascension_level":18}}