{"host":"ypphcgdomtfqpc2w","time":1609041349,"event":{"mods":["BaseMod","Minty Spire (QoL Compilation)","StSLib"],"gold_per_floor":[360,376,526,43,59,59,78,113,138,163,163,191,204,129,129,204,204,216,59,59,59,76,76,94,124,149,161,173,100,112,157,169,258,270,292,304,316,348,373,415,427,467,502,534,546,558,583,189,189,189,189,189,60,89,89],"floor_reached":56,"playtime":5275,"items_purged":["Doubt","Strike_R"],"score":1913,"play_id":"62072679-43e6-4c38-9408-ec6370db96f9","local_time":"20201227125549","is_ascension_mode":true,"campfire_choices":[{"data":"Pommel Strike","floor":6.0,"key":"SMITH"},{"data":"Burning Pact","floor":15.0,"key":"SMITH"},{"data":"Rage","floor":23.0,"key":"SMITH"},{"data":"RitualDagger","floor":28.0,"key":"SMITH"},{"data":"Demon Form","floor":30.0,"key":"SMITH"},{"data":"Pommel Strike","floor":32.0,"key":"SMITH"},{"data":"Burning Pact","floor":41.0,"key":"SMITH"},{"data":"Uppercut","floor":45.0,"key":"SMITH"},{"floor":49,"key":"RECALL"},{"data":"Bloodletting","floor":52,"key":"SMITH"}],"circlet_count":0,"master_deck":["AscendersBane","Strike_R","Strike_R","Defend_R","Defend_R","Defend_R","Defend_R","Pommel Strike+1","Burning Pact+1","Headbutt","Carnage","Rage+1","Demon Form+1","Bloodletting+1","Shrug It Off","RitualDagger+1","Shrug It Off","Disarm","Clothesline","Pommel Strike+1","Reaper","Pommel Strike+1","Body Slam+1","Flame Barrier","Burning Pact+1","Disarm+1","Injury","Uppercut+1","Dark Embrace","Shrug It Off+1"],"relics":["Burning Blood","Sundial","TheAbacus","Anchor","Bag of Preparation","Toy Ornithopter","Eternal Feather","Coffee Dripper","Medical Kit","Question Card","MawBank","Lantern","Blue Candle","Cursed Key","Pocketwatch","InkBottle","Charon\u0027s Ashes","Bronze Scales"],"acts_visited":["Exordium","TheCity","TheBeyond","TheEnding"],"potions_floor_usage":[54,55],"damage_taken":[{"damage":3.0,"enemies":"Jaw Worm","floor":1.0,"turns":5.0},{"damage":7.0,"enemies":"2 Louse","floor":2.0,"turns":3.0},{"damage":5.0,"enemies":"Cultist","floor":5.0,"turns":5.0},{"damage":4.0,"enemies":"Exordium Wildlife","floor":7.0,"turns":6.0},{"damage":26.0,"enemies":"Gremlin Nob","floor":8.0,"turns":4.0},{"damage":27.0,"enemies":"Lagavulin","floor":10.0,"turns":8.0},{"damage":19.0,"enemies":"Gremlin Nob","floor":12.0,"turns":3.0},{"damage":5.0,"enemies":"2 Fungi Beasts","floor":13.0,"turns":5.0},{"damage":28.0,"enemies":"The Guardian","floor":16.0,"turns":8.0},{"damage":3.0,"enemies":"Chosen","floor":18.0,"turns":3.0},{"damage":0.0,"enemies":"Shell Parasite","floor":22.0,"turns":5.0},{"damage":6.0,"enemies":"Chosen and Byrds","floor":24.0,"turns":7.0},{"damage":8.0,"enemies":"Book of Stabbing","floor":25.0,"turns":7.0},{"damage":12.0,"enemies":"Gremlin Leader","floor":31.0,"turns":7.0},{"damage":47.0,"enemies":"Automaton","floor":33.0,"turns":10.0},{"damage":4.0,"enemies":"Orb Walker","floor":35.0,"turns":4.0},{"damage":10.0,"enemies":"3 Darklings","floor":38.0,"turns":10.0},{"damage":17.0,"enemies":"Spire Growth","floor":39.0,"turns":4.0},{"damage":52.0,"enemies":"Nemesis","floor":40.0,"turns":11.0},{"damage":47.0,"enemies":"Reptomancer","floor":42.0,"turns":7.0},{"damage":1.0,"enemies":"Jaw Worm Horde","floor":44.0,"turns":6.0},{"damage":9,"enemies":"3 Darklings","floor":47,"turns":10},{"damage":32,"enemies":"Donu and Deca","floor":50,"turns":8},{"damage":63,"enemies":"Shield and Spear","floor":54,"turns":11},{"damage":74,"enemies":"The Heart","floor":55,"turns":6}],"seed_played":"-8427181778233240470","potions_obtained":[{"floor":1.0,"key":"Ancient Potion"},{"floor":8.0,"key":"Fruit Juice"},{"floor":10.0,"key":"Ancient Potion"},{"floor":12.0,"key":"SteroidPotion"},{"floor":13.0,"key":"GamblersBrew"},{"floor":22.0,"key":"EssenceOfSteel"},{"floor":24.0,"key":"Weak Potion"},{"floor":25.0,"key":"FearPotion"},{"floor":42.0,"key":"ColorlessPotion"}],"is_trial":false,"path_per_floor":["M","M","?","$","M","R","M","E","T","E","?","E","M","?","R","B",null,"M","$","?","?","M","R","M","E","T","$","R","?","R","E","R","B",null,"M","?","?","M","M","E","R","E","T","M","R","$","M","$","R","B",null,"R","$","E","B",null],"character_chosen":"IRONCLAD","items_purchased":["Sundial","TheAbacus","Medical Kit","Charon\u0027s Ashes","Dark Embrace","BloodPotion"],"campfire_rested":0,"item_purchase_floors":[4,4,19,48,53,53],"current_hp_per_floor":[53,52,52,52,53,53,55,35,35,24,24,16,22,22,31,14,64,67,67,61,61,67,79,79,78,78,78,80,80,80,74,80,39,70,76,76,76,80,76,58,73,44,44,61,76,76,80,80,80,80,80,80,80,49,21],"gold":89,"neow_bonus":"TWO_FIFTY_GOLD","is_daily":false,"chose_seed":false,"campfire_upgraded":9,"win_rate":0.0,"timestamp":1609041349,"path_taken":["M","M","?","$","M","R","M","E","T","E","?","E","?","?","R","BOSS","M","$","?","?","M","R","M","E","T","$","R","?","R","E","R","BOSS","M","?","?","?","M","E","R","E","T","M","R","$","M","$","R","BOSS","R","$","E","BOSS"],"items_purchased_type":["Relic","Relic","Relic","Relic","Card","Potion"],"build_version":"2020-12-22","purchased_purges":2,"victory":true,"max_hp_per_floor":[75,75,75,75,75,75,75,75,75,80,80,80,80,80,80,80,80,80,80,80,80,80,80,80,80,80,80,80,80,80,80,80,80,80,80,80,80,80,80,80,80,80,80,80,80,80,80,80,80,80,80,80,80,80,80],"card_choices":[{"not_picked":["Reckless Charge","Cleave"],"picked":"Pommel Strike","floor":1.0},{"not_picked":["Bloodletting","Warcry"],"picked":"Burning Pact","floor":2.0},{"not_picked":["Clash","Twin Strike"],"picked":"Headbutt","floor":5.0},{"not_picked":["Armaments","Pommel Strike"],"picked":"Carnage","floor":7.0},{"not_picked":["Thunderclap","Wild Strike"],"picked":"Rage","floor":8.0},{"not_picked":["Blood for Blood","Heavy Blade"],"picked":"Demon Form","floor":10.0},{"not_picked":["Headbutt","Flex","Hemokinesis"],"picked":"SKIP","floor":12.0},{"not_picked":["Carnage","Anger","Havoc"],"picked":"SKIP","floor":13.0},{"not_picked":["Double Tap","Fiend Fire"],"picked":"Immolate","floor":16.0},{"not_picked":["Metallicize","Hemokinesis"],"picked":"Shrug It Off","floor":18.0},{"not_picked":["Pummel","Dual Wield"],"picked":"Shrug It Off","floor":22.0},{"not_picked":["Shockwave","Sever Soul"],"picked":"Disarm","floor":24.0},{"not_picked":["Sword Boomerang","Headbutt"],"picked":"Clothesline","floor":25.0},{"not_picked":["Warcry","Searing Blow","Anger"],"picked":"Pommel Strike","floor":31.0},{"not_picked":["Exhume","Demon Form","Barricade"],"picked":"Reaper","floor":33.0},{"not_picked":["Clash","Thunderclap","Headbutt"],"picked":"Pommel Strike+1","floor":35.0},{"not_picked":["Combust","Pommel Strike","Carnage+1"],"picked":"Body Slam+1","floor":38.0},{"not_picked":["Clash+1","Perfected Strike","Sword Boomerang"],"picked":"Flame Barrier","floor":39.0},{"not_picked":["Bludgeon","Limit Break","Rage"],"picked":"Burning Pact","floor":40.0},{"not_picked":["Dropkick","Thunderclap","Sword Boomerang"],"picked":"Disarm+1","floor":42.0},{"not_picked":["Sword Boomerang","Body Slam","Anger"],"picked":"Uppercut","floor":44.0},{"not_picked":["Clash+1","Sword Boomerang","Twin Strike","Cleave"],"picked":"SKIP","floor":47},{"not_picked":["Dark Embrace+1","Spot Weakness","Metallicize"],"picked":"Shrug It Off+1","floor":54}],"player_experience":1955308,"relics_obtained":[{"floor":8.0,"key":"Anchor"},{"floor":9.0,"key":"Bag of Preparation"},{"floor":10.0,"key":"Toy Ornithopter"},{"floor":12.0,"key":"Eternal Feather"},{"floor":25.0,"key":"Question Card"},{"floor":26.0,"key":"MawBank"},{"floor":31.0,"key":"Blue Candle"},{"floor":40.0,"key":"Pocketwatch"},{"floor":42.0,"key":"InkBottle"},{"floor":54,"key":"Bronze Scales"}],"event_choices":[{"damage_healed":0.0,"max_hp_gain":0.0,"max_hp_loss":0.0,"gold_gain":150.0,"event_name":"Liars Game","player_choice":"AGREE","floor":3.0,"gold_loss":0.0,"damage_taken":0.0,"cards_obtained":["Doubt"]},{"damage_healed":0.0,"max_hp_gain":0.0,"max_hp_loss":0.0,"gold_gain":0.0,"cards_transformed":["Strike_R"],"event_name":"Transmorgrifier","player_choice":"Transformed","floor":11.0,"gold_loss":0.0,"damage_taken":0.0,"cards_obtained":["Bloodletting"]},{"cards_removed":["Bash"],"damage_healed":0.0,"max_hp_gain":0.0,"max_hp_loss":0.0,"gold_gain":0.0,"event_name":"The Cleric","player_choice":"Card Removal","floor":14.0,"gold_loss":75.0,"damage_taken":0.0},{"damage_healed":0.0,"max_hp_gain":0.0,"max_hp_loss":0.0,"gold_gain":0.0,"event_name":"Nest","player_choice":"Joined the Cult","floor":20.0,"gold_loss":0.0,"damage_taken":6.0,"cards_obtained":["RitualDagger"]},{"damage_healed":0.0,"max_hp_gain":0.0,"max_hp_loss":0.0,"gold_gain":0.0,"event_name":"The Mausoleum","player_choice":"Ignored","floor":21.0,"gold_loss":0.0,"damage_taken":0.0},{"damage_healed":0.0,"max_hp_gain":0.0,"max_hp_loss":0.0,"gold_gain":0.0,"event_name":"Addict","player_choice":"Obtained Relic","floor":29.0,"gold_loss":85.0,"damage_taken":0.0,"relics_obtained":["Lantern"]},{"cards_removed":["Immolate"],"damage_healed":0.0,"max_hp_gain":0.0,"max_hp_loss":0.0,"gold_gain":0.0,"event_name":"Falling","player_choice":"Removed Attack","floor":36.0,"gold_loss":0.0,"damage_taken":0.0},{"cards_removed":["Strike_R"],"damage_healed":0.0,"max_hp_gain":0.0,"max_hp_loss":0.0,"gold_gain":0.0,"event_name":"Wheel of Change","player_choice":"Card Removal","floor":37.0,"gold_loss":0.0,"damage_taken":0.0}],"is_beta":false,"boss_relics":[{"not_picked":["SlaversCollar","Busted Crown"],"picked":"Coffee Dripper"},{"not_picked":["Velvet Choker","Mark of Pain"],"picked":"Cursed Key"}],"items_purged_floors":[4,48],"is_endless":false,"potions_floor_spawned":[1,8,10,12,13,22,24,25,40,42],"ascension_level":15}}