{"host":"lpcxcvdszk9zyesf","time":1609072837,"event":{"mods":["BaseMod","Better Third Choice","BetterRewards","Minty Spire (QoL Compilation)","Rare Cards Sparkle","Relic Stats","Say the Spire","Spicy Shops","StSLib"],"gold_per_floor":[119,135,135,9,0,0,34,54,79,106,106,106,118,138,138,240,240,240,240],"floor_reached":18,"playtime":610,"items_purged":["Strike_R","Strike_R"],"score":423,"play_id":"12e00b4f-9b63-4a00-b549-13ea6698e6b7","local_time":"20201227204037","is_ascension_mode":true,"campfire_choices":[{"data":"Enlightenment","floor":6,"key":"SMITH"},{"data":"Dual Wield","floor":15,"key":"SMITH"}],"circlet_count":0,"master_deck":["Strike_R+1","Defend_R","Defend_R","Defend_R","Defend_R","Bash","Inflame+1","Reckless Charge","Reckless Charge+1","Bloodletting","Enlightenment+1","Seeing Red","Carnage","Dual Wield+1","Heavy Blade","Demon Form"],"relics":["Burning Blood","MealTicket","Akabeko","Bag of Marbles","Thread and Needle","Dream Catcher","Whetstone","Juzu Bracelet","Philosopher\u0027s Stone"],"acts_visited":["Exordium","TheCity"],"potions_floor_usage":[13,16],"damage_taken":[{"damage":2,"enemies":"Jaw Worm","floor":1,"turns":3},{"damage":0,"enemies":"Cultist","floor":2,"turns":2},{"damage":18,"enemies":"Lagavulin","floor":7,"turns":5},{"damage":0,"enemies":"2 Louse","floor":8,"turns":1},{"damage":0,"enemies":"Gremlin Nob","floor":10,"turns":3},{"damage":0,"enemies":"Exordium Thugs","floor":13,"turns":3},{"damage":3,"enemies":"Large Slime","floor":14,"turns":3},{"damage":82,"enemies":"Hexaghost","floor":16,"turns":8},{"damage":84,"enemies":"3 Byrds","floor":18,"turns":4}],"seed_played":"3799072796353436793","potions_obtained":[{"floor":1,"key":"FearPotion"},{"floor":2,"key":"Regen Potion"},{"floor":10,"key":"DuplicationPotion"},{"floor":13,"key":"Fruit Juice"}],"is_trial":false,"path_per_floor":["M","M","?","$","?","R","E","M","T","E","?","?","M","M","R","B",null,"M"],"character_chosen":"IRONCLAD","items_purchased":["Inflame","MealTicket","Akabeko","Bag of Marbles","Reckless Charge","Bloodletting","Thread and Needle"],"campfire_rested":0,"item_purchase_floors":[0,0,0,0,0,4,4],"current_hp_per_floor":[76,80,80,80,86,86,74,80,80,86,79,84,95,96,96,35,81,0,0],"gold":240,"neow_bonus":"","is_daily":false,"chose_seed":false,"campfire_upgraded":2,"win_rate":0.0,"timestamp":1609072837,"path_taken":["M","M","?","?","?","R","E","M","T","E","?","?","M","M","R","BOSS","M"],"items_purchased_type":["Card","Relic","Relic","Relic","Card","Card","Relic"],"build_version":"2020-12-22","purchased_purges":2,"victory":false,"max_hp_per_floor":[80,80,80,80,86,86,86,86,86,86,86,91,96,96,96,96,96,96,96],"relic_stats":{"Dream Catcher":2,"counters":[74,299],"MealTicket":0,"Juzu Bracelet":3,"Whetstone":["Strike_R","Reckless Charge"],"obtain_stats":[{"Singing Bowl":7,"Torii":39,"Black Blood":17,"Juzu Bracelet":22,"Ginger":41,"Whetstone":9,"Boot":9,"Empty Cage":17,"Burning Blood":0,"Dream Catcher":0,"Matryoshka":34,"DollysMirror":21,"Strawberry":43,"Toolbox":0,"Philosopher\u0027s Stone":17,"MealTicket":0,"Red Mask":38,"Chemical X":22,"Kunai":0,"Lee\u0027s Waffle":0,"Pear":26,"Astrolabe":34,"Velvet Choker":34,"Oddly Smooth Stone":0,"Thread and Needle":4,"Pen Nib":0,"Odd Mushroom":13,"Orichalcum":7,"Medical Kit":0,"Akabeko":0,"Mercury Hourglass":46,"Calling Bell":34,"Anchor":0,"Brimstone":37,"Bronze Scales":3,"Bird Faced Urn":43,"Molten Egg 2":26,"Bag of Marbles":0,"Membership Card":28,"Bottled Lightning":46,"FossilizedHelix":44,"Toy Ornithopter":31,"Unceasing Top":34,"Pocketwatch":14},{"Singing Bowl":4,"Torii":20,"Black Blood":33,"Juzu Bracelet":12,"Ginger":21,"Whetstone":69,"Boot":4,"Empty Cage":8,"Burning Blood":0,"Dream Catcher":47,"Matryoshka":62,"DollysMirror":56,"Strawberry":21,"Toolbox":47,"Philosopher\u0027s Stone":54,"MealTicket":65,"Red Mask":42,"Chemical X":12,"Kunai":47,"Lee\u0027s Waffle":47,"Pear":36,"Astrolabe":40,"Velvet Choker":17,"Oddly Smooth Stone":25,"Thread and Needle":67,"Pen Nib":0,"Odd Mushroom":6,"Orichalcum":29,"Medical Kit":25,"Akabeko":65,"Mercury Hourglass":23,"Calling Bell":62,"Anchor":47,"Brimstone":42,"Bronze Scales":2,"Bird Faced Urn":43,"Molten Egg 2":13,"Bag of Marbles":65,"Membership Card":37,"Bottled Lightning":45,"FossilizedHelix":21,"Toy Ornithopter":39,"Unceasing Top":62,"Pocketwatch":32},{"Singing Bowl":15,"Torii":87,"Black Blood":149,"Juzu Bracelet":49,"Ginger":94,"Whetstone":278,"Boot":15,"Empty Cage":33,"Burning Blood":0,"Dream Catcher":204,"Matryoshka":255,"DollysMirror":234,"Strawberry":94,"Toolbox":204,"Philosopher\u0027s Stone":228,"MealTicket":267,"Red Mask":183,"Chemical X":49,"Kunai":204,"Lee\u0027s Waffle":204,"Pear":157,"Astrolabe":175,"Velvet Choker":75,"Oddly Smooth Stone":120,"Thread and Needle":272,"Pen Nib":0,"Odd Mushroom":23,"Orichalcum":135,"Medical Kit":120,"Akabeko":267,"Mercury Hourglass":107,"Calling Bell":255,"Anchor":204,"Brimstone":183,"Bronze Scales":7,"Bird Faced Urn":186,"Molten Egg 2":53,"Bag of Marbles":267,"Membership Card":160,"Bottled Lightning":194,"FossilizedHelix":94,"Toy Ornithopter":168,"Unceasing Top":255,"Pocketwatch":143}],"Burning Blood":485},"card_choices":[{"not_picked":["Perfected Strike","Iron Wave","Armaments"],"picked":"SKIP","floor":1},{"not_picked":["Hemokinesis","Shrug It Off"],"picked":"Reckless Charge","floor":2},{"not_picked":["Headbutt","Dark Embrace"],"picked":"Seeing Red","floor":7},{"not_picked":["Heavy Blade","Sentinel"],"picked":"Carnage","floor":8},{"not_picked":["Clothesline","Uppercut","Cleave"],"picked":"SKIP","floor":10},{"not_picked":["Cleave","Pommel Strike"],"picked":"Dual Wield","floor":13},{"not_picked":["Inflame","Bloodletting"],"picked":"Heavy Blade","floor":14},{"not_picked":["Fiend Fire","Brutality"],"picked":"Demon Form","floor":16}],"player_experience":262016,"relics_obtained":[{"floor":7,"key":"Dream Catcher"},{"floor":9,"key":"Whetstone"},{"floor":10,"key":"Juzu Bracelet"}],"event_choices":[{"damage_healed":0,"gold_gain":0,"player_choice":"Upgraded","damage_taken":0,"max_hp_gain":0,"max_hp_loss":0,"event_name":"Upgrade Shrine","floor":3,"gold_loss":0,"cards_upgraded":["Inflame"]},{"damage_healed":0,"gold_gain":0,"player_choice":"RENOUNCE","damage_taken":9,"max_hp_gain":0,"max_hp_loss":0,"event_name":"betterThird:BetterSerpent","floor":5,"gold_loss":9,"cards_obtained":["Enlightenment"]},{"cards_removed":["Strike_R"],"damage_healed":0,"gold_gain":0,"player_choice":"Card Removal","damage_taken":7,"max_hp_gain":0,"max_hp_loss":0,"event_name":"Golden Wing","floor":11,"gold_loss":0},{"damage_healed":0,"gold_gain":0,"player_choice":"Donut","damage_taken":0,"max_hp_gain":5,"max_hp_loss":0,"event_name":"Big Fish","floor":12,"gold_loss":0}],"is_beta":false,"boss_relics":[{"not_picked":["Runic Pyramid","Tiny House"],"picked":"Philosopher\u0027s Stone"}],"items_purged_floors":[0,0],"is_endless":false,"potions_floor_spawned":[1,2,10,13],"killed_by":"3 Byrds","ascension_level":7}}