{"host":"d1ko3fbbyfpftrlc","time":1609091755,"event":{"mods":["BaseMod","Curses Come First","Minty Spire (QoL Compilation)","StSLib","The Animator"],"gold_per_floor":[114,114,141,159,334,349,349,349,349],"floor_reached":8,"playtime":517,"items_purged":[],"score":48,"play_id":"9a291a0f-628f-4220-92b4-d58de9b44624","local_time":"20201228005555","is_ascension_mode":false,"campfire_choices":[{"data":"animator:Aqua","floor":7,"key":"SMITH"}],"circlet_count":0,"master_deck":["animator:Strike_Konosuba","animator:Defend_Konosuba","animator:Strike","animator:Strike","animator:Strike","animator:Defend","animator:Defend","animator:Defend","animator:Kazuma","animator:Aqua+1","animator:MumenRider","animator:MaesHughes","animator:Sebas","Doubt","animator:Aqua"],"relics":["animator:LivingPicture","animator:TheMissingPiece","CultistMask"],"acts_visited":["Exordium"],"potions_floor_usage":[8],"damage_taken":[{"damage":8,"enemies":"Jaw Worm","floor":1,"turns":6},{"damage":7,"enemies":"Cultist","floor":3,"turns":5},{"damage":0,"enemies":"2 Louse","floor":4,"turns":3},{"damage":48,"enemies":"Exordium Wildlife","floor":6,"turns":9},{"damage":33,"enemies":"Lagavulin","floor":8,"turns":6}],"seed_played":"-5501180494267012006","potions_obtained":[{"floor":1,"key":"SteroidPotion"}],"is_trial":false,"path_per_floor":["M","?","M","M","?","M","R","E"],"character_chosen":"THE_ANIMATOR","items_purchased":[],"campfire_rested":0,"item_purchase_floors":[],"current_hp_per_floor":[66,66,61,63,63,17,17,0,0],"gold":349,"neow_bonus":"TEN_PERCENT_HP_BONUS","is_daily":false,"chose_seed":false,"campfire_upgraded":1,"win_rate":0.0,"timestamp":1609091755,"path_taken":["M","?","?","M","?","M","R","E"],"items_purchased_type":[],"build_version":"2020-12-22","purchased_purges":0,"victory":false,"max_hp_per_floor":[72,72,72,72,72,72,72,72,72],"card_choices":[{"not_picked":["animator:GazelDwargon","animator:Ara"],"picked":"animator:MumenRider","floor":1},{"not_picked":["animator:Demiurge","animator:Kaijin"],"picked":"animator:MaesHughes","floor":3},{"not_picked":["animator:Millim","animator:Sonic"],"picked":"animator:Sebas","floor":4},{"not_picked":["animator:Mitsurugi","animator:Vanir"],"picked":"animator:Aqua","floor":6}],"player_experience":32328,"relics_obtained":[],"event_choices":[{"damage_healed":0,"gold_gain":0,"player_choice":"Trade","damage_taken":0,"relics_obtained":["CultistMask"],"max_hp_gain":0,"max_hp_loss":0,"event_name":"FaceTrader","floor":2,"gold_loss":0},{"damage_healed":0,"gold_gain":175,"player_choice":"AGREE","damage_taken":0,"max_hp_gain":0,"max_hp_loss":0,"event_name":"Liars Game","floor":5,"gold_loss":0,"cards_obtained":["Doubt"]}],"is_beta":false,"boss_relics":[],"items_purged_floors":[],"is_endless":false,"potions_floor_spawned":[1],"killed_by":"Lagavulin","ascension_level":0}}