{"host":"k0kjm4m87pwj4phr","time":1609099570,"event":{"mods":["Arknights The Spire","BaseMod","Colored Map","Colored Powertips","Minty Spire (QoL Compilation)","Permanent Neow","Quick Restart","Relic Stats","StSLib"],"gold_per_floor":[117,130,148,158,175,201,201,224,249,249,269,301,313,339,351,460,472,500,367,384,384,400,400,418,438,438,438,457,473,473,499,499,499,499],"floor_reached":33,"playtime":1428,"items_purged":["Pain"],"score":283,"play_id":"9592c9d9-d842-4746-b0b5-83bd17994e13","local_time":"20201228040610","is_ascension_mode":false,"campfire_choices":[{"data":"ats:Roar Of Ursus","floor":7,"key":"SMITH"},{"floor":10,"key":"REST"},{"data":"ats:Soul Absorption","floor":15,"key":"SMITH"},{"data":"ats:Dogmatic Field","floor":23,"key":"SMITH"},{"floor":30,"key":"REST"},{"floor":32,"key":"REST"}],"circlet_count":0,"master_deck":["ats:Strike C","ats:Strike G","ats:Strike V","ats:Armor Crushing Shot","ats:Defend","ats:Defend","ats:Defend","ats:Defend","ats:Emotion Absorption","ats:Wolf Pack","ats:Ignite","ats:Burning Ground","ats:Roar Of Ursus+1","ats:Soul Absorption+1","ats:Thorns","ats:Dogmatic Field+1","ats:Burning Ground","ats:Very Hot Blade","ats:Counter Healing Mode+1","Shame","ats:Roar Of Ursus","ats:Assault Order+1","ats:Flame Of Heaven+1"],"relics":["ats:Sanity","ats:Originium","PreservedInsect","Odd Mushroom","ats:Originium","MawBank","WarpedTongs","Cursed Key","White Beast Statue","ats:Originium","MealTicket"],"acts_visited":["Exordium","TheCity"],"potions_floor_usage":[4,8,16,28,28,33,33,33],"damage_taken":[{"damage":2,"enemies":"2 Louse","floor":1,"turns":3},{"damage":1,"enemies":"Cultist","floor":2,"turns":4},{"damage":2,"enemies":"Small Slimes","floor":3,"turns":4},{"damage":11,"enemies":"Red Slaver","floor":4,"turns":4},{"damage":0,"enemies":"2 Fungi Beasts","floor":5,"turns":3},{"damage":27,"enemies":"Gremlin Nob","floor":6,"turns":5},{"damage":1,"enemies":"The Mushroom Lair","floor":8,"turns":3},{"damage":0,"enemies":"Exordium Thugs","floor":11,"turns":4},{"damage":3,"enemies":"Lagavulin","floor":12,"turns":6},{"damage":5,"enemies":"3 Louse","floor":14,"turns":5},{"damage":27,"enemies":"Hexaghost","floor":16,"turns":9},{"damage":14,"enemies":"Chosen","floor":18,"turns":5},{"damage":6,"enemies":"2 Thieves","floor":20,"turns":5},{"damage":42,"enemies":"Snake Plant","floor":22,"turns":5},{"damage":19,"enemies":"Centurion and Healer","floor":24,"turns":5},{"damage":51,"enemies":"Shelled Parasite and Fungi","floor":25,"turns":5},{"damage":45,"enemies":"3 Cultists","floor":28,"turns":4},{"damage":21,"enemies":"Snake Plant","floor":29,"turns":5},{"damage":36,"enemies":"Book of Stabbing","floor":31,"turns":5},{"damage":105,"enemies":"Collector","floor":33,"turns":8}],"seed_played":"4965976454625126706","potions_obtained":[{"floor":2,"key":"EntropicBrew"},{"floor":8,"key":"SpeedPotion"},{"floor":11,"key":"Energy Potion"},{"floor":16,"key":"EssenceOfSteel"},{"floor":28,"key":"EssenceOfSteel"},{"floor":29,"key":"BlessingOfTheForge"}],"is_trial":false,"path_per_floor":["M","M","M","M","M","E","R","?","T","R","M","E","?","M","R","B",null,"M","$","M","?","M","R","M","M","T","?","M","M","R","E","R","B"],"character_chosen":"DOCTOR_CLASS","items_purchased":["ats:Burning Ground"],"campfire_rested":3,"item_purchase_floors":[19],"current_hp_per_floor":[70,69,67,56,56,29,29,28,28,49,49,46,46,41,41,14,72,61,61,55,55,36,36,41,17,17,17,18,25,46,10,31,0,0],"gold":499,"neow_bonus":"ONE_RANDOM_RARE_CARD","is_daily":false,"chose_seed":false,"campfire_upgraded":3,"win_rate":0.0,"timestamp":1609099570,"path_taken":["M","M","M","M","M","E","R","?","T","R","M","E","?","?","R","BOSS","M","$","M","?","M","R","?","M","T","?","M","M","R","E","R","BOSS"],"items_purchased_type":["Card"],"build_version":"2020-12-22","purchased_purges":1,"victory":false,"max_hp_per_floor":[72,72,72,72,72,72,72,72,72,72,72,72,72,72,72,72,72,72,72,72,72,72,72,72,72,72,72,72,72,72,72,72,72,72],"relic_stats":{"counters":[20,92],"MealTicket":0,"PreservedInsect":69,"MawBank":84,"Cursed Key":1,"obtain_stats":[{"ats:Originium":6,"MealTicket":31,"PreservedInsect":6,"ats:Sanity":0,"Odd Mushroom":8,"MawBank":12,"Cursed Key":17,"White Beast Statue":26,"WarpedTongs":13},{"ats:Originium":6,"MealTicket":19,"PreservedInsect":6,"ats:Sanity":0,"Odd Mushroom":7,"MawBank":9,"Cursed Key":11,"White Beast Statue":16,"WarpedTongs":9},{"ats:Originium":22,"MealTicket":84,"PreservedInsect":22,"ats:Sanity":0,"Odd Mushroom":25,"MawBank":35,"Cursed Key":48,"White Beast Statue":71,"WarpedTongs":35}],"WarpedTongs":[57]},"card_choices":[{"not_picked":["ats:Revitalization","ats:Cat Scratch","ats:Leaping Hammer"],"picked":"SKIP","floor":1},{"not_picked":["ats:Apocalypse","ats:Demon Strength"],"picked":"ats:Ignite","floor":2},{"not_picked":["ats:Consecutive Shot Auto","ats:Explosion Area Strengthen","ats:Revitalization"],"picked":"SKIP","floor":3},{"not_picked":["ats:Assault Order","ats:Cat Scratch"],"picked":"ats:Burning Ground","floor":4},{"not_picked":["ats:Flexible Camouflage","ats:Ignite","ats:Thorns"],"picked":"SKIP","floor":5},{"not_picked":["ats:Hook Shot","ats:Support Order"],"picked":"ats:Roar Of Ursus","floor":6},{"not_picked":["ats:Shell Defense","ats:Hammer On","ats:Revitalization"],"picked":"SKIP","floor":11},{"not_picked":["ats:Red Shift","ats:Consecutive Shot Auto"],"picked":"ats:Soul Absorption","floor":12},{"not_picked":["ats:Consecutive Shot Auto","ats:Childhood Dance"],"picked":"ats:Thorns","floor":14},{"not_picked":["ats:Roar Of Ursus","ats:Ambush"],"picked":"ats:Dogmatic Field","floor":16},{"not_picked":["ats:Spore Proliferation","ats:Cat Scratch","ats:Assault Order"],"picked":"SKIP","floor":18},{"not_picked":["ats:Leaping Hammer","ats:Childhood Dance+1","ats:Apocalypse"],"picked":"SKIP","floor":20},{"not_picked":["ats:Spore Proliferation","ats:Apocalypse","ats:Consecutive Shot Auto"],"picked":"SKIP","floor":22},{"not_picked":["ats:Sword Rain","ats:Leaping Hammer"],"picked":"ats:Very Hot Blade","floor":24},{"not_picked":["ats:Red Shift","ats:Cat Scratch"],"picked":"ats:Counter Healing Mode+1","floor":25},{"not_picked":["ats:Leaping Hammer","ats:Steam Pump"],"picked":"ats:Assault Order+1","floor":28},{"not_picked":["ats:Ignite","ats:Leaping Hammer"],"picked":"ats:Flame Of Heaven+1","floor":29},{"not_picked":["ats:Assault Order","ats:Thermite Blade","ats:Consecutive Shot Auto"],"picked":"SKIP","floor":31}],"player_experience":433545,"relics_obtained":[{"floor":6,"key":"ats:Originium"},{"floor":6,"key":"PreservedInsect"},{"floor":8,"key":"Odd Mushroom"},{"floor":12,"key":"ats:Originium"},{"floor":12,"key":"MawBank"},{"floor":26,"key":"White Beast Statue"},{"floor":31,"key":"ats:Originium"},{"floor":31,"key":"MealTicket"}],"event_choices":[{"damage_healed":0,"gold_gain":0,"player_choice":"Fought Mushrooms","damage_taken":0,"max_hp_gain":0,"max_hp_loss":0,"event_name":"Mushrooms","floor":8,"gold_loss":0},{"damage_healed":0,"gold_gain":0,"player_choice":"Rummage","damage_taken":0,"relics_obtained":["WarpedTongs"],"max_hp_gain":0,"max_hp_loss":0,"event_name":"Accursed Blacksmith","floor":13,"gold_loss":0,"cards_obtained":["Pain"]},{"cards_removed":["ats:Strike S"],"damage_healed":0,"gold_gain":0,"player_choice":"Offered Basic","damage_taken":0,"max_hp_gain":0,"max_hp_loss":0,"event_name":"Bonfire Elementals","floor":21,"gold_loss":0},{"damage_healed":0,"gold_gain":0,"player_choice":"1 cards matched","damage_taken":0,"max_hp_gain":0,"max_hp_loss":0,"event_name":"Match and Keep!","floor":27,"gold_loss":0,"cards_obtained":["ats:Roar Of Ursus"]}],"is_beta":false,"boss_relics":[{"not_picked":["Runic Pyramid","Black Star"],"picked":"Cursed Key"}],"items_purged_floors":[19],"is_endless":false,"potions_floor_spawned":[2,8,11,14,16,20,24,25,28,29,31],"killed_by":"Collector","ascension_level":0}}