{"host":"s0ikvqhe10eopvjn","time":1609095525,"event":{"mods":["BaseMod","Block Reminder","Colored Map","Colored Powertips","DeckTracker","Hermit","Highlight Path","Minty Spire (QoL Compilation)","Permanent Neow","StSLib","The Blue Laboratory","The Cursed"],"gold_per_floor":[114,132,151,151,151,151,181,181,181,194,231,287,327,327,327,437,437,456,480,480,503,503,503,508,508],"floor_reached":24,"playtime":1731,"items_purged":[],"score":214,"play_id":"51f14d1d-0cee-42b9-b7ac-137cf5204a58","local_time":"20201227185845","is_ascension_mode":false,"campfire_choices":[{"floor":6.0,"key":"REST"},{"floor":8.0,"key":"DIG"},{"floor":15,"key":"DIG"},{"floor":23,"key":"DIG"}],"circlet_count":0,"master_deck":["hermit:Strike_Hermit","hermit:Strike_Hermit","hermit:Strike_Hermit+1","hermit:Strike_Hermit","hermit:Defend_Hermit","hermit:Defend_Hermit","hermit:Defend_Hermit","hermit:Defend_Hermit","hermit:Snapshot","hermit:Covet","hermit:Glare","hermit:Headshot+1","hermit:Scavenge","Regret","hermit:Showdown","hermit:LoneWolf","hermit:BigShot+1","hermit:Enervate","hermit:EternalForm+1","hermit:Snipe","hermit:Snipe","hermit:TakeAim+1"],"relics":["hermit:Momento","Nunchaku","Ornamental Fan","Shovel","Lantern","Darkstone Periapt","Frozen Egg 2","Bag of Marbles","Toy Ornithopter","GremlinMask","Meat on the Bone","Black Star","FossilizedHelix"],"acts_visited":["Exordium","TheCity"],"potions_floor_usage":[16,16,24],"damage_taken":[{"damage":4.0,"enemies":"Cultist","floor":1.0,"turns":4.0},{"damage":0.0,"enemies":"Small Slimes","floor":2.0,"turns":2.0},{"damage":0.0,"enemies":"2 Louse","floor":3.0,"turns":3.0},{"damage":14.0,"enemies":"Gremlin Nob","floor":7.0,"turns":4.0},{"damage":0.0,"enemies":"2 Fungi Beasts","floor":10.0,"turns":2.0},{"damage":4.0,"enemies":"3 Sentries","floor":11.0,"turns":8.0},{"damage":36,"enemies":"Lagavulin Event","floor":12,"turns":7},{"damage":18,"enemies":"Lagavulin","floor":13,"turns":5},{"damage":7,"enemies":"Hexaghost","floor":16,"turns":9},{"damage":11,"enemies":"Chosen","floor":18,"turns":5},{"damage":18,"enemies":"3 Byrds","floor":19,"turns":7},{"damage":30,"enemies":"Snake Plant","floor":21,"turns":5},{"damage":34,"enemies":"Book of Stabbing","floor":24,"turns":5}],"seed_played":"-3681218424194077331","potions_obtained":[{"floor":2.0,"key":"Dexterity Potion"},{"floor":3.0,"key":"DistilledChaos"},{"floor":10.0,"key":"blueLaboratory:BottledHope"},{"floor":13,"key":"blueLaboratory:Moonshine"},{"floor":18,"key":"FearPotion"},{"floor":21,"key":"blueLaboratory:BubblePotion"}],"is_trial":false,"path_per_floor":["M","M","M","?","?","R","E","R","T","M","E","?","E","?","R","B",null,"M","M","?","M","?","R","E"],"character_chosen":"HERMIT","items_purchased":[],"campfire_rested":1,"item_purchase_floors":[],"current_hp_per_floor":[71,71,71,71,56,75,61,61,61,61,57,21,3,3,3,18,75,64,46,46,28,28,28,0,0],"gold":508,"neow_bonus":"RANDOM_COMMON_RELIC","is_daily":false,"chose_seed":false,"campfire_upgraded":0,"win_rate":0.0,"timestamp":1609095525,"path_taken":["M","M","M","?","?","R","E","R","T","M","E","?","E","?","R","BOSS","M","?","?","M","?","R","E"],"items_purchased_type":[],"build_version":"2020-12-22","purchased_purges":0,"victory":false,"max_hp_per_floor":[75,75,75,75,75,75,75,75,75,75,75,75,75,75,75,75,75,75,75,75,75,75,75,75,75],"card_choices":[{"not_picked":["hermit:BodyArmor","hermit:TakeAim"],"picked":"hermit:Glare","floor":1.0},{"not_picked":["hermit:Enervate","hermit:Desperado"],"picked":"hermit:Headshot","floor":2.0},{"not_picked":["hermit:Enervate","hermit:ItchyTrigger"],"picked":"hermit:Scavenge","floor":3.0},{"not_picked":["hermit:SprayPray","hermit:BodyArmor"],"picked":"hermit:Showdown","floor":7.0},{"not_picked":["hermit:HoleUp","hermit:Headshot"],"picked":"hermit:LoneWolf","floor":10.0},{"not_picked":["hermit:SprayPray","hermit:LuckOfTheDraw"],"picked":"hermit:BigShot+1","floor":11},{"not_picked":["hermit:PistolWhip","hermit:Virtue"],"picked":"hermit:Enervate","floor":12},{"not_picked":["hermit:Enervate","hermit:Desperado"],"picked":"hermit:EternalForm+1","floor":13},{"not_picked":["hermit:Desperado+1","hermit:Spite+1"],"picked":"hermit:Snipe","floor":18},{"not_picked":["hermit:Misfire","hermit:Manifest"],"picked":"hermit:Snipe","floor":19},{"not_picked":["hermit:Scavenge","hermit:Headshot"],"picked":"hermit:TakeAim+1","floor":21}],"player_experience":42170,"relics_obtained":[{"floor":7.0,"key":"Shovel"},{"floor":8.0,"key":"Lantern"},{"floor":9.0,"key":"Darkstone Periapt"},{"floor":11,"key":"Frozen Egg 2"},{"floor":12,"key":"Bag of Marbles"},{"floor":13,"key":"Toy Ornithopter"},{"floor":15,"key":"Meat on the Bone"},{"floor":23,"key":"FossilizedHelix"}],"event_choices":[{"damage_healed":0.0,"max_hp_gain":0.0,"max_hp_loss":0.0,"gold_gain":0.0,"event_name":"Big Fish","player_choice":"Box","floor":4.0,"gold_loss":0.0,"damage_taken":0.0,"relics_obtained":["Ornamental Fan"],"cards_obtained":["Regret"]},{"damage_healed":0.0,"max_hp_gain":0.0,"max_hp_loss":0.0,"gold_gain":0.0,"event_name":"Shining Light","player_choice":"Entered Light","floor":5.0,"gold_loss":0.0,"damage_taken":15.0,"cards_upgraded":["hermit:Strike_Hermit","hermit:Headshot"]},{"damage_healed":0,"gold_gain":30,"player_choice":"Searched \u00272\u0027 times","damage_taken":0,"max_hp_gain":0,"max_hp_loss":0,"event_name":"Dead Adventurer","floor":12,"gold_loss":0},{"damage_healed":0,"gold_gain":0,"player_choice":"Trade","damage_taken":0,"relics_obtained":["GremlinMask"],"max_hp_gain":0,"max_hp_loss":0,"event_name":"FaceTrader","floor":14,"gold_loss":0},{"damage_healed":0,"gold_gain":0,"player_choice":"Ignored","damage_taken":0,"max_hp_gain":0,"max_hp_loss":0,"event_name":"Beggar","floor":20,"gold_loss":0},{"damage_healed":0,"gold_gain":0,"player_choice":"Ignored","damage_taken":0,"max_hp_gain":0,"max_hp_loss":0,"event_name":"Vampires","floor":22,"gold_loss":0}],"is_beta":false,"boss_relics":[{"not_picked":["Sozu","Ectoplasm"],"picked":"Black Star"}],"items_purged_floors":[],"is_endless":false,"potions_floor_spawned":[2,3,10,13,18,21],"killed_by":"Book of Stabbing","ascension_level":0}}