{"host":"qm4rv4rkpk76sbxu","time":1607967252,"event":{"mods":["BaseMod","Bestiary","Block Reminder","DeckTracker","Filter the Spire","Keyboard Shortcuts","Minty Spire (QoL Compilation)","MonsterHotkey","Potion Indicator Mod","Quick Restart","Random Character Button","Relic Stats","Slay-I","StSLib","ojb\u0027s Better Paths Mod"],"gold_per_floor":[117,58,58,208,208,208,133,167,190,190,219,230,241,272,272,350,350,360,114,132,142,42,42,42,42],"floor_reached":24,"playtime":827,"items_purged":["Strike_B","Strike_B"],"score":524,"play_id":"fc751580-7db3-4925-beb5-402a9e31b972","local_time":"20201214183412","is_ascension_mode":true,"campfire_choices":[{"data":"Zap","floor":6.0,"key":"SMITH"},{"data":"Ball Lightning","floor":10.0,"key":"SMITH"},{"data":"Echo Form","floor":15.0,"key":"SMITH"},{"floor":23,"key":"REST"}],"circlet_count":0,"master_deck":["AscendersBane","Strike_B","Defend_B","Defend_B","Defend_B","Defend_B","Zap+1","Dualcast","Ball Lightning+1","Auto Shields","BootSequence","Cold Snap","Self Repair","Echo Form+1","Core Surge","Cold Snap+1","Compile Driver"],"relics":["Cracked Core","NeowsBlessing","InkBottle","Boot","Orichalcum","StrikeDummy","Bag of Preparation","Philosopher\u0027s Stone","Art of War"],"acts_visited":["Exordium","TheCity"],"potions_floor_usage":[20,24],"damage_taken":[{"damage":0.0,"enemies":"Cultist","floor":1.0,"turns":1.0},{"damage":0.0,"enemies":"3 Sentries","floor":8.0,"turns":1.0},{"damage":0.0,"enemies":"Gremlin Nob","floor":11.0,"turns":1.0},{"damage":0.0,"enemies":"Small Slimes","floor":12.0,"turns":2.0},{"damage":0.0,"enemies":"2 Louse","floor":13.0,"turns":3.0},{"damage":4.0,"enemies":"3 Sentries","floor":14.0,"turns":8.0},{"damage":38.0,"enemies":"Hexaghost","floor":16.0,"turns":9.0},{"damage":25.0,"enemies":"2 Thieves","floor":18.0,"turns":5.0},{"damage":8,"enemies":"Chosen","floor":20,"turns":4},{"damage":39,"enemies":"Shelled Parasite and Fungi","floor":21,"turns":4},{"damage":30,"enemies":"Gremlin Leader","floor":24,"turns":2}],"seed_played":"7549113293493926518","potions_obtained":[{"floor":1.0,"key":"Ancient Potion"},{"floor":11.0,"key":"FocusPotion"},{"floor":20,"key":"Swift Potion"},{"floor":21,"key":"SkillPotion"}],"is_trial":false,"path_per_floor":["M","$","T","?","?","R","?","E","T","R","E","M","M","E","R","B",null,"M","$","M","M","$","R","E"],"character_chosen":"DEFECT","items_purchased":["Ball Lightning","Art of War"],"campfire_rested":1,"item_purchase_floors":[2,19],"current_hp_per_floor":[64,64,64,64,64,64,64,64,64,64,64,64,64,67,67,36,62,44,44,43,4,4,25,0,0],"gold":42,"neow_bonus":"THREE_ENEMY_KILL","is_daily":false,"chose_seed":false,"campfire_upgraded":3,"win_rate":0.0,"timestamp":1607967252,"path_taken":["M","$","?","?","?","R","?","E","T","R","E","M","M","E","R","BOSS","M","$","M","M","$","R","E"],"items_purchased_type":["Card","Relic"],"build_version":"2020-12-13","purchased_purges":2,"victory":false,"max_hp_per_floor":[71,71,71,71,71,71,71,71,71,71,71,71,71,71,71,71,71,71,71,71,71,71,71,71,71],"relic_stats":{"counters":[11,40],"Bag of Preparation":[10],"Art of War":[1],"Orichalcum":[12],"Boot":[7],"obtain_stats":[{"NeowsBlessing":0,"Philosopher\u0027s Stone":17,"Bag of Preparation":14,"Art of War":19,"Orichalcum":9,"Cracked Core":0,"Boot":8,"StrikeDummy":11,"InkBottle":3},{"NeowsBlessing":0,"Philosopher\u0027s Stone":7,"Bag of Preparation":6,"Art of War":8,"Orichalcum":2,"Cracked Core":0,"Boot":2,"StrikeDummy":3,"InkBottle":1},{"NeowsBlessing":0,"Philosopher\u0027s Stone":25,"Bag of Preparation":16,"Art of War":30,"Orichalcum":2,"Cracked Core":0,"Boot":2,"StrikeDummy":3,"InkBottle":1}],"InkBottle":[12]},"card_choices":[{"not_picked":["Recycle","Barrage","Turbo"],"picked":"SKIP","floor":1.0},{"not_picked":["Loop","Hello World"],"picked":"Auto Shields","floor":8.0},{"not_picked":["Gash","Rebound"],"picked":"BootSequence","floor":11.0},{"not_picked":["Hologram","Sunder"],"picked":"Cold Snap","floor":12.0},{"not_picked":["Ball Lightning","Darkness"],"picked":"Self Repair","floor":13.0},{"not_picked":["FTL","Coolheaded"],"picked":"Echo Form","floor":14.0},{"not_picked":["All For One","Multi-Cast"],"picked":"Core Surge","floor":16.0},{"not_picked":["Steam","Stack"],"picked":"Cold Snap+1","floor":18.0},{"not_picked":["Redo","Storm","Gash"],"picked":"SKIP","floor":20},{"not_picked":["Barrage+1","Melter"],"picked":"Compile Driver","floor":21}],"player_experience":1049785,"relics_obtained":[{"floor":3.0,"key":"InkBottle"},{"floor":8.0,"key":"Boot"},{"floor":9.0,"key":"Orichalcum"},{"floor":11.0,"key":"StrikeDummy"},{"floor":14.0,"key":"Bag of Preparation"}],"event_choices":[{"damage_healed":0.0,"max_hp_gain":0.0,"max_hp_loss":0.0,"gold_gain":150.0,"event_name":"Liars Game","player_choice":"AGREE","floor":4.0,"gold_loss":0.0,"damage_taken":0.0,"cards_obtained":["Doubt"]},{"cards_removed":["Doubt"],"damage_healed":0.0,"max_hp_gain":0.0,"max_hp_loss":0.0,"gold_gain":0.0,"event_name":"Living Wall","player_choice":"Forget","floor":5.0,"gold_loss":0.0,"damage_taken":0.0},{"cards_removed":["Strike_B"],"damage_healed":0.0,"max_hp_gain":0.0,"max_hp_loss":0.0,"gold_gain":0.0,"event_name":"The Cleric","player_choice":"Card Removal","floor":7.0,"gold_loss":75.0,"damage_taken":0.0}],"is_beta":false,"boss_relics":[{"not_picked":["Ectoplasm","Calling Bell"],"picked":"Philosopher\u0027s Stone"}],"items_purged_floors":[19,22],"is_endless":false,"potions_floor_spawned":[1,11,12,20,21],"killed_by":"Gremlin Leader","ascension_level":20}}