{"host":"wl5kcyk3ocgwii71","time":1607974573,"event":{"mods":["AchievementEnabler","BaseMod","Better Altar","Better Match","Better Note","Better Sensory Stone","Better Skull","Better Third Choice","Colored Powertips","Downfall","Hermit","Minty Spire (QoL Compilation)","Quick Restart","Replay The Spire","StSLib","The Servant 0.9.4"],"gold_per_floor":[218,228,243,263,223,255,255,265,265,277,307,338,338,338,338,338,338],"floor_reached":16,"playtime":512,"items_purged":[],"score":146,"play_id":"535e98d9-7e84-494d-9798-fc6109fbde50","local_time":"20201214113613","is_ascension_mode":true,"campfire_choices":[{"data":"ReplayTheSpireMod:Scrap Shanks","floor":7,"key":"SMITH"},{"floor":15,"key":"REST"}],"circlet_count":0,"master_deck":["Strike_G","Strike_G","Strike_G","Strike_G","Strike_G","Defend_G","Defend_G","Defend_G","Defend_G","Survivor","Neutralize","PiercingWail","Blade Dance","Cloak And Dagger","Fluid Movement","ReplayTheSpireMod:Scrap Shanks+1","Dagger Throw","Backflip","Blur","Sucker Punch+1"],"relics":["Ring of the Snake","Replay:Bottled Steam","Kunai","Golden Egg","Molten Egg 2"],"acts_visited":["Exordium"],"potions_floor_usage":[6,6,12,16],"damage_taken":[{"damage":0,"enemies":"2 Louse","floor":1,"turns":5},{"damage":0,"enemies":"Cultist","floor":2,"turns":4},{"damage":0,"enemies":"Small Slimes","floor":3,"turns":5},{"damage":0,"enemies":"2 Fungi Beasts","floor":4,"turns":4},{"damage":7,"enemies":"3 Sentries","floor":6,"turns":8},{"damage":0,"enemies":"Blue Slaver","floor":8,"turns":4},{"damage":0,"enemies":"Looter","floor":10,"turns":4},{"damage":27,"enemies":"Lagavulin","floor":12,"turns":8},{"damage":65,"enemies":"Fading Forest","floor":16,"turns":7}],"seed_played":"7508350353509887357","potions_obtained":[{"floor":3,"key":"Poison Potion"},{"floor":5,"key":"CunningPotion"},{"floor":5,"key":"SteroidPotion"},{"floor":8,"key":"PowerPotion"},{"floor":12,"key":"champ:CounterPotion"}],"is_trial":false,"path_per_floor":["M","M","M","M","?","E","R","M","T","M","?","E","?","?","R","B"],"character_chosen":"THE_SILENT","items_purchased":[],"campfire_rested":1,"item_purchase_floors":[],"current_hp_per_floor":[63,63,63,63,63,56,56,56,56,56,56,29,34,34,56,0,0],"gold":338,"neow_bonus":"HUNDRED_GOLD","is_daily":false,"chose_seed":false,"campfire_upgraded":1,"win_rate":0.0,"timestamp":1607974573,"path_taken":["M","M","M","M","?","E","R","M","T","?","?","E","?","?","R","BOSS"],"items_purchased_type":[],"build_version":"2020-12-13","purchased_purges":0,"victory":false,"max_hp_per_floor":[70,70,70,70,70,70,70,70,70,70,70,70,75,75,75,75,75],"card_choices":[{"not_picked":["Concentrate","Catalyst"],"picked":"PiercingWail","floor":1},{"not_picked":["ReplayTheSpireMod:Tripwire","Poisoned Stab"],"picked":"Blade Dance","floor":2},{"not_picked":["Masterful Stab","Deadly Poison"],"picked":"Cloak And Dagger","floor":3},{"not_picked":["PiercingWail","Outmaneuver"],"picked":"Fluid Movement","floor":4},{"not_picked":["Flying Knee","ReplayTheSpireMod:Scrap Shanks","Quick Slash"],"picked":"SKIP","floor":6},{"not_picked":["Flying Knee","Quick Slash"],"picked":"ReplayTheSpireMod:Scrap Shanks","floor":6},{"not_picked":["Heel Hook","Tactician"],"picked":"Dagger Throw","floor":8},{"not_picked":["Heel Hook","Crippling Poison"],"picked":"Backflip","floor":10},{"not_picked":["Predator+1","Draining Mist"],"picked":"Blur","floor":12}],"player_experience":353998,"relics_obtained":[{"floor":6,"key":"Replay:Bottled Steam"},{"floor":9,"key":"Kunai"},{"floor":12,"key":"Molten Egg 2"}],"event_choices":[{"damage_healed":0,"gold_gain":0,"player_choice":"Bought 3 Potions","damage_taken":0,"max_hp_gain":0,"max_hp_loss":0,"event_name":"The Woman in Blue","floor":5,"gold_loss":0},{"damage_healed":0,"gold_gain":30,"player_choice":"Searched \u00273\u0027 times","damage_taken":0,"relics_obtained":["Golden Egg"],"max_hp_gain":0,"max_hp_loss":0,"event_name":"Dead Adventurer","floor":11,"gold_loss":0},{"damage_healed":0,"gold_gain":0,"player_choice":"Donut","damage_taken":0,"max_hp_gain":5,"max_hp_loss":0,"event_name":"Big Fish","floor":13,"gold_loss":0}],"is_beta":false,"boss_relics":[],"items_purged_floors":[],"is_endless":false,"potions_floor_spawned":[3,8,12],"killed_by":"Fading Forest","ascension_level":6}}