{"host":"ow9msrs9p2ctkx99","time":1607919975,"event":{"mods":["AchievementEnabler","BaseMod","Colored Map","Colored Powertips","Minty Spire (QoL Compilation)","Permanent Neow","Quick Restart","SuperFastMode"],"gold_per_floor":[360,371,371,391,49,81,94,94,94,94,109,109,147,170,170,259,259,298,353,377,377,302,302,302],"floor_reached":23,"playtime":638,"items_purged":["Decay"],"score":355,"play_id":"bba16ce6-10f0-44e1-a63d-711d8ccc3253","local_time":"20201214052615","is_ascension_mode":true,"campfire_choices":[{"floor":8.0,"key":"REST"},{"floor":15.0,"key":"REST"}],"circlet_count":0,"master_deck":["AscendersBane","Strike_G","Strike_G","Strike_G","Strike_G","Defend_G","Defend_G","Defend_G","Defend_G","Defend_G","Survivor","Neutralize","Blade Dance","Poisoned Stab+1","Blade Dance","Footwork","Predator","Blur","CutThroughFate","Armaments","Flash of Steel","Wish","PiercingWail","BowlingBash+1"],"relics":["Ring of the Snake","PrismaticShard","Singing Bowl","Torii","Bloody Idol","Incense Burner","Philosopher\u0027s Stone"],"acts_visited":["Exordium","TheCity"],"potions_floor_usage":[23],"damage_taken":[{"damage":4.0,"enemies":"2 Louse","floor":1.0,"turns":3.0},{"damage":0.0,"enemies":"Cultist","floor":2.0,"turns":5.0},{"damage":7.0,"enemies":"Small Slimes","floor":4.0,"turns":5.0},{"damage":25.0,"enemies":"3 Sentries","floor":6.0,"turns":7.0},{"damage":4.0,"enemies":"Looter","floor":7.0,"turns":3.0},{"damage":10.0,"enemies":"Large Slime","floor":11.0,"turns":5.0},{"damage":26.0,"enemies":"Gremlin Nob","floor":13.0,"turns":4.0},{"damage":1.0,"enemies":"2 Fungi Beasts","floor":14.0,"turns":4.0},{"damage":11.0,"enemies":"Hexaghost","floor":16.0,"turns":10.0},{"damage":3.0,"enemies":"Shell Parasite","floor":18.0,"turns":6.0},{"damage":0.0,"enemies":"3 Byrds","floor":19.0,"turns":6.0},{"damage":15.0,"enemies":"Cultist and Chosen","floor":20.0,"turns":6.0},{"damage":33,"enemies":"Slavers","floor":23,"turns":5}],"seed_played":"-8374210734672145358","potions_obtained":[{"floor":6.0,"key":"ColorlessPotion"},{"floor":7.0,"key":"BlessingOfTheForge"},{"floor":13.0,"key":"Explosive Potion"},{"floor":14.0,"key":"PowerPotion"},{"floor":16.0,"key":"Fire Potion"},{"floor":19.0,"key":"ColorlessPotion"},{"floor":20.0,"key":"CultistPotion"}],"is_trial":false,"path_per_floor":["M","M","?","M","$","E","M","R","T","?","M","?","E","M","R","B",null,"M","M","M","?","?","E"],"character_chosen":"THE_SILENT","items_purchased":["PrismaticShard","Footwork","Predator"],"campfire_rested":2,"item_purchase_floors":[5,5,5],"current_hp_per_floor":[55,55,55,48,48,25,21,41,41,41,31,31,5,4,22,11,49,46,48,33,33,33,0,0],"gold":302,"neow_bonus":"TWO_FIFTY_GOLD","is_daily":false,"chose_seed":false,"campfire_upgraded":0,"win_rate":0.0,"timestamp":1607919975,"path_taken":["M","M","?","M","$","E","?","R","T","?","M","?","E","M","R","BOSS","M","M","M","?","?","E"],"items_purchased_type":["Relic","Card","Card"],"build_version":"2020-12-13","purchased_purges":1,"victory":false,"max_hp_per_floor":[66,66,66,66,66,68,68,68,68,62,62,62,62,62,62,62,62,62,64,64,64,64,64,64],"card_choices":[{"not_picked":["Underhanded Strike","Quick Slash"],"picked":"Blade Dance","floor":1.0},{"not_picked":["Dagger Spray","Setup"],"picked":"Poisoned Stab","floor":2.0},{"not_picked":["Sucker Punch","Noxious Fumes"],"picked":"Blade Dance","floor":4.0},{"not_picked":["Unload","Flex","Evaluate"],"picked":"Singing Bowl","floor":6.0},{"not_picked":["Heavy Blade","Rebound"],"picked":"Blur","floor":7.0},{"not_picked":["Headbutt","EmptyFist"],"picked":"CutThroughFate","floor":11.0},{"not_picked":["Deadly Poison","EmptyFist"],"picked":"Armaments","floor":13.0},{"not_picked":["Choke","Warcry"],"picked":"Flash of Steel","floor":14.0},{"not_picked":["Buffer","Corruption"],"picked":"Wish","floor":16.0},{"not_picked":["Acrobatics","Sweeping Beam"],"picked":"PiercingWail","floor":18.0},{"not_picked":["Concentrate","Beam Cell","Entrench"],"picked":"Singing Bowl","floor":19.0},{"not_picked":["Nirvana","Pray"],"picked":"BowlingBash+1","floor":20.0}],"player_experience":1058810,"relics_obtained":[{"floor":6.0,"key":"Singing Bowl"},{"floor":9.0,"key":"Torii"},{"floor":13.0,"key":"Incense Burner"}],"event_choices":[{"damage_healed":0.0,"max_hp_gain":0.0,"max_hp_loss":0.0,"gold_gain":0.0,"event_name":"Upgrade Shrine","player_choice":"Upgraded","floor":3.0,"gold_loss":0.0,"damage_taken":0.0,"cards_upgraded":["Poisoned Stab"]},{"damage_healed":0.0,"max_hp_gain":0.0,"max_hp_loss":6.0,"gold_gain":0.0,"event_name":"Golden Idol","player_choice":"Lose Max HP","floor":10.0,"gold_loss":0.0,"damage_taken":0.0,"relics_obtained":["Golden Idol"]},{"damage_healed":0.0,"max_hp_gain":0.0,"max_hp_loss":0.0,"gold_gain":0.0,"event_name":"Liars Game","player_choice":"Ignored","floor":12.0,"gold_loss":0.0,"damage_taken":0.0},{"damage_healed":0.0,"max_hp_gain":0.0,"max_hp_loss":0.0,"gold_gain":0.0,"event_name":"Forgotten Altar","player_choice":"Gave Idol","floor":21.0,"relics_lost":["Golden Idol"],"gold_loss":0.0,"damage_taken":0.0,"relics_obtained":["Bloody Idol"]},{"cards_removed":["Strike_G"],"damage_healed":0.0,"max_hp_gain":0.0,"max_hp_loss":0.0,"gold_gain":0.0,"event_name":"Beggar","player_choice":"Gave Gold","floor":22.0,"gold_loss":75.0,"damage_taken":0.0}],"is_beta":false,"boss_relics":[{"not_picked":["SlaversCollar","Tiny House"],"picked":"Philosopher\u0027s Stone"}],"items_purged_floors":[5],"is_endless":false,"potions_floor_spawned":[6,7,13,14,16,19,20],"killed_by":"Slavers","ascension_level":15}}