{"host":"6gwm7y0tp7acoxay","time":1607943179,"event":{"mods":["BaseMod","Colored Map","Keyboard Shortcuts","Minty Spire (QoL Compilation)","Quick Restart","StSLib","SuperFastMode","everything is the same but u backflip on backflip"],"gold_per_floor":[109,109,127,127,140,166,201,233,233,268,295,358,408,476,476,555,555,566,154,224,292,342,376,415,444,444,444,474,474,505,536,536,608,608,624,722,40,90,157,195,229,229,229,264,293,343,378,407,407,407,407,407],"floor_reached":51,"playtime":1441,"items_purged":["All Out Attack","Endless Agony"],"score":2575,"play_id":"c016dce8-a0e0-49f7-82af-37d751927da8","local_time":"20201214195259","daily_mods":["SealedDeck","Heirloom","Flight"],"is_ascension_mode":true,"campfire_choices":[{"data":"Accuracy","floor":15,"key":"SMITH"},{"floor":27,"key":"REST"},{"data":"Blade Dance","floor":29,"key":"SMITH"},{"floor":32,"key":"REST"},{"floor":42,"key":"RECALL"},{"floor":49,"key":"REST"}],"circlet_count":0,"master_deck":["AscendersBane","Crippling Poison","Sucker Punch+1","Blade Dance+1","Backflip","Cloak And Dagger","Accuracy+1","Terror","Footwork","Phantasmal Killer","Caltrops+1","Corpse Explosion","Escape Plan","Accuracy+1","PiercingWail"],"relics":["Ring of the Snake","FossilizedHelix","SsserpentHead","Singing Bowl","Bottled Lightning","Ginger","Boot","PreservedInsect","Runic Dome","Pen Nib","Sling","Nunchaku","CeramicFish","Vajra","HornCleat","Orichalcum","Tingsha","Bottled Tornado","SacredBark","Torii","White Beast Statue","Whetstone","Incense Burner","Blue Candle","Calipers","Potion Belt","Toxic Egg 2","Smiling Mask","MealTicket"],"acts_visited":["Exordium","TheCity","TheBeyond"],"potions_floor_usage":[16,30,36,41,47,48,50],"damage_taken":[{"damage":0.0,"enemies":"Small Slimes","floor":1.0,"turns":3.0},{"damage":0.0,"enemies":"Jaw Worm","floor":3.0,"turns":2.0},{"damage":0.0,"enemies":"Cultist","floor":5.0,"turns":2.0},{"damage":0,"enemies":"Gremlin Nob","floor":6,"turns":3},{"damage":0,"enemies":"Lagavulin","floor":7,"turns":5},{"damage":0,"enemies":"Gremlin Nob","floor":8,"turns":3},{"damage":0,"enemies":"Lagavulin","floor":10,"turns":5},{"damage":0,"enemies":"Gremlin Nob","floor":11,"turns":3},{"damage":0,"enemies":"2 Fungi Beasts","floor":12,"turns":2},{"damage":0,"enemies":"Lots of Slimes","floor":14,"turns":1},{"damage":26,"enemies":"Hexaghost","floor":16,"turns":6},{"damage":9,"enemies":"Shell Parasite","floor":18,"turns":3},{"damage":0,"enemies":"Chosen","floor":20,"turns":3},{"damage":4,"enemies":"Shelled Parasite and Fungi","floor":21,"turns":2},{"damage":23,"enemies":"Book of Stabbing","floor":23,"turns":3},{"damage":15,"enemies":"Slavers","floor":24,"turns":2},{"damage":18,"enemies":"Book of Stabbing","floor":25,"turns":4},{"damage":12,"enemies":"Gremlin Leader","floor":28,"turns":3},{"damage":0,"enemies":"Slavers","floor":30,"turns":1},{"damage":0,"enemies":"Book of Stabbing","floor":31,"turns":2},{"damage":26,"enemies":"Automaton","floor":33,"turns":5},{"damage":0,"enemies":"Orb Walker","floor":35,"turns":2},{"damage":12,"enemies":"2 Orb Walkers","floor":36,"turns":3},{"damage":24,"enemies":"3 Shapes","floor":39,"turns":2},{"damage":0,"enemies":"Giant Head","floor":40,"turns":3},{"damage":0,"enemies":"Reptomancer","floor":41,"turns":3},{"damage":3,"enemies":"Nemesis","floor":44,"turns":5},{"damage":0,"enemies":"Giant Head","floor":45,"turns":3},{"damage":2,"enemies":"Nemesis","floor":47,"turns":5},{"damage":0,"enemies":"Reptomancer","floor":48,"turns":4},{"damage":14,"enemies":"Donu and Deca","floor":50,"turns":5},{"damage":81,"enemies":"Time Eater","floor":51,"turns":8}],"seed_played":"-8844543936084856705","potions_obtained":[{"floor":7,"key":"FearPotion"},{"floor":8,"key":"PowerPotion"},{"floor":16,"key":"Poison Potion"},{"floor":30,"key":"AttackPotion"},{"floor":31,"key":"Block Potion"},{"floor":35,"key":"PowerPotion"},{"floor":39,"key":"Explosive Potion"},{"floor":41,"key":"GamblersBrew"},{"floor":44,"key":"Explosive Potion"},{"floor":45,"key":"Fire Potion"},{"floor":47,"key":"DuplicationPotion"},{"floor":48,"key":"PowerPotion"}],"is_trial":true,"path_per_floor":["M","?","M","?","M","E","E","E","T","E","E","M","?","M","R","B",null,"M","$","M","M","?","E","E","E","T","R","E","R","E","E","R","B",null,"M","?","$","?","M","E","E","R","T","E","E","?","E","E","R","B","B"],"character_chosen":"THE_SILENT","items_purchased":["Pen Nib","Sling","White Beast Statue","Escape Plan","Accuracy","Whetstone"],"campfire_rested":3,"item_purchase_floors":[19,19,37,37,37,37],"current_hp_per_floor":[59,64,64,64,64,66,68,68,68,70,72,74,81,83,83,57,77,70,70,72,70,70,47,32,16,16,43,33,33,35,37,66,42,85,87,77,77,77,55,55,57,57,57,56,58,58,58,60,94,80,0,0],"gold":407,"neow_bonus":"","is_daily":false,"chose_seed":false,"campfire_upgraded":2,"win_rate":0.0,"timestamp":1607943179,"path_taken":["M","?","M","?","M","E","E","E","T","E","E","?","?","?","R","BOSS","M","$","?","?","?","E","E","E","T","R","E","R","E","E","R","BOSS","M","?","$","?","?","E","E","R","T","E","E","?","E","E","R","BOSS","BOSS"],"items_purchased_type":["Relic","Relic","Relic","Card","Card","Relic"],"build_version":"2020-12-13","purchased_purges":2,"victory":false,"max_hp_per_floor":[66,71,71,71,71,73,75,75,75,77,79,81,81,83,83,83,83,85,85,87,89,89,89,89,91,91,91,93,93,95,97,97,99,99,101,103,103,103,105,105,107,107,107,109,111,111,113,115,115,115,115,115],"card_choices":[{"not_picked":["Dodge and Roll","Poisoned Stab"],"picked":"All Out Attack","floor":1.0},{"not_picked":["Quick Slash","Flying Knee","Bane"],"picked":"SKIP","floor":3.0},{"not_picked":["Poisoned Stab","Reflex","Quick Slash"],"picked":"SKIP","floor":5.0},{"not_picked":["Storm of Steel","Deflect","Underhanded Strike"],"picked":"Singing Bowl","floor":6},{"not_picked":["Bouncing Flask","Backflip","Slice"],"picked":"Singing Bowl","floor":7},{"not_picked":["Tools of the Trade","Setup"],"picked":"Dagger Spray","floor":8},{"not_picked":["Storm of Steel","Calculated Gamble","Dodge and Roll"],"picked":"Singing Bowl","floor":10},{"not_picked":["Flying Knee","Eviscerate","Poisoned Stab"],"picked":"Singing Bowl","floor":11},{"not_picked":["Slice","Masterful Stab","Underhanded Strike"],"picked":"Singing Bowl","floor":12},{"not_picked":["Crippling Poison","Infinite Blades","Bane"],"picked":"Singing Bowl","floor":14},{"not_picked":["Die Die Die","Envenom"],"picked":"Phantasmal Killer","floor":16},{"not_picked":["Flying Knee","Calculated Gamble","Slice"],"picked":"Singing Bowl","floor":18},{"not_picked":["Quick Slash","Sucker Punch","Poisoned Stab"],"picked":"Singing Bowl","floor":20},{"not_picked":["Prepared+1","Setup","Flying Knee"],"picked":"Singing Bowl","floor":21},{"not_picked":["Deflect+1","Bane+1"],"picked":"Caltrops+1","floor":23},{"not_picked":["Blade Dance","Underhanded Strike"],"picked":"Corpse Explosion","floor":24},{"not_picked":["Flying Knee","Infinite Blades","All Out Attack"],"picked":"Singing Bowl","floor":25},{"not_picked":["Outmaneuver","Bane","Backflip"],"picked":"Singing Bowl","floor":28},{"not_picked":["Underhanded Strike","Cloak And Dagger","Deadly Poison+1"],"picked":"Singing Bowl","floor":30},{"not_picked":["Doppelganger","Blade Dance+1","Acrobatics"],"picked":"Singing Bowl","floor":31},{"not_picked":["Corpse Explosion","Doppelganger","Envenom"],"picked":"Singing Bowl","floor":33},{"not_picked":["Dagger Throw+1","Poisoned Stab","Slice"],"picked":"Singing Bowl","floor":35},{"not_picked":["Predator+1","Sucker Punch","Footwork"],"picked":"Singing Bowl","floor":36},{"not_picked":["Crippling Poison","Prepared","Heel Hook"],"picked":"Singing Bowl","floor":39},{"not_picked":["Outmaneuver+1","Poisoned Stab+1"],"picked":"PiercingWail","floor":40},{"not_picked":["Caltrops","Calculated Gamble","Envenom"],"picked":"Singing Bowl","floor":41},{"not_picked":["Outmaneuver","Footwork","Underhanded Strike"],"picked":"Singing Bowl","floor":44},{"not_picked":["Blade Dance+1","Well Laid Plans","Dagger Throw"],"picked":"Singing Bowl","floor":45},{"not_picked":["Poisoned Stab","Eviscerate+1","Dodge and Roll+1"],"picked":"Singing Bowl","floor":47},{"not_picked":["Finisher+1","Dash+1","Deflect+1"],"picked":"Singing Bowl","floor":48}],"player_experience":4276048,"relics_obtained":[{"floor":6,"key":"Singing Bowl"},{"floor":7,"key":"Bottled Lightning"},{"floor":8,"key":"Ginger"},{"floor":10,"key":"Boot"},{"floor":11,"key":"PreservedInsect"},{"floor":23,"key":"Nunchaku"},{"floor":24,"key":"CeramicFish"},{"floor":25,"key":"Vajra"},{"floor":26,"key":"HornCleat"},{"floor":28,"key":"Orichalcum"},{"floor":30,"key":"Tingsha"},{"floor":31,"key":"Bottled Tornado"},{"floor":36,"key":"Torii"},{"floor":40,"key":"Incense Burner"},{"floor":41,"key":"Blue Candle"},{"floor":43,"key":"Calipers"},{"floor":44,"key":"Potion Belt"},{"floor":45,"key":"Toxic Egg 2"},{"floor":47,"key":"Smiling Mask"},{"floor":48,"key":"MealTicket"}],"event_choices":[{"damage_healed":0.0,"max_hp_gain":5.0,"max_hp_loss":0.0,"gold_gain":0.0,"event_name":"Big Fish","player_choice":"Donut","floor":2.0,"gold_loss":0.0,"damage_taken":0.0},{"damage_healed":0.0,"max_hp_gain":0.0,"max_hp_loss":0.0,"gold_gain":0.0,"event_name":"FaceTrader","player_choice":"Trade","floor":4.0,"gold_loss":0.0,"damage_taken":0.0,"relics_obtained":["SsserpentHead"]},{"cards_removed":["Terror"],"damage_healed":7,"gold_gain":0,"player_choice":"Offered Uncommon","damage_taken":0,"max_hp_gain":0,"max_hp_loss":0,"event_name":"Bonfire Elementals","floor":13,"gold_loss":0},{"damage_healed":0,"gold_gain":0,"player_choice":"Ignored","damage_taken":0,"max_hp_gain":0,"max_hp_loss":0,"event_name":"Vampires","floor":22,"gold_loss":0},{"damage_healed":0,"gold_gain":0,"player_choice":"Fight","damage_taken":0,"max_hp_gain":0,"max_hp_loss":0,"event_name":"Mysterious Sphere","floor":36,"gold_loss":0},{"damage_healed":0,"gold_gain":0,"player_choice":"Forge","damage_taken":0,"max_hp_gain":0,"max_hp_loss":0,"event_name":"Accursed Blacksmith","floor":38,"gold_loss":0,"cards_upgraded":["Accuracy"]},{"cards_removed":["Dagger Spray"],"damage_healed":0,"gold_gain":0,"player_choice":"Removed Attack","damage_taken":0,"max_hp_gain":0,"max_hp_loss":0,"event_name":"Falling","floor":46,"gold_loss":0}],"is_beta":false,"boss_relics":[{"not_picked":["Cursed Key","HoveringKite"],"picked":"Runic Dome"},{"not_picked":["Astrolabe","Calling Bell"],"picked":"SacredBark"}],"items_purged_floors":[19,37],"is_endless":false,"potions_floor_spawned":[7,8,10,16,20,21,30,31,35,39,40,41,44,45,47,48],"killed_by":"Time Eater","ascension_level":20}}