{"host":"o3so5oxo9aakc7d5","time":1607985850,"event":{"mods":["BaseMod","Better Altar","Better Match","Better Sensory Stone","Better Skull","Better Third Choice","Block Reminder","CapriCore","Challenge The Spire","Googly Eyes","Jorbs\u0027s Wanderer Trilogy","Minty Spire (QoL Compilation)","Rare Cards Sparkle","Spicy Shops","StSLib"],"gold_per_floor":[112,112,125,137,156,156,170,170,197,211,239,239,14,48,48,152,152,165,65,65,65,81,113,113,144,169,169,169,17,34,54,54,157,157,172,188,50,67,417,417,448,448,448,448,448],"floor_reached":44,"playtime":1880,"items_purged":["Strike_P","Defend_P","Strike_P"],"score":536,"play_id":"800bd3f2-3957-47c6-aa9c-94fddd1a9f10","local_time":"20201214154410","is_ascension_mode":false,"campfire_choices":[{"data":"Devotion","floor":6,"key":"SMITH"},{"data":"Prostrate","floor":8,"key":"SMITH"},{"floor":12,"key":"REST"},{"floor":15,"key":"REST"},{"data":"Alpha","floor":24,"key":"SMITH"},{"floor":27,"key":"REST"},{"floor":28,"key":"REST"},{"floor":32,"key":"REST"},{"floor":40,"key":"REST"}],"circlet_count":0,"master_deck":["Strike_P","Strike_P","Defend_P","Defend_P","Defend_P","Eruption","Vigilance","Worship","Wireheading","Evaluate","Consecrate","Devotion+1","Prostrate+1","Prostrate","Alpha+1","CutThroughFate+1","Protect","Devotion","ThirdEye","Consecrate","DevaForm","ReachHeaven+1","Alpha+1"],"relics":["PureWater","Oddly Smooth Stone","Happy Flower","Bag of Preparation","PreservedInsect","WingedGreaves","Sozu","Omamori","Torii","MealTicket","Membership Card","SlaversCollar","Lee\u0027s Waffle","Old Coin","Blood Vial","Strawberry"],"acts_visited":["Exordium","TheCity","TheBeyond"],"potions_floor_usage":[16,16,23],"damage_taken":[{"damage":0,"enemies":"2 Louse","floor":1,"turns":2},{"damage":0,"enemies":"Cultist","floor":3,"turns":3},{"damage":13,"enemies":"Jaw Worm","floor":4,"turns":4},{"damage":9,"enemies":"3 Louse","floor":5,"turns":3},{"damage":12,"enemies":"2 Fungi Beasts","floor":7,"turns":3},{"damage":7,"enemies":"Red Slaver","floor":10,"turns":4},{"damage":13,"enemies":"Lagavulin","floor":11,"turns":6},{"damage":0,"enemies":"3 Sentries","floor":14,"turns":6},{"damage":15,"enemies":"The Guardian","floor":16,"turns":7},{"damage":14,"enemies":"3 Byrds","floor":18,"turns":5},{"damage":4,"enemies":"Shell Parasite","floor":22,"turns":4},{"damage":10,"enemies":"Gremlin Leader","floor":23,"turns":5},{"damage":41,"enemies":"Slavers","floor":25,"turns":4},{"damage":12,"enemies":"Sentry and Sphere","floor":30,"turns":4},{"damage":23,"enemies":"Snecko","floor":31,"turns":5},{"damage":40,"enemies":"Automaton","floor":33,"turns":7},{"damage":38,"enemies":"Orb Walker","floor":35,"turns":6},{"damage":0,"enemies":"3 Shapes","floor":36,"turns":5},{"damage":39,"enemies":"3 Darklings","floor":38,"turns":5},{"damage":23,"enemies":"Mind Bloom Boss Battle","floor":39,"turns":7},{"damage":18,"enemies":"Nemesis","floor":41,"turns":5},{"damage":44,"enemies":"Maw","floor":44,"turns":4}],"seed_played":"-405219436746089556","potions_obtained":[{"floor":1,"key":"Strength Potion"},{"floor":4,"key":"Fire Potion"},{"floor":5,"key":"CultistPotion"},{"floor":7,"key":"BlessingOfTheForge"}],"is_trial":false,"path_per_floor":["M","?","M","M","M","R","M","R","T","M","E","R","$","E","R","B",null,"M","$","?","?","M","E","R","E","T","R","R","$","M","M","R","B",null,"M","M","$","M","?","R","E","?","T","M"],"character_chosen":"WATCHER","items_purchased":["PreservedInsect","Membership Card","Lee\u0027s Waffle"],"campfire_rested":6,"item_purchase_floors":[13,29,37],"current_hp_per_floor":[72,72,72,59,50,50,38,38,38,31,18,39,39,39,60,45,72,58,58,58,58,54,44,44,3,3,24,45,60,48,25,46,6,72,34,34,79,40,17,40,22,22,29,0,0],"gold":448,"neow_bonus":"THREE_CARDS","is_daily":false,"chose_seed":false,"campfire_upgraded":3,"win_rate":0.0,"timestamp":1607985850,"path_taken":["M","?","M","M","?","R","M","R","T","M","E","R","$","E","R","BOSS","M","?","?","?","M","E","R","E","T","R","R","?","M","M","R","BOSS","M","M","$","M","?","R","E","?","T","M"],"items_purchased_type":["Relic","Relic","Relic"],"build_version":"2020-12-13","purchased_purges":3,"victory":false,"max_hp_per_floor":[72,72,72,72,72,72,72,72,72,72,72,72,72,72,72,72,72,72,72,72,72,72,72,72,72,72,72,72,72,72,72,72,72,72,72,72,79,79,79,79,79,79,86,86,86],"card_choices":[{"not_picked":["Crescendo","Evaluate"],"picked":"Worship","floor":0},{"not_picked":["Adaptation","ClearTheMind"],"picked":"Wireheading","floor":1},{"not_picked":["BowlingBash","SashWhip"],"picked":"Evaluate","floor":3},{"not_picked":["BowlingBash","ForeignInfluence"],"picked":"Consecrate","floor":4},{"not_picked":["EmptyBody","Tantrum"],"picked":"Devotion","floor":5},{"not_picked":["FearNoEvil","BowlingBash"],"picked":"Prostrate","floor":7},{"not_picked":["EmptyBody","EmptyFist"],"picked":"Prostrate","floor":10},{"not_picked":["EmptyBody","Crescendo","Halt"],"picked":"SKIP","floor":11},{"not_picked":["FollowUp","WreathOfFlame","JustLucky"],"picked":"SKIP","floor":14},{"not_picked":["Wish","DevaForm"],"picked":"Alpha","floor":16},{"not_picked":["Prostrate+1","EmptyFist+1"],"picked":"CutThroughFate+1","floor":18},{"not_picked":["WheelKick","EmptyBody"],"picked":"Protect","floor":22},{"not_picked":["CutThroughFate","FollowUp"],"picked":"Devotion","floor":23},{"not_picked":["EmptyMind","CrushJoints+1"],"picked":"ThirdEye","floor":25},{"not_picked":["Prostrate+1","BowlingBash"],"picked":"Consecrate","floor":30},{"not_picked":["JustLucky","Evaluate","Prostrate+1"],"picked":"SKIP","floor":31},{"not_picked":["Establishment","Wish"],"picked":"DevaForm","floor":33},{"not_picked":["EmptyMind","SashWhip+1"],"picked":"ReachHeaven+1","floor":35},{"not_picked":["PathToVictory+1","Perseverance+1","InnerPeace+1"],"picked":"SKIP","floor":36},{"not_picked":["SandsOfTime+1","FlurryOfBlows+1","EmptyBody"],"picked":"SKIP","floor":38},{"not_picked":["TalkToTheHand","SandsOfTime","Crescendo"],"picked":"SKIP","floor":41}],"player_experience":515149,"relics_obtained":[{"floor":9,"key":"Happy Flower"},{"floor":11,"key":"Bag of Preparation"},{"floor":14,"key":"WingedGreaves"},{"floor":23,"key":"Omamori"},{"floor":25,"key":"Torii"},{"floor":26,"key":"MealTicket"},{"floor":39,"key":"Old Coin"},{"floor":41,"key":"Blood Vial"},{"floor":43,"key":"Strawberry"}],"event_choices":[{"damage_healed":0,"gold_gain":0,"player_choice":"Gave Potion","damage_taken":0,"relics_obtained":["Oddly Smooth Stone"],"max_hp_gain":0,"max_hp_loss":0,"event_name":"WeMeetAgain","floor":2,"gold_loss":0},{"damage_healed":0,"gold_gain":0,"player_choice":"Ignored","damage_taken":0,"max_hp_gain":0,"max_hp_loss":0,"event_name":"Ghosts","floor":20,"gold_loss":0},{"damage_healed":0,"gold_gain":0,"player_choice":"Ignored","damage_taken":0,"max_hp_gain":0,"max_hp_loss":0,"event_name":"Vampires","floor":21,"gold_loss":0},{"damage_healed":0,"gold_gain":0,"player_choice":"Fight","damage_taken":0,"max_hp_gain":0,"max_hp_loss":0,"event_name":"MindBloom","floor":39,"gold_loss":0},{"damage_healed":0,"gold_gain":0,"player_choice":"Copied","damage_taken":0,"max_hp_gain":0,"max_hp_loss":0,"event_name":"Duplicator","floor":42,"gold_loss":0,"cards_obtained":["Alpha"]}],"is_beta":false,"boss_relics":[{"not_picked":["SacredBark","Astrolabe"],"picked":"Sozu"},{"not_picked":["Calling Bell","Coffee Dripper"],"picked":"SlaversCollar"}],"items_purged_floors":[13,19,37],"is_endless":false,"potions_floor_spawned":[1,4,5,7,11,22,30,35,38,39],"killed_by":"Maw","ascension_level":0}}