{"host":"en6k997tilnyk2aq","time":1607959237,"event":{"mods":["AchievementEnabler","BaseMod","Colored Map","Minty Spire (QoL Compilation)","Relic Stats","SuperFastMode"],"gold_per_floor":[114,114,30,43,54,54,80,80,105,130,145,178,178,207,207,302,302,322,333,333,93,110,137,137,62,62,62,162,196,229,263,263,368,368,386,405,455,198,198,198,230,230,230,240,257,282,282,616,616,616,616,616,44,73,73],"floor_reached":56,"playtime":4954,"items_purged":["Regret","Strike_G"],"score":1497,"play_id":"07097c68-113f-4a99-bcb2-4389e4355a56","local_time":"20201214162037","is_ascension_mode":true,"campfire_choices":[{"data":"Bouncing Flask","floor":6,"key":"SMITH"},{"floor":8,"key":"REST"},{"floor":13,"key":"REST"},{"data":"Burst","floor":15,"key":"SMITH"},{"floor":24,"key":"REST"},{"floor":27,"key":"REST"},{"floor":32,"key":"REST"},{"floor":40,"key":"RECALL"},{"floor":42,"key":"REST"},{"floor":47,"key":"REST"},{"floor":49,"key":"REST"},{"floor":52,"key":"REST"}],"circlet_count":0,"master_deck":["Strike_G","Strike_G","Strike_G","Defend_G","Defend_G","Defend_G","Defend_G","Survivor","Neutralize","Flying Knee","Bouncing Flask+1","Blade Dance","Dagger Throw","Phantasmal Killer","Quick Slash","Infinite Blades","Burst+1","Deadly Poison","Crippling Poison","Die Die Die","Footwork+1","PiercingWail","Necronomicurse","Acrobatics","Heel Hook","Catalyst+1","Deflect","Blade Dance","Dash","Catalyst","Dodge and Roll","Malaise","Blur","PiercingWail+1","Poisoned Stab","Bouncing Flask+1","Blur","Footwork","Poisoned Stab+1","Corpse Explosion","Masterful Stab+1","Deflect+1"],"relics":["Ring of the Serpent","Dream Catcher","Snake Skull","Nunchaku","Strawberry","Smiling Mask","Akabeko","PreservedInsect","Necronomicon","Oddly Smooth Stone","HornCleat","Paper Crane","CaptainsWheel","Sundial","Question Card","Red Mask","Omamori","Fusion Hammer","Ginger","DollysMirror","FossilizedHelix","MealTicket","Old Coin","Ice Cream","Art of War","Lantern"],"acts_visited":["Exordium","TheCity","TheBeyond","TheEnding"],"potions_floor_usage":[16,16,28,28,29,33,33,46,50,55,55,55],"damage_taken":[{"damage":0,"enemies":"2 Louse","floor":1,"turns":2},{"damage":1,"enemies":"Cultist","floor":4,"turns":4},{"damage":7,"enemies":"Small Slimes","floor":5,"turns":3},{"damage":7,"enemies":"Gremlin Nob","floor":7,"turns":3},{"damage":32,"enemies":"3 Sentries","floor":10,"turns":6},{"damage":5,"enemies":"Blue Slaver","floor":11,"turns":2},{"damage":11,"enemies":"Gremlin Nob","floor":12,"turns":3},{"damage":10,"enemies":"3 Sentries","floor":14,"turns":7},{"damage":14,"enemies":"Hexaghost","floor":16,"turns":4},{"damage":27,"enemies":"2 Thieves","floor":18,"turns":4},{"damage":9,"enemies":"Chosen","floor":19,"turns":2},{"damage":0,"enemies":"Snecko","floor":22,"turns":4},{"damage":18,"enemies":"Gremlin Leader","floor":23,"turns":5},{"damage":11,"enemies":"Colosseum Slavers","floor":28,"turns":3},{"damage":7,"enemies":"Colosseum Nobs","floor":28,"turns":3},{"damage":0,"enemies":"Book of Stabbing","floor":29,"turns":4},{"damage":6,"enemies":"Masked Bandits","floor":30,"turns":4},{"damage":18,"enemies":"Slavers","floor":31,"turns":4},{"damage":16,"enemies":"Champ","floor":33,"turns":6},{"damage":10,"enemies":"3 Darklings","floor":35,"turns":4},{"damage":0,"enemies":"Orb Walker","floor":36,"turns":3},{"damage":0,"enemies":"Mind Bloom Boss Battle","floor":37,"turns":7},{"damage":16,"enemies":"Nemesis","floor":41,"turns":5},{"damage":0,"enemies":"Transient","floor":44,"turns":5},{"damage":0,"enemies":"Maw","floor":45,"turns":5},{"damage":0,"enemies":"Reptomancer","floor":46,"turns":6},{"damage":0,"enemies":"Giant Head","floor":48,"turns":3},{"damage":62,"enemies":"Awakened One","floor":50,"turns":16},{"damage":12,"enemies":"Shield and Spear","floor":54,"turns":6},{"damage":53,"enemies":"The Heart","floor":55,"turns":5}],"seed_played":"3824693804351827539","potions_obtained":[{"floor":4,"key":"Swift Potion"},{"floor":7,"key":"SteroidPotion"},{"floor":11,"key":"CunningPotion"},{"floor":12,"key":"LiquidMemories"},{"floor":16,"key":"Swift Potion"},{"floor":18,"key":"SpeedPotion"},{"floor":28,"key":"SteroidPotion"},{"floor":30,"key":"CultistPotion"},{"floor":31,"key":"Regen Potion"},{"floor":36,"key":"Weak Potion"}],"is_trial":false,"path_per_floor":["M","?","?","M","M","R","E","R","T","E","M","E","R","E","R","B",null,"M","M","?","$","M","E","R","?","T","R","?","E","?","E","R","B",null,"M","M","?","$","?","R","E","R","T","M","M","E","R","E","R","B",null,"R","$","E","B",null],"character_chosen":"THE_SILENT","items_purchased":["Oddly Smooth Stone","Acrobatics","DollysMirror","AttackPotion","Ice Cream","Poison Potion","Art of War","LiquidBronze"],"campfire_rested":9,"item_purchase_floors":[21,21,38,38,53,53,53,53],"current_hp_per_floor":[77,77,77,76,69,69,62,77,84,52,47,36,61,51,51,37,84,57,48,32,32,32,14,39,39,39,64,46,46,40,22,47,31,84,74,74,74,74,74,74,58,83,83,83,83,83,84,84,84,22,84,84,84,72,33],"gold":73,"neow_bonus":"TEN_PERCENT_HP_BONUS","is_daily":false,"chose_seed":false,"campfire_upgraded":2,"win_rate":0.0,"timestamp":1607959237,"path_taken":["M","?","?","M","M","R","E","R","T","E","M","E","R","E","R","BOSS","M","M","?","$","M","E","R","?","T","R","?","E","?","E","R","BOSS","M","M","?","$","?","R","E","R","T","M","M","E","R","E","R","BOSS","R","$","E","BOSS"],"items_purchased_type":["Relic","Card","Relic","Potion","Relic","Potion","Relic","Potion"],"build_version":"2020-12-13","purchased_purges":2,"victory":true,"max_hp_per_floor":[77,77,77,77,77,77,77,77,84,84,84,84,84,84,84,84,84,84,84,84,84,84,84,84,84,84,84,84,84,84,84,84,84,84,84,84,84,84,84,84,84,84,84,84,84,84,84,84,84,84,84,84,84,84,84],"relic_stats":{"counters":[30,138],"Snake Skull":[224],"PreservedInsect":461,"Ginger":[6],"Smiling Mask":75,"Question Card":17,"Dream Catcher":9,"Nunchaku":[31],"Sundial":[4],"MealTicket":0,"Necronomicon":[14],"Art of War":[0],"obtain_stats":[{"Ice Cream":53,"Lantern":54,"Snake Skull":3,"Ginger":37,"Smiling Mask":10,"Old Coin":48,"Dream Catcher":2,"Nunchaku":7,"HornCleat":23,"Sundial":28,"DollysMirror":38,"Strawberry":9,"MealTicket":46,"Fusion Hammer":34,"Necronomicon":20,"Red Mask":30,"Ring of the Snake":0,"Oddly Smooth Stone":21,"PreservedInsect":14,"Omamori":31,"Paper Crane":26,"Question Card":29,"Akabeko":12,"CaptainsWheel":28,"Art of War":53,"Ring of the Serpent":17,"FossilizedHelix":41},{"Ice Cream":28,"Lantern":29,"Snake Skull":1,"Ginger":22,"Smiling Mask":5,"Old Coin":27,"Dream Catcher":1,"Nunchaku":4,"HornCleat":13,"Sundial":15,"DollysMirror":22,"Strawberry":4,"MealTicket":26,"Fusion Hammer":19,"Necronomicon":11,"Red Mask":17,"Ring of the Snake":0,"Oddly Smooth Stone":11,"PreservedInsect":8,"Omamori":18,"Paper Crane":13,"Question Card":16,"Akabeko":7,"CaptainsWheel":15,"Art of War":28,"Ring of the Serpent":9,"FossilizedHelix":23},{"Ice Cream":127,"Lantern":133,"Snake Skull":2,"Ginger":87,"Smiling Mask":18,"Old Coin":111,"Dream Catcher":2,"Nunchaku":12,"HornCleat":49,"Sundial":55,"DollysMirror":87,"Strawberry":12,"MealTicket":108,"Fusion Hammer":73,"Necronomicon":40,"Red Mask":63,"Ring of the Snake":0,"Oddly Smooth Stone":40,"PreservedInsect":30,"Omamori":67,"Paper Crane":49,"Question Card":59,"Akabeko":23,"CaptainsWheel":55,"Art of War":127,"Ring of the Serpent":34,"FossilizedHelix":92}]},"card_choices":[{"not_picked":["Acrobatics","Escape Plan"],"picked":"Flying Knee","floor":1},{"not_picked":["Acrobatics","Cloak And Dagger"],"picked":"Bouncing Flask","floor":4},{"not_picked":["Infinite Blades","Heel Hook"],"picked":"Blade Dance","floor":5},{"not_picked":["Dagger Spray","Cloak And Dagger"],"picked":"Dagger Throw","floor":7},{"not_picked":["Dodge and Roll","Prepared"],"picked":"Phantasmal Killer","floor":8},{"not_picked":["Slice","Flying Knee"],"picked":"Quick Slash","floor":10},{"not_picked":["Cloak And Dagger","Backflip"],"picked":"Infinite Blades","floor":11},{"not_picked":["Backflip","Prepared"],"picked":"Burst","floor":12},{"not_picked":["All Out Attack","Sucker Punch"],"picked":"Deadly Poison","floor":13},{"not_picked":["Deflect","Eviscerate"],"picked":"Crippling Poison","floor":14},{"not_picked":["Bullet Time","Night Terror"],"picked":"Die Die Die","floor":16},{"not_picked":["Dodge and Roll","Bane"],"picked":"Footwork+1","floor":18},{"not_picked":["Caltrops","Sucker Punch+1"],"picked":"PiercingWail","floor":19},{"not_picked":["Predator","Caltrops+1","Quick Slash"],"picked":"SKIP","floor":22},{"not_picked":["Tactician","Bouncing Flask"],"picked":"Heel Hook","floor":23},{"not_picked":["Dagger Spray","Sucker Punch"],"picked":"Catalyst+1","floor":24},{"not_picked":["Dagger Spray+1","Escape Plan"],"picked":"Deflect","floor":27},{"not_picked":["Deflect","Concentrate"],"picked":"Blade Dance","floor":28},{"not_picked":["Sucker Punch","All Out Attack+1","Expertise"],"picked":"SKIP","floor":29},{"not_picked":["Dodge and Roll","Venomology","Bane"],"picked":"Dash","floor":30},{"not_picked":["Expertise","Sucker Punch","Underhanded Strike"],"picked":"Catalyst","floor":31},{"not_picked":["Dagger Throw","Expertise","Skewer"],"picked":"Dodge and Roll","floor":32},{"not_picked":["Venomology","Unload","Corpse Explosion"],"picked":"Malaise","floor":33},{"not_picked":["Backflip","Slice+1","Concentrate+1"],"picked":"Blur","floor":35},{"not_picked":["Flying Knee","Sucker Punch","Storm of Steel"],"picked":"PiercingWail+1","floor":36},{"not_picked":["Underhanded Strike+1","Terror","Escape Plan+1"],"picked":"Poisoned Stab","floor":37},{"not_picked":["Quick Slash","Reflex+1","Calculated Gamble+1"],"picked":"Blur","floor":41},{"not_picked":["Dagger Spray+1","Poisoned Stab","Calculated Gamble"],"picked":"Footwork","floor":42},{"not_picked":["Outmaneuver","Infinite Blades+1","Quick Slash","Deflect+1"],"picked":"SKIP","floor":44},{"not_picked":["Quick Slash+1","All Out Attack","Backstab+1","Flechettes"],"picked":"SKIP","floor":45},{"not_picked":["Acrobatics","Outmaneuver+1","Distraction","Leg Sweep"],"picked":"SKIP","floor":46},{"not_picked":["Cloak And Dagger","Riddle With Holes+1","Slice"],"picked":"Poisoned Stab+1","floor":47},{"not_picked":["Deadly Poison","Predator+1","Endless Agony+1"],"picked":"Corpse Explosion","floor":48},{"not_picked":["Poisoned Stab","Cloak And Dagger+1","Sucker Punch"],"picked":"Masterful Stab+1","floor":49},{"not_picked":["Outmaneuver+1","Dash","Corpse Explosion"],"picked":"Deflect+1","floor":54}],"player_experience":882698,"relics_obtained":[{"floor":7,"key":"Nunchaku"},{"floor":9,"key":"Strawberry"},{"floor":10,"key":"Smiling Mask"},{"floor":12,"key":"Akabeko"},{"floor":14,"key":"PreservedInsect"},{"floor":20,"key":"Necronomicon"},{"floor":23,"key":"HornCleat"},{"floor":26,"key":"Paper Crane"},{"floor":28,"key":"CaptainsWheel"},{"floor":28,"key":"Sundial"},{"floor":29,"key":"Question Card"},{"floor":30,"key":"Red Mask"},{"floor":31,"key":"Omamori"},{"floor":37,"key":"Ginger"},{"floor":41,"key":"FossilizedHelix"},{"floor":46,"key":"MealTicket"},{"floor":48,"key":"Old Coin"},{"floor":54,"key":"Lantern"}],"event_choices":[{"damage_healed":0,"gold_gain":0,"player_choice":"Box","damage_taken":0,"relics_obtained":["Dream Catcher"],"max_hp_gain":0,"max_hp_loss":0,"event_name":"Big Fish","floor":2,"gold_loss":0,"cards_obtained":["Regret"]},{"damage_healed":0,"gold_gain":0,"player_choice":"Paid Gold","damage_taken":0,"relics_obtained":["Snake Skull"],"max_hp_gain":0,"max_hp_loss":0,"event_name":"WeMeetAgain","floor":3,"gold_loss":84},{"damage_healed":0,"gold_gain":0,"player_choice":"Obtained Book","damage_taken":16,"max_hp_gain":0,"max_hp_loss":0,"event_name":"Cursed Tome","floor":20,"gold_loss":0},{"cards_removed":["Strike_G"],"damage_healed":0,"gold_gain":0,"player_choice":"Gave Gold","damage_taken":0,"max_hp_gain":0,"max_hp_loss":0,"event_name":"Beggar","floor":25,"gold_loss":75},{"damage_healed":0,"gold_gain":0,"player_choice":"Fight","damage_taken":0,"max_hp_gain":0,"max_hp_loss":0,"event_name":"Colosseum","floor":28,"gold_loss":0},{"damage_healed":0,"gold_gain":0,"player_choice":"Fought Nobs","damage_taken":0,"max_hp_gain":0,"max_hp_loss":0,"event_name":"Colosseum","floor":28,"gold_loss":0},{"damage_healed":0,"gold_gain":0,"player_choice":"Fought Bandits","damage_taken":0,"max_hp_gain":0,"max_hp_loss":0,"event_name":"Masked Bandits","floor":30,"gold_loss":0},{"damage_healed":0,"gold_gain":0,"player_choice":"Fight","damage_taken":0,"max_hp_gain":0,"max_hp_loss":0,"event_name":"MindBloom","floor":37,"gold_loss":0},{"cards_removed":["Defend_G"],"damage_healed":0,"gold_gain":0,"player_choice":"Offered Basic","damage_taken":0,"max_hp_gain":0,"max_hp_loss":0,"event_name":"Bonfire Elementals","floor":39,"gold_loss":0}],"is_beta":false,"boss_relics":[{"not_picked":["Empty Cage","Runic Pyramid"],"picked":"Ring of the Serpent"},{"not_picked":["Snecko Eye","Busted Crown"],"picked":"Fusion Hammer"}],"items_purged_floors":[21,38],"is_endless":false,"potions_floor_spawned":[4,7,11,12,16,18,19,28,30,31,36,41],"ascension_level":1}}