{"host":"Sumable","time":1607912878,"event":{"mods":["AchievementEnabler","BaseMod","Better Note","BetterRewards","Googly Eyes","Hermit","Minty Spire (QoL Compilation)","Quick Restart","Shop Mod","StSLib","The Cursed","everything is the same but u backflip on backflip","slay the spire mod where everything is the same but ironclad has a cowboy hat"],"gold_per_floor":[111,122,133,146,164,189,209,209,209,209,241,46,64,13,13,112,112,126,401,416,432,432,432,462,94,94,94,12,26,26,37,37,37,37],"floor_reached":33,"playtime":2766,"items_purged":[],"score":399,"play_id":"a5890d63-440e-43c9-860c-6c090ab73952","local_time":"20201213192758","is_ascension_mode":true,"campfire_choices":[{"floor":8,"key":"REST"},{"floor":10,"key":"REST"},{"floor":15,"key":"REST"},{"data":"Darkness","floor":23,"key":"SMITH"},{"floor":27,"key":"REST"},{"data":"Defragment","floor":32,"key":"SMITH"}],"circlet_count":0,"master_deck":["Strike_B","Strike_B","Strike_B","Strike_B","Defend_B","Defend_B","Defend_B","Defend_B","Zap","Dualcast","Core Surge","Beam Cell","Sweeping Beam","Sweeping Beam","Leap","Self Repair","Darkness+1","BootSequence","Go for the Eyes","Cold Snap","Cold Snap","Self Repair","Ball Lightning","Multi-Cast","Go for the Eyes","Melter","Regret","Go for the Eyes+1","Sweeping Beam","Go for the Eyes","Coolheaded+1","Defragment+1","Self Repair","Defragment","Capacitor","Coolheaded","Doom and Gloom"],"relics":["FrozenCore","Prayer Wheel","Ornamental Fan","Happy Flower","TheAbacus","Bottled Flame","Bottled Tornado","Oddly Smooth Stone"],"acts_visited":["Exordium","TheCity"],"potions_floor_usage":[3,4,5,5,6,13,21,21,24,29,33],"damage_taken":[{"damage":0,"enemies":"Cultist","floor":1,"turns":2},{"damage":0,"enemies":"2 Louse","floor":2,"turns":1},{"damage":2,"enemies":"Jaw Worm","floor":3,"turns":2},{"damage":8,"enemies":"3 Louse","floor":4,"turns":2},{"damage":0,"enemies":"Blue Slaver","floor":5,"turns":2},{"damage":40,"enemies":"Lagavulin","floor":6,"turns":5},{"damage":14,"enemies":"Red Slaver","floor":7,"turns":2},{"damage":30,"enemies":"Gremlin Nob","floor":11,"turns":4},{"damage":0,"enemies":"3 Louse","floor":13,"turns":3},{"damage":23,"enemies":"The Guardian","floor":16,"turns":11},{"damage":10,"enemies":"Shell Parasite","floor":18,"turns":6},{"damage":0,"enemies":"Spheric Guardian","floor":20,"turns":1},{"damage":4,"enemies":"Snake Plant","floor":21,"turns":5},{"damage":61,"enemies":"Slavers","floor":24,"turns":7},{"damage":17,"enemies":"Centurion and Healer","floor":29,"turns":8},{"damage":13,"enemies":"Snecko","floor":31,"turns":7},{"damage":75,"enemies":"Automaton","floor":33,"turns":14}],"seed_played":"12722963608500336","potions_obtained":[{"floor":2,"key":"PowerPotion"},{"floor":3,"key":"EntropicBrew"},{"floor":11,"key":"Regen Potion"},{"floor":13,"key":"SpeedPotion"},{"floor":18,"key":"AttackPotion"},{"floor":31,"key":"PotionOfCapacity"}],"is_trial":false,"path_per_floor":["M","M","M","M","M","E","M","R","T","R","E","$","M","$","R","B",null,"M","?","M","M","?","R","E","$","T","R","$","M","?","M","R","B"],"character_chosen":"DEFECT","items_purchased":["TheAbacus","PowerPotion","Ball Lightning","Bottled Tornado","Self Repair","DistilledChaos","Defragment"],"campfire_rested":4,"item_purchase_floors":[12,12,14,25,25,25,28],"current_hp_per_floor":[75,75,73,65,65,32,18,40,40,62,39,39,46,46,68,59,71,68,68,68,75,75,75,40,40,40,62,62,66,66,74,74,0,0],"gold":37,"neow_bonus":"ONE_RANDOM_RARE_CARD","is_daily":false,"chose_seed":false,"campfire_upgraded":2,"win_rate":0.0,"timestamp":1607912878,"path_taken":["M","M","M","M","M","E","M","R","T","R","E","$","M","?","R","BOSS","M","?","?","M","?","R","E","$","T","R","$","M","?","M","R","BOSS"],"items_purchased_type":["Relic","Potion","Card","Relic","Card","Potion","Card"],"build_version":"2020-12-07","purchased_purges":0,"victory":false,"max_hp_per_floor":[75,75,75,75,75,75,75,75,75,75,75,75,75,75,75,75,75,75,75,75,75,75,75,75,75,75,75,75,75,75,75,75,75,75],"card_choices":[{"not_picked":["Double Energy","Auto Shields"],"picked":"Beam Cell","floor":1},{"not_picked":["Barrage","Ball Lightning"],"picked":"Sweeping Beam","floor":2},{"not_picked":["Streamline","Cold Snap"],"picked":"Sweeping Beam","floor":3},{"not_picked":["Turbo","Fusion"],"picked":"Leap","floor":4},{"not_picked":["Leap","Tempest"],"picked":"Self Repair","floor":5},{"not_picked":["Streamline","Capacitor"],"picked":"Darkness","floor":6},{"not_picked":["Ball Lightning","Steam"],"picked":"BootSequence","floor":7},{"not_picked":["Turbo","Meteor Strike"],"picked":"Go for the Eyes","floor":7},{"not_picked":["Leap","Redo"],"picked":"Cold Snap","floor":11},{"not_picked":["Stack","Coolheaded"],"picked":"Cold Snap","floor":13},{"not_picked":["Meteor Strike","Conserve Battery"],"picked":"Self Repair","floor":13},{"not_picked":["Electrodynamics","Thunder Strike"],"picked":"Multi-Cast","floor":16},{"not_picked":["Gash","Leap"],"picked":"Go for the Eyes","floor":18},{"not_picked":["Hologram","Double Energy+1"],"picked":"Melter","floor":18},{"not_picked":["Redo","Compile Driver"],"picked":"Go for the Eyes+1","floor":20},{"not_picked":["Sunder","Glacier"],"picked":"Sweeping Beam","floor":20},{"not_picked":["Chaos","Streamline"],"picked":"Go for the Eyes","floor":21},{"not_picked":["Steam","Rebound"],"picked":"Coolheaded+1","floor":21},{"not_picked":["Electrodynamics","Chill"],"picked":"Defragment","floor":24},{"not_picked":["Barrage+1","Conserve Battery"],"picked":"Capacitor","floor":29},{"not_picked":["Go for the Eyes+1","Steam Power"],"picked":"Coolheaded","floor":29},{"not_picked":["Beam Cell","Leap"],"picked":"Doom and Gloom","floor":31},{"not_picked":["Rip and Tear+1","Steam Power+1","Hologram+1"],"picked":"SKIP","floor":31}],"player_experience":955574,"relics_obtained":[{"floor":6,"key":"Prayer Wheel"},{"floor":9,"key":"Ornamental Fan"},{"floor":11,"key":"Happy Flower"},{"floor":24,"key":"Bottled Flame"}],"event_choices":[{"damage_healed":0,"gold_gain":275,"player_choice":"Desecrate","damage_taken":0,"max_hp_gain":0,"max_hp_loss":0,"event_name":"Golden Shrine","floor":19,"gold_loss":0,"cards_obtained":["Regret"]},{"damage_healed":0,"gold_gain":0,"player_choice":"Ignored","damage_taken":0,"max_hp_gain":0,"max_hp_loss":0,"event_name":"Vampires","floor":22,"gold_loss":0},{"damage_healed":0,"gold_gain":0,"player_choice":"Opened","damage_taken":0,"relics_obtained":["Oddly Smooth Stone"],"max_hp_gain":0,"max_hp_loss":0,"event_name":"The Mausoleum","floor":30,"gold_loss":0}],"is_beta":true,"boss_relics":[{"not_picked":["Tiny House","Velvet Choker"],"picked":"FrozenCore"}],"items_purged_floors":[],"is_endless":false,"potions_floor_spawned":[2,3,11,13,18,31],"killed_by":"Automaton","ascension_level":5}}