{"host":"46dxij13gllk3u9t","time":1607981837,"event":{"mods":["BaseMod","Better Note","BetterRewards","Colored Powertips","Custom Start","Downfall","Minty Spire (QoL Compilation)","Relic Sorter","Shop Mod","StSLib","The IronCluck","slay the spire mod where everything is the same but ironclad has a cowboy hat"],"gold_per_floor":[99,129,129,129,229,239,239,164,264,296,310,310,69,84,100,196,196,121,139,168,268,318,332,332,365,415,415,481,82,100,100,115,212,212,212,239,339,18,36,86,86,186,136,136,146,22,72,72,88,88],"floor_reached":51,"playtime":4003,"items_purged":["sneckomod:Bewildered","champ:Strike","sneckomod:Bewildered"],"score":1119,"play_id":"86f0188c-87c4-4798-adcf-28f69b38359b","local_time":"20201214163717","is_ascension_mode":false,"campfire_choices":[{"floor":1,"key":"RECALL"},{"data":"champ:DefensiveShout","floor":8,"key":"SMITH"},{"data":"champ:CrookedStrike","floor":18,"key":"SMITH"},{"floor":27,"key":"REST"},{"data":"champ:ArenaPreparation","floor":35,"key":"SMITH"},{"data":"Apotheosis","floor":44,"key":"SMITH"}],"circlet_count":0,"master_deck":["champ:Strike","champ:Strike","champ:Defend","champ:Defend","champ:Defend","champ:Defend","champ:Execute","champ:Taunt","champ:FlashCut","champ:EnGarde","champ:FocusedBerserking","champ:DefensiveShout+1","champ:EnGarde","champ:DefensiveStyle","champ:AdrenalArmor","champ:DefensiveShout","champ:RisingSlash","champ:CrookedStrike+1","champ:BringItOn","champ:CheapShot","champ:ShieldWall+1","champ:AdrenalArmor+1","champ:ArenaPreparation+1","champ:RapidStrikes+1","champ:BringItOn+1","champ:DefensiveShout","champ:DefensiveShout","champ:RapidStrikes+1","champ:SkillfulDodge+1","champ:SteelEdge+1","champ:CalledShot+1","champ:AdrenalArmor","champ:StanceDance","Apotheosis+1","champ:Circumvent","champ:CalledShot+1","champ:FanOfKnives+1","champ:RisingSlash+1","expansioncontent:FaceSlap+1"],"relics":["champ:ChampionCrown","downfall:HeartsMalice","The Courier","downfall:HeartBlessingRed","CloakClasp","InkBottle","Shuriken","Cursed Key","downfall:HeartBlessingBlue","Molten Egg 2","downfall:CloakOfManyFaces","CultistMask","FaceOfCleric","NlothsMask","GremlinMask","SsserpentHead","Frozen Egg 2","Pantograph","Bronze Scales","champ:ChampionCrownUpgraded","Regal Pillow","Peace Pipe","Ice Cream","MerchantsRug","MealTicket","StoneCalendar","champ:BerserkersGuideToSlaughter"],"acts_visited":["Exordium","TheCity","TheBeyond"],"potions_floor_usage":[9,20,23,37,37,42,50],"damage_taken":[{"damage":0,"enemies":"3 Sentries","floor":2,"turns":1},{"damage":0,"enemies":"Jaw Worm","floor":3,"turns":1},{"damage":0,"enemies":"2 Louse","floor":4,"turns":1},{"damage":9,"enemies":"Cultist","floor":6,"turns":4},{"damage":35,"enemies":"Cultist","floor":9,"turns":9},{"damage":34,"enemies":"Lagavulin","floor":10,"turns":5},{"damage":22,"enemies":"Exordium Thugs","floor":11,"turns":4},{"damage":9,"enemies":"downfall:FleeingMerchant","floor":13,"turns":4},{"damage":11,"enemies":"Red Slaver","floor":14,"turns":1},{"damage":6,"enemies":"Blue Slaver","floor":15,"turns":3},{"damage":46,"enemies":"downfall:Defect","floor":16,"turns":6},{"damage":21,"enemies":"3 Byrds","floor":19,"turns":5},{"damage":20,"enemies":"Book of Stabbing","floor":20,"turns":4},{"damage":13,"enemies":"downfall:FaceTrader","floor":21,"turns":6},{"damage":39,"enemies":"Centurion and Healer","floor":23,"turns":8},{"damage":90,"enemies":"Gremlin Leader","floor":25,"turns":12},{"damage":15,"enemies":"Shelled Parasite and Fungi","floor":28,"turns":3},{"damage":29,"enemies":"downfall:FleeingMerchant","floor":29,"turns":5},{"damage":31,"enemies":"3 Cultists","floor":30,"turns":4},{"damage":13,"enemies":"Cultist and Chosen","floor":32,"turns":4},{"damage":39,"enemies":"downfall:Watcher","floor":33,"turns":8},{"damage":35,"enemies":"Giant Head","floor":36,"turns":7},{"damage":24,"enemies":"2 Orb Walkers","floor":37,"turns":2},{"damage":44,"enemies":"downfall:FleeingMerchant","floor":38,"turns":5},{"damage":38,"enemies":"3 Darklings","floor":39,"turns":2},{"damage":46,"enemies":"Mind Bloom Boss Battle","floor":42,"turns":2},{"damage":9,"enemies":"Orb Walker","floor":45,"turns":2},{"damage":95,"enemies":"Transient","floor":49,"turns":5},{"damage":88,"enemies":"downfall:Ironclad","floor":50,"turns":6}],"seed_played":"2371090868737343307","potions_obtained":[{"floor":6,"key":"FearPotion"},{"floor":9,"key":"champ:TechniquePotion"},{"floor":11,"key":"DuplicationPotion"},{"floor":14,"key":"BlessingOfTheForge"},{"floor":19,"key":"DistilledChaos"},{"floor":20,"key":"sneckomod:MuddlingPotion"},{"floor":25,"key":"GamblersBrew"},{"floor":32,"key":"champ:UltimateStancePotion"},{"floor":37,"key":"Strength Potion"}],"is_trial":false,"path_per_floor":["R","E","M","M","?","M","T","R","?","E","M","T","$","M","M","B",null,"R","M","E","?","?","M","T","E","?","R","M","$","M","?","M","B",null,"R","E","?","$","M","?","T","?","$","R","M","$","?","$","M","B",null],"character_chosen":"THE_CHAMP","items_purchased":["Lee\u0027s Waffle","champ:DefensiveShout","champ:RisingSlash","Pantograph","champ:DefensiveShout","champ:DefensiveShout","Bronze Scales","Apotheosis","Ice Cream","champ:Circumvent","MerchantsRug","champ:CalledShot+1","champ:BerserkersGuideToSlaughter"],"campfire_rested":1,"item_purchase_floors":[13,13,13,29,29,29,29,38,38,38,38,38,46],"current_hp_per_floor":[90,90,90,90,90,86,86,86,72,48,36,36,97,86,88,47,97,107,90,77,73,73,58,58,15,15,47,44,47,50,88,81,77,114,114,97,98,109,110,110,110,119,119,119,117,120,115,120,99,100],"gold":88,"neow_bonus":"THREE_ENEMY_KILL","is_daily":false,"chose_seed":false,"campfire_upgraded":4,"win_rate":0.0,"timestamp":1607981837,"path_taken":["R","E","M","M","?","M","T","R","?","E","?","?","?","?","M","BOSS","R","M","E","?","?","M","T","E","?","R","?","?","M","?","M","BOSS","R","E","?","$","M","?","T","?","?","R","M","$","?","$","M","BOSS"],"items_purchased_type":["Relic","Card","Card","Relic","Card","Card","Relic","Card","Relic","Card","Relic","Card","Relic"],"build_version":"2020-12-13","purchased_purges":3,"victory":true,"max_hp_per_floor":[90,90,90,90,90,90,90,90,90,90,90,90,97,97,97,97,97,107,107,107,107,107,108,108,109,109,109,110,111,112,112,113,114,114,114,115,116,117,118,118,118,119,119,119,120,120,120,120,121,122],"card_choices":[{"not_picked":["champ:GladiatorsShout","champ:FaceSlap"],"picked":"champ:FlashCut","floor":2},{"not_picked":["champ:Haymaker","champ:TornadoPunch"],"picked":"champ:EnGarde","floor":3},{"not_picked":["champ:CrookedStrike","champ:Encircle"],"picked":"champ:FocusedBerserking","floor":4},{"not_picked":["champ:GutPunch","champ:BladeFlurry"],"picked":"champ:DefensiveShout","floor":6},{"not_picked":["champ:ViciousMockery","champ:Haymaker"],"picked":"champ:FightOn","floor":9},{"not_picked":["champ:CheapShot","champ:Encircle"],"picked":"champ:EnGarde","floor":10},{"not_picked":["champ:BerserkerStyle","champ:Haymaker"],"picked":"champ:DefensiveStyle","floor":11},{"not_picked":["champ:FocusedGladiator","champ:CheapShot"],"picked":"champ:AdrenalArmor","floor":13},{"not_picked":["champ:BerserkerStyle","champ:EnGarde"],"picked":"champ:CrookedStrike","floor":14},{"not_picked":["champ:Haymaker","champ:FanOfKnives"],"picked":"champ:BringItOn","floor":15},{"not_picked":["champ:DancingMaster","champ:ShieldThrow"],"picked":"champ:CheapShot","floor":16},{"not_picked":["champ:TornadoPunch","champ:FlashCut"],"picked":"champ:ShieldWall+1","floor":19},{"not_picked":["champ:FocusedBerserking+1","champ:RecklessLeap+1"],"picked":"champ:AdrenalArmor+1","floor":20},{"not_picked":["champ:DeathBlow+1","champ:BringItOn"],"picked":"champ:ArenaPreparation","floor":21},{"not_picked":["champ:FightOn","champ:ShieldWall+1"],"picked":"champ:RapidStrikes+1","floor":23},{"not_picked":["champ:GladiatorStyle+1","champ:BerserkersShout","champ:BladeFlurry+1"],"picked":"SKIP","floor":25},{"not_picked":["champ:FlashCut+1","champ:Backstep"],"picked":"champ:BringItOn+1","floor":28},{"not_picked":["champ:Encircle+1","champ:FlashCut+1","champ:DeathBlow+1"],"picked":"SKIP","floor":29},{"not_picked":["champ:CrookedStrike+1","champ:BringItOn"],"picked":"champ:RapidStrikes+1","floor":30},{"not_picked":["champ:ViciousMockery+1","champ:VampiricStrike+1"],"picked":"champ:SkillfulDodge+1","floor":32},{"not_picked":["champ:HoldFirm","champ:Improvising+1"],"picked":"champ:SteelEdge+1","floor":33},{"not_picked":["champ:FlashCut+1","champ:FightOn"],"picked":"champ:CalledShot+1","floor":36},{"not_picked":["champ:Haymaker+1","champ:GutPunch+1"],"picked":"champ:AdrenalArmor","floor":37},{"not_picked":["champ:DeathBlow+1","champ:FocusedGladiator+1"],"picked":"champ:StanceDance","floor":38},{"not_picked":["champ:GladiatorStyle+1","champ:DefensiveStyle+1"],"picked":"champ:FanOfKnives+1","floor":39},{"not_picked":["champ:Encircle+1","champ:GladiatorsShout+1"],"picked":"champ:RisingSlash+1","floor":45},{"not_picked":["expansioncontent:Hexaburn+1","expansioncontent:DarkVoid+1"],"picked":"expansioncontent:FaceSlap+1","floor":47},{"not_picked":["champ:IronFortress+1","champ:CrookedStrike+1","champ:TornadoPunch+1"],"picked":"SKIP","floor":49}],"player_experience":388603,"relics_obtained":[{"floor":2,"key":"The Courier"},{"floor":9,"key":"CloakClasp"},{"floor":10,"key":"InkBottle"},{"floor":12,"key":"Shuriken"},{"floor":20,"key":"Molten Egg 2"},{"floor":21,"key":"downfall:CloakOfManyFaces"},{"floor":25,"key":"Frozen Egg 2"},{"floor":36,"key":"Regal Pillow"},{"floor":37,"key":"Peace Pipe"},{"floor":41,"key":"MealTicket"},{"floor":42,"key":"StoneCalendar"}],"event_choices":[{"cards_removed":["champ:Strike"],"damage_healed":0,"gold_gain":0,"player_choice":"Give","damage_taken":0,"max_hp_gain":0,"max_hp_loss":0,"event_name":"betterNote:BetterNote","floor":22,"gold_loss":0,"cards_obtained":["Slimebound:Tackle"]},{"damage_healed":0,"gold_gain":0,"player_choice":"Fight","damage_taken":0,"max_hp_gain":0,"max_hp_loss":0,"event_name":"Mysterious Sphere","floor":37,"gold_loss":0},{"cards_removed":["champ:Strike"],"damage_healed":0,"gold_gain":0,"player_choice":"Removed Attack","damage_taken":0,"max_hp_gain":0,"max_hp_loss":0,"event_name":"Falling","floor":40,"gold_loss":0}],"is_beta":false,"boss_relics":[{"not_picked":["Snecko Eye","SlaversCollar"],"picked":"Cursed Key"},{"not_picked":["Runic Dome","Black Star"],"picked":"champ:ChampionCrownUpgraded"}],"items_purged_floors":[29,38,43],"is_endless":false,"potions_floor_spawned":[6,9,11,14,16,19,20,25,32,33,37],"ascension_level":0}}