{"host":"qm4rv4rkpk76sbxu","time":1607967928,"event":{"mods":["BaseMod","Bestiary","Block Reminder","DeckTracker","Filter the Spire","Keyboard Shortcuts","Minty Spire (QoL Compilation)","MonsterHotkey","Potion Indicator Mod","Quick Restart","Random Character Button","Relic Stats","Slay-I","StSLib","ojb\u0027s Better Paths Mod"],"gold_per_floor":[210,210,210,275,275,275,306,325,351,382,382,382,410,424,424,500,500,520,520,538,538,538],"floor_reached":21,"playtime":569,"items_purged":[],"score":440,"play_id":"ed87c78c-0e5a-4d41-83ba-3ed55754b4a7","local_time":"20201214184528","is_ascension_mode":true,"campfire_choices":[{"data":"Doom and Gloom","floor":6.0,"key":"SMITH"},{"floor":11.0,"key":"REST"},{"data":"Defragment","floor":15.0,"key":"SMITH"}],"circlet_count":0,"master_deck":["AscendersBane","Strike_B","Strike_B+1","Strike_B","Strike_B","Defend_B","Defend_B+1","Defend_B","Defend_B","Zap","Dualcast","Doom and Gloom+1","Steam","Reboot","Defragment+1","FTL","Thunder Strike","Genetic Algorithm","Defragment+1","Heatsinks"],"relics":["Cracked Core","Bag of Marbles","DataDisk","Smiling Mask","Art of War","Peace Pipe","Inserter"],"acts_visited":["Exordium","TheCity"],"potions_floor_usage":[],"damage_taken":[{"damage":3.0,"enemies":"2 Louse","floor":1.0,"turns":3.0},{"damage":22.0,"enemies":"Lagavulin","floor":7.0,"turns":6.0},{"damage":12.0,"enemies":"Jaw Worm","floor":8.0,"turns":2.0},{"damage":0.0,"enemies":"Gremlin Nob","floor":10.0,"turns":3.0},{"damage":16.0,"enemies":"3 Sentries","floor":13.0,"turns":6.0},{"damage":0.0,"enemies":"Small Slimes","floor":14.0,"turns":2.0},{"damage":20.0,"enemies":"Hexaghost","floor":16.0,"turns":7.0},{"damage":18,"enemies":"Chosen","floor":18,"turns":5},{"damage":36,"enemies":"Spheric Guardian","floor":20,"turns":6},{"damage":3,"enemies":"Centurion and Healer","floor":21,"turns":1}],"seed_played":"2760304187062976972","potions_obtained":[{"floor":1.0,"key":"Explosive Potion"},{"floor":8.0,"key":"Dexterity Potion"},{"floor":14.0,"key":"FocusPotion"}],"is_trial":false,"path_per_floor":["M","$","?","?","T","R","E","M","T","E","R","?","E","M","R","B",null,"M","?","M","M"],"character_chosen":"DEFECT","items_purchased":[],"campfire_rested":1,"item_purchase_floors":[],"current_hp_per_floor":[61,61,40,40,40,40,18,6,6,6,27,50,34,34,34,14,57,39,39,3,0,0],"gold":538,"neow_bonus":"HUNDRED_GOLD","is_daily":false,"chose_seed":false,"campfire_upgraded":2,"win_rate":0.0,"timestamp":1607967928,"path_taken":["M","$","?","?","?","R","E","M","T","E","R","?","E","M","R","BOSS","M","?","?","M"],"items_purchased_type":[],"build_version":"2020-12-13","purchased_purges":0,"victory":false,"max_hp_per_floor":[71,71,71,71,71,71,71,71,71,71,71,71,71,71,71,71,71,71,71,71,71,71],"relic_stats":{"Peace Pipe":0,"Inserter":[6],"counters":[10,41],"Art of War":[2],"Smiling Mask":0,"obtain_stats":[{"Peace Pipe":13,"DataDisk":7,"Inserter":17,"Bag of Marbles":5,"Art of War":10,"Cracked Core":0,"Smiling Mask":9},{"Peace Pipe":5,"DataDisk":2,"Inserter":7,"Bag of Marbles":1,"Art of War":4,"Cracked Core":0,"Smiling Mask":3},{"Peace Pipe":20,"DataDisk":9,"Inserter":29,"Bag of Marbles":3,"Art of War":14,"Cracked Core":0,"Smiling Mask":11}]},"card_choices":[{"not_picked":["Leap","Coolheaded"],"picked":"Doom and Gloom","floor":1.0},{"not_picked":["Tempest","Redo","Coolheaded"],"picked":"SKIP","floor":7.0},{"not_picked":["Streamline","Sunder"],"picked":"Steam","floor":8.0},{"not_picked":["Barrage","Skim"],"picked":"Reboot","floor":10.0},{"not_picked":["Steam","Static Discharge"],"picked":"Defragment","floor":13.0},{"not_picked":["Darkness","Beam Cell"],"picked":"FTL","floor":14.0},{"not_picked":["Hyperbeam","All For One"],"picked":"Thunder Strike","floor":16.0},{"not_picked":["Streamline","White Noise"],"picked":"Genetic Algorithm","floor":18},{"not_picked":["Rebound","Steam"],"picked":"Heatsinks","floor":20}],"player_experience":1051573,"relics_obtained":[{"floor":5.0,"key":"Bag of Marbles"},{"floor":7.0,"key":"DataDisk"},{"floor":9.0,"key":"Smiling Mask"},{"floor":10.0,"key":"Art of War"},{"floor":13.0,"key":"Peace Pipe"}],"event_choices":[{"damage_healed":0.0,"max_hp_gain":0.0,"max_hp_loss":0.0,"gold_gain":0.0,"event_name":"Shining Light","player_choice":"Entered Light","floor":3.0,"gold_loss":0.0,"damage_taken":21.0,"cards_upgraded":["Defend_B","Strike_B"]},{"damage_healed":0.0,"max_hp_gain":0.0,"max_hp_loss":0.0,"gold_gain":65.0,"event_name":"Golden Wing","player_choice":"Gained Gold","floor":4.0,"gold_loss":0.0,"damage_taken":0.0},{"damage_healed":23.0,"max_hp_gain":0.0,"max_hp_loss":0.0,"gold_gain":0.0,"event_name":"Big Fish","player_choice":"Banana","floor":12.0,"gold_loss":0.0,"damage_taken":0.0},{"damage_healed":0,"gold_gain":0,"player_choice":"Copied","damage_taken":0,"max_hp_gain":0,"max_hp_loss":0,"event_name":"Duplicator","floor":19,"gold_loss":0,"cards_obtained":["Defragment"]}],"is_beta":false,"boss_relics":[{"not_picked":["Runic Dome","Calling Bell"],"picked":"Inserter"}],"items_purged_floors":[],"is_endless":false,"potions_floor_spawned":[1,8,14],"killed_by":"Centurion and Healer","ascension_level":20}}