{"host":"2yqfi47fogfu1ic4","time":1607979582,"event":{"mods":["AchievementEnabler","BaseMod","Colored Map","Colored Powertips","Highlight Path","Minty Spire (QoL Compilation)","Permanent Neow","Relic Stats","StSLib"],"gold_per_floor":[118,43,43,54,54,54,84,117,117,136,136,151,163,163,163,240,240,253,266,283,303,351,384,419,431,454,470,251,176,176,9,9,82,82,98,41,41,263,282,314,314,328,328,328,361,40,58,77,77,77,77,77,77,27,53,53],"floor_reached":57,"playtime":6014,"items_purged":["Strike_G","Well Laid Plans","Backstab"],"score":2814,"play_id":"9601359d-5495-4905-9ffc-41124e7e9fec","local_time":"20201214215942","is_ascension_mode":true,"campfire_choices":[{"data":"Neutralize","floor":6.0,"key":"SMITH"},{"data":"Footwork","floor":11.0,"key":"SMITH"},{"data":"Noxious Fumes","floor":15.0,"key":"SMITH"},{"floor":30.0,"key":"RECALL"}],"circlet_count":0,"master_deck":["AscendersBane","Defend_G","Defend_G","Defend_G","Defend_G","Defend_G","Survivor","Neutralize+1","Underhanded Strike","Footwork+1","Backflip","Noxious Fumes+1","Backflip","Venomology","Dagger Spray+1","Terror","Skewer","Dagger Throw","Eviscerate","Dagger Spray","Crippling Poison","Acrobatics+1","Noxious Fumes","Dash","Bane","After Image","Deflect+1","PiercingWail","Thinking Ahead","Blind","Dodge and Roll+1","Footwork","Blur+1"],"relics":["Coffee Dripper","Regal Pillow","Fusion Hammer","Smiling Mask","Du-Vu Doll","Red Mask","Art of War","ClockworkSouvenir","Orrery","Runic Pyramid","Pear","Potion Belt","Shuriken","Paper Crane","Akabeko"],"acts_visited":["Exordium","TheCity","TheBeyond","TheEnding"],"potions_floor_usage":[39,39,45,45,50,51,51,55,56,56],"damage_taken":[{"damage":2.0,"enemies":"Jaw Worm","floor":1.0,"turns":5.0},{"damage":0.0,"enemies":"2 Louse","floor":4.0,"turns":3.0},{"damage":12.0,"enemies":"3 Sentries","floor":8.0,"turns":7.0},{"damage":0.0,"enemies":"Small Slimes","floor":10.0,"turns":4.0},{"damage":0.0,"enemies":"3 Louse","floor":12.0,"turns":5.0},{"damage":6.0,"enemies":"Lots of Slimes","floor":13.0,"turns":4.0},{"damage":12.0,"enemies":"The Guardian","floor":16.0,"turns":12.0},{"damage":0.0,"enemies":"Shell Parasite","floor":18.0,"turns":7.0},{"damage":0.0,"enemies":"Spheric Guardian","floor":19.0,"turns":7.0},{"damage":9.0,"enemies":"Centurion and Healer","floor":20.0,"turns":9.0},{"damage":12.0,"enemies":"Chosen and Byrds","floor":21.0,"turns":7.0},{"damage":36.0,"enemies":"Slavers","floor":23.0,"turns":5.0},{"damage":0.0,"enemies":"Masked Bandits","floor":24.0,"turns":2.0},{"damage":0.0,"enemies":"Snake Plant","floor":25.0,"turns":4.0},{"damage":5.0,"enemies":"Snecko","floor":27.0,"turns":4.0},{"damage":8.0,"enemies":"Champ","floor":33.0,"turns":11.0},{"damage":0.0,"enemies":"3 Shapes","floor":35.0,"turns":4.0},{"damage":3,"enemies":"3 Darklings","floor":39,"turns":5},{"damage":0,"enemies":"Nemesis","floor":40,"turns":7},{"damage":0,"enemies":"Spire Growth","floor":42,"turns":6},{"damage":0,"enemies":"Giant Head","floor":45,"turns":10},{"damage":0,"enemies":"Maw","floor":47,"turns":7},{"damage":10,"enemies":"3 Darklings","floor":48,"turns":4},{"damage":0,"enemies":"Time Eater","floor":50,"turns":15},{"damage":4,"enemies":"Donu and Deca","floor":51,"turns":10},{"damage":0,"enemies":"Shield and Spear","floor":55,"turns":10},{"damage":13,"enemies":"The Heart","floor":56,"turns":13}],"seed_played":"4403426840989957245","potions_obtained":[{"floor":1.0,"key":"Regen Potion"},{"floor":4.0,"key":"PowerPotion"},{"floor":16.0,"key":"SneckoOil"},{"floor":20.0,"key":"BlessingOfTheForge"},{"floor":21.0,"key":"ColorlessPotion"},{"floor":24.0,"key":"AttackPotion"},{"floor":27.0,"key":"DuplicationPotion"},{"floor":33.0,"key":"SkillPotion"},{"floor":47,"key":"GamblersBrew"},{"floor":48,"key":"DistilledChaos"},{"floor":55,"key":"Swift Potion"}],"is_trial":false,"path_per_floor":["M","?","?","M","?","R","?","E","T","M","R","M","M","?","R","B",null,"M","M","M","M","T","E","?","M","T","M","$","?","R","$","R","B",null,"M","$","?","?","M","E","R","M","T","R","E","$","M","M","R","B","B",null,"R","$","E","B",null],"character_chosen":"THE_SILENT","items_purchased":["ClockworkSouvenir","Orrery","PiercingWail","Paper Crane"],"campfire_rested":0,"item_purchase_floors":[28,31,36,46],"current_hp_per_floor":[57,57,50,50,55,55,55,43,43,43,43,43,37,37,37,25,60,71,71,62,50,50,14,14,14,14,9,9,9,9,9,9,1,54,54,54,49,49,46,56,56,56,56,56,56,56,56,46,46,46,42,71,71,71,71,58],"gold":53,"neow_bonus":"BOSS_RELIC","is_daily":false,"chose_seed":false,"campfire_upgraded":3,"win_rate":0.0,"timestamp":1607979582,"path_taken":["M","?","?","M","?","R","?","E","T","M","R","M","M","?","R","BOSS","M","M","?","M","?","E","?","M","T","M","$","?","R","?","R","BOSS","M","$","?","?","M","E","R","M","T","R","E","$","M","M","R","BOSS","BOSS","R","$","E","BOSS"],"items_purchased_type":["Relic","Relic","Card","Relic"],"build_version":"2020-12-13","purchased_purges":3,"victory":true,"max_hp_per_floor":[66,66,66,66,71,71,71,71,71,71,71,71,71,71,71,71,71,71,71,71,71,71,71,71,71,71,71,71,71,71,71,71,71,71,71,71,71,71,71,81,81,81,81,81,81,81,81,81,81,81,81,81,81,81,81,81],"relic_stats":{"Regal Pillow":0,"counters":[27,187],"Shuriken":[16],"Art of War":[20],"Smiling Mask":150,"obtain_stats":[{"Potion Belt":43,"Regal Pillow":8,"Pear":40,"Paper Crane":46,"Smiling Mask":22,"Akabeko":55,"ClockworkSouvenir":28,"Du-Vu Doll":23,"Shuriken":45,"Orrery":31,"Fusion Hammer":17,"Coffee Dripper":0,"Red Mask":24,"Art of War":26,"Ring of the Snake":0,"Runic Pyramid":34},{"Potion Belt":20,"Regal Pillow":3,"Pear":19,"Paper Crane":21,"Smiling Mask":11,"Akabeko":26,"ClockworkSouvenir":15,"Du-Vu Doll":12,"Shuriken":21,"Orrery":15,"Fusion Hammer":7,"Coffee Dripper":0,"Red Mask":13,"Art of War":14,"Ring of the Snake":0,"Runic Pyramid":16},{"Potion Belt":118,"Regal Pillow":15,"Pear":112,"Paper Crane":128,"Smiling Mask":70,"Akabeko":174,"ClockworkSouvenir":85,"Du-Vu Doll":75,"Shuriken":128,"Orrery":85,"Fusion Hammer":40,"Coffee Dripper":0,"Red Mask":77,"Art of War":81,"Ring of the Snake":0,"Runic Pyramid":96}]},"card_choices":[{"not_picked":["Acrobatics","Underhanded Strike"],"picked":"Backstab","floor":1.0},{"not_picked":["Prepared","Infinite Blades"],"picked":"Underhanded Strike","floor":4.0},{"not_picked":["Dagger Spray","Expertise"],"picked":"Footwork","floor":8.0},{"not_picked":["Unload","Sucker Punch"],"picked":"Backflip","floor":10.0},{"not_picked":["Sucker Punch","Dagger Spray"],"picked":"Noxious Fumes","floor":12.0},{"not_picked":["Underhanded Strike","Blade Dance"],"picked":"Backflip","floor":13.0},{"not_picked":["Grand Finale","Glass Knife"],"picked":"Venomology","floor":16.0},{"not_picked":["Deflect","Outmaneuver","Flying Knee"],"picked":"SKIP","floor":18.0},{"not_picked":["Cloak And Dagger","Finisher"],"picked":"Dagger Spray+1","floor":19.0},{"not_picked":["Deadly Poison","Poisoned Stab"],"picked":"Terror","floor":20.0},{"not_picked":["Dash","Deadly Poison"],"picked":"Skewer","floor":21.0},{"not_picked":["Reflex","Terror"],"picked":"Dagger Throw","floor":23.0},{"not_picked":["Dodge and Roll","Sucker Punch"],"picked":"Eviscerate","floor":24.0},{"not_picked":["Masterful Stab","Distraction"],"picked":"Dagger Spray","floor":25.0},{"not_picked":["Flying Knee","Underhanded Strike"],"picked":"Crippling Poison","floor":27.0},{"not_picked":["Quick Slash","Skewer"],"picked":"Acrobatics+1","floor":31.0},{"not_picked":["All Out Attack","Masterful Stab+1"],"picked":"Noxious Fumes","floor":31.0},{"not_picked":["After Image","Noxious Fumes"],"picked":"Well Laid Plans","floor":31.0},{"not_picked":["Poisoned Stab","Glass Knife"],"picked":"Dash","floor":31.0},{"not_picked":["Poisoned Stab","Terror"],"picked":"Bane","floor":31.0},{"not_picked":["A Thousand Cuts","Adrenaline"],"picked":"After Image","floor":33.0},{"not_picked":["Poisoned Stab","Dash"],"picked":"Deflect+1","floor":35.0},{"not_picked":["Discovery","Madness"],"picked":"Thinking Ahead","floor":37.0},{"not_picked":["Trip","Purity"],"picked":"Blind","floor":37.0},{"not_picked":["Deflect","Dagger Throw","Heel Hook"],"picked":"SKIP","floor":39},{"not_picked":["Sucker Punch","Outmaneuver"],"picked":"Dodge and Roll+1","floor":40},{"not_picked":["PiercingWail","Poisoned Stab+1"],"picked":"Footwork","floor":42},{"not_picked":["Deflect","Blade Dance+1","Skewer"],"picked":"SKIP","floor":45},{"not_picked":["Slice","Deadly Poison","Choke"],"picked":"SKIP","floor":47},{"not_picked":["Well Laid Plans","Glass Knife"],"picked":"Blur+1","floor":48},{"not_picked":["Bane","Infinite Blades","Cloak And Dagger+1"],"picked":"SKIP","floor":55}],"player_experience":1764629,"relics_obtained":[{"floor":8.0,"key":"Regal Pillow"},{"floor":22.0,"key":"Smiling Mask"},{"floor":23.0,"key":"Du-Vu Doll"},{"floor":24.0,"key":"Red Mask"},{"floor":26.0,"key":"Art of War"},{"floor":40,"key":"Pear"},{"floor":43,"key":"Potion Belt"},{"floor":45,"key":"Shuriken"},{"floor":55,"key":"Akabeko"}],"event_choices":[{"cards_removed":["Strike_G"],"damage_healed":0.0,"max_hp_gain":0.0,"max_hp_loss":0.0,"gold_gain":0.0,"event_name":"The Cleric","player_choice":"Card Removal","floor":2.0,"gold_loss":75.0,"damage_taken":0.0},{"cards_removed":["Strike_G"],"damage_healed":0.0,"max_hp_gain":0.0,"max_hp_loss":0.0,"gold_gain":0.0,"event_name":"Golden Wing","player_choice":"Card Removal","floor":3.0,"gold_loss":0.0,"damage_taken":7.0},{"damage_healed":0.0,"max_hp_gain":5.0,"max_hp_loss":0.0,"gold_gain":0.0,"event_name":"Big Fish","player_choice":"Donut","floor":5.0,"gold_loss":0.0,"damage_taken":0.0},{"damage_healed":0.0,"max_hp_gain":0.0,"max_hp_loss":0.0,"gold_gain":30.0,"event_name":"Dead Adventurer","player_choice":"Searched \u00271\u0027 times","floor":7.0,"gold_loss":0.0,"damage_taken":0.0},{"cards_removed":["Strike_G"],"damage_healed":0.0,"max_hp_gain":0.0,"max_hp_loss":0.0,"gold_gain":0.0,"event_name":"Purifier","player_choice":"Purged","floor":14.0,"gold_loss":0.0,"damage_taken":0.0},{"damage_healed":0.0,"max_hp_gain":0.0,"max_hp_loss":0.0,"gold_gain":0.0,"event_name":"Masked Bandits","player_choice":"Fought Bandits","floor":24.0,"gold_loss":0.0,"damage_taken":0.0},{"cards_removed":["Strike_G"],"damage_healed":0.0,"max_hp_gain":0.0,"max_hp_loss":0.0,"gold_gain":0.0,"event_name":"Beggar","player_choice":"Gave Gold","floor":29.0,"gold_loss":75.0,"damage_taken":0.0},{"damage_healed":0.0,"max_hp_gain":0.0,"max_hp_loss":0.0,"gold_gain":0.0,"event_name":"SensoryStone","player_choice":"Memory 2","floor":37.0,"gold_loss":0.0,"damage_taken":5.0},{"damage_healed":0,"gold_gain":222,"player_choice":"Wore Mask","damage_taken":0,"max_hp_gain":0,"max_hp_loss":0,"event_name":"Tomb of Lord Red Mask","floor":38,"gold_loss":0}],"is_beta":false,"boss_relics":[{"not_picked":["Ectoplasm","Sozu"],"picked":"Fusion Hammer"},{"not_picked":["Philosopher\u0027s Stone","Cursed Key"],"picked":"Runic Pyramid"}],"items_purged_floors":[28,46,54],"is_endless":false,"potions_floor_spawned":[1,4,16,20,21,24,27,33,35,47,48,55],"ascension_level":20}}