{"host":"t7rtdu4954o308h4","time":1607931126,"event":{"mods":["AchievementEnabler","Act Like it!","BaseMod","Conspire","Library of Ruina","Library of Ruina Extra","Minty Spire (QoL Compilation)","MostiFishMod","Replay The Spire","StSLib","TestMod","Waifu the Spire","【功能Mod】聪明的最终Boss","【遗物卡牌】REMEMod"],"gold_per_floor":[113,113,42,52,52,52,104,104,104,104,121,159,35,35,35,139,139,150,150,194,237,281,281,331,350,350,155,200,200,200,255,255,255,255],"floor_reached":33,"playtime":1107,"items_purged":[],"score":501,"play_id":"e7674aaf-b783-4399-842c-d9349106189c","local_time":"20201214153206","is_ascension_mode":true,"campfire_choices":[{"data":"FrontalAssault","floor":6,"key":"SMITH"},{"data":"DegradedShockwave","floor":8,"key":"SMITH"},{"data":"DegradedLock","floor":10,"key":"SMITH"},{"data":"FlowOfTheSword","floor":15,"key":"SMITH"},{"data":"Faith","floor":23,"key":"SMITH"},{"data":"ChargeUp","floor":29,"key":"SMITH"},{"data":"SilentNight","floor":32,"key":"SMITH"}],"circlet_count":0,"master_deck":["DegradedFairy","DegradedFairy","DegradedFairy","DegradedChain","DegradedChain","DegradedLock+1","DegradedPillar","DegradedPillar","DegradedShockwave+1","HandOfGreed+1","ChargeUp+1","FrontalAssault+1","InnerArdor","ScratchThat","SilentNight+1","FlowOfTheSword+1","SunsetBlade","Observe","Execute_lor+1","Faith+1","IllEndYou","UndertakePrescript","Mayhem+1","Zzzzzap+1"],"relics":["PageOfLibrarian","DaveBox","testmod-TestBox","REME_ComplimentaryCards","testmod-Nyarlathotep","BirthdayGift-Icosahedron","Question Card","Nunchaku","Singing Bowl","ImportantClient","Black Star","NlothsMask","Frozen Egg 2","Iron Hammer","Blue Candle","StrikeDummy"],"acts_visited":["Exordium","TheCity"],"potions_floor_usage":[],"damage_taken":[{"damage":0,"enemies":"2 Louse","floor":1,"turns":1},{"damage":0,"enemies":"Cultist","floor":4,"turns":1},{"damage":0,"enemies":"Gremlin Nob","floor":7,"turns":1},{"damage":0,"enemies":"Jaw Worm","floor":11,"turns":1},{"damage":0,"enemies":"2 Fungi Beasts","floor":12,"turns":2},{"damage":0,"enemies":"The Guardian","floor":16,"turns":2},{"damage":0,"enemies":"3 Byrds","floor":18,"turns":2},{"damage":0,"enemies":"2 Thieves","floor":20,"turns":1},{"damage":0,"enemies":"conspire:HollyBat","floor":21,"turns":3},{"damage":0,"enemies":"Centurion and Healer","floor":22,"turns":2},{"damage":0,"enemies":"Book of Stabbing","floor":24,"turns":1},{"damage":0,"enemies":"Shelled Parasite and Fungi","floor":25,"turns":1},{"damage":0,"enemies":"3 Cultists","floor":28,"turns":1},{"damage":0,"enemies":"Gremlin Leader","floor":31,"turns":1},{"damage":0,"enemies":"RedHoodMercenary","floor":33,"turns":2}],"seed_played":"-2285924350566968065","potions_obtained":[{"floor":1,"key":"DistilledChaos"},{"floor":2,"key":"LiquidBronze"},{"floor":2,"key":"Regen Potion"},{"floor":12,"key":"PowerPotion"}],"is_trial":false,"path_per_floor":["M","?","$","M","?","R","E","R","T","R","M","M","$","?","R","B",null,"M","?","M","M","M","R","E","M","T","$","M","R","?","E","R","B"],"character_chosen":"Librarian","items_purchased":["InnerArdor","FlowOfTheSword","SunsetBlade","UndertakePrescript","Mayhem+1"],"campfire_rested":0,"item_purchase_floors":[3,13,13,27,27],"current_hp_per_floor":[61,61,61,62,62,62,63,63,63,63,66,69,69,69,69,70,94,94,94,96,96,98,98,98,100,100,100,100,100,100,102,102,102,102],"gold":255,"neow_bonus":"ONE_RANDOM_RARE_CARD","is_daily":false,"chose_seed":false,"campfire_upgraded":7,"win_rate":0.0,"timestamp":1607931126,"path_taken":["M","?","$","?","?","R","E","R","T","R","M","M","?","?","R","BOSS","M","?","?","M","M","R","E","M","T","$","M","R","?","E","R","BOSS"],"items_purchased_type":["Card","Card","Card","Card","Card"],"build_version":"2020-12-13","purchased_purges":0,"victory":false,"max_hp_per_floor":[90,90,90,90,90,90,90,90,90,90,92,94,94,94,94,94,94,94,94,96,96,98,98,98,100,100,100,100,100,100,102,102,102,102],"card_choices":[{"not_picked":["WillOfThePrescript","DarkCloud","ShockingBlow"],"picked":"FrontalAssault","floor":1},{"not_picked":["Bvapour","Thrust","FleetFootsteps","ShrineToMusic"],"picked":"ScratchThat","floor":4},{"not_picked":["Gigigig","DarkCloud","UpbeatPerformance","ShrineToMusic"],"picked":"SilentNight","floor":7},{"not_picked":["BiteOff","WillOfThePrescript","Wallop_lor","UnavoidableGaze","FleetEdge"],"picked":"Singing Bowl","floor":11},{"not_picked":["GuidanceOfTheGears","UnavoidableGaze","ChargeUp","DarkCloud","FrontalAssault"],"picked":"Singing Bowl","floor":12},{"not_picked":["ScratchThat","SilentNight","Suppress"],"picked":"Observe","floor":16},{"not_picked":["UndertakePrescript","DefenseOrder","ToWhereThePrescriptPoints+1","FleetFootsteps"],"picked":"Execute_lor+1","floor":18},{"not_picked":["DefenseOrder","DarkCloud","FleetEdge","RatsGuideToSurvival","Parry+1"],"picked":"Singing Bowl","floor":20},{"not_picked":["ScratchThat","Gigigig","GuidanceOfTheGears","Quickness+1"],"picked":"Faith","floor":21},{"not_picked":["MindPrepared+1","Thrust","DestructiveImpact","StartinOutLightly+1","SmokingPipe+1"],"picked":"Singing Bowl","floor":22},{"not_picked":["HiddenBlade+1","InhaleSmoke","Parry","Quickness"],"picked":"IllEndYou","floor":24},{"not_picked":["AutomatedMovement+1","Execute_lor","InnerArdor","Faith","UpbeatPerformance"],"picked":"Singing Bowl","floor":25},{"not_picked":["Brawl","TendonChords+1","SenseQuarry","HiddenBlade"],"picked":"Zzzzzap+1","floor":28},{"not_picked":["DestructiveImpact","Thrust+1","UpbeatPerformance","DarkCloud+1","Faith"],"picked":"Singing Bowl","floor":31}],"player_experience":33501,"relics_obtained":[{"floor":1,"key":"Question Card"},{"floor":7,"key":"Nunchaku"},{"floor":9,"key":"Singing Bowl"},{"floor":16,"key":"ImportantClient"},{"floor":24,"key":"Frozen Egg 2"},{"floor":24,"key":"Iron Hammer"},{"floor":31,"key":"Blue Candle"},{"floor":31,"key":"StrikeDummy"}],"event_choices":[{"damage_healed":0,"gold_gain":0,"player_choice":"Got Potions","damage_taken":0,"max_hp_gain":0,"max_hp_loss":0,"event_name":"Lab","floor":2,"gold_loss":0},{"damage_healed":0,"gold_gain":0,"player_choice":"Grow","damage_taken":0,"max_hp_gain":0,"max_hp_loss":0,"event_name":"Living Wall","floor":5,"gold_loss":0,"cards_upgraded":["HandOfGreed"]},{"damage_healed":0,"gold_gain":0,"player_choice":"Leave","damage_taken":0,"max_hp_gain":0,"max_hp_loss":0,"event_name":"The Cleric","floor":14,"gold_loss":0},{"damage_healed":0,"gold_gain":0,"player_choice":"Trade","damage_taken":0,"relics_obtained":["NlothsMask"],"max_hp_gain":0,"max_hp_loss":0,"event_name":"FaceTrader","floor":19,"gold_loss":0},{"damage_healed":0,"gold_gain":0,"player_choice":"Ignored","damage_taken":0,"max_hp_gain":0,"max_hp_loss":0,"event_name":"Vampires","floor":30,"gold_loss":0}],"is_beta":false,"boss_relics":[{"not_picked":["Kintsugi","conspire:SeveredTorchhead"],"picked":"Black Star"}],"items_purged_floors":[],"is_endless":false,"potions_floor_spawned":[1,12,18,20,25,28],"killed_by":"RedHoodMercenary","ascension_level":2}}