{"host":"y89x8uui45kcjy42","time":1607942441,"event":{"mods":["2.2 Compatiblity","BaseMod","Colored Map","Colored Powertips","Friendly Minions","Hermit","Highlight Path","Keyboard Shortcuts","Minty Spire (QoL Compilation)","StSLib","SuperFastMode","Waifu the Spire"],"gold_per_floor":[12,12,187,78,78,78,97,125,425,450,450,484,32,32,32,130,130,150,110,129,129,147,176,176,176,176],"floor_reached":25,"playtime":815,"items_purged":["Doubt"],"score":247,"play_id":"00305800-fdc6-43b6-83d0-44467ef91f27","local_time":"20201214194041","is_ascension_mode":true,"campfire_choices":[{"data":"hermit:Maintenance","floor":6,"key":"SMITH"},{"data":"hermit:Showdown","floor":11,"key":"SMITH"},{"data":"hermit:Covet","floor":15,"key":"SMITH"},{"floor":24,"key":"REST"}],"circlet_count":0,"master_deck":["hermit:Strike_Hermit","hermit:Strike_Hermit","hermit:Strike_Hermit+1","hermit:Defend_Hermit","hermit:Defend_Hermit+1","hermit:Defend_Hermit","hermit:Snapshot+1","hermit:Covet+1","hermit:Maintenance+1","hermit:Showdown+1","hermit:Shortfuse+1"],"relics":["hermit:Momento","Molten Egg 2","Gambling Chip","Old Coin","Incense Burner","Lantern","Sling","Toy Ornithopter","Cursed Key","Meat on the Bone"],"acts_visited":["Exordium","TheCity"],"potions_floor_usage":[8,16,23,23],"damage_taken":[{"damage":0,"enemies":"2 Louse","floor":1,"turns":3},{"damage":6,"enemies":"Jaw Worm","floor":7,"turns":2},{"damage":18,"enemies":"Lagavulin","floor":8,"turns":6},{"damage":10,"enemies":"Gremlin Nob","floor":10,"turns":3},{"damage":27,"enemies":"3 Sentries","floor":12,"turns":9},{"damage":2,"enemies":"Slime Boss","floor":16,"turns":6},{"damage":0,"enemies":"Spheric Guardian","floor":18,"turns":3},{"damage":0,"enemies":"2 Thieves","floor":20,"turns":3},{"damage":21,"enemies":"Snake Plant","floor":22,"turns":3},{"damage":39,"enemies":"Gremlin Leader","floor":23,"turns":6},{"damage":53,"enemies":"Slavers","floor":25,"turns":4}],"seed_played":"4429949452965260441","potions_obtained":[{"floor":7,"key":"BlessingOfTheForge"},{"floor":8,"key":"Energy Potion"},{"floor":12,"key":"AttackPotion"},{"floor":18,"key":"PowerPotion"},{"floor":23,"key":"Strength Potion"}],"is_trial":false,"path_per_floor":["M","?","?","$","T","R","M","E","T","E","R","E","$","?","R","B",null,"M","?","M","$","M","E","R","E"],"character_chosen":"HERMIT","items_purchased":["hermit:Maintenance","hermit:Showdown","Sling","Toy Ornithopter","DuplicationPotion"],"campfire_rested":1,"item_purchase_floors":[4,4,13,13,13],"current_hp_per_floor":[75,75,75,75,75,75,69,51,51,41,41,14,14,14,14,17,75,75,75,75,75,54,25,47,0,0],"gold":176,"neow_bonus":"REMOVE_TWO","is_daily":false,"chose_seed":false,"campfire_upgraded":3,"win_rate":0.0,"timestamp":1607942441,"path_taken":["M","?","?","?","?","R","M","E","T","E","R","E","$","?","R","BOSS","M","?","?","$","M","E","R","E"],"items_purchased_type":["Card","Card","Relic","Relic","Potion"],"build_version":"2020-12-13","purchased_purges":1,"victory":false,"max_hp_per_floor":[75,75,75,75,75,75,75,75,75,75,75,75,75,75,75,75,75,75,75,75,75,75,75,75,75,75],"card_choices":[{"not_picked":["hermit:Feint","hermit:ItchyTrigger","hermit:Horror"],"picked":"SKIP","floor":1},{"not_picked":["hermit:BodyArmor","hermit:Snipe","hermit:Manifest"],"picked":"SKIP","floor":7},{"not_picked":["hermit:Headshot+1","hermit:ItchyTrigger+1","hermit:Dissolve"],"picked":"SKIP","floor":8},{"not_picked":["hermit:SprayPray+1","hermit:LowProfile","hermit:Malice+1"],"picked":"SKIP","floor":10},{"not_picked":["hermit:GhostlyPresence","hermit:Ricochet+1","hermit:EyeOfTheStorm"],"picked":"SKIP","floor":12},{"not_picked":["hermit:BodyArmor","hermit:Determination"],"picked":"hermit:Shortfuse+1","floor":18},{"not_picked":["hermit:ItchyTrigger+1","hermit:HighCaliber+1","hermit:Ricochet+1"],"picked":"SKIP","floor":20},{"not_picked":["hermit:Scavenge","hermit:Ricochet+1","hermit:Snipe"],"picked":"SKIP","floor":22},{"not_picked":["hermit:HighCaliber+1","hermit:LowProfile","hermit:Vantage"],"picked":"SKIP","floor":23}],"player_experience":494782,"relics_obtained":[{"floor":5,"key":"Molten Egg 2"},{"floor":8,"key":"Gambling Chip"},{"floor":9,"key":"Old Coin"},{"floor":10,"key":"Incense Burner"},{"floor":12,"key":"Lantern"},{"floor":23,"key":"Meat on the Bone"}],"event_choices":[{"damage_healed":0,"gold_gain":0,"player_choice":"Grow","damage_taken":0,"max_hp_gain":0,"max_hp_loss":0,"event_name":"Living Wall","floor":2,"gold_loss":0,"cards_upgraded":["hermit:Snapshot"]},{"damage_healed":0,"gold_gain":175,"player_choice":"AGREE","damage_taken":0,"max_hp_gain":0,"max_hp_loss":0,"event_name":"Liars Game","floor":3,"gold_loss":0,"cards_obtained":["Doubt"]},{"damage_healed":0,"gold_gain":0,"player_choice":"Ignored","damage_taken":0,"max_hp_gain":0,"max_hp_loss":0,"event_name":"Shining Light","floor":14,"gold_loss":0},{"damage_healed":0,"gold_gain":0,"player_choice":"Upgraded Two","damage_taken":0,"max_hp_gain":0,"max_hp_loss":0,"event_name":"Designer","floor":19,"gold_loss":40,"cards_upgraded":["hermit:Strike_Hermit","hermit:Defend_Hermit"]}],"is_beta":false,"boss_relics":[{"not_picked":["Pandora\u0027s Box","Velvet Choker"],"picked":"Cursed Key"}],"items_purged_floors":[13],"is_endless":false,"potions_floor_spawned":[7,8,12,18,23],"killed_by":"Slavers","ascension_level":1}}