{"host":"0cm5wy4nhuju7tij","time":1607924580,"event":{"mods":["2.2 Compatiblity","AchievementEnabler","BaseMod","Better Third Choice","BetterRewards","CCEM","CatGirl Mod","ChefMod","Colored Powertips","Custom Start","Displayed Cursed Tome","Downfall","Filter the Spire","Fireblade Mod","Hermit","Highlight Path","Minty Spire (QoL Compilation)","Permanent Neow","Spicy Shops","StSLib","The Bladedancer"],"gold_per_floor":[115,128,146,66,84,118,118,118,118,118,135,135,155,172,172,275,275,286,272,291,306,306,306,306],"floor_reached":23,"playtime":1262,"items_purged":[],"score":222,"play_id":"1112dd06-c1ca-4745-9980-a3b2f30f4f9c","local_time":"20201214004300","is_ascension_mode":false,"campfire_choices":[{"floor":7,"key":"REST"},{"data":"FireBladeMod:AfterBurn","floor":10,"key":"SMITH"},{"floor":12,"key":"REST"},{"floor":15,"key":"REST"}],"circlet_count":0,"master_deck":["FireBladeMod:DefendFireBlade","FireBladeMod:DefendFireBlade","FireBladeMod:DefendFireBlade","FireBladeMod:DefendFireBlade","FireBladeMod:FlamingSword","FireBladeMod:FireBarrier","FireBladeMod:AfterBurn+1","FireBladeMod:Feint","FireBladeMod:SmokeScreen","FireBladeMod:RapidDodges","FireBladeMod:ThirstForBlood","FireBladeMod:SoulStrike","FireBladeMod:ThirstForBlood","FireBladeMod:SpiritEndurance","FireBladeMod:GetPumped","FireBladeMod:Accelerant","FireBladeMod:BackhandSwing","FireBladeMod:LayeredDefense","FireBladeMod:Swipe","FireBladeMod:Swipe","FireBladeMod:Swipe","FireBladeMod:Swipe","FireBladeMod:Swipe","FireBladeMod:ScorchingStrike","FireBladeMod:SpinningSmash+1","FireBladeMod:Accelerant","FireBladeMod:Flames+1"],"relics":["FireBladeMod:DuelistLocket","Bottled Lightning","FossilizedHelix","FireBladeMod:TigerClaw"],"acts_visited":["Exordium","TheCity"],"potions_floor_usage":[16,16,16,21],"damage_taken":[{"damage":0,"enemies":"Small Slimes","floor":1,"turns":3},{"damage":1,"enemies":"Cultist","floor":2,"turns":4},{"damage":3,"enemies":"Jaw Worm","floor":3,"turns":3},{"damage":18,"enemies":"Exordium Wildlife","floor":5,"turns":5},{"damage":37,"enemies":"Gremlin Nob","floor":6,"turns":5},{"damage":17,"enemies":"Lots of Slimes","floor":11,"turns":4},{"damage":1,"enemies":"Blue Slaver","floor":13,"turns":4},{"damage":9,"enemies":"Exordium Thugs","floor":14,"turns":5},{"damage":41,"enemies":"Slime Boss","floor":16,"turns":9},{"damage":8,"enemies":"Chosen","floor":18,"turns":5},{"damage":19,"enemies":"2 Thieves","floor":19,"turns":4},{"damage":3,"enemies":"3 Cultists","floor":20,"turns":4},{"damage":33,"enemies":"Centurion and Healer","floor":21,"turns":7},{"damage":33,"enemies":"Gremlin Leader","floor":23,"turns":5}],"seed_played":"5312082964797227102","potions_obtained":[{"floor":1,"key":"ColorlessPotion"},{"floor":5,"key":"SkillPotion"},{"floor":11,"key":"Fire Potion"},{"floor":14,"key":"AttackPotion"},{"floor":18,"key":"SteroidPotion"}],"is_trial":false,"path_per_floor":["M","M","M","$","M","E","R","?","T","R","M","R","M","M","R","B",null,"M","M","M","M","?","E"],"character_chosen":"THE_FIREBLADE","items_purchased":["FireBladeMod:ThirstForBlood"],"campfire_rested":3,"item_purchase_floors":[4],"current_hp_per_floor":[70,69,66,66,48,11,32,32,32,32,15,36,35,26,47,6,70,62,43,40,7,30,0,0],"gold":306,"neow_bonus":"ONE_RANDOM_RARE_CARD","is_daily":false,"chose_seed":false,"campfire_upgraded":1,"win_rate":0.0,"timestamp":1607924580,"path_taken":["M","M","M","$","M","E","R","?","T","R","?","R","?","M","R","BOSS","M","M","M","M","?","E"],"items_purchased_type":["Card"],"build_version":"2020-12-13","purchased_purges":0,"victory":false,"max_hp_per_floor":[70,70,70,70,70,70,70,70,70,70,70,70,70,70,70,70,70,70,70,70,70,70,70,70],"card_choices":[{"not_picked":["FireBladeMod:FlashBang","FireBladeMod:SteadyEndurance"],"picked":"FireBladeMod:Feint","floor":1},{"not_picked":["FireBladeMod:ComboCleave","FireBladeMod:SpinningSmash"],"picked":"FireBladeMod:SmokeScreen","floor":2},{"not_picked":["FireBladeMod:SteadyEndurance","FireBladeMod:Turtle"],"picked":"FireBladeMod:RapidDodges","floor":3},{"not_picked":["FireBladeMod:WellPrepared","FireBladeMod:ComboCleave"],"picked":"FireBladeMod:SoulStrike","floor":5},{"not_picked":["FireBladeMod:ComboSlashes","FireBladeMod:ThirstForBlood","FireBladeMod:GetPumped"],"picked":"SKIP","floor":6},{"not_picked":["FireBladeMod:ComboSlashes","FireBladeMod:GetPumped"],"picked":"FireBladeMod:ThirstForBlood","floor":6},{"not_picked":["FireBladeMod:StingingSlash","FireBladeMod:Turtle"],"picked":"FireBladeMod:GetPumped","floor":11},{"not_picked":["FireBladeMod:WellPrepared","FireBladeMod:Shove"],"picked":"FireBladeMod:Accelerant","floor":13},{"not_picked":["FireBladeMod:GlassGreatsword","FireBladeMod:ComboCleave"],"picked":"FireBladeMod:BackhandSwing","floor":14},{"not_picked":["FireBladeMod:GlassGreatsword","FireBladeMod:AntiMagic"],"picked":"FireBladeMod:LayeredDefense","floor":16},{"not_picked":["FireBladeMod:SmokeInTheEyes","FireBladeMod:Refreshment"],"picked":"FireBladeMod:ScorchingStrike","floor":18},{"not_picked":["FireBladeMod:ThirdDegree","FireBladeMod:IronEndurance"],"picked":"FireBladeMod:SpinningSmash+1","floor":19},{"not_picked":["FireBladeMod:RollWithTheBlow","FireBladeMod:ComboCleave"],"picked":"FireBladeMod:Accelerant","floor":20},{"not_picked":["FireBladeMod:ComplexDefense+1","FireBladeMod:ComplexAttack"],"picked":"FireBladeMod:Flames+1","floor":21}],"player_experience":196814,"relics_obtained":[{"floor":6,"key":"Bottled Lightning"},{"floor":9,"key":"FossilizedHelix"}],"event_choices":[{"damage_healed":0,"gold_gain":0,"player_choice":"1 cards matched","damage_taken":0,"max_hp_gain":0,"max_hp_loss":0,"event_name":"Match and Keep!","floor":8,"gold_loss":0,"cards_obtained":["FireBladeMod:SpiritEndurance"]},{"damage_healed":23,"gold_gain":0,"player_choice":"Heal","damage_taken":0,"max_hp_gain":0,"max_hp_loss":0,"event_name":"The Library","floor":22,"gold_loss":0}],"is_beta":false,"boss_relics":[{"not_picked":["Busted Crown","Tiny House"],"picked":"FireBladeMod:TigerClaw"}],"items_purged_floors":[],"is_endless":false,"potions_floor_spawned":[1,5,11,14,18],"killed_by":"Gremlin Leader","ascension_level":0}}