{"host":"zsm7bdfo51n66z45","time":1607919299,"event":{"mods":["AchievementEnabler","BaseMod","Better Skull","Better Third Choice","Colored Powertips","Minty Spire (QoL Compilation)","MostiFishMod","Relic Stats","Spicy Shops","StSLib","Waifu the Spire"],"gold_per_floor":[110,122,122,135,135,168,20,32,56,71,82,94,109,129,129,233,233,252,264,264,279,295,327,343,356,356,376,376,403,403,417,417,515,515,526,576,402,417,437,464,384,384,384,384,396,396,423,423,423,423,423,423,323,354,354],"floor_reached":56,"playtime":1303,"items_purged":["Shame","MostiFishMod:UniRed","Injury"],"score":1532,"play_id":"2b424b71-b439-46bc-8961-a0deaed198bc","local_time":"20201213221459","is_ascension_mode":false,"campfire_choices":[{"data":"Cleave","floor":15,"key":"SMITH"},{"floor":32,"key":"RECALL"},{"data":"Die Die Die","floor":42,"key":"SMITH"},{"data":"Wallop","floor":49,"key":"SMITH"},{"data":"Flex","floor":52,"key":"SMITH"}],"circlet_count":0,"master_deck":["Strike_R","Strike_R","Strike_R","Strike_R+1","Strike_R+1","Defend_R","Defend_R","Defend_R","Bash","Flex+1","Cleave+1","Flying Knee","Poisoned Stab","Dash","Beam Cell","WindmillStrike","CrushJoints","Thunderclap","Sweeping Beam","Poisoned Stab","Clothesline+1","Ball Lightning","Die Die Die+1","Cleave+1","Tantrum","Wallop+1","Whirlwind+1"],"relics":["Burning Blood","DaveBox","ExusiaiGun","Question Card","PrismaticShard","Bag of Preparation","ChiLing","Chi","Ling","Anchor","ImportantClient","Cursed Key","MealTicket","Pantograph","Bronze Scales","Enchiridion","Philosopher\u0027s Stone","CombinedTypeHook","ClockworkSouvenir","Whetstone","SynthV:C4","Sundial"],"acts_visited":["Exordium","TheCity","TheBeyond","TheEnding"],"potions_floor_usage":[8,14,50,50,55],"damage_taken":[{"damage":0,"enemies":"Jaw Worm","floor":1,"turns":1},{"damage":0,"enemies":"Cultist","floor":2,"turns":1},{"damage":0,"enemies":"2 Louse","floor":4,"turns":1},{"damage":0,"enemies":"3 Sentries","floor":6,"turns":2},{"damage":2,"enemies":"Red Slaver","floor":8,"turns":1},{"damage":2,"enemies":"2 Fungi Beasts","floor":10,"turns":1},{"damage":2,"enemies":"Exordium Wildlife","floor":11,"turns":1},{"damage":0,"enemies":"3 Louse","floor":12,"turns":1},{"damage":0,"enemies":"Large Slime","floor":13,"turns":2},{"damage":2,"enemies":"Looter","floor":14,"turns":1},{"damage":2,"enemies":"Slime Boss","floor":16,"turns":2},{"damage":0,"enemies":"Spheric Guardian","floor":18,"turns":1},{"damage":2,"enemies":"Shell Parasite","floor":19,"turns":1},{"damage":1,"enemies":"Shelled Parasite and Fungi","floor":21,"turns":1},{"damage":0,"enemies":"Cultist and Chosen","floor":22,"turns":1},{"damage":0,"enemies":"Gremlin Leader","floor":23,"turns":2},{"damage":1,"enemies":"Snake Plant","floor":24,"turns":1},{"damage":1,"enemies":"Centurion and Healer","floor":25,"turns":1},{"damage":1,"enemies":"Snecko","floor":27,"turns":1},{"damage":3,"enemies":"Book of Stabbing","floor":29,"turns":1},{"damage":2,"enemies":"Snake Plant","floor":31,"turns":2},{"damage":2,"enemies":"Collector","floor":33,"turns":2},{"damage":2,"enemies":"Orb Walker","floor":35,"turns":1},{"damage":14,"enemies":"Mind Bloom Boss Battle","floor":36,"turns":2},{"damage":17,"enemies":"3 Shapes","floor":38,"turns":1},{"damage":2,"enemies":"3 Darklings","floor":39,"turns":1},{"damage":0,"enemies":"Reptomancer","floor":40,"turns":1},{"damage":0,"enemies":"Maw","floor":45,"turns":1},{"damage":0,"enemies":"Giant Head","floor":47,"turns":1},{"damage":17,"enemies":"Time Eater","floor":50,"turns":2},{"damage":1,"enemies":"Shield and Spear","floor":54,"turns":1},{"damage":90,"enemies":"The Heart","floor":55,"turns":4}],"seed_played":"-19914998757281249","potions_obtained":[{"floor":6,"key":"SteroidPotion"},{"floor":8,"key":"EntropicBrew"},{"floor":10,"key":"DuplicationPotion"},{"floor":14,"key":"Fruit Juice"},{"floor":18,"key":"SkillPotion"},{"floor":24,"key":"Strength Potion"},{"floor":36,"key":"Fire Potion"}],"is_trial":false,"path_per_floor":["M","M","?","M","?","E","$","M","T","M","M","M","M","M","R","B",null,"M","M","?","M","M","E","M","M","T","M","?","E","?","M","R","B",null,"M","?","$","M","M","E","$","R","T","?","M","?","E","?","R","B",null,"R","$","E","B",null],"character_chosen":"IRONCLAD","items_purchased":["ChiLing","ClockworkSouvenir"],"campfire_rested":0,"item_purchase_floors":[7,37],"current_hp_per_floor":[88,88,88,88,88,88,88,88,88,88,88,88,88,93,93,93,93,93,93,93,104,104,104,104,104,104,104,104,104,88,92,92,104,104,104,96,104,93,97,103,104,104,104,104,104,104,104,104,104,93,104,104,104,104,20],"gold":354,"neow_bonus":"TEN_PERCENT_HP_BONUS","is_daily":false,"chose_seed":false,"campfire_upgraded":4,"win_rate":0.0,"timestamp":1607919299,"path_taken":["M","M","?","M","?","E","$","M","T","M","M","M","?","M","R","BOSS","M","M","?","M","?","E","M","M","T","M","?","E","?","M","R","BOSS","M","?","$","M","M","E","$","R","T","?","M","?","E","?","R","BOSS","R","$","E","BOSS"],"items_purchased_type":["Relic","Relic"],"build_version":"2020-12-13","purchased_purges":3,"victory":true,"max_hp_per_floor":[88,88,88,88,88,88,88,88,88,88,88,88,88,93,93,93,93,93,93,93,104,104,104,104,104,104,104,104,104,104,104,104,104,104,104,104,104,104,104,104,104,104,104,104,104,104,104,104,104,104,104,104,104,104,104],"relic_stats":{"counters":[32,43],"Sundial":[0],"Pantograph":12,"Bronze Scales":[51],"MealTicket":9,"Bag of Preparation":[56],"Whetstone":["Strike_R","Strike_R"],"Question Card":30,"Cursed Key":2,"obtain_stats":[{"CombinedTypeHook":36,"DaveBox":0,"Chi":7,"Enchiridion":30,"ExusiaiGun":0,"Bag of Preparation":6,"Whetstone":40,"Question Card":1,"PrismaticShard":1,"Cursed Key":17,"Burning Blood":0,"SynthV:C4":47,"ClockworkSouvenir":37,"Ling":7,"Anchor":9,"Sundial":54,"Pantograph":26,"Bronze Scales":29,"MealTicket":23,"Philosopher\u0027s Stone":34,"ChiLing":7,"ImportantClient":16},{"CombinedTypeHook":24,"DaveBox":0,"Chi":4,"Enchiridion":20,"ExusiaiGun":0,"Bag of Preparation":4,"Whetstone":27,"Question Card":1,"PrismaticShard":1,"Cursed Key":11,"Burning Blood":0,"SynthV:C4":29,"ClockworkSouvenir":24,"Ling":4,"Anchor":5,"Sundial":31,"Pantograph":18,"Bronze Scales":20,"MealTicket":16,"Philosopher\u0027s Stone":22,"ChiLing":4,"ImportantClient":11},{"CombinedTypeHook":31,"DaveBox":0,"Chi":5,"Enchiridion":24,"ExusiaiGun":0,"Bag of Preparation":5,"Whetstone":34,"Question Card":1,"PrismaticShard":1,"Cursed Key":14,"Burning Blood":0,"SynthV:C4":36,"ClockworkSouvenir":31,"Ling":5,"Anchor":6,"Sundial":39,"Pantograph":22,"Bronze Scales":24,"MealTicket":20,"Philosopher\u0027s Stone":28,"ChiLing":5,"ImportantClient":14}],"Burning Blood":66},"card_choices":[{"not_picked":["Shrug It Off","Infernal Blade"],"picked":"Flex","floor":1},{"not_picked":["True Grit","Slice","Prostrate"],"picked":"Cleave","floor":2},{"not_picked":["Rage","Bane","Perfected Strike","Dodge and Roll"],"picked":"SKIP","floor":4},{"not_picked":["Good Instincts","Auto Shields","Reinforced Body","MostiFishMod:SupremeArchaeology"],"picked":"SKIP","floor":6},{"not_picked":["Reflex","Capacitor","Wireheading"],"picked":"Flying Knee","floor":8},{"not_picked":["Wireheading","Madness","Wild Strike"],"picked":"Poisoned Stab","floor":10},{"not_picked":["Coolheaded","True Grit","MostiFishMod:IceShield","Dagger Throw"],"picked":"SKIP","floor":11},{"not_picked":["Double Energy","FollowUp","Armaments"],"picked":"Dash","floor":12},{"not_picked":["MostiFishMod:FrostNova","Predator","Rupture"],"picked":"Beam Cell","floor":13},{"not_picked":["Body Slam","Underhanded Strike","Prostrate"],"picked":"WindmillStrike","floor":14},{"not_picked":["Phantasmal Killer","MostiFishMod:StarLaLaLa","MostiFishMod:DeathFromBelow"],"picked":"MostiFishMod:NeverNightCountry","floor":16},{"not_picked":["Blur","Steam","Bane+1"],"picked":"CrushJoints","floor":18},{"not_picked":["Leap","Sentinel","Redo+1","Streamline"],"picked":"SKIP","floor":19},{"not_picked":["Quick Slash","Steam+1","Outmaneuver"],"picked":"Thunderclap","floor":21},{"not_picked":["Feel No Pain","MostiFishMod:TemporaryOutbreak","Turbo+1"],"picked":"Sweeping Beam","floor":22},{"not_picked":["Tactician","SashWhip+1","Deflect"],"picked":"Poisoned Stab","floor":23},{"not_picked":["True Grit+1","Outmaneuver","Protect"],"picked":"Clothesline+1","floor":24},{"not_picked":["PiercingWail","Protect+1","Halt"],"picked":"Ball Lightning","floor":25},{"not_picked":["Warcry","Evolve","MostiFishMod:ThornCasing+1","Protect+1"],"picked":"SKIP","floor":27},{"not_picked":["Thunderclap","Distraction+1","Fire Breathing","Turbo"],"picked":"SKIP","floor":29},{"not_picked":["Heatsinks","MostiFishMod:Zero-Sum","Pray","Beam Cell"],"picked":"SKIP","floor":31},{"not_picked":["MostiFishMod:BrokenBlackCloak","Demon Form","MostiFishMod:Opportunism"],"picked":"Die Die Die","floor":33},{"not_picked":["Cloak And Dagger+1","Perfected Strike","Gash","PiercingWail+1"],"picked":"SKIP","floor":35},{"not_picked":["Deflect+1","MostiFishMod:UniPurple","ThirdEye"],"picked":"Cleave+1","floor":36},{"not_picked":["Streamline","Footwork+1","Hologram+1","Deadly Poison"],"picked":"SKIP","floor":38},{"not_picked":["Dark Shackles","CrushJoints+1","ForeignInfluence"],"picked":"Tantrum","floor":39},{"not_picked":["Backflip+1","Bane+1","Underhanded Strike","Protect+1"],"picked":"SKIP","floor":40},{"not_picked":["Cloak And Dagger+1","Sweeping Beam","Steam"],"picked":"Wallop","floor":45},{"not_picked":["Streamline+1","Prepared","Metallicize","Body Slam"],"picked":"SKIP","floor":47},{"not_picked":["Reflex+1","Prepared","Blizzard"],"picked":"Whirlwind+1","floor":54}],"player_experience":138446,"relics_obtained":[{"floor":1,"key":"Question Card"},{"floor":1,"key":"PrismaticShard"},{"floor":6,"key":"Bag of Preparation"},{"floor":9,"key":"Anchor"},{"floor":16,"key":"ImportantClient"},{"floor":23,"key":"MealTicket"},{"floor":26,"key":"Pantograph"},{"floor":29,"key":"Bronze Scales"},{"floor":30,"key":"Enchiridion"},{"floor":36,"key":"CombinedTypeHook"},{"floor":40,"key":"Whetstone"},{"floor":47,"key":"SynthV:C4"},{"floor":54,"key":"Sundial"}],"event_choices":[{"damage_healed":0,"gold_gain":0,"player_choice":"Ignored","damage_taken":0,"max_hp_gain":0,"max_hp_loss":0,"event_name":"Golden Idol","floor":3,"gold_loss":0},{"damage_healed":0,"gold_gain":0,"player_choice":"Ignored","damage_taken":0,"max_hp_gain":0,"max_hp_loss":0,"event_name":"NoteForYourself","floor":5,"gold_loss":0},{"damage_healed":0,"gold_gain":0,"player_choice":"1 cards matched","damage_taken":0,"max_hp_gain":0,"max_hp_loss":0,"event_name":"Match and Keep!","floor":20,"gold_loss":0,"cards_obtained":["MostiFishMod:UniRed"]},{"damage_healed":0,"gold_gain":0,"player_choice":"1 cards matched","damage_taken":0,"max_hp_gain":0,"max_hp_loss":0,"event_name":"Match and Keep!","floor":20,"gold_loss":0,"cards_obtained":["MostiFishMod:UniRed"]},{"damage_healed":0,"gold_gain":0,"player_choice":"Ignored","damage_taken":0,"max_hp_gain":0,"max_hp_loss":0,"event_name":"Vampires","floor":28,"gold_loss":0},{"damage_healed":0,"gold_gain":0,"player_choice":"Obtained Book","damage_taken":16,"max_hp_gain":0,"max_hp_loss":0,"event_name":"Cursed Tome","floor":30,"gold_loss":0},{"damage_healed":0,"gold_gain":0,"player_choice":"Fight","damage_taken":0,"max_hp_gain":0,"max_hp_loss":0,"event_name":"MindBloom","floor":36,"gold_loss":0},{"cards_removed":["Defend_R"],"damage_healed":0,"gold_gain":0,"player_choice":"Removed Skill","damage_taken":0,"max_hp_gain":0,"max_hp_loss":0,"event_name":"Falling","floor":44,"gold_loss":0},{"damage_healed":0,"gold_gain":0,"player_choice":"Memory 1","damage_taken":0,"max_hp_gain":0,"max_hp_loss":0,"event_name":"SensoryStone","floor":46,"gold_loss":0},{"damage_healed":0,"gold_gain":0,"player_choice":"Ignored","damage_taken":0,"max_hp_gain":0,"max_hp_loss":0,"event_name":"Mysterious Sphere","floor":48,"gold_loss":0}],"is_beta":false,"boss_relics":[{"not_picked":["ChiXiaoBlade","Runic Cube"],"picked":"Cursed Key"},{"not_picked":["Astrolabe","xbg"],"picked":"Philosopher\u0027s Stone"}],"items_purged_floors":[37,41,53],"is_endless":false,"potions_floor_spawned":[6,8,10,11,14,18,21,24,29,36,45,47],"ascension_level":0}}