{"host":"xenpv6dj5x1yxp66","time":1607985626,"event":{"mods":["AchievementEnabler","Aspiration","BaseMod","Better Altar","Better Sensory Stone","Better Skull","Better Third Choice","BetterRewards","Colored Map","Colored Powertips","Conspire","Downfall","Highlight Path","Hubris","Marisa????????","Minty Spire (QoL Compilation)","Quick Restart","READ ME - Guardian Mod","Replay The Spire","Shade Mod","StSLib","The Animator","The Bug Knight","The Construct","The Cursed","The Disciple","The Necromancer","The Runesmith","The Servant 0.9.4"],"gold_per_floor":[99,99,130,130,150,207,289,301,301,301,301],"floor_reached":10,"playtime":360,"items_purged":[],"score":89,"play_id":"8e7073b3-fd10-4963-b942-7d4e9d667899","local_time":"20201214234026","is_ascension_mode":false,"campfire_choices":[{"data":"champ:Execute","floor":1,"key":"SMITH"},{"data":"champ:TornadoPunch","floor":9,"key":"SMITH"}],"circlet_count":0,"master_deck":["hexamod:Sear+1","champ:Strike","champ:Strike","champ:Strike","champ:Strike","champ:Defend","champ:Defend","champ:Defend","champ:Defend","champ:Execute+1","champ:Taunt","champ:TornadoPunch+1","champ:GladiatorsShout","champ:BringItOn","champ:DefensiveShout","champ:RisingSlash","champ:FaceSlap"],"relics":["champ:ChampionCrown","downfall:HeartsMalice","Potion Belt","hubris:CrystalStatue","Frozen Egg 2"],"acts_visited":["Exordium"],"potions_floor_usage":[],"damage_taken":[{"damage":0,"enemies":"Jaw Worm","floor":2,"turns":1},{"damage":0,"enemies":"Gremlin Nob","floor":3,"turns":1},{"damage":0,"enemies":"conspire:RoseBush","floor":4,"turns":1},{"damage":6,"enemies":"Cultist","floor":5,"turns":4},{"damage":0,"enemies":"3 Louse","floor":8,"turns":2},{"damage":9,"enemies":"3 Sentries","floor":10,"turns":4}],"seed_played":"-3969235900140000841","potions_obtained":[{"floor":5,"key":"champ:OpenerPotion"},{"floor":6,"key":"Doom Potion"}],"is_trial":false,"path_per_floor":["R","M","E","M","M","?","T","M","R","E"],"character_chosen":"THE_CHAMP","items_purchased":[],"campfire_rested":0,"item_purchase_floors":[],"current_hp_per_floor":[90,90,90,90,89,53,53,53,53,44,44],"gold":301,"neow_bonus":"THREE_ENEMY_KILL","is_daily":false,"chose_seed":false,"campfire_upgraded":2,"win_rate":0.0,"timestamp":1607985626,"path_taken":["R","M","E","M","M","?","T","M","R","E"],"items_purchased_type":[],"build_version":"2020-12-13","purchased_purges":0,"victory":false,"max_hp_per_floor":[90,90,90,90,90,90,90,90,90,90,90],"card_choices":[{"not_picked":["champ:Haymaker","champ:Encircle"],"picked":"champ:TornadoPunch","floor":2},{"not_picked":["champ:BringItOn","champ:GutPunch"],"picked":"champ:GladiatorsShout","floor":3},{"not_picked":["champ:RapidStrikes","champ:GladiatorsShout"],"picked":"champ:BringItOn","floor":4},{"not_picked":["champ:Shatter","champ:GladiatorsShout"],"picked":"champ:DefensiveShout","floor":5},{"not_picked":["champ:FightOn","champ:ArenaPreparation"],"picked":"champ:RisingSlash","floor":6},{"not_picked":["champ:ShieldSlam","champ:Haymaker"],"picked":"champ:FaceSlap","floor":8}],"player_experience":140280,"relics_obtained":[{"floor":3,"key":"Potion Belt"},{"floor":6,"key":"hubris:CrystalStatue"},{"floor":7,"key":"Frozen Egg 2"}],"event_choices":[],"is_beta":false,"boss_relics":[],"items_purged_floors":[],"is_endless":false,"potions_floor_spawned":[5],"killed_by":"3 Sentries","ascension_level":0}}