{"host":"32tuqnjc9ph8o6ph","time":1607943129,"event":{"mods":["AchievementEnabler","BaseMod","Minty Spire (QoL Compilation)","StSLib"],"gold_per_floor":[119,137,152,162,176,176,176,176,176,209,209,209,59,91,91,191,191,202,212,63,63,63,96,96,96],"floor_reached":24,"playtime":1133,"items_purged":["Streamline"],"score":349,"play_id":"a3bfcfd9-170a-44ba-8bf6-b607441b858a","local_time":"20201214185209","daily_mods":["SealedDeck","Heirloom","Flight","DeadlyEvents","Elite Swarm"],"is_ascension_mode":false,"campfire_choices":[{"data":"Fusion","floor":6,"key":"SMITH"},{"data":"Chaos","floor":7,"key":"SMITH"},{"data":"Coolheaded","floor":8,"key":"SMITH"},{"data":"Echo Form","floor":11,"key":"SMITH"},{"data":"Redo","floor":12,"key":"SMITH"},{"data":"Seek","floor":15,"key":"SMITH"}],"circlet_count":0,"master_deck":["Self Repair","Leap","Redo+1","Tempest","Coolheaded+1","Conserve Battery","Loop","Rebound","Fusion+1","Chaos+1","Echo Form+1","Meteor Strike","Seek+1","Capacitor","Defragment"],"relics":["Cracked Core","Pocketwatch","Ornamental Fan","Ancient Tea Set","Dead Branch","Black Star","Bronze Scales","Incense Burner","Gremlin Horn"],"acts_visited":["Exordium","TheCity"],"potions_floor_usage":[18,23],"damage_taken":[{"damage":2,"enemies":"Jaw Worm","floor":1,"turns":4},{"damage":2,"enemies":"2 Louse","floor":2,"turns":3},{"damage":0,"enemies":"Cultist","floor":3,"turns":3},{"damage":2,"enemies":"Large Slime","floor":4,"turns":5},{"damage":5,"enemies":"Blue Slaver","floor":5,"turns":3},{"damage":0,"enemies":"Lagavulin","floor":10,"turns":4},{"damage":21,"enemies":"Gremlin Nob","floor":14,"turns":4},{"damage":22,"enemies":"Slime Boss","floor":16,"turns":6},{"damage":10,"enemies":"Chosen","floor":18,"turns":4},{"damage":19,"enemies":"3 Byrds","floor":19,"turns":3},{"damage":49,"enemies":"Slavers","floor":23,"turns":4},{"damage":38,"enemies":"Gremlin Leader","floor":24,"turns":2}],"seed_played":"4546477403752405140","potions_obtained":[{"floor":1,"key":"GamblersBrew"},{"floor":3,"key":"FairyPotion"},{"floor":10,"key":"ColorlessPotion"},{"floor":18,"key":"Dexterity Potion"}],"is_trial":true,"path_per_floor":["M","M","M","M","M","R","R","R","T","E","R","R","$","E","R","B",null,"M","M","$","?","T","E","E"],"character_chosen":"DEFECT","items_purchased":["Meteor Strike","Defragment"],"campfire_rested":0,"item_purchase_floors":[13,20],"current_hp_per_floor":[75,75,75,75,75,75,75,75,75,75,75,75,75,61,61,46,75,72,53,53,53,53,11,0,0],"gold":96,"neow_bonus":"","is_daily":false,"chose_seed":false,"campfire_upgraded":6,"win_rate":0.0,"timestamp":1607943129,"path_taken":["M","M","M","M","M","R","R","R","T","E","R","R","$","E","R","BOSS","M","M","$","?","?","E","E"],"items_purchased_type":["Card","Card"],"build_version":"2020-12-13","purchased_purges":1,"victory":false,"max_hp_per_floor":[75,75,75,75,75,75,75,75,75,75,75,75,75,75,75,75,75,75,75,75,75,75,75,75,75],"card_choices":[{"not_picked":["Darkness","Beam Cell"],"picked":"Chaos","floor":1},{"not_picked":["Static Discharge","Undo","Streamline"],"picked":"SKIP","floor":2},{"not_picked":["Scrape","Go for the Eyes","Streamline"],"picked":"SKIP","floor":3},{"not_picked":["Darkness","Chaos","Coolheaded"],"picked":"SKIP","floor":4},{"not_picked":["Conserve Battery","Coolheaded","Ball Lightning"],"picked":"SKIP","floor":5},{"not_picked":["Electrodynamics","Fission"],"picked":"Echo Form","floor":10},{"not_picked":["Echo Form","Electrodynamics"],"picked":"Seek","floor":14},{"not_picked":["Ball Lightning+1","Reinforced Body+1"],"picked":"Capacitor","floor":18},{"not_picked":["Static Discharge","Heatsinks","Hologram"],"picked":"SKIP","floor":19},{"not_picked":["Biased Cognition","Echo Form","Electrodynamics"],"picked":"SKIP","floor":23}],"player_experience":788692,"relics_obtained":[{"floor":9,"key":"Ornamental Fan"},{"floor":10,"key":"Ancient Tea Set"},{"floor":14,"key":"Dead Branch"},{"floor":22,"key":"Bronze Scales"},{"floor":23,"key":"Incense Burner"},{"floor":23,"key":"Gremlin Horn"}],"event_choices":[{"damage_healed":0,"gold_gain":0,"player_choice":"Ignored","damage_taken":0,"max_hp_gain":0,"max_hp_loss":0,"event_name":"Ghosts","floor":21,"gold_loss":0}],"is_beta":false,"boss_relics":[{"not_picked":["Runic Pyramid","Runic Dome"],"picked":"Black Star"}],"items_purged_floors":[20],"is_endless":true,"potions_floor_spawned":[1,3,10,18],"killed_by":"Gremlin Leader","ascension_level":0}}