{"host":"v0dnu0zs4qo0v13s","time":1607984693,"event":{"mods":["BaseMod","Colored Map","Colored Powertips","Minty Spire (QoL Compilation)","Relic Stats","StSLib","SuperFastMode","everything is the same but u backflip on backflip"],"gold_per_floor":[110,130,142,162,64,89,89,119,145,145,162,162,193,193,193,295,295,309,326,143,143,143,143,170,170,194,207,218,66,66,99,99,200,200,212,224,224,274,292,292,292],"floor_reached":40,"playtime":2375,"items_purged":["Defend_P","Defend_P"],"score":675,"play_id":"366b592c-2e35-41d3-9494-e7e0aa966b96","local_time":"20201214172453","is_ascension_mode":true,"campfire_choices":[{"data":"Bandage Up","floor":7.0,"key":"SMITH"},{"data":"Fasting2","floor":10.0,"key":"SMITH"},{"data":"Tantrum","floor":15.0,"key":"SMITH"},{"data":"DeusExMachina","floor":23.0,"key":"SMITH"},{"data":"Meditate","floor":25.0,"key":"SMITH"},{"data":"Crescendo","floor":30.0,"key":"SMITH"},{"data":"Wallop","floor":32.0,"key":"SMITH"}],"circlet_count":0,"master_deck":["Strike_P","Eruption","Vigilance","FollowUp","Fasting2+1","Bandage Up+1","Tantrum+1","Wallop+1","ClearTheMind+1","DeusExMachina+1","CurseOfTheBell","ThirdEye","InnerPeace+1","Adaptation+1","Meditate+1","LessonLearned","SpiritShield+1","Crescendo+1","EmptyFist+1","Vault","Consecrate","FlurryOfBlows+1"],"relics":["PureWater","NeowsBlessing","Unceasing Top","Akabeko","Blood Vial","MealTicket","Calling Bell","Vajra","Singing Bowl","Turnip","Pen Nib","Juzu Bracelet","The Courier","Empty Cage","Girya"],"acts_visited":["Exordium","TheCity","TheBeyond"],"potions_floor_usage":[],"damage_taken":[{"damage":0.0,"enemies":"Jaw Worm","floor":1.0,"turns":1.0},{"damage":0.0,"enemies":"Cultist","floor":2.0,"turns":1.0},{"damage":0.0,"enemies":"Small Slimes","floor":3.0,"turns":1.0},{"damage":0.0,"enemies":"2 Fungi Beasts","floor":4.0,"turns":1.0},{"damage":19.0,"enemies":"3 Sentries","floor":6.0,"turns":11.0},{"damage":19.0,"enemies":"Gremlin Nob","floor":8.0,"turns":4.0},{"damage":15.0,"enemies":"Gremlin Gang","floor":11.0,"turns":4.0},{"damage":0.0,"enemies":"3 Sentries","floor":13.0,"turns":3.0},{"damage":14.0,"enemies":"The Guardian","floor":16.0,"turns":11.0},{"damage":0.0,"enemies":"Spheric Guardian","floor":18.0,"turns":1.0},{"damage":6.0,"enemies":"2 Thieves","floor":19.0,"turns":4.0},{"damage":0.0,"enemies":"Book of Stabbing","floor":24.0,"turns":1.0},{"damage":8.0,"enemies":"Centurion and Healer","floor":27.0,"turns":4.0},{"damage":12.0,"enemies":"Snake Plant","floor":28.0,"turns":4.0},{"damage":0.0,"enemies":"Gremlin Leader","floor":31.0,"turns":2.0},{"damage":29.0,"enemies":"Automaton","floor":33.0,"turns":8.0},{"damage":0.0,"enemies":"3 Shapes","floor":35.0,"turns":3.0},{"damage":9.0,"enemies":"3 Darklings","floor":36.0,"turns":4.0},{"damage":27.0,"enemies":"Mind Bloom Boss Battle","floor":38.0,"turns":6.0},{"damage":2.0,"enemies":"Sphere and 2 Shapes","floor":39.0,"turns":4.0},{"damage":68,"enemies":"Nemesis","floor":40,"turns":4}],"seed_played":"1493580703828071187","potions_obtained":[{"floor":1.0,"key":"EssenceOfSteel"},{"floor":11.0,"key":"AttackPotion"},{"floor":13.0,"key":"DistilledChaos"},{"floor":16.0,"key":"SteroidPotion"},{"floor":18.0,"key":"FearPotion"},{"floor":24.0,"key":"SneckoOil"},{"floor":31.0,"key":"Energy Potion"},{"floor":33.0,"key":"DuplicationPotion"},{"floor":38.0,"key":"BlessingOfTheForge"}],"is_trial":false,"path_per_floor":["M","M","M","M","$","E","R","E","T","R","M","?","E","?","R","B",null,"M","M","$","?","?","R","E","R","T","M","M","$","R","E","R","B",null,"M","M","?","?","M","E"],"character_chosen":"WATCHER","items_purchased":["Bandage Up","Adaptation","Meditate","SteroidPotion"],"campfire_rested":0,"item_purchase_floors":[5,20,20,29],"current_hp_per_floor":[65,65,65,65,65,50,50,31,31,31,24,24,32,72,72,58,69,71,66,72,72,72,72,74,74,74,68,64,76,76,76,76,53,70,74,69,69,52,58,0,0],"gold":292,"neow_bonus":"THREE_ENEMY_KILL","is_daily":false,"chose_seed":false,"campfire_upgraded":7,"win_rate":0.0,"timestamp":1607984693,"path_taken":["M","M","M","M","$","E","R","E","T","R","M","?","E","?","R","BOSS","M","?","$","?","?","R","E","R","T","M","M","$","R","E","R","BOSS","M","M","?","?","M","E"],"items_purchased_type":["Card","Card","Card","Potion"],"build_version":"2020-12-13","purchased_purges":2,"victory":false,"max_hp_per_floor":[72,72,72,72,72,72,72,72,72,72,72,72,72,72,72,72,72,72,72,72,72,72,72,74,74,74,76,76,76,76,76,76,76,76,78,80,80,82,82,82,82],"relic_stats":{"Blood Vial":19,"Singing Bowl":10,"counters":[21,82],"MealTicket":18,"Turnip":[9],"Pen Nib":[5],"Juzu Bracelet":1,"obtain_stats":[{"Girya":38,"NeowsBlessing":0,"Singing Bowl":17,"Vajra":17,"Pen Nib":24,"The Courier":31,"Juzu Bracelet":26,"Empty Cage":34,"Akabeko":8,"Blood Vial":9,"Calling Bell":17,"MealTicket":13,"Turnip":17,"PureWater":0,"Unceasing Top":6},{"Girya":19,"NeowsBlessing":0,"Singing Bowl":9,"Vajra":9,"Pen Nib":12,"The Courier":15,"Juzu Bracelet":12,"Empty Cage":16,"Akabeko":6,"Blood Vial":6,"Calling Bell":9,"MealTicket":8,"Turnip":9,"PureWater":0,"Unceasing Top":5},{"Girya":74,"NeowsBlessing":0,"Singing Bowl":37,"Vajra":37,"Pen Nib":43,"The Courier":53,"Juzu Bracelet":43,"Empty Cage":61,"Akabeko":19,"Blood Vial":19,"Calling Bell":37,"MealTicket":26,"Turnip":37,"PureWater":0,"Unceasing Top":15}],"Unceasing Top":[0]},"card_choices":[{"not_picked":["Indignation","JustLucky"],"picked":"Study","floor":1.0},{"not_picked":["FlyingSleeves","BowlingBash"],"picked":"FollowUp","floor":2.0},{"not_picked":["EmptyBody","Pray"],"picked":"Fasting2","floor":3.0},{"not_picked":["Indignation","Prostrate","Halt"],"picked":"SKIP","floor":4.0},{"not_picked":["Vengeance","Fasting2","FlyingSleeves"],"picked":"SKIP","floor":6.0},{"not_picked":["JustLucky","CrushJoints"],"picked":"Tantrum","floor":8.0},{"not_picked":["Consecrate","Swivel"],"picked":"Wallop","floor":11.0},{"not_picked":["Prostrate","WheelKick"],"picked":"ClearTheMind","floor":13.0},{"not_picked":["SpiritShield","Wish"],"picked":"DeusExMachina","floor":16.0},{"not_picked":["Worship","Evaluate"],"picked":"ThirdEye","floor":18.0},{"not_picked":["Collect","Study"],"picked":"InnerPeace+1","floor":19.0},{"not_picked":["Protect+1","PathToVictory","WheelKick+1"],"picked":"Singing Bowl","floor":24.0},{"not_picked":["Worship","Prostrate","InnerPeace"],"picked":"Singing Bowl","floor":27.0},{"not_picked":["BowlingBash","Nirvana+1"],"picked":"Crescendo","floor":28.0},{"not_picked":["Collect","DeceiveReality"],"picked":"EmptyFist+1","floor":31.0},{"not_picked":["Alpha","LessonLearned"],"picked":"Vault","floor":33.0},{"not_picked":["WheelKick+1","Wallop+1","BowlingBash+1"],"picked":"Singing Bowl","floor":35.0},{"not_picked":["EmptyBody","FlyingSleeves","Evaluate"],"picked":"Singing Bowl","floor":36.0},{"not_picked":["FlyingSleeves","Nirvana+1","CutThroughFate+1"],"picked":"Singing Bowl","floor":38.0},{"not_picked":["JustLucky","Wireheading"],"picked":"FlurryOfBlows+1","floor":39.0}],"player_experience":592500,"relics_obtained":[{"floor":6.0,"key":"Unceasing Top"},{"floor":8.0,"key":"Akabeko"},{"floor":9.0,"key":"Blood Vial"},{"floor":13.0,"key":"MealTicket"},{"floor":17.0,"key":"Vajra"},{"floor":17.0,"key":"Singing Bowl"},{"floor":17.0,"key":"Turnip"},{"floor":24.0,"key":"Pen Nib"},{"floor":26.0,"key":"Juzu Bracelet"},{"floor":31.0,"key":"The Courier"},{"floor":38.0,"key":"Girya"}],"event_choices":[{"damage_healed":0.0,"max_hp_gain":0.0,"max_hp_loss":0.0,"gold_gain":0.0,"event_name":"Dead Adventurer","player_choice":"Searched \u00270\u0027 times","floor":12.0,"gold_loss":0.0,"damage_taken":0.0},{"cards_removed":["Study"],"damage_healed":40.0,"max_hp_gain":0.0,"max_hp_loss":0.0,"gold_gain":0.0,"event_name":"Bonfire Elementals","player_choice":"Offered Uncommon","floor":14.0,"gold_loss":0.0,"damage_taken":0.0},{"damage_healed":0.0,"max_hp_gain":0.0,"max_hp_loss":0.0,"gold_gain":0.0,"cards_transformed":["Strike_P","Defend_P"],"event_name":"Drug Dealer","player_choice":"Became Test Subject","floor":21.0,"gold_loss":0.0,"damage_taken":0.0,"cards_obtained":["LessonLearned","SpiritShield"]},{"cards_removed":["Strike_P"],"damage_healed":0.0,"max_hp_gain":0.0,"max_hp_loss":0.0,"gold_gain":0.0,"event_name":"Back to Basics","player_choice":"Elegance","floor":22.0,"gold_loss":0.0,"damage_taken":0.0},{"damage_healed":0.0,"max_hp_gain":0.0,"max_hp_loss":0.0,"gold_gain":0.0,"event_name":"Match and Keep!","player_choice":"1 cards matched","floor":37.0,"gold_loss":0.0,"damage_taken":0.0,"cards_obtained":["Consecrate"]},{"damage_healed":0.0,"max_hp_gain":0.0,"max_hp_loss":0.0,"gold_gain":0.0,"event_name":"MindBloom","player_choice":"Fight","floor":38.0,"gold_loss":0.0,"damage_taken":0.0}],"is_beta":false,"boss_relics":[{"not_picked":["Runic Pyramid","Velvet Choker"],"picked":"Calling Bell"},{"not_picked":["Astrolabe","Busted Crown"],"picked":"Empty Cage"}],"items_purged_floors":[20,29],"is_endless":false,"potions_floor_spawned":[1,11,13,16,18,24,31,33,38],"killed_by":"Nemesis","ascension_level":6}}