{"host":"litgxtbgyxrryuwc","time":1607942473,"event":{"mods":["BaseMod","Card Forge","Colored Map","Downfall","Googly Eyes","Minty Spire (QoL Compilation)","StSLib","SuperFastMode"],"gold_per_floor":[99,126,126,160,180,212,212,228,263,263,276,376,150,212,232,331,331,331,344,268,268,298,318,343,393,421,421,583,615,207,225,244,343,343,343,356,369,396,396,424,503,535,546,573,590,690,740,923,940,940],"floor_reached":51,"playtime":2365,"items_purged":[],"score":1131,"play_id":"7d41215b-185f-4a62-bd9d-f9929012c155","local_time":"20201214054113","is_ascension_mode":true,"campfire_choices":[{"floor":1,"key":"RECALL"},{"floor":3,"key":"REST"},{"floor":10,"key":"REST"},{"floor":18,"key":"REST"},{"data":"Slimebound:LevelUp","floor":21,"key":"SMITH"},{"floor":27,"key":"DIG"},{"floor":35,"key":"DIG"},{"floor":39,"key":"DIG"}],"circlet_count":0,"master_deck":["Slimebound:Strike_Slimebound+1","Slimebound:Defend_Slimebound+1","Slimebound:Defend_Slimebound+1","Slimebound:Defend_Slimebound+1","Slimebound:Split+1","Slimebound:CorrosiveSpit+1","Slimebound:HauntingLick+1","Slimebound:MegaLick+1","Slimebound:RejuvenatingLick+1","Slimebound:RejuvenatingLick+1","Slimebound:SpikyOuterGoop+1","Slimebound:GrowthPunch+1","Slimebound:SplitMire+1","Slimebound:AcidTongue+1","Slimebound:LeadByExample+1","Slimebound:SlimeSlap+1","Slimebound:MinionMaster","Slimebound:Gluttony","Slimebound:LevelUp+1","Slimebound:Nibble+1","Slimebound:MassRepurpose+1","Slimebound:RejuvenatingLick+1","Slimebound:SelfFormingGoo+1","Slimebound:TongueLash+1","Slimebound:LevelUp+1","Slimebound:Darklings+1"],"relics":["Slimebound:AbsorbEndCombat","Hammer of Thor","Seething Fire","Anvil of the Gods","The Courier","Vajra","MealTicket","Bottled Lightning","downfall:CloakOfManyFaces","CultistMask","FaceOfCleric","NlothsMask","GremlinMask","SsserpentHead","Pen Nib","SlaversCollar","Slimebound:AggressiveSlimeRelic","Shovel","MawBank","Membership Card","TungstenRod","Mummified Hand","Lantern","Coffee Dripper","Guardian:PocketSentry","Pantograph","Orichalcum","Dead Branch","Eternal Feather","War Paint","Unceasing Top","Shuriken","Medical Kit"],"acts_visited":["Exordium","TheCity","TheBeyond"],"potions_floor_usage":[8,29,33,33],"damage_taken":[{"damage":27,"enemies":"Gremlin Nob","floor":2,"turns":3},{"damage":23,"enemies":"Lagavulin","floor":4,"turns":5},{"damage":8,"enemies":"2 Louse","floor":5,"turns":1},{"damage":15,"enemies":"3 Sentries","floor":6,"turns":5},{"damage":11,"enemies":"Cultist","floor":8,"turns":2},{"damage":17,"enemies":"Lagavulin","floor":9,"turns":4},{"damage":8,"enemies":"Small Slimes","floor":11,"turns":2},{"damage":9,"enemies":"downfall:FaceTrader","floor":12,"turns":4},{"damage":12,"enemies":"downfall:FleeingMerchant","floor":13,"turns":4},{"damage":4,"enemies":"3 Louse","floor":14,"turns":2},{"damage":8,"enemies":"Large Slime","floor":15,"turns":3},{"damage":15,"enemies":"downfall:Watcher","floor":16,"turns":5},{"damage":15,"enemies":"Shell Parasite","floor":19,"turns":5},{"damage":18,"enemies":"downfall:FleeingMerchant","floor":20,"turns":4},{"damage":55,"enemies":"Slavers","floor":22,"turns":5},{"damage":12,"enemies":"Chosen","floor":23,"turns":3},{"damage":21,"enemies":"Book of Stabbing","floor":26,"turns":3},{"damage":4,"enemies":"Snake Plant","floor":29,"turns":2},{"damage":24,"enemies":"downfall:FleeingMerchant","floor":30,"turns":4},{"damage":12,"enemies":"Centurion and Healer","floor":31,"turns":3},{"damage":16,"enemies":"Cultist and Chosen","floor":32,"turns":4},{"damage":40,"enemies":"downfall:Ironclad","floor":33,"turns":5},{"damage":17,"enemies":"3 Darklings","floor":36,"turns":4},{"damage":9,"enemies":"3 Shapes","floor":37,"turns":4},{"damage":30,"enemies":"Reptomancer","floor":38,"turns":5},{"damage":12,"enemies":"Giant Head","floor":40,"turns":6},{"damage":15,"enemies":"Reptomancer","floor":42,"turns":3},{"damage":30,"enemies":"Maw","floor":43,"turns":3},{"damage":28,"enemies":"Nemesis","floor":44,"turns":5},{"damage":42,"enemies":"Transient","floor":45,"turns":5},{"damage":9,"enemies":"Mind Bloom Boss Battle","floor":46,"turns":3},{"damage":3,"enemies":"downfall:FleeingMerchant","floor":48,"turns":1},{"damage":17,"enemies":"Writhing Mass","floor":49,"turns":2},{"damage":24,"enemies":"downfall:Defect","floor":50,"turns":3}],"seed_played":"7245545281218910607","potions_obtained":[{"floor":0,"key":"Weak Potion"},{"floor":0,"key":"sneckomod:MuddlingPotion"},{"floor":0,"key":"Fire Potion"},{"floor":8,"key":"Fruit Juice"},{"floor":9,"key":"DistilledChaos"},{"floor":31,"key":"Fire Potion"},{"floor":33,"key":"SteroidPotion"},{"floor":36,"key":"EssenceOfSteel"},{"floor":38,"key":"Fire Potion"},{"floor":43,"key":"champ:CounterPotion"}],"is_trial":false,"path_per_floor":["R","E","R","E","M","E","T","M","E","R","M","?","$","M","M","B",null,"R","M","$","R","E","M","T","?","E","R","?","M","$","M","M","B",null,"R","M","M","E","R","E","T","E","M","E","M","?","?","$","M","B",null],"character_chosen":"SLIMEBOUND","items_purchased":["Slimebound:AcidTongue","Slimebound:LeadByExample","Pen Nib","Slimebound:LevelUp","Membership Card","TungstenRod","Mummified Hand","Lantern","Shuriken","Medical Kit"],"campfire_rested":3,"item_purchase_floors":[13,13,13,20,30,30,30,30,48,48],"current_hp_per_floor":[60,45,60,52,54,57,57,63,63,65,65,65,66,67,68,69,69,69,70,71,71,39,50,50,50,52,52,52,61,76,77,78,56,79,79,80,81,76,76,83,83,84,85,86,67,88,88,89,88,91],"gold":940,"neow_bonus":"THREE_SMALL_POTIONS","is_daily":false,"chose_seed":false,"campfire_upgraded":1,"win_rate":0.0,"timestamp":1607942473,"path_taken":["R","E","R","E","M","E","T","M","E","R","M","?","$","?","M","BOSS","R","M","$","R","E","M","T","?","E","R","?","M","$","M","M","BOSS","R","M","M","E","R","E","T","E","M","E","M","?","?","$","M","BOSS"],"items_purchased_type":["Card","Card","Relic","Card","Relic","Relic","Relic","Relic","Relic","Relic"],"build_version":"2020-12-13","purchased_purges":0,"victory":true,"max_hp_per_floor":[60,60,60,60,60,60,60,65,65,65,65,65,66,67,68,69,69,69,70,71,71,72,73,73,73,74,74,74,75,76,77,78,79,79,79,80,81,82,82,83,83,84,85,86,87,88,88,89,90,91],"card_choices":[{"not_picked":["Slimebound:BestDefense","Slimebound:GrowthPunch"],"picked":"Slimebound:HauntingLick","floor":2},{"not_picked":["Slimebound:SamplingLick","Slimebound:OneTwoCombo"],"picked":"Slimebound:MegaLick","floor":4},{"not_picked":["Slimebound:ComboTackle","Slimebound:FinishingTackle"],"picked":"Slimebound:RejuvenatingLick","floor":5},{"not_picked":["Slimebound:ProtectTheBoss","Slimebound:GoopSpray"],"picked":"Slimebound:RejuvenatingLick","floor":6},{"not_picked":["Slimebound:SplitAcid","Slimebound:SlimeSpikes"],"picked":"Slimebound:SpikyOuterGoop","floor":8},{"not_picked":["Slimebound:RejuvenatingLick","Slimebound:PressTheAttack","Slimebound:LivingWall"],"picked":"SKIP","floor":9},{"not_picked":["Slimebound:Schlurp","Slimebound:SlimeSpikes"],"picked":"Slimebound:GrowthPunch","floor":11},{"not_picked":["Slimebound:SplitAcid","Slimebound:PressTheAttack"],"picked":"Slimebound:SplitMire","floor":12},{"not_picked":["Slimebound:LeechEnergy","Slimebound:FormOfPuddle","Slimebound:FinishingTackle"],"picked":"SKIP","floor":13},{"not_picked":["Slimebound:Equalize","Slimebound:RollThrough"],"picked":"Slimebound:SlimeSlap","floor":14},{"not_picked":["Slimebound:Grow","Slimebound:ComboTackle","Slimebound:MegaLick"],"picked":"SKIP","floor":15},{"not_picked":["Slimebound:SlimeSlap","Slimebound:SelfFormingGoo"],"picked":"Slimebound:MinionMaster","floor":16},{"not_picked":["Slimebound:Dissolve","Slimebound:FinishingTackle+1","Slimebound:ViciousTackle"],"picked":"SKIP","floor":19},{"not_picked":["Slimebound:ViciousTackle+1","Slimebound:SplitLeeching+1"],"picked":"Slimebound:Gluttony","floor":20},{"not_picked":["Slimebound:SplitBruiser+1","Slimebound:ViciousTackle"],"picked":"Slimebound:Nibble","floor":22},{"not_picked":["Slimebound:SamplingLick","Slimebound:AcidTongue+1","Slimebound:ComboTackle"],"picked":"SKIP","floor":23},{"not_picked":["Slimebound:LeechEnergy","Slimebound:LeechingTouch"],"picked":"Slimebound:MassRepurpose","floor":26},{"not_picked":["Slimebound:HauntingLick","Slimebound:Repurpose","Slimebound:SplitBruiser"],"picked":"SKIP","floor":29},{"not_picked":["Slimebound:FinishingTackle+1","Slimebound:LeadByExample","Slimebound:SlimeTap+1"],"picked":"SKIP","floor":30},{"not_picked":["Slimebound:SplitAcid","Slimebound:GoopTackle","Slimebound:FormOfPuddle"],"picked":"SKIP","floor":31},{"not_picked":["Slimebound:ViciousTackle","Slimebound:LeechEnergy"],"picked":"Slimebound:RejuvenatingLick+1","floor":32},{"not_picked":["Slimebound:Teamwork","Slimebound:DouseInSlime"],"picked":"Slimebound:SelfFormingGoo","floor":33},{"not_picked":["Slimebound:SpikyOuterGoop+1","Slimebound:PressTheAttack+1"],"picked":"Slimebound:TongueLash+1","floor":36},{"not_picked":["Slimebound:FirmFortitude","Slimebound:SplitBruiser"],"picked":"Slimebound:LevelUp+1","floor":37},{"not_picked":["Slimebound:GrowthPunch","Slimebound:PressTheAttack+1","Slimebound:Grow"],"picked":"SKIP","floor":38},{"not_picked":["Slimebound:SplitMire+1","Slimebound:GrowthPunch","Slimebound:FinishingTackle"],"picked":"SKIP","floor":40},{"not_picked":["Slimebound:Prepare+1","Slimebound:WasteNot","Slimebound:FormOfPuddle"],"picked":"SKIP","floor":42},{"not_picked":["Slimebound:PressTheAttack+1","Slimebound:ItLooksTasty+1","Slimebound:Schlurp"],"picked":"SKIP","floor":43},{"not_picked":["Slimebound:LeechingTouch+1","Slimebound:SplitMire+1","Slimebound:MassRepurpose"],"picked":"SKIP","floor":44},{"not_picked":["Slimebound:PressTheAttack","Slimebound:FormOfPuddle+1","Slimebound:FinishingTackle"],"picked":"SKIP","floor":45},{"not_picked":["Slimebound:GoopTackle","Slimebound:PressTheAttack+1","Slimebound:MinionMaster"],"picked":"SKIP","floor":48},{"not_picked":["Slimebound:ItLooksTasty","Slimebound:LeechEnergy+1","Slimebound:ForwardTackle+1"],"picked":"SKIP","floor":49}],"player_experience":607293,"relics_obtained":[{"floor":2,"key":"The Courier"},{"floor":4,"key":"Vajra"},{"floor":6,"key":"MealTicket"},{"floor":9,"key":"Bottled Lightning"},{"floor":12,"key":"downfall:CloakOfManyFaces"},{"floor":22,"key":"Slimebound:AggressiveSlimeRelic"},{"floor":26,"key":"Shovel"},{"floor":27,"key":"MawBank"},{"floor":35,"key":"Guardian:PocketSentry"},{"floor":38,"key":"Pantograph"},{"floor":39,"key":"Orichalcum"},{"floor":40,"key":"Dead Branch"},{"floor":41,"key":"Eternal Feather"},{"floor":44,"key":"War Paint"},{"floor":46,"key":"Unceasing Top"}],"event_choices":[{"damage_healed":0,"gold_gain":0,"player_choice":"Ignored","damage_taken":0,"max_hp_gain":0,"max_hp_loss":0,"event_name":"Vampires","floor":25,"gold_loss":0}],"is_beta":false,"boss_relics":[{"not_picked":["Runic Dome","Velvet Choker"],"picked":"SlaversCollar"},{"not_picked":["Tiny House","Slimebound:TarBlob"],"picked":"Coffee Dripper"}],"items_purged_floors":[],"is_endless":false,"potions_floor_spawned":[2,8,9,12,15,16,22,31,32,33,36,38,43,46],"ascension_level":1}}