{"host":"nox","time":1607967548,"event":{"mods":["BaseMod","Colored Powertips","Minty Spire (QoL Compilation)","Quick Restart","Replay The Spire","StSLib"],"gold_per_floor":[116,134,84,102,102,135,135,147,147,172,188,205,233,248,248,248,248],"floor_reached":16,"playtime":521,"items_purged":[],"score":149,"play_id":"3712fab0-a3dc-49c0-bf4b-d919c984f4b0","local_time":"20201215003908","is_ascension_mode":true,"campfire_choices":[{"data":"Consume","floor":7,"key":"SMITH"},{"data":"BasicCrystalCard","floor":15,"key":"SMITH"}],"circlet_count":0,"master_deck":["Strike_B","Strike_B","Strike_B","Defend_B","Defend_B","Defend_B","Defend_B","Zap","Dualcast","Sunder","Consume+1","ReplayTheSpireMod:Calculation Training","Electrodynamics","Static Discharge","BasicCrystalCard+1","FIFO Queue"],"relics":["Cracked Core","Solar Panel","Replay:Bottled Flurry","Replay:Bottled Steam","Bag of Preparation"],"acts_visited":["Exordium"],"potions_floor_usage":[6,8,10,16],"damage_taken":[{"damage":1,"enemies":"Cultist","floor":1,"turns":4},{"damage":0,"enemies":"2 Louse","floor":2,"turns":2},{"damage":9,"enemies":"Jaw Worm","floor":4,"turns":4},{"damage":40,"enemies":"Lagavulin","floor":6,"turns":8},{"damage":1,"enemies":"Looter","floor":8,"turns":3},{"damage":12,"enemies":"Gremlin Nob","floor":10,"turns":3},{"damage":0,"enemies":"Large Slime","floor":11,"turns":3},{"damage":0,"enemies":"2 Fungi Beasts","floor":12,"turns":2},{"damage":25,"enemies":"Lagavulin","floor":13,"turns":6},{"damage":1,"enemies":"Exordium Thugs","floor":14,"turns":3},{"damage":26,"enemies":"Fading Forest","floor":16,"turns":4}],"seed_played":"-7280492937654587421","potions_obtained":[{"floor":1,"key":"Regen Potion"},{"floor":6,"key":"Block Potion"},{"floor":8,"key":"Swift Potion"},{"floor":12,"key":"Doom Potion"}],"is_trial":false,"path_per_floor":["M","M","?","M","?","E","R","M","T","E","M","M","E","M","R","B"],"character_chosen":"DEFECT","items_purchased":[],"campfire_rested":0,"item_purchase_floors":[],"current_hp_per_floor":[81,81,81,72,72,43,43,42,42,32,36,40,19,26,26,0,0],"gold":248,"neow_bonus":"TEN_PERCENT_HP_BONUS","is_daily":false,"chose_seed":false,"campfire_upgraded":2,"win_rate":0.0,"timestamp":1607967548,"path_taken":["M","M","?","M","?","E","R","?","T","E","M","M","E","M","R","BOSS"],"items_purchased_type":[],"build_version":"2020-11-17","purchased_purges":0,"victory":false,"max_hp_per_floor":[82,82,82,82,82,82,82,82,82,82,82,82,82,82,82,82,82],"card_choices":[{"not_picked":["ReplayTheSpireMod:Repulse","Aggregate"],"picked":"Sunder","floor":1},{"not_picked":["Storm","Hologram"],"picked":"Consume","floor":2},{"not_picked":["Chill","Beam Cell"],"picked":"ReplayTheSpireMod:Calculation Training","floor":4},{"not_picked":["Redo","ReplayGash","Streamline"],"picked":"SKIP","floor":6},{"not_picked":["ReplayTheSpireMod:Reroute Power","Coolheaded","Streamline"],"picked":"SKIP","floor":8},{"not_picked":["Compile Driver","Steam"],"picked":"Electrodynamics","floor":10},{"not_picked":["Steam","Compile Driver"],"picked":"Static Discharge","floor":11},{"not_picked":["Gash","Go for the Eyes","Rebound"],"picked":"SKIP","floor":12},{"not_picked":["Sweeping Beam","Gash"],"picked":"BasicCrystalCard","floor":13},{"not_picked":["Steam","Rebound"],"picked":"FIFO Queue","floor":14}],"player_experience":103777,"relics_obtained":[{"floor":6,"key":"Solar Panel"},{"floor":9,"key":"Replay:Bottled Flurry"},{"floor":10,"key":"Replay:Bottled Steam"},{"floor":13,"key":"Bag of Preparation"}],"event_choices":[{"cards_removed":["Strike_B"],"damage_healed":0,"gold_gain":0,"player_choice":"Card Removal","damage_taken":0,"max_hp_gain":0,"max_hp_loss":0,"event_name":"The Cleric","floor":3,"gold_loss":50},{"damage_healed":0,"gold_gain":0,"player_choice":"Bought 0 Potions","damage_taken":0,"max_hp_gain":0,"max_hp_loss":0,"event_name":"The Woman in Blue","floor":5,"gold_loss":0}],"is_beta":true,"boss_relics":[],"items_purged_floors":[],"is_endless":false,"potions_floor_spawned":[1,6,8,12],"killed_by":"Fading Forest","ascension_level":4}}