{"host":"swphzoo6hmc78epl","time":1607918836,"event":{"mods":["BaseMod","Highlight Path","Minty Spire (QoL Compilation)","Quick Restart"],"gold_per_floor":[117,129,149,166,176,215,215,237,260,44,63,90,124,149,149,253,280,307,318,46,46,68,112,112,112,112],"floor_reached":25,"playtime":1485,"items_purged":["Strike_P"],"score":317,"play_id":"bbf27c84-e206-4849-9feb-ffa3d812ee1e","local_time":"20201213230716","is_ascension_mode":true,"campfire_choices":[{"floor":15,"key":"REST"},{"floor":24,"key":"REST"}],"circlet_count":0,"master_deck":["Defend_P","Defend_P","Defend_P","Eruption","Vigilance","ReachHeaven","CutThroughFate","Vengeance","FollowUp","Wireheading","Ragnarok","FlurryOfBlows","DevaForm","ForeignInfluence","Protect","ThirdEye","Wallop","Vault","Devotion+1","DevaForm+1","JustLucky+1","Swivel","CrushJoints","SashWhip+1","LessonLearned"],"relics":["Fusion Hammer","CeramicFish","Bag of Marbles","MealTicket","Astrolabe","Mummified Hand","Damaru"],"acts_visited":["Exordium","TheCity"],"potions_floor_usage":[6,8,13,14,16,22],"damage_taken":[{"damage":4,"enemies":"Jaw Worm","floor":1,"turns":4},{"damage":0,"enemies":"Cultist","floor":2,"turns":2},{"damage":2,"enemies":"2 Louse","floor":3,"turns":3},{"damage":3,"enemies":"Blue Slaver","floor":4,"turns":3},{"damage":0,"enemies":"Large Slime","floor":5,"turns":3},{"damage":12,"enemies":"3 Sentries","floor":6,"turns":5},{"damage":6,"enemies":"3 Louse","floor":8,"turns":2},{"damage":1,"enemies":"Red Slaver","floor":11,"turns":2},{"damage":3,"enemies":"Blue Slaver","floor":12,"turns":2},{"damage":0,"enemies":"Lagavulin","floor":13,"turns":4},{"damage":13,"enemies":"Exordium Wildlife","floor":14,"turns":4},{"damage":19,"enemies":"The Guardian","floor":16,"turns":9},{"damage":20,"enemies":"2 Thieves","floor":18,"turns":4},{"damage":5,"enemies":"Shell Parasite","floor":19,"turns":3},{"damage":19,"enemies":"Snake Plant","floor":22,"turns":4},{"damage":36,"enemies":"Gremlin Leader","floor":23,"turns":7},{"damage":30,"enemies":"Book of Stabbing","floor":25,"turns":3}],"seed_played":"-8288679597475548579","potions_obtained":[{"floor":3,"key":"DistilledChaos"},{"floor":4,"key":"Fire Potion"},{"floor":5,"key":"BottledMiracle"},{"floor":8,"key":"PowerPotion"},{"floor":14,"key":"SkillPotion"},{"floor":18,"key":"Block Potion"},{"floor":22,"key":"GamblersBrew"}],"is_trial":false,"path_per_floor":["M","M","M","M","M","E","?","M","T","$","M","M","E","M","R","B",null,"M","M","$","?","M","E","R","E"],"character_chosen":"WATCHER","items_purchased":["DevaForm","Mummified Hand","CrushJoints"],"campfire_rested":2,"item_purchase_floors":[10,20,20],"current_hp_per_floor":[68,68,66,63,63,51,51,45,45,45,44,41,41,28,49,30,72,52,47,62,62,43,7,28,0,0],"gold":112,"neow_bonus":"BOSS_RELIC","is_daily":false,"chose_seed":false,"campfire_upgraded":0,"win_rate":0.0,"timestamp":1607918836,"path_taken":["M","M","M","M","M","E","?","?","T","$","M","M","E","M","R","BOSS","M","?","$","?","M","E","R","E"],"items_purchased_type":["Card","Relic","Card"],"build_version":"2020-12-13","purchased_purges":1,"victory":false,"max_hp_per_floor":[72,72,72,72,72,72,72,72,72,72,72,72,72,72,72,72,72,72,72,72,72,72,72,72,72,72],"card_choices":[{"not_picked":["Crescendo","ClearTheMind"],"picked":"ReachHeaven","floor":1},{"not_picked":["PathToVictory","Collect"],"picked":"CutThroughFate","floor":2},{"not_picked":["Pray","Perseverance"],"picked":"Vengeance","floor":3},{"not_picked":["Perseverance","Crescendo"],"picked":"FollowUp","floor":4},{"not_picked":["WaveOfTheHand","EmptyMind"],"picked":"Wireheading","floor":5},{"not_picked":["EmptyBody","BowlingBash"],"picked":"Ragnarok","floor":6},{"not_picked":["Pray","Swivel"],"picked":"FlurryOfBlows","floor":8},{"not_picked":["Nirvana","ThirdEye"],"picked":"ForeignInfluence","floor":11},{"not_picked":["Crescendo","CrushJoints"],"picked":"Protect","floor":12},{"not_picked":["PathToVictory","Prostrate"],"picked":"ThirdEye","floor":13},{"not_picked":["Protect","Prostrate"],"picked":"Wallop","floor":14},{"not_picked":["ConjureBlade","DeusExMachina"],"picked":"Vault","floor":16},{"not_picked":["EmptyBody","WindmillStrike"],"picked":"Swivel","floor":18},{"not_picked":["WindmillStrike","Pray","FollowUp"],"picked":"SKIP","floor":19},{"not_picked":["Collect","BattleHymn"],"picked":"SashWhip+1","floor":22},{"not_picked":["WindmillStrike+1","CrushJoints"],"picked":"LessonLearned","floor":23}],"player_experience":734810,"relics_obtained":[{"floor":6,"key":"CeramicFish"},{"floor":9,"key":"Bag of Marbles"},{"floor":13,"key":"MealTicket"},{"floor":23,"key":"Damaru"}],"event_choices":[{"cards_removed":["Strike_P"],"damage_healed":0,"gold_gain":0,"player_choice":"Offered Basic","damage_taken":0,"max_hp_gain":0,"max_hp_loss":0,"event_name":"Bonfire Elementals","floor":7,"gold_loss":0},{"damage_healed":0,"gold_gain":0,"player_choice":"Ignored","damage_taken":0,"max_hp_gain":0,"max_hp_loss":0,"event_name":"Ghosts","floor":21,"gold_loss":0}],"is_beta":false,"boss_relics":[{"not_picked":["Busted Crown","Philosopher\u0027s Stone"],"picked":"Astrolabe"}],"items_purged_floors":[10],"is_endless":false,"potions_floor_spawned":[3,4,5,8,14,18,22],"killed_by":"Book of Stabbing","ascension_level":4}}