{"host":"56xwnffi6e9z5l58","time":1607963909,"event":{"mods":["Aspiration","BaseMod","Better Match","Better Note","Better Sensory Stone","BetterRewards","Colored Map","Colored Powertips","Conspire","GifTheSpireLib","Hermit","Highlight Path","Hubris","Infinite Spire","Key Reminder","Minty Spire (QoL Compilation)","Permanent Neow","Quick Restart","Rare Cards Sparkle","Replay The Spire","StSLib","Stuff the Spire","SuperFastMode","Unceasing Turn Reminder"],"gold_per_floor":[119,134,149,149,149,149,178,178,178,193,193,244,254,179,179,281,281,298,314,314,331,348,348,366,366,392,64,79,107,107,69,69,169,169,180,212,227,35,52,52,81,81,81,123,123,123],"floor_reached":45,"playtime":1854,"items_purged":["Delirium","Strike_G"],"score":641,"play_id":"7eb0cfb5-43e9-40c5-90ed-e43fd3b76e4f","local_time":"20201215003829","is_ascension_mode":true,"campfire_choices":[{"data":"Replay:Poison Smokescreen","floor":6,"key":"SMITH"},{"floor":8,"key":"REST"},{"data":"Bane","floor":11,"key":"SMITH"},{"data":"infinitespire:Neurotoxin","floor":15,"key":"SMITH"},{"floor":23,"key":"REST"},{"floor":25,"key":"REST"},{"floor":30,"key":"REST"},{"data":"Replay:Bag of Tricks","floor":32,"key":"SMITH"},{"data":"ReplayTheSpireMod:Scrap Shanks","floor":40,"key":"SMITH"},{"data":"Noxious Fumes","floor":42,"key":"SMITH"}],"circlet_count":0,"master_deck":["Defend_G","Survivor","Neutralize","Well Laid Plans","Replay:Poison Smokescreen+1","Bane+1","Panacea","Acrobatics","Flying Knee","Bouncing Flask","Prepared","Flying Knee","infinitespire:Neurotoxin+1","Riddle With Holes","Leg Sweep","Replay:Bag of Tricks+1","Choke+1","StuffTheSpire:Shiver","Footwork","Dash","Deadly Poison","Blur","Blade Dance","Noxious Fumes+1","Backflip","StuffTheSpire:Sprint+1","Escape Plan+1","Backflip","ReplayTheSpireMod:Scrap Shanks+1","hubris:Sniper","A Thousand Cuts","Sneak Up+1","Caltrops","Caltrops+1","Finisher","Footwork","Riddle With Holes","Bullet Time"],"relics":["Ring of the Snake","Replay:PocketPolymizer","ReplayTheSpireMod:Ring of Collecting","ReplayTheSpireMod:Ring of Exchange","infinitespire:PuzzleCube","ReplayTheSpireMod:Ring of Addiction","Akabeko","White Beast Statue","SacredBark","StuffTheSpire:WitherSkull","hubris:VirtuousBlindfold","Ring of Fangs","MealTicket","StuffTheSpire:Saxophone","PreservedInsect","Lee\u0027s Waffle","InkBottle","Regal Pillow","aspiration:HatOfInfinitePower","Ring of Misfortune","CeramicFish","Bronze Scales"],"acts_visited":["Exordium","TheCity","TheBeyond"],"potions_floor_usage":[13,16,24,29,33],"damage_taken":[{"damage":0,"enemies":"2 Louse","floor":1,"turns":4},{"damage":5,"enemies":"Small Slimes","floor":2,"turns":6},{"damage":2,"enemies":"Jaw Worm","floor":3,"turns":5},{"damage":43,"enemies":"3 Sentries","floor":7,"turns":15},{"damage":3,"enemies":"Looter","floor":10,"turns":3},{"damage":4,"enemies":"Red Slaver","floor":13,"turns":4},{"damage":19,"enemies":"The Guardian","floor":16,"turns":8},{"damage":23,"enemies":"2 Thieves","floor":18,"turns":4},{"damage":2,"enemies":"Chosen","floor":19,"turns":3},{"damage":15,"enemies":"Centurion and Healer","floor":21,"turns":6},{"damage":14,"enemies":"Cultist and Chosen","floor":22,"turns":5},{"damage":3,"enemies":"3 Cultists","floor":24,"turns":3},{"damage":20,"enemies":"Centurion and Healer","floor":28,"turns":6},{"damage":16,"enemies":"Gremlin Leader","floor":29,"turns":3},{"damage":31,"enemies":"Champ","floor":33,"turns":7},{"damage":9,"enemies":"Orb Walker","floor":35,"turns":3},{"damage":23,"enemies":"conspire:MimicChest","floor":36,"turns":6},{"damage":1,"enemies":"3 Shapes","floor":37,"turns":5},{"damage":12,"enemies":"Maw","floor":39,"turns":6},{"damage":6,"enemies":"Nemesis","floor":41,"turns":5},{"damage":11,"enemies":"R_Hoarder","floor":44,"turns":5},{"damage":25,"enemies":"Sphere and 2 Shapes","floor":45,"turns":3}],"seed_played":"-4119426633854264109","potions_obtained":[{"floor":3,"key":"Explosive Potion"},{"floor":9,"key":"SkillPotion"},{"floor":9,"key":"SkillPotion"},{"floor":9,"key":"Adrenaline Potion"},{"floor":10,"key":"BlessingOfTheForge"},{"floor":12,"key":"PowerPotion"},{"floor":13,"key":"Block Potion"},{"floor":16,"key":"Energy Potion"},{"floor":24,"key":"SpeedPotion"},{"floor":29,"key":"ColorlessPotion"},{"floor":33,"key":"Strength Potion"},{"floor":36,"key":"Strength Potion"}],"is_trial":false,"path_per_floor":["M","M","M","?","?","R","E","R","T","M","R","?","M","$","R","B",null,"M","M","?","M","M","R","M","R","T","$","M","E","R","$","R","B",null,"M","?","M","$","M","R","E","R","T","E","M"],"character_chosen":"THE_SILENT","items_purchased":["Noxious Fumes","StuffTheSpire:Saxophone","Backflip","ReplayTheSpireMod:Scrap Shanks","Caltrops","Regal Pillow"],"campfire_rested":4,"item_purchase_floors":[27,27,27,31,38,38],"current_hp_per_floor":[70,65,63,63,63,63,20,41,41,38,38,38,34,34,34,15,55,32,30,30,15,1,20,17,36,36,51,31,15,33,48,48,17,67,58,35,34,49,37,37,31,31,31,20,0,0],"gold":123,"neow_bonus":"ONE_RARE_RELIC","is_daily":false,"chose_seed":false,"campfire_upgraded":6,"win_rate":0.0,"timestamp":1607963909,"path_taken":["M","M","M","?","?","R","E","R","T","M","R","?","M","$","R","BOSS","M","M","?","M","?","R","M","R","T","$","M","E","R","$","R","BOSS","M","?","M","?","M","R","E","R","T","E","M"],"items_purchased_type":["Card","Relic","Card","Card","Card","Relic"],"build_version":"2020-12-13","purchased_purges":2,"victory":false,"max_hp_per_floor":[70,70,70,70,70,70,70,70,70,70,70,70,68,68,68,68,68,68,68,66,66,66,64,64,64,64,64,62,62,62,62,62,60,67,67,67,65,65,65,63,63,63,61,61,61,61],"card_choices":[{"not_picked":["Blade Dance","All Out Attack"],"picked":"Well Laid Plans","floor":1},{"not_picked":["Deflect","StuffTheSpire:DoubleShiv"],"picked":"Replay:Poison Smokescreen","floor":2},{"not_picked":["StuffTheSpire:Injection","Underhanded Strike"],"picked":"Bane","floor":3},{"not_picked":["Transmutation","Good Instincts"],"picked":"Panacea","floor":4},{"not_picked":["StuffTheSpire:Python","Slice"],"picked":"Flying Knee","floor":7},{"not_picked":["hubris:SlightOfHand","Dagger Spray"],"picked":"Prepared","floor":10},{"not_picked":["Deadly Poison","ReplayTheSpireMod:Speed Training"],"picked":"infinitespire:Neurotoxin","floor":12},{"not_picked":["StuffTheSpire:Incursion","Dodge and Roll"],"picked":"Riddle With Holes","floor":12},{"not_picked":["hubris:Counter","Cloak And Dagger","Sucker Punch"],"picked":"SKIP","floor":13},{"not_picked":["Atom Bomb","Adrenaline"],"picked":"Replay:Bag of Tricks","floor":16},{"not_picked":["Dagger Spray+1","hubris:SlightOfHand+1"],"picked":"Choke+1","floor":18},{"not_picked":["Deadly Poison+1","Slice"],"picked":"StuffTheSpire:Shiver","floor":19},{"not_picked":["Backflip","Toxin Wave"],"picked":"Footwork","floor":21},{"not_picked":["StuffTheSpire:DoubleShiv","StuffTheSpire:MirrorStance"],"picked":"Dash","floor":22},{"not_picked":["StuffTheSpire:Repulse","StuffTheSpire:Fury"],"picked":"Blur","floor":24},{"not_picked":["Deflect","Prepared"],"picked":"StuffTheSpire:Sprint+1","floor":28},{"not_picked":["Deadly Poison","StuffTheSpire:Sprint"],"picked":"Escape Plan+1","floor":29},{"not_picked":["Envenom","aspiration:Lunge"],"picked":"A Thousand Cuts","floor":33},{"not_picked":["hubris:SlightOfHand+1","Underhanded Strike","Deflect"],"picked":"SKIP","floor":35},{"not_picked":["Dagger Throw+1","Toxin Wave"],"picked":"Sneak Up+1","floor":36},{"not_picked":["StuffTheSpire:Fury+1","Night Terror","hubris:SlightOfHand"],"picked":"SKIP","floor":37},{"not_picked":["Hidden Blade+1","Outmaneuver"],"picked":"Caltrops+1","floor":39},{"not_picked":["Cloak And Dagger","Quick Slash"],"picked":"Footwork","floor":41},{"not_picked":["StuffTheSpire:ClusterCrunch","Prepared"],"picked":"Bullet Time","floor":44}],"player_experience":941272,"relics_obtained":[{"floor":5,"key":"ReplayTheSpireMod:Ring of Collecting"},{"floor":5,"key":"ReplayTheSpireMod:Ring of Exchange"},{"floor":7,"key":"infinitespire:PuzzleCube"},{"floor":9,"key":"ReplayTheSpireMod:Ring of Addiction"},{"floor":9,"key":"Akabeko"},{"floor":9,"key":"White Beast Statue"},{"floor":9,"key":"SacredBark"},{"floor":12,"key":"StuffTheSpire:WitherSkull"},{"floor":26,"key":"Ring of Fangs"},{"floor":26,"key":"MealTicket"},{"floor":29,"key":"PreservedInsect"},{"floor":36,"key":"InkBottle"},{"floor":41,"key":"aspiration:HatOfInfinitePower"},{"floor":43,"key":"Ring of Misfortune"},{"floor":43,"key":"CeramicFish"},{"floor":44,"key":"Bronze Scales"}],"event_choices":[{"damage_healed":0,"gold_gain":1,"player_choice":"1","damage_taken":0,"max_hp_gain":0,"max_hp_loss":0,"event_name":"betterStone:BetterStone","floor":4,"gold_loss":0},{"damage_healed":0,"gold_gain":0,"player_choice":"Bought 0 Potions","damage_taken":0,"max_hp_gain":0,"max_hp_loss":0,"event_name":"The Woman in Blue","floor":20,"gold_loss":0}],"is_beta":false,"boss_relics":[{"not_picked":["Replay:Drink Me","conspire:RunicOctahedron"],"picked":"hubris:VirtuousBlindfold"},{"not_picked":["conspire:TreasureMap","Frozen Eye"],"picked":"Lee\u0027s Waffle"}],"items_purged_floors":[14,27],"is_endless":false,"potions_floor_spawned":[3,10,13,16,18,19,21,22,24,28,29,33,35,36,37,39,41,44],"killed_by":"Sphere and 2 Shapes","ascension_level":5}}