{"host":"zftkeu5v9gqs3wr3","time":1607988681,"event":{"mods":["Act Like it!","Bard","BaseMod","CapriCore","Elementarium","Gensokyo","Jorbs\u0027s Wanderer Trilogy","Mad Scientist","Minty Spire (QoL Compilation)","Potionbrewer","Rare Cards Sparkle","Shade Mod","StSLib","The Cursed","The Immortal","The Runesmith","TheSwordswoman"],"gold_per_floor":[113,113,113,20,35,69,69,89,157,177,110,110,110,24,24,129,129,145,163,183,183,183],"floor_reached":21,"playtime":1367,"items_purged":[],"score":179,"play_id":"c32c62e4-1467-40c3-9b58-a01b8f56bf4f","local_time":"20201214233121","is_ascension_mode":false,"campfire_choices":[{"floor":7,"key":"REST"},{"floor":15,"key":"REST"}],"circlet_count":0,"master_deck":["Strike_G","Strike_G+1","Strike_G","Strike_G+1","Strike_G","Defend_G","Defend_G","Defend_G","Defend_G","Defend_G","Survivor","Neutralize","PiercingWail","Caltrops","Bane","Masterful Stab","Deadly Poison","Sucker Punch","Outmaneuver+1","Caltrops","Leg Sweep","Prepared","Envenom","Dodge and Roll+1","Deadly Poison","Tactician"],"relics":["Ring of the Snake","Strawberry","Bag of Marbles","Paper Crane","Ornamental Fan","Black Star"],"acts_visited":["Exordium","TheCity"],"potions_floor_usage":[6],"damage_taken":[{"damage":0,"enemies":"2 Louse","floor":1,"turns":4},{"damage":0,"enemies":"Small Slimes","floor":5,"turns":2},{"damage":45,"enemies":"Gremlin Nob","floor":6,"turns":6},{"damage":6,"enemies":"Jaw Worm","floor":8,"turns":2},{"damage":1,"enemies":"Exordium Wildlife","floor":10,"turns":3},{"damage":9,"enemies":"Hexaghost","floor":16,"turns":11},{"damage":28,"enemies":"Spheric Guardian","floor":18,"turns":8},{"damage":12,"enemies":"Chosen","floor":19,"turns":7},{"damage":29,"enemies":"Snecko","floor":20,"turns":7}],"seed_played":"-95754964132139126","potions_obtained":[{"floor":1,"key":"GamblersBrew"},{"floor":16,"key":"potionbrewer:DiscountPotion"},{"floor":19,"key":"potionbrewer:MidasPotion"},{"floor":20,"key":"FearPotion"}],"is_trial":false,"path_per_floor":["M","?","?","$","M","E","R","M","T","M","$","?","?","$","R","B",null,"M","M","M","?"],"character_chosen":"THE_SILENT","items_purchased":["Caltrops","Bane","Caltrops","Leg Sweep","Prepared"],"campfire_rested":2,"item_purchase_floors":[4,4,11,14,14],"current_hp_per_floor":[77,70,55,55,55,10,33,27,27,26,26,26,26,26,49,40,77,49,37,8,0,0],"gold":183,"neow_bonus":"RANDOM_COMMON_RELIC","is_daily":false,"chose_seed":false,"campfire_upgraded":0,"win_rate":0.0,"timestamp":1607988681,"path_taken":["M","?","?","$","M","E","R","?","T","M","$","?","?","?","R","BOSS","M","M","?","?"],"items_purchased_type":["Card","Card","Card","Card","Card"],"build_version":"2020-12-13","purchased_purges":0,"victory":false,"max_hp_per_floor":[77,77,77,77,77,77,77,77,77,77,77,77,77,77,77,77,77,77,77,77,77,77],"card_choices":[{"not_picked":["Dash","Acrobatics"],"picked":"PiercingWail","floor":1},{"not_picked":["Dagger Throw","Bullet Time"],"picked":"Masterful Stab","floor":5},{"not_picked":["Prepared","Escape Plan"],"picked":"Deadly Poison","floor":6},{"not_picked":["Dagger Spray","Skewer"],"picked":"Sucker Punch","floor":8},{"not_picked":["Quick Slash","Backflip"],"picked":"Outmaneuver","floor":10},{"not_picked":["Malaise","Tools of the Trade"],"picked":"Envenom","floor":16},{"not_picked":["Terror","Blade Dance"],"picked":"Dodge and Roll+1","floor":18},{"not_picked":["Masterful Stab+1","Footwork"],"picked":"Deadly Poison","floor":19},{"not_picked":["Dagger Throw","Footwork"],"picked":"Tactician","floor":20}],"player_experience":63184,"relics_obtained":[{"floor":6,"key":"Paper Crane"},{"floor":9,"key":"Ornamental Fan"}],"event_choices":[{"damage_healed":0,"gold_gain":0,"player_choice":"Success","damage_taken":7,"relics_obtained":["Bag of Marbles"],"max_hp_gain":0,"max_hp_loss":0,"event_name":"Scrap Ooze","floor":2,"gold_loss":0},{"damage_healed":0,"gold_gain":0,"player_choice":"Entered Light","damage_taken":15,"max_hp_gain":0,"max_hp_loss":0,"event_name":"Shining Light","floor":3,"gold_loss":0,"cards_upgraded":["Strike_G","Strike_G"]},{"damage_healed":0,"gold_gain":0,"player_choice":"Searched \u00271\u0027 times","damage_taken":0,"max_hp_gain":0,"max_hp_loss":0,"event_name":"Dead Adventurer","floor":12,"gold_loss":0},{"damage_healed":0,"gold_gain":0,"player_choice":"Grow","damage_taken":0,"max_hp_gain":0,"max_hp_loss":0,"event_name":"Living Wall","floor":13,"gold_loss":0,"cards_upgraded":["Outmaneuver"]}],"is_beta":false,"boss_relics":[{"not_picked":["Cursed Key","Empty Cage"],"picked":"Black Star"}],"items_purged_floors":[],"is_endless":false,"potions_floor_spawned":[1,16,19,20],"ascension_level":0}}