{"host":"2ccem01eblg14btk","time":1607943334,"event":{"mods":["BaseMod","Colored Map","Downfall","Minty Spire (QoL Compilation)","Quick Restart","StSLib"],"gold_per_floor":[99,99,114,214,214,227,297,332,332,357,375,1,12,462,477,575,575,575,166,166,166,191,205,205,223,240,270,289,72,90,107,124,220,220,220,246,246,246,261,9,33,33,52,52,11,31,81,97,111,111],"floor_reached":51,"playtime":2449,"items_purged":["Slimebound:Icky","champ:Strike"],"score":1254,"play_id":"0f2d7283-9ad7-492b-a86c-b889e6f12052","local_time":"20201214115534","is_ascension_mode":false,"campfire_choices":[{"data":"champ:MurderStrike","floor":1.0,"key":"SMITH"},{"data":"champ:Control","floor":5.0,"key":"SMITH"},{"data":"champ:EnGarde","floor":9.0,"key":"SMITH"},{"data":"champ:Improvising","floor":18.0,"key":"SMITH"},{"data":"champ:EnchantShield","floor":21.0,"key":"SMITH"},{"floor":35.0,"key":"RECALL"},{"data":"champ:HoldFirm","floor":44.0,"key":"SMITH"}],"circlet_count":0,"master_deck":["champ:Strike","champ:Strike","champ:Defend","champ:Defend","champ:Defend","champ:Defend","champ:Execute","champ:Taunt","champ:MurderStrike+1","champ:Control+1","champ:EnGarde+1","champ:Improvising+1","champ:Circumvent","champ:Circumvent+1","champ:ShieldSlam","champ:Lariat+1","champ:ShieldSlam","champ:Control","champ:EnchantShield+1","champ:ShieldSigil","champ:ShieldWall","champ:CalledShot+1","champ:HoldFirm+1","champ:Improvising+1","champ:EnchantShield","champ:Circumvent+1","expansioncontent:YouAreMine","champ:FalseCounter+1"],"relics":["champ:ChampionCrown","The Courier","Omamori","Sundial","Strawberry","Orichalcum","champ:ChampionCrownUpgraded","Anchor","Bag of Marbles","InkBottle","War Paint","Pear","Medical Kit","Frozen Egg 2","Runic Dome","PreservedInsect","Membership Card","Potion Belt","Bag of Preparation","Girya"],"acts_visited":["Exordium","TheCity","TheBeyond"],"potions_floor_usage":[50,50,50,50,50,50,50],"damage_taken":[{"damage":5.0,"enemies":"2 Louse","floor":3.0,"turns":3.0},{"damage":7.0,"enemies":"Jaw Worm","floor":6.0,"turns":4.0},{"damage":22.0,"enemies":"3 Sentries","floor":8.0,"turns":7.0},{"damage":36.0,"enemies":"Lagavulin","floor":10.0,"turns":6.0},{"damage":0.0,"enemies":"Small Slimes","floor":11.0,"turns":3.0},{"damage":15.0,"enemies":"downfall:FleeingMerchant","floor":12.0,"turns":4.0},{"damage":4.0,"enemies":"Exordium Thugs","floor":13.0,"turns":3.0},{"damage":8.0,"enemies":"Gremlin Gang","floor":15.0,"turns":5.0},{"damage":26.0,"enemies":"downfall:Silent","floor":16.0,"turns":6.0},{"damage":29.0,"enemies":"downfall:FleeingMerchant","floor":19.0,"turns":4.0},{"damage":30.0,"enemies":"Book of Stabbing","floor":22.0,"turns":2.0},{"damage":30.0,"enemies":"Spheric Guardian","floor":23.0,"turns":2.0},{"damage":35.0,"enemies":"3 Byrds","floor":25.0,"turns":4.0},{"damage":30.0,"enemies":"Sentry and Sphere","floor":26.0,"turns":2.0},{"damage":23.0,"enemies":"Slavers","floor":27.0,"turns":4.0},{"damage":30.0,"enemies":"Snake Plant","floor":28.0,"turns":2.0},{"damage":24.0,"enemies":"downfall:FleeingMerchant","floor":29.0,"turns":2.0},{"damage":24.0,"enemies":"Chosen and Byrds","floor":30.0,"turns":2.0},{"damage":27.0,"enemies":"Shelled Parasite and Fungi","floor":31.0,"turns":3.0},{"damage":19.0,"enemies":"Snake Plant","floor":32.0,"turns":4.0},{"damage":39.0,"enemies":"downfall:Ironclad","floor":33.0,"turns":2.0},{"damage":82.0,"enemies":"Reptomancer","floor":36.0,"turns":6.0},{"damage":38.0,"enemies":"3 Darklings","floor":39.0,"turns":5.0},{"damage":18.0,"enemies":"Orb Walker","floor":43.0,"turns":1.0},{"damage":42.0,"enemies":"Jaw Worm Horde","floor":46.0,"turns":2.0},{"damage":24,"enemies":"Mind Bloom Boss Battle","floor":47,"turns":8},{"damage":40,"enemies":"Spire Growth","floor":48,"turns":4},{"damage":38,"enemies":"Sphere and 2 Shapes","floor":49,"turns":5},{"damage":33,"enemies":"downfall:Defect","floor":50,"turns":6}],"seed_played":"-6202728193569434679","potions_obtained":[{"floor":6.0,"key":"EntropicBrew"},{"floor":10.0,"key":"champ:TechniquePotion"},{"floor":13.0,"key":"Fire Potion"},{"floor":15.0,"key":"EntropicBrew"},{"floor":23.0,"key":"champ:TechniquePotion"},{"floor":26.0,"key":"champ:UltimateStancePotion"},{"floor":39.0,"key":"Block Potion"},{"floor":46.0,"key":"EntropicBrew"},{"floor":48,"key":"champ:OpenerPotion"}],"is_trial":false,"path_per_floor":["R","?","M","?","R","M","T","E","R","E","M","$","M","?","M","B",null,"R","$","?","R","E","M","T","M","M","E","M","$","M","M","M","B",null,"R","E","?","?","M","$","T","?","M","R","$","M","?","M","M","B",null],"character_chosen":"THE_CHAMP","items_purchased":["champ:ShieldSlam","champ:Lariat","Strawberry","Orichalcum","champ:ShieldSigil","Anchor","Bag of Marbles","champ:ShieldWall","champ:HoldFirm","Fruit Juice","PowerPotion","Medical Kit","Frozen Egg 2","Membership Card","Potion Belt","ColorlessPotion","Fruit Juice"],"campfire_rested":0,"item_purchase_floors":[12,12,12,12,19,19,19,19,29,29,29,29,29,40,40,40,45],"current_hp_per_floor":[90,90,90,90,90,88,88,71,71,40,40,42,38,38,30,4,97,97,97,97,97,97,97,97,97,97,107,107,112,112,109,105,105,112,112,87,87,87,112,112,112,112,112,112,117,117,117,101,87,87],"gold":111,"neow_bonus":"ONE_RANDOM_RARE_CARD","is_daily":false,"chose_seed":false,"campfire_upgraded":6,"win_rate":0.0,"timestamp":1607943334,"path_taken":["R","?","M","?","R","M","T","E","R","E","M","$","M","?","M","BOSS","R","$","?","R","E","M","T","M","M","E","M","$","?","?","M","BOSS","R","E","?","?","M","$","T","?","M","R","$","M","?","?","M","BOSS"],"items_purchased_type":["Card","Card","Relic","Relic","Card","Relic","Relic","Card","Card","Potion","Potion","Relic","Relic","Relic","Relic","Potion","Potion"],"build_version":"2020-12-13","purchased_purges":2,"victory":true,"max_hp_per_floor":[90,90,90,90,90,90,90,90,90,90,90,97,97,97,97,97,97,97,97,97,97,97,97,97,97,97,107,107,112,112,112,112,112,112,112,112,112,112,112,112,112,112,112,112,117,117,117,117,117,117],"card_choices":[{"not_picked":["champ:CrookedStrike","champ:ShieldSigil"],"picked":"champ:Control","floor":3.0},{"not_picked":["champ:FlashCut","champ:Encircle","champ:BladeFlurry"],"picked":"SKIP","floor":6.0},{"not_picked":["champ:DefensiveStyle","champ:FocusedBerserking"],"picked":"champ:EnGarde","floor":8.0},{"not_picked":["champ:GladiatorStyle","champ:RecklessLeap"],"picked":"champ:Improvising","floor":10.0},{"not_picked":["champ:Balance","champ:Shatter"],"picked":"champ:Circumvent","floor":11.0},{"not_picked":["champ:SwordSigil","champ:Encircle"],"picked":"champ:Circumvent","floor":12.0},{"not_picked":["champ:FlashCut","champ:HeartStrike"],"picked":"champ:ShieldSlam","floor":13.0},{"not_picked":["champ:Lariat","champ:DefensiveShout"],"picked":"champ:Control","floor":15.0},{"not_picked":["champ:MurderStrike","champ:HeavySlash"],"picked":"champ:EnchantShield","floor":16.0},{"not_picked":["champ:Encircle","champ:FocusedBerserking","champ:Haymaker+1"],"picked":"SKIP","floor":19.0},{"not_picked":["champ:CalledShot+1","champ:Backstep","champ:GladiatorsShout+1"],"picked":"SKIP","floor":22.0},{"not_picked":["champ:StanceDance","champ:RageSigil+1","champ:Circumvent"],"picked":"SKIP","floor":23.0},{"not_picked":["champ:CrookedStrike","champ:ArenaPreparation","champ:Balance"],"picked":"SKIP","floor":25.0},{"not_picked":["champ:GladiatorsShout+1","champ:SwordSigil","champ:RecklessLeap"],"picked":"SKIP","floor":26.0},{"not_picked":["champ:CalledShot","champ:PreciseThrust","champ:TornadoPunch"],"picked":"SKIP","floor":27.0},{"not_picked":["champ:ShieldWall","champ:Aggression","champ:ArenaPreparation"],"picked":"SKIP","floor":28.0},{"not_picked":["champ:FanOfKnives+1","champ:SwordSigil"],"picked":"champ:CalledShot+1","floor":29.0},{"not_picked":["champ:BladeFlurry","champ:BringItOn","champ:BerserkersShout"],"picked":"SKIP","floor":30.0},{"not_picked":["champ:PerfectedStrike","champ:CrookedStrike+1","champ:SwordSigil"],"picked":"SKIP","floor":31.0},{"not_picked":["champ:FaceSlap+1","champ:GladiatorsShout+1"],"picked":"champ:Improvising+1","floor":32.0},{"not_picked":["champ:SwordThrow","champ:HeavySlash"],"picked":"champ:EnchantShield","floor":33.0},{"not_picked":["champ:BladeFlurry","champ:GutPunch+1","champ:Shatter"],"picked":"SKIP","floor":36.0},{"not_picked":["champ:AdrenalArmor","champ:Aggression"],"picked":"champ:Circumvent+1","floor":39.0},{"not_picked":["expansioncontent:ManipulateTime","expansioncontent:CaCaw+1"],"picked":"expansioncontent:YouAreMine","floor":42.0},{"not_picked":["champ:DefensiveStyle+1","champ:ShieldWall+1"],"picked":"champ:FalseCounter+1","floor":43.0},{"not_picked":["champ:BerserkerStyle+1","champ:BladeFlurry","champ:PreciseThrust"],"picked":"SKIP","floor":46.0},{"not_picked":["champ:Haymaker+1","champ:SwordSigil","champ:FocusedGladiator+1"],"picked":"SKIP","floor":48},{"not_picked":["champ:DeathBlow+1","champ:EnragedBash","champ:AdrenalArmor+1"],"picked":"SKIP","floor":49}],"player_experience":124120,"relics_obtained":[{"floor":7.0,"key":"The Courier"},{"floor":8.0,"key":"Omamori"},{"floor":10.0,"key":"Sundial"},{"floor":22.0,"key":"InkBottle"},{"floor":24.0,"key":"War Paint"},{"floor":27.0,"key":"Pear"},{"floor":36.0,"key":"PreservedInsect"},{"floor":41.0,"key":"Bag of Preparation"},{"floor":47,"key":"Girya"}],"event_choices":[{"cards_removed":["champ:Strike"],"damage_healed":0.0,"max_hp_gain":0.0,"max_hp_loss":0.0,"gold_gain":0.0,"event_name":"Bonfire Elementals","player_choice":"Offered Basic","floor":20.0,"gold_loss":0.0,"damage_taken":0.0}],"is_beta":false,"boss_relics":[{"not_picked":["Snecko Eye","Philosopher\u0027s Stone"],"picked":"champ:ChampionCrownUpgraded"},{"not_picked":["Coffee Dripper","Tiny House"],"picked":"Runic Dome"}],"items_purged_floors":[19,40],"is_endless":false,"potions_floor_spawned":[6,10,13,15,22,23,26,27,30,32,39,46,48,49],"ascension_level":0}}