{"host":"3yynf0dn84873kbr","time":1607960846,"event":{"mods":["BaseMod","Minty Spire (QoL Compilation)","Robot Space Explorer","StSLib","The Dragon Tamer"],"gold_per_floor":[112,112,112,127,140,140,158,14,82,93,93,110,122,133,133,233,233,246,346,366,366,366,366],"floor_reached":21,"playtime":843,"items_purged":[],"score":175,"play_id":"23486598-758a-41e0-85c9-7ebaaee93b4b","local_time":"20201214234726","is_ascension_mode":false,"metric_token":343,"campfire_choices":[{"data":"DTMod:SwitchingTactic","floor":6,"key":"SMITH"},{"data":"DTMod:CrossStep","floor":15,"key":"SMITH"}],"dtmod_dragon_data":[0,50,3,-1,10,0],"circlet_count":0,"master_deck":["DTMod:Strike","DTMod:Strike","DTMod:Strike","DTMod:Strike","DTMod:DoubleHit","DTMod:TargetDefense","DTMod:TargetDefense","DTMod:TargetDefense","DTMod:TargetDefense","DTMod:SwitchingTactic+1","DTMod:FlameSlash","Decay","DTMod:ComboAttack","DTMod:ComboAttack","DTMod:MagiciansMark","DTMod:ComboAttack","DTMod:CrossStep+1","DTMod:ShadowImage","DTMod:CleansingStrike","DTMod:TriAttack","DTMod:HeadStart"],"relics":["DTMod:PactStone","NeowsBlessing","Oddly Smooth Stone","Darkstone Periapt","FaceOfCleric","SlaversCollar"],"acts_visited":["Exordium","TheCity"],"potions_floor_usage":[],"damage_taken":[{"damage":0,"enemies":"Small Slimes","floor":1,"turns":1},{"damage":0,"enemies":"2 Louse","floor":4,"turns":1},{"damage":0,"enemies":"Cultist","floor":5,"turns":1},{"damage":0,"enemies":"Red Slaver","floor":7,"turns":3},{"damage":0,"enemies":"2 Fungi Beasts","floor":10,"turns":3},{"damage":8,"enemies":"Gremlin Gang","floor":12,"turns":3},{"damage":10,"enemies":"Red Slaver","floor":13,"turns":2},{"damage":5,"enemies":"Lots of Slimes","floor":14,"turns":3},{"damage":7,"enemies":"The Guardian","floor":16,"turns":14},{"damage":0,"enemies":"2 Thieves","floor":18,"turns":4},{"damage":8,"enemies":"Shell Parasite","floor":20,"turns":7},{"damage":0,"enemies":"Snecko","floor":21,"turns":3}],"seed_played":"-6068329052621629266","potions_obtained":[{"floor":1,"key":"EssenceOfSteel"},{"floor":5,"key":"FearPotion"},{"floor":12,"key":"BlessingOfTheForge"},{"floor":13,"key":"Fire Potion"}],"is_trial":false,"path_per_floor":["M","?","?","M","M","R","M","$","T","M","?","M","M","M","R","B",null,"M","?","M","M"],"character_chosen":"THE_DT","items_purchased":["Oddly Smooth Stone"],"campfire_rested":0,"item_purchase_floors":[8],"current_hp_per_floor":[45,45,45,45,45,45,45,45,45,45,45,38,29,25,25,19,49,50,50,43,43,43,43],"gold":366,"neow_bonus":"THREE_ENEMY_KILL","is_daily":false,"chose_seed":false,"campfire_upgraded":2,"win_rate":0.0,"timestamp":1607960846,"path_taken":["M","?","?","M","?","R","M","?","T","?","?","M","?","M","R","BOSS","M","?","?","M"],"items_purchased_type":["Relic"],"build_version":"2020-12-13","purchased_purges":0,"victory":false,"max_hp_per_floor":[45,45,45,45,45,45,45,45,45,45,45,46,47,48,48,49,49,50,50,51,51,51,51],"card_choices":[{"not_picked":["DTMod:Overwhelm","DTMod:MagicField"],"picked":"DTMod:FlameSlash","floor":1},{"not_picked":["DTMod:Feint","DTMod:BlazingStrike"],"picked":"DTMod:ComboAttack","floor":4},{"not_picked":["DTMod:Punisher","DTMod:StarRain"],"picked":"DTMod:ComboAttack","floor":5},{"not_picked":["DTMod:CalculatedDefense","DTMod:QuickFly"],"picked":"DTMod:MagiciansMark","floor":7},{"not_picked":["DTMod:BuildUp","DTMod:LastStand"],"picked":"DTMod:ComboAttack","floor":10},{"not_picked":["DTMod:Threaten","DTMod:Overwhelm"],"picked":"DTMod:CrossStep","floor":12},{"not_picked":["DTMod:Weaken","DTMod:BlazingStrike"],"picked":"DTMod:ShadowImage","floor":13},{"not_picked":["DTMod:Threaten","DTMod:Punisher"],"picked":"DTMod:CleansingStrike","floor":14},{"not_picked":["DTMod:StunTrap","DTMod:ExcessFootwork"],"picked":"DTMod:TriAttack","floor":16},{"not_picked":["DTMod:MasterPlan","DTMod:Hide","DTMod:Cover"],"picked":"SKIP","floor":18},{"not_picked":["DTMod:BurningForce","DTMod:BizarreTactic"],"picked":"DTMod:HeadStart","floor":20}],"player_experience":108708,"relics_obtained":[{"floor":9,"key":"Darkstone Periapt"}],"event_choices":[{"damage_healed":0,"gold_gain":0,"player_choice":"Leave","damage_taken":0,"max_hp_gain":0,"max_hp_loss":0,"event_name":"The Cleric","floor":2,"gold_loss":0},{"damage_healed":0,"gold_gain":0,"player_choice":"Cursed","damage_taken":0,"max_hp_gain":0,"max_hp_loss":0,"event_name":"Wheel of Change","floor":3,"gold_loss":0,"cards_obtained":["Decay"]},{"damage_healed":0,"gold_gain":0,"player_choice":"Trade","damage_taken":0,"relics_obtained":["FaceOfCleric"],"max_hp_gain":0,"max_hp_loss":0,"event_name":"FaceTrader","floor":11,"gold_loss":0},{"damage_healed":0,"gold_gain":100,"player_choice":"Pray","damage_taken":0,"max_hp_gain":0,"max_hp_loss":0,"event_name":"Golden Shrine","floor":19,"gold_loss":0}],"is_beta":false,"boss_relics":[{"not_picked":["Velvet Choker","Astrolabe"],"picked":"SlaversCollar"}],"items_purged_floors":[],"is_endless":false,"potions_floor_spawned":[1,5,12,13,20],"killed_by":"Snecko","ascension_level":0}}