{"host":"3yynf0dn84873kbr","time":1607963466,"event":{"mods":["Act Like it!","BaseMod","Koishi","Minty Spire (QoL Compilation)","Prisma Mod","Robot Space Explorer","StSLib","The Alterego","The Dragon Tamer","The Hayseed"],"gold_per_floor":[117,117,130,130,145,173,173,190,215,227,127,127,127,145,145,145,145],"floor_reached":16,"playtime":619,"items_purged":[],"score":102,"play_id":"7836e9b1-0089-4621-ab43-c092f158da87","local_time":"20201215003106","is_ascension_mode":false,"campfire_choices":[{"data":"TheSimpletonMod:ReapAndSow","floor":7,"key":"SMITH"},{"data":"TheSimpletonMod:Pruning","floor":13,"key":"SMITH"},{"data":"TheSimpletonMod:Potatoes","floor":15,"key":"SMITH"}],"circlet_count":0,"master_deck":["TheSimpletonMod:Strike_TheSimpleton","TheSimpletonMod:Strike_TheSimpleton","TheSimpletonMod:Strike_TheSimpleton","TheSimpletonMod:Strike_TheSimpleton","TheSimpletonMod:Defend_TheSimpleton","TheSimpletonMod:Defend_TheSimpleton","TheSimpletonMod:Defend_TheSimpleton","TheSimpletonMod:Defend_TheSimpleton","TheSimpletonMod:Haymaker","TheSimpletonMod:ReapAndSow+1","TheSimpletonMod:SoilSample","TheSimpletonMod:Pruning+1","TheSimpletonMod:PestManagement","TheSimpletonMod:SpiceUp","TheSimpletonMod:Sunchoke","TheSimpletonMod:SpiceUp","TheSimpletonMod:SlashAndBurn","TheSimpletonMod:Fertilaser","TheSimpletonMod:Potatoes+1"],"relics":["TheSimpletonMod:SpudOfTheInnocent","TheSimpletonMod:NightSoil","TheSimpletonMod:TheHarvester","NeowsBlessing","Orichalcum","Regal Pillow"],"acts_visited":["Exordium"],"potions_floor_usage":[8],"damage_taken":[{"damage":0,"enemies":"Cultist","floor":1,"turns":1},{"damage":0,"enemies":"Small Slimes","floor":3,"turns":1},{"damage":0,"enemies":"Jaw Worm","floor":5,"turns":1},{"damage":38,"enemies":"3 Sentries","floor":6,"turns":11},{"damage":15,"enemies":"Exordium Thugs","floor":8,"turns":3},{"damage":12,"enemies":"Lots of Slimes","floor":10,"turns":3},{"damage":12,"enemies":"Exordium Wildlife","floor":14,"turns":3},{"damage":29,"enemies":"The Guardian","floor":16,"turns":4}],"seed_played":"1932269940537213259","potions_obtained":[{"floor":1,"key":"LiquidMemories"},{"floor":8,"key":"Fruit Juice"},{"floor":10,"key":"LiquidBronze"}],"is_trial":false,"path_per_floor":["M","?","M","?","M","E","R","M","T","M","$","?","R","M","R","B"],"character_chosen":"THE_SIMPLETON","items_purchased":["TheSimpletonMod:SlashAndBurn","TheSimpletonMod:Fertilaser"],"campfire_rested":0,"item_purchase_floors":[11,11],"current_hp_per_floor":[75,75,75,75,75,41,41,35,35,27,27,53,53,45,45,20,20],"gold":145,"neow_bonus":"THREE_ENEMY_KILL","is_daily":false,"chose_seed":false,"campfire_upgraded":3,"win_rate":0.0,"timestamp":1607963466,"path_taken":["M","?","M","?","?","E","R","M","T","M","$","?","R","M","R","BOSS"],"items_purchased_type":["Card","Card"],"build_version":"2020-12-13","purchased_purges":0,"victory":false,"max_hp_per_floor":[75,75,75,75,75,75,75,80,80,80,80,80,80,80,80,80,80],"card_choices":[{"not_picked":["TheSimpletonMod:ToughenUp","TheSimpletonMod:Thresh"],"picked":"TheSimpletonMod:SoilSample","floor":1},{"not_picked":["TheSimpletonMod:SoilSample","TheSimpletonMod:Sunchoke"],"picked":"TheSimpletonMod:Pruning","floor":3},{"not_picked":["TheSimpletonMod:ToughenUp","TheSimpletonMod:Sunchoke"],"picked":"TheSimpletonMod:PestManagement","floor":5},{"not_picked":["TheSimpletonMod:ControlledBurn","TheSimpletonMod:Sunseed"],"picked":"TheSimpletonMod:SpiceUp","floor":6},{"not_picked":["TheSimpletonMod:OnionBloom","TheSimpletonMod:Rototilling"],"picked":"TheSimpletonMod:Sunchoke","floor":8},{"not_picked":["TheSimpletonMod:SeedCoat","TheSimpletonMod:Biorefinement"],"picked":"TheSimpletonMod:SpiceUp","floor":10},{"not_picked":["TheSimpletonMod:Rototilling","TheSimpletonMod:Mulch"],"picked":"TheSimpletonMod:Potatoes","floor":14}],"player_experience":110573,"relics_obtained":[{"floor":6,"key":"Orichalcum"},{"floor":9,"key":"Regal Pillow"}],"event_choices":[{"damage_healed":0,"gold_gain":0,"player_choice":"Ignored","damage_taken":0,"max_hp_gain":0,"max_hp_loss":0,"event_name":"Golden Wing","floor":2,"gold_loss":0},{"damage_healed":0,"gold_gain":0,"player_choice":"Ignored","damage_taken":0,"max_hp_gain":0,"max_hp_loss":0,"event_name":"Purifier","floor":4,"gold_loss":0},{"damage_healed":26,"gold_gain":0,"player_choice":"Banana","damage_taken":0,"max_hp_gain":0,"max_hp_loss":0,"event_name":"Big Fish","floor":12,"gold_loss":0}],"is_beta":false,"boss_relics":[],"items_purged_floors":[],"is_endless":false,"potions_floor_spawned":[1,8,10],"killed_by":"The Guardian","ascension_level":0}}