{"host":"g86tzja0f4rljy89","time":1607929214,"event":{"mods":["Bard","BaseMod","Conspire","Hermit","Infinite Spire","Jorbs\u0027s Wanderer Trilogy","Marisa????????","Minty Spire (QoL Compilation)","Remilia??????","Replay The Spire","StSLib","Td1madao Mod","The Cursed","The Hierophant","The Necromancer","The Runesmith","The Servant 0.9.4"],"gold_per_floor":[109,109,135,145,170,170,205,7,33,208,208,221,255,288,288,387,387,413,413,425,452,477,477,111,111,111,140,153,188,216,231,231,331,331,350,377,389,389,419,482,482,277,277,277,277],"floor_reached":44,"playtime":3208,"items_purged":["Strike_W","Doubt","Defend_W","Defend_W"],"score":486,"play_id":"1890ff91-b477-4fd6-bc03-03aa901f0bb3","local_time":"20201214140014","is_ascension_mode":false,"campfire_choices":[{"data":"Summon_Undead_Army","floor":6.0,"key":"SMITH"},{"floor":15.0,"key":"REST"},{"data":"Negative_Energy_Mist","floor":23.0,"key":"SMITH"},{"data":"Skeleton_Dragon","floor":32.0,"key":"SMITH"}],"circlet_count":0,"master_deck":["Strike_W","Strike_W","Defend_W","Negative_Energy_Arrows","Bone_Wall","CurseOfTheBell","Life_Drain","Chill_Blood","Summon_Undead_Army+1","Bone_Armor","Bone_Spikes","Summon_Lich","Bone_Spikes","Bones_to_Steel","Bone_Bullets","Negative_Energy_Sphere","Skeleton_Dragon+1","Bone_Prison","infinitespire:Execution","Negative_Energy_Javelin","Death_March_Dance+1","Negative_Energy_Mist+1","Mayhem","ReplayTheSpireMod:Splinters","Bone_Armor","Hellfire","Bone_Bullets+1","Uncharnel","Summon_Undead+1","Summon_Undead_Army+1","Blood_Magic","Negative_Energy_Javelin+1","Siphon_Strength+1","Life_Tap+1","Scare","Summon_Lich+1","Bone_Armory"],"relics":["Calling Bell","Regal Pillow","Onion Ring","Bird Faced Urn","ReplayTheSpireMod:Ring of Challenge","Bronze Scales","MealTicket","Blood Vial","Honey Jar","Garlic","Velvet Choker","ReplayTheSpireMod:CursedCoin","Mummified Hand","Ornamental Fan","ReplayFunnel","Painkiller Herb","Replay:Mystery Machine","Kunai","conspire:Flyswatter","Counterbalance"],"acts_visited":["Exordium","TheCity","TheBeyond"],"potions_floor_usage":[],"damage_taken":[{"damage":1.0,"enemies":"2 Louse","floor":1.0,"turns":2.0},{"damage":9.0,"enemies":"Small Slimes","floor":3.0,"turns":4.0},{"damage":5.0,"enemies":"Jaw Worm","floor":4.0,"turns":2.0},{"damage":16.0,"enemies":"Large Slime","floor":5.0,"turns":5.0},{"damage":25.0,"enemies":"Gremlin Nob","floor":7.0,"turns":4.0},{"damage":5.0,"enemies":"3 Louse","floor":12.0,"turns":3.0},{"damage":7.0,"enemies":"Blue Slaver","floor":13.0,"turns":3.0},{"damage":7.0,"enemies":"Large Slime","floor":14.0,"turns":4.0},{"damage":53.0,"enemies":"Hexaghost","floor":16.0,"turns":8.0},{"damage":22.0,"enemies":"Chosen","floor":18.0,"turns":5.0},{"damage":12.0,"enemies":"2 Thieves","floor":20.0,"turns":4.0},{"damage":8.0,"enemies":"Snake Plant","floor":21.0,"turns":4.0},{"damage":16.0,"enemies":"conspire:HollyBat","floor":22.0,"turns":9.0},{"damage":5.0,"enemies":"Centurion and Healer","floor":27.0,"turns":4.0},{"damage":6.0,"enemies":"Snake Plant","floor":28.0,"turns":4.0},{"damage":0.0,"enemies":"Cultist and Chosen","floor":29.0,"turns":3.0},{"damage":16.0,"enemies":"conspire:SneckoGhost","floor":30.0,"turns":5.0},{"damage":3.0,"enemies":"3 Cultists","floor":31.0,"turns":4.0},{"damage":49.0,"enemies":"Automaton","floor":33.0,"turns":7.0},{"damage":0,"enemies":"Orb Walker","floor":35,"turns":2},{"damage":56,"enemies":"3 Darklings","floor":36,"turns":4},{"damage":0,"enemies":"Transient","floor":37,"turns":5},{"damage":12,"enemies":"conspire:MimicChest","floor":39,"turns":5},{"damage":64,"enemies":"Spire Growth","floor":44,"turns":4}],"seed_played":"-2794633631988307999","potions_obtained":[{"floor":4.0,"key":"SkillPotion"},{"floor":5.0,"key":"Energy Potion"},{"floor":7.0,"key":"BlessingOfTheForge"},{"floor":21.0,"key":"GamblersBrew"},{"floor":27.0,"key":"Block Potion"},{"floor":28.0,"key":"Toxic Potion"},{"floor":29.0,"key":"Strength Potion"},{"floor":31.0,"key":"SteroidPotion"},{"floor":37,"key":"Milkshake"},{"floor":40,"key":"GamblersBrew"}],"is_trial":false,"path_per_floor":["M","?","M","M","M","R","E","$","T","?","?","M","M","M","R","B",null,"M","AVR","M","M","M","R","$","?","T","M","M","M","E","M","R","B",null,"?","?","?","?","?","?","?","T","T","?"],"character_chosen":"NECROMANCER","items_purchased":["Summon_Lich","Bone_Spikes","Mayhem","ReplayTheSpireMod:CursedCoin","Mummified Hand","Bone_Armory"],"campfire_rested":1,"item_purchase_floors":[8,8,24,24,24,42],"current_hp_per_floor":[74,74,71,72,68,68,51,51,51,51,33,30,27,28,65,24,75,61,61,57,59,59,59,74,74,74,75,75,75,71,72,72,32,75,75,35,43,43,47,29,29,44,44,0,0],"gold":277,"neow_bonus":"BOSS_RELIC","is_daily":false,"chose_seed":false,"campfire_upgraded":3,"win_rate":0.0,"timestamp":1607929214,"path_taken":["M","?","M","M","M","R","E","$","T","?","?","M","M","M","R","BOSS","M","AVR","M","M","M","R","$","?","T","M","M","M","E","M","R","BOSS","?","?","?","?","?","?","?","T","T","?"],"items_purchased_type":["Card","Card","Card","Relic","Relic","Card"],"build_version":"2020-11-29","purchased_purges":4,"victory":false,"max_hp_per_floor":[75,75,75,75,75,75,75,75,75,75,75,75,75,75,75,75,75,75,75,75,75,75,75,75,75,75,75,75,75,75,75,75,75,75,75,75,75,75,75,75,75,75,75,75,75],"card_choices":[{"not_picked":["Negative_Energy_Javelin","Summon_Undead"],"picked":"Life_Drain","floor":1.0},{"not_picked":["Strike_from_Beyond","Shackles_Of_Pain"],"picked":"Chill_Blood","floor":3.0},{"not_picked":["Epidemic","Bone_Spikes"],"picked":"Summon_Undead_Army","floor":4.0},{"not_picked":["Bone_Bullets","Death_Coil"],"picked":"Bone_Armor","floor":5.0},{"not_picked":["Death_Coil","Chill_Blood"],"picked":"Bone_Spikes","floor":7.0},{"not_picked":["Life_Tap","Blood_Shield"],"picked":"Bones_to_Steel","floor":12.0},{"not_picked":["Bone_Spikes","Death_March_Dance"],"picked":"Bone_Bullets","floor":13.0},{"not_picked":["Stop_Heart","Bone_Bullets"],"picked":"Negative_Energy_Sphere","floor":14.0},{"not_picked":["Requiem","Summon_Death_Knight"],"picked":"Skeleton_Dragon","floor":16.0},{"not_picked":["Bone_Spikes","Finger_Of_Death","Corrupt"],"picked":"Bone_Prison","floor":18.0},{"not_picked":["Scare","Shackles_Of_Pain","Toxic_Smoke_Screen"],"picked":"Negative_Energy_Javelin","floor":20.0},{"not_picked":["Scare","Spectral_Armor","Plague_Bolt"],"picked":"Death_March_Dance+1","floor":21.0},{"not_picked":["Consume_Illness","Deaths_Shadow+1","Vampiric_Strike+1"],"picked":"Negative_Energy_Mist","floor":22.0},{"not_picked":["Summon_Undead_Army","Blood_Curse+1","Hellfire"],"picked":"Bone_Bullets+1","floor":27.0},{"not_picked":["Scare+1","Necrotic_Claws+1","Deaths_Shadow+1"],"picked":"Uncharnel","floor":28.0},{"not_picked":["Spectral_Walk","Scare","Bone_Shift"],"picked":"Summon_Undead+1","floor":29.0},{"not_picked":["Bone_Spikes","Bones_to_Steel+1","Stop_Heart"],"picked":"Summon_Undead_Army+1","floor":30.0},{"not_picked":["Death_Coil","Exploit","Siphon_Strength+1"],"picked":"Bone_Bullets","floor":31.0},{"not_picked":["Negative_Energy_Bomb","Reap_The_Weak","Cloudkill"],"picked":"Blood_Magic","floor":33.0},{"not_picked":["Negative_Energy_Mist+1","Uncharnel","Bone_Armor"],"picked":"Negative_Energy_Javelin+1","floor":35},{"not_picked":["Consume_Illness+1","Stop_Heart+1","Negative_Energy_Sphere+1"],"picked":"Siphon_Strength+1","floor":36},{"not_picked":["Plague_Bolt+1","Negative_Energy_Sphere+1","Vampiric_Strike+1"],"picked":"Life_Tap+1","floor":37},{"not_picked":["Siphon_Strength","Necrotic_Claws+1","Negative_Energy_Javelin"],"picked":"Scare","floor":39},{"not_picked":["Bone_Shift","Bone_Armor+1","Deaths_Shadow"],"picked":"Summon_Lich+1","floor":40}],"player_experience":201520,"relics_obtained":[{"floor":0.0,"key":"Regal Pillow"},{"floor":0.0,"key":"Onion Ring"},{"floor":0.0,"key":"Bird Faced Urn"},{"floor":2.0,"key":"ReplayTheSpireMod:Ring of Challenge"},{"floor":7.0,"key":"Bronze Scales"},{"floor":9.0,"key":"MealTicket"},{"floor":26.0,"key":"Ornamental Fan"},{"floor":30.0,"key":"ReplayFunnel"},{"floor":36,"key":"Replay:Mystery Machine"},{"floor":39,"key":"Kunai"},{"floor":40,"key":"conspire:Flyswatter"},{"floor":43,"key":"Counterbalance"}],"event_choices":[{"damage_healed":0.0,"max_hp_gain":0.0,"max_hp_loss":0.0,"gold_gain":175.0,"event_name":"Liars Game","player_choice":"AGREE","floor":10.0,"gold_loss":0.0,"damage_taken":0.0,"cards_obtained":["Doubt"]},{"damage_healed":0.0,"max_hp_gain":0.0,"max_hp_loss":0.0,"gold_gain":0.0,"event_name":"Scrap Ooze","player_choice":"Success","floor":11.0,"gold_loss":0.0,"damage_taken":18.0,"relics_obtained":["Blood Vial"]},{"damage_healed":0.0,"max_hp_gain":0.0,"max_hp_loss":0.0,"gold_gain":0.0,"cards_transformed":["Strike_W","Defend_W"],"event_name":"Drug Dealer","player_choice":"Became Test Subject","floor":25.0,"gold_loss":0.0,"damage_taken":0.0,"cards_obtained":["Bone_Armor","Hellfire"]},{"damage_healed":0,"gold_gain":0,"player_choice":"Leave","damage_taken":0,"max_hp_gain":0,"max_hp_loss":0,"event_name":"conspire:Investor","floor":38,"gold_loss":0},{"cards_removed":["Bone_Bullets"],"damage_healed":0,"gold_gain":0,"player_choice":"Removed Attack","damage_taken":0,"max_hp_gain":0,"max_hp_loss":0,"event_name":"Falling","floor":41,"gold_loss":0}],"is_beta":false,"boss_relics":[{"not_picked":["Replay:Ancient Bell","Ring of Chaos"],"picked":"Honey Jar"},{"not_picked":["conspire:SpecialSausage","ChewingGum"],"picked":"Painkiller Herb"}],"items_purged_floors":[8,19,24,42],"is_endless":false,"potions_floor_spawned":[4,5,7,13,21,27,28,29,31,37],"killed_by":"Spire Growth","ascension_level":0}}