{"host":"ek0z0lqzh47k8ua6","time":1607934487,"event":{"mods":["Act Like it!","BaseMod","Gensokyo","Hubris","Infinite Spire","Koishi","Marisa????????","Mimic Mod","Minty Spire (QoL Compilation)","Prisma Mod","Reimu??????","Remilia??????","StSLib","The Construct","The Mystic","The Servant 0.9.4"],"gold_per_floor":[119,134,145,145,43,76,76,76,100,100,100,138,158,113,113,224,224,247,247,247,256,143,143,143,242,278,294,319,328,328,349,349,451,451,470,470,488,512,612,654,148,148,175,200,243,72,101,110,110,100],"floor_reached":51,"playtime":2487,"items_purged":["Normality","Koishi:SubterraneanRose"],"score":832,"play_id":"679cf4a2-e6e5-43c5-b522-142ee285957f","local_time":"20201214032807","daily_mods":["Heirloom","Time Dilation","Flight"],"is_ascension_mode":false,"campfire_choices":[{"floor":7.0,"key":"REST"},{"data":"Koishi:Catatonia","floor":8.0,"key":"SMITH"},{"floor":11.0,"key":"REST"},{"data":"Koishi:RacingHeart","floor":15.0,"key":"SMITH"},{"floor":23.0,"key":"REST"},{"data":"Koishi:JumpScare","floor":24.0,"key":"SMITH"},{"floor":30.0,"key":"REST"},{"data":"Koishi:SilentAndRestless","floor":32.0,"key":"SMITH"},{"data":"Apotheosis","floor":49,"key":"SMITH"}],"circlet_count":0,"master_deck":["Koishi:BasicStrike","Koishi:BasicStrike","Koishi:BasicStrike","Koishi:BasicDefend","Koishi:BasicDefend","Koishi:BasicDefend","Koishi:BasicDefend","Koishi:Provoke","Koishi:HauntingSlash","Koishi:StingingMind","Koishi:SilentAndRestless+1","Koishi:Catatonia+1","Koishi:StingingMind","Koishi:ImGoingToCallYouNow","Koishi:ParalyzingFear","Koishi:RacingHeart+1","Koishi:RacingHeart+1","Koishi:TerrifyingSpectre+1","Koishi:JumpScare+1","Koishi:StingingMind","Koishi:RuptureMind","Koishi:PredatoryInstincts+1","Koishi:Vanish+1","Koishi:PredatoryInstincts","Koishi:Vanish+1","Koishi:TremblingHands","Apotheosis+1","Koishi:DreadfulBlow","Koishi:VengefulSpirit+1","Koishi:MindNumbingTerror","Wraith"],"relics":["Koishi:ImaginaryFriend","hubris:Potato","infinitespire:FocusingShard","CeramicFish","Pantograph","infinitespire:Beetle Shell","Koishi:ColorfulDays","hubris:VirtuousBlindfold","Du-Vu Doll","Singing Bowl","hubris:TenFootPole","infinitespire:Cupcake","The Courier","Ancient Tea Set","Lantern","SlaversCollar","hubris:ToyBattleship","Oddly Smooth Stone","Koishi:BloodstainedWhiteRose","Mummified Hand"],"acts_visited":["Gensokyo:Gensokyo","TheCity","TheBeyond"],"potions_floor_usage":[50,50],"damage_taken":[{"damage":6.0,"enemies":"Gensokyo:Gryphon","floor":1.0,"turns":4.0},{"damage":4.0,"enemies":"Gensokyo:3_Fairies","floor":2.0,"turns":4.0},{"damage":6.0,"enemies":"Gensokyo:Python","floor":3.0,"turns":3.0},{"damage":20.0,"enemies":"Gensokyo:Cirno","floor":6.0,"turns":8.0},{"damage":24.0,"enemies":"Gensokyo:Aya","floor":12.0,"turns":5.0},{"damage":5.0,"enemies":"Gensokyo:2_Rabbits","floor":13.0,"turns":4.0},{"damage":34.0,"enemies":"Gensokyo:Yukari","floor":16.0,"turns":10.0},{"damage":32.0,"enemies":"Spheric Guardian","floor":18.0,"turns":4.0},{"damage":1.0,"enemies":"3 Byrds","floor":26.0,"turns":6.0},{"damage":4.0,"enemies":"3 Byrds","floor":27.0,"turns":5.0},{"damage":66.0,"enemies":"Slavers","floor":28.0,"turns":7.0},{"damage":5.0,"enemies":"Snake Plant","floor":31.0,"turns":3.0},{"damage":15.0,"enemies":"hubris:MusketHawk","floor":33.0,"turns":6.0},{"damage":8.0,"enemies":"3 Shapes","floor":35.0,"turns":3.0},{"damage":29.0,"enemies":"3 Darklings","floor":37.0,"turns":7.0},{"damage":13.0,"enemies":"Jaw Worm Horde","floor":38.0,"turns":5.0},{"damage":42,"enemies":"Nemesis","floor":40,"turns":9},{"damage":16,"enemies":"Maw","floor":44,"turns":6},{"damage":36,"enemies":"Giant Head","floor":45,"turns":9},{"damage":72,"enemies":"Reptomancer","floor":47,"turns":3},{"damage":39,"enemies":"hubris:GrandSnecko","floor":50,"turns":20}],"seed_played":"-6485328178189642258","potions_obtained":[{"floor":2.0,"key":"ZuzhouPotion:ReiMu"},{"floor":3.0,"key":"DuplicationPotion"},{"floor":13.0,"key":"AttackPotion"},{"floor":18.0,"key":"MagicPotion:ReiMu"},{"floor":31.0,"key":"SkillPotion"},{"floor":35.0,"key":"PowerPotion"}],"is_trial":true,"path_per_floor":["M","M","M","?","$","E","R","R","T","?","R","?","M","$","R","B",null,"M","AVR","?","?","$","R","R","?","MIM","M","E","?","R","M","R","B",null,"M","?","M","M","?","E","$","AVR","T","M","E","$","E","?","R","B",null],"character_chosen":"KOISHI","items_purchased":["Koishi:Catatonia","Koishi:StingingMind","Koishi:RacingHeart","Koishi:StingingMind","Koishi:TremblingHands","Ancient Tea Set","Lantern","Koishi:SubterraneanRose","Apotheosis","Koishi:MindNumbingTerror","Koishi:BloodstainedWhiteRose"],"campfire_rested":4,"item_purchase_floors":[5,5,14,22,41,41,41,41,41,46,46],"current_hp_per_floor":[56,53,52,52,52,32,50,50,50,38,56,50,50,50,50,60,60,35,35,35,35,35,53,53,53,62,64,44,44,63,66,66,68,68,68,68,70,70,70,70,70,70,70,70,70,70,72,72,72,72],"gold":100,"neow_bonus":"","is_daily":false,"chose_seed":false,"campfire_upgraded":5,"win_rate":0.0,"timestamp":1607934487,"path_taken":["M","?","M","?","$","E","R","R","T","?","R","?","?","?","R","BOSS","M","AVR","?","?","$","R","R","?","MIM","M","E","?","R","?","R","BOSS","M","?","?","?","?","E","$","AVR","T","?","E","?","E","?","R","BOSS"],"items_purchased_type":["Card","Card","Card","Card","Card","Relic","Relic","Card","Card","Card","Relic"],"build_version":"2020-12-13","purchased_purges":2,"victory":true,"max_hp_per_floor":[60,60,60,60,60,60,60,60,60,60,60,60,60,60,60,60,60,60,60,60,60,60,60,60,60,62,64,66,66,66,66,66,68,68,68,68,70,70,70,70,70,70,70,70,70,70,72,72,72,72],"card_choices":[{"not_picked":["Koishi:SpiritedAway","Koishi:FleetingPhantom","Koishi:SubterraneanRose"],"picked":"SKIP","floor":1.0},{"not_picked":["Koishi:ReflexRadar","Koishi:Vanish"],"picked":"Koishi:StingingMind","floor":2.0},{"not_picked":["Koishi:TraumaticStroke","Koishi:Prune"],"picked":"Koishi:SilentAndRestless","floor":3.0},{"not_picked":["Koishi:EmbryosDream","Koishi:Jaunt"],"picked":"Koishi:ImGoingToCallYouNow","floor":6.0},{"not_picked":["Koishi:HeartfeltFancy","Koishi:SubconsciousSweep"],"picked":"Koishi:ParalyzingFear","floor":12.0},{"not_picked":["Koishi:UnconsciousUrges","Koishi:UnconsciousUprising"],"picked":"Koishi:RacingHeart","floor":13.0},{"not_picked":["Koishi:Ego","Koishi:PerfectMindControl"],"picked":"Koishi:TerrifyingSpectre","floor":16.0},{"not_picked":["Koishi:BloodcurdlingScream","Koishi:EmbryosDream"],"picked":"Koishi:JumpScare","floor":18.0},{"not_picked":["Koishi:SpiritedAway","Koishi:ReflexRadar","Koishi:IdleWhim"],"picked":"Singing Bowl","floor":26.0},{"not_picked":["Koishi:SubterraneanRose","Koishi:IdleWhim","Koishi:LastRemote"],"picked":"Singing Bowl","floor":27.0},{"not_picked":["Koishi:RollingInRichesHeart","Koishi:UnconsciousUprising+1","Koishi:HeartAttack"],"picked":"Singing Bowl","floor":28.0},{"not_picked":["Koishi:VengefulSpirit","Koishi:EmbersOfLove"],"picked":"Koishi:PredatoryInstincts+1","floor":31.0},{"not_picked":["Koishi:RuptureMind","Koishi:PerfectMindControl","Koishi:MentalBreakdown"],"picked":"Singing Bowl","floor":33.0},{"not_picked":["Koishi:PhantomStrike+1","Koishi:FreudianInstinct"],"picked":"Koishi:Vanish+1","floor":35.0},{"not_picked":["Koishi:StrangeCloudFist+1","Koishi:CatchAndRose+1","Koishi:FleetingPhantom"],"picked":"Singing Bowl","floor":37.0},{"not_picked":["Koishi:PhantomStrike","Koishi:UnconsciousUprising+1"],"picked":"Koishi:PredatoryInstincts","floor":38.0},{"not_picked":["Koishi:FourthEye+1","Koishi:ReflexRadar+1"],"picked":"Koishi:Vanish+1","floor":40},{"not_picked":["Koishi:ReleaseOfTheId+1","Koishi:HeartAttack"],"picked":"Koishi:DreadfulBlow","floor":44},{"not_picked":["Koishi:FadingMemory","Koishi:UnconsciousUprising+1"],"picked":"Koishi:VengefulSpirit+1","floor":45},{"not_picked":["Koishi:Whimsy+1","Koishi:UnconsciousUprising","Koishi:SpiritedAway+1"],"picked":"Singing Bowl","floor":47}],"player_experience":166620,"relics_obtained":[{"floor":6.0,"key":"infinitespire:FocusingShard"},{"floor":9.0,"key":"CeramicFish"},{"floor":12.0,"key":"infinitespire:Beetle Shell"},{"floor":26.0,"key":"Singing Bowl"},{"floor":28.0,"key":"hubris:TenFootPole"},{"floor":40,"key":"The Courier"},{"floor":43,"key":"hubris:ToyBattleship"},{"floor":45,"key":"Oddly Smooth Stone"},{"floor":47,"key":"Mummified Hand"}],"event_choices":[{"damage_healed":0.0,"max_hp_gain":0.0,"max_hp_loss":0.0,"gold_gain":99.0,"event_name":"Nest","player_choice":"Stole From Cult","floor":25.0,"gold_loss":0.0,"damage_taken":0.0},{"damage_healed":0.0,"max_hp_gain":0.0,"max_hp_loss":0.0,"gold_gain":0.0,"cards_transformed":["Koishi:BasicStrike"],"event_name":"Transmorgrifier","player_choice":"Transformed","floor":29.0,"gold_loss":0.0,"damage_taken":0.0,"cards_obtained":["Koishi:RuptureMind"]},{"damage_healed":0.0,"max_hp_gain":0.0,"max_hp_loss":0.0,"gold_gain":0.0,"event_name":"Upgrade Shrine","player_choice":"Upgraded","floor":36.0,"gold_loss":0.0,"damage_taken":0.0,"cards_upgraded":["Koishi:RacingHeart"]},{"damage_healed":0.0,"max_hp_gain":0.0,"max_hp_loss":0.0,"gold_gain":100.0,"event_name":"Golden Shrine","player_choice":"Pray","floor":39.0,"gold_loss":0.0,"damage_taken":0.0},{"damage_healed":0,"gold_gain":0,"player_choice":"Ignored","damage_taken":0,"max_hp_gain":0,"max_hp_loss":0,"event_name":"OrinTheCat","floor":48,"gold_loss":0}],"is_beta":false,"boss_relics":[{"not_picked":["construct:WeddingRing","construct:ClawGrip"],"picked":"Koishi:ColorfulDays"},{"not_picked":["hubris:TerracottaHorce","Fusion Hammer"],"picked":"infinitespire:Cupcake"}],"items_purged_floors":[22,41],"is_endless":false,"potions_floor_spawned":[2,3,13,18,28,31,35,38],"ascension_level":0}}