{"host":"wfuprrvhjp4xs686","time":1607988535,"event":{"mods":["BaseMod","Better Match","Better Skull","Better Third Choice","Minty Spire (QoL Compilation)","Quick Restart","Replay The Spire","Spicy Shops","StSLib","Uncapped","Unceasing Turn Reminder"],"gold_per_floor":[114,114,125,135,145,172,172,203,203,128,128,139,167,182,182,256,256,272,197,211,222,240,274,274,303,303,303,303,321,321,321],"floor_reached":30,"playtime":7432,"items_purged":["Replay:Undeath\u0027s Touch"],"score":684,"play_id":"3d655529-c2bb-4420-a6a2-babeb97cc7e6","local_time":"20201214182855","daily_mods":["SealedDeck","DeadlyEvents","Elite Swarm","Uncertain Future"],"is_ascension_mode":true,"campfire_choices":[{"data":"Rage","floor":7,"key":"SMITH"},{"data":"Dropkick","floor":11,"key":"SMITH"},{"data":"Shrug It Off","floor":15,"key":"SMITH"},{"data":"Inflame","floor":24,"key":"SMITH"},{"data":"Thunderclap","floor":27,"key":"SMITH"}],"circlet_count":0,"master_deck":["AscendersBane","Rage+1","Replay:Undeath\u0027s Touch","Shrug It Off+1","Replay:Undeath\u0027s Touch","Dropkick+1","Whirlwind+1","Thunderclap+1","Ghostly Armor","Inflame+1"],"relics":["Burning Blood","Mummified Hand","Kunai","Ornamental Fan","Anchor","MealTicket","Replay:Mystery Machine"],"acts_visited":["Exordium","TheCity"],"potions_floor_usage":[6,13,16,16,25],"damage_taken":[{"damage":0,"enemies":"2 Louse","floor":1,"turns":3},{"damage":0,"enemies":"Cultist","floor":3,"turns":3},{"damage":0,"enemies":"Jaw Worm","floor":4,"turns":2},{"damage":1,"enemies":"Looter","floor":5,"turns":3},{"damage":0,"enemies":"Gremlin Nob","floor":6,"turns":3},{"damage":2,"enemies":"Lagavulin","floor":8,"turns":4},{"damage":0,"enemies":"2 Fungi Beasts","floor":12,"turns":2},{"damage":7,"enemies":"3 Sentries","floor":13,"turns":6},{"damage":0,"enemies":"3 Louse","floor":14,"turns":2},{"damage":49,"enemies":"Hexaghost","floor":16,"turns":10},{"damage":0,"enemies":"Chosen","floor":18,"turns":7},{"damage":7,"enemies":"Shell Parasite","floor":20,"turns":6},{"damage":0,"enemies":"Centurion and Healer","floor":21,"turns":10},{"damage":0,"enemies":"3 Cultists","floor":22,"turns":5},{"damage":8,"enemies":"Book of Stabbing","floor":23,"turns":6},{"damage":0,"enemies":"Slavers","floor":25,"turns":4},{"damage":4,"enemies":"Sentry and Sphere","floor":29,"turns":6},{"damage":56,"enemies":"Book of Stabbing","floor":30,"turns":7}],"seed_played":"8461627465420366799","potions_obtained":[{"floor":1,"key":"Reflective Coating"},{"floor":8,"key":"Fire Potion"},{"floor":12,"key":"Elixir"},{"floor":14,"key":"Energy Potion"},{"floor":21,"key":"PowerPotion"},{"floor":29,"key":"SteroidPotion"}],"is_trial":true,"path_per_floor":["M","?","M","M","M","E","R","E","T","$","R","M","E","M","R","B",null,"M","?","M","M","M","E","R","E","T","R","?","M","E"],"character_chosen":"IRONCLAD","items_purchased":[],"campfire_rested":0,"item_purchase_floors":[],"current_hp_per_floor":[74,74,75,75,75,75,75,75,75,75,75,75,74,75,75,32,64,70,70,69,75,75,73,73,75,75,75,54,56,0,0],"gold":321,"neow_bonus":"","is_daily":false,"chose_seed":false,"campfire_upgraded":5,"win_rate":0.0,"timestamp":1607988535,"path_taken":["M","?","?","M","M","E","R","?","T","$","R","M","E","M","R","BOSS","M","?","M","M","M","E","R","E","T","R","?","?","E"],"items_purchased_type":[],"build_version":"2020-12-13","purchased_purges":1,"victory":false,"max_hp_per_floor":[75,75,75,75,75,75,75,75,75,75,75,75,75,75,75,75,75,75,75,75,75,75,75,75,75,75,75,80,80,80,80],"card_choices":[{"not_picked":["Replay:Undeath\u0027s Touch","Heavy Blade","Sword Boomerang"],"picked":"SKIP","floor":1},{"not_picked":["Clash","Perfected Strike","Body Slam"],"picked":"SKIP","floor":3},{"not_picked":["Iron Wave","Shrug It Off","Cleave"],"picked":"SKIP","floor":4},{"not_picked":["Twin Strike","Entrench","Body Slam"],"picked":"SKIP","floor":5},{"not_picked":["Offering","Feed","Immolate"],"picked":"SKIP","floor":6},{"not_picked":["Reaper","Fiend Fire","Exhume"],"picked":"SKIP","floor":8},{"not_picked":["Run Through","Flex","Combust"],"picked":"SKIP","floor":12},{"not_picked":["Demon Form","Bludgeon","Fiend Fire"],"picked":"SKIP","floor":13},{"not_picked":["Clothesline","Life Link","Havoc"],"picked":"SKIP","floor":14},{"not_picked":["Headbutt","Run Through","Life Link+1"],"picked":"SKIP","floor":18},{"not_picked":["Anger","Heavy Blade","Armaments"],"picked":"SKIP","floor":20},{"not_picked":["Clash","ReplayTheSpireMod:LeadingStrike","Searing Blow"],"picked":"SKIP","floor":21},{"not_picked":["Sword Boomerang","Dark Embrace"],"picked":"Inflame","floor":22},{"not_picked":["Double Tap","Feed","Bludgeon"],"picked":"SKIP","floor":23},{"not_picked":["Double Tap","Berserk","Eclipse"],"picked":"SKIP","floor":25},{"not_picked":["Heavy Blade+1","True Grit","Iron Wave"],"picked":"SKIP","floor":29}],"player_experience":2293411,"relics_obtained":[{"floor":6,"key":"Mummified Hand"},{"floor":9,"key":"Kunai"},{"floor":13,"key":"Ornamental Fan"},{"floor":23,"key":"Anchor"},{"floor":25,"key":"MealTicket"},{"floor":26,"key":"Replay:Mystery Machine"}],"event_choices":[{"damage_healed":0,"gold_gain":0,"player_choice":"Forge","damage_taken":0,"max_hp_gain":0,"max_hp_loss":0,"event_name":"Accursed Blacksmith","floor":2,"gold_loss":0,"cards_upgraded":["Whirlwind"]},{"cards_removed":["Replay:Undeath\u0027s Touch"],"damage_healed":0,"gold_gain":0,"player_choice":"Gave Gold","damage_taken":0,"max_hp_gain":0,"max_hp_loss":0,"event_name":"Beggar","floor":19,"gold_loss":75},{"damage_healed":0,"gold_gain":0,"player_choice":"Shed Blood","damage_taken":26,"max_hp_gain":5,"max_hp_loss":0,"event_name":"Forgotten Altar","floor":28,"gold_loss":0}],"is_beta":false,"boss_relics":[{"not_picked":["ReplayTheSpireMod:DimensionalGlitch","Replay:Bronze Core","Replay:Drink Me"]}],"items_purged_floors":[10],"is_endless":true,"potions_floor_spawned":[1,8,12,14,21,29],"killed_by":"Book of Stabbing","ascension_level":20}}