{"host":"uv231blk40vjdojr","time":1607976948,"event":{"mods":["BaseMod","Minty Spire (QoL Compilation)","Relic Stats"],"gold_per_floor":[120,59,88,97,121,121,158,158,207,216,230,255,18,62,62,145,145,158,158,187,201,211,211,211,211],"floor_reached":24,"playtime":1010,"items_purged":["Regret"],"score":374,"play_id":"282ec9da-847f-41a1-91f4-20da1141af03","local_time":"20201214211548","is_ascension_mode":true,"campfire_choices":[{"data":"Chaos","floor":6.0,"key":"SMITH"},{"data":"Coolheaded","floor":8.0,"key":"SMITH"},{"floor":15,"key":"REST"},{"data":"Fission","floor":23,"key":"SMITH"}],"circlet_count":0,"master_deck":["AscendersBane","Strike_B","Strike_B","Strike_B","Defend_B","Defend_B","Defend_B","Defend_B","Zap","Dualcast","CurseOfTheBell","Melter","Go for the Eyes","Compile Driver","Chaos+1","Steam","Coolheaded+1","Machine Learning","Doom and Gloom","Echo Form","Fission+1","Coolheaded+1"],"relics":["Calling Bell","CeramicFish","HornCleat","Peace Pipe","Blood Vial","Orichalcum","Centennial Puzzle","ClockworkSouvenir","Singing Bowl","Sozu"],"acts_visited":["Exordium","TheCity"],"potions_floor_usage":[14,16],"damage_taken":[{"damage":8.0,"enemies":"2 Louse","floor":1.0,"turns":3.0},{"damage":0.0,"enemies":"Cultist","floor":3.0,"turns":3.0},{"damage":3.0,"enemies":"Jaw Worm","floor":5.0,"turns":3.0},{"damage":20.0,"enemies":"Gremlin Nob","floor":7.0,"turns":4.0},{"damage":21.0,"enemies":"Exordium Wildlife","floor":11.0,"turns":4.0},{"damage":9.0,"enemies":"Blue Slaver","floor":12.0,"turns":4.0},{"damage":4,"enemies":"3 Sentries","floor":14,"turns":4},{"damage":10,"enemies":"Hexaghost","floor":16,"turns":9},{"damage":19,"enemies":"2 Thieves","floor":18,"turns":4},{"damage":0,"enemies":"Spheric Guardian","floor":20,"turns":4},{"damage":16,"enemies":"Snake Plant","floor":21,"turns":5},{"damage":24,"enemies":"Cultist and Chosen","floor":22,"turns":7},{"damage":16,"enemies":"Book of Stabbing","floor":24,"turns":5}],"seed_played":"4980042137814291115","potions_obtained":[{"floor":3.0,"key":"Dexterity Potion"},{"floor":11.0,"key":"Explosive Potion"}],"is_trial":false,"path_per_floor":["M","$","M","?","M","R","E","R","T","?","M","M","$","E","R","B",null,"M","?","M","M","M","R","E"],"character_chosen":"DEFECT","items_purchased":["Go for the Eyes","Compile Driver","ClockworkSouvenir"],"campfire_rested":1,"item_purchase_floors":[2,2,13],"current_hp_per_floor":[56,56,56,56,53,53,33,33,33,33,14,7,7,5,26,18,58,43,43,45,33,13,13,0,0],"gold":211,"neow_bonus":"BOSS_RELIC","is_daily":false,"chose_seed":false,"campfire_upgraded":3,"win_rate":0.0,"timestamp":1607976948,"path_taken":["M","$","M","?","?","R","E","R","T","?","M","M","?","E","R","BOSS","M","?","M","M","M","R","E"],"items_purchased_type":["Card","Card","Relic"],"build_version":"2020-12-13","purchased_purges":1,"victory":false,"max_hp_per_floor":[71,71,71,71,71,71,71,71,71,71,71,71,71,71,71,71,71,73,73,73,75,77,77,77,77],"relic_stats":{"Peace Pipe":0,"Blood Vial":18,"Sozu":1,"Centennial Puzzle":[24],"Singing Bowl":6,"counters":[13,59],"CeramicFish":108,"Orichalcum":[84],"obtain_stats":[{"Calling Bell":0,"Peace Pipe":0,"Blood Vial":7,"Sozu":17,"Centennial Puzzle":10,"HornCleat":0,"Singing Bowl":14,"CeramicFish":0,"Orichalcum":9,"Cracked Core":0,"ClockworkSouvenir":13},{"Calling Bell":0,"Peace Pipe":0,"Blood Vial":4,"Sozu":8,"Centennial Puzzle":4,"HornCleat":0,"Singing Bowl":7,"CeramicFish":0,"Orichalcum":4,"Cracked Core":0,"ClockworkSouvenir":6},{"Calling Bell":0,"Peace Pipe":0,"Blood Vial":13,"Sozu":34,"Centennial Puzzle":13,"HornCleat":0,"Singing Bowl":25,"CeramicFish":0,"Orichalcum":13,"Cracked Core":0,"ClockworkSouvenir":21}]},"card_choices":[{"not_picked":["Rip and Tear","Hello World"],"picked":"Melter","floor":1.0},{"not_picked":["Capacitor","Streamline"],"picked":"Chaos","floor":3.0},{"not_picked":["Turbo","Compile Driver"],"picked":"Coolheaded","floor":5.0},{"not_picked":["Meteor Strike","Redo"],"picked":"Machine Learning","floor":7.0},{"not_picked":["Coolheaded","Rebound","Gash"],"picked":"SKIP","floor":11.0},{"not_picked":["Leap","Turbo"],"picked":"Doom and Gloom","floor":12.0},{"not_picked":["Aggregate","Gash"],"picked":"Echo Form","floor":14},{"not_picked":["All For One","Buffer"],"picked":"Fission","floor":16},{"not_picked":["Static Discharge","Stack","Cold Snap"],"picked":"Singing Bowl","floor":18},{"not_picked":["Melter","Beam Cell"],"picked":"Coolheaded+1","floor":20},{"not_picked":["Go for the Eyes","Gash","Conserve Battery"],"picked":"Singing Bowl","floor":21},{"not_picked":["Gash","Streamline","Steam"],"picked":"Singing Bowl","floor":22}],"player_experience":480363,"relics_obtained":[{"floor":0.0,"key":"CeramicFish"},{"floor":0.0,"key":"HornCleat"},{"floor":0.0,"key":"Peace Pipe"},{"floor":7.0,"key":"Blood Vial"},{"floor":9.0,"key":"Orichalcum"},{"floor":14,"key":"Singing Bowl"}],"event_choices":[{"damage_healed":0.0,"max_hp_gain":0.0,"max_hp_loss":0.0,"gold_gain":0.0,"cards_transformed":["Strike_B"],"event_name":"Transmorgrifier","player_choice":"Transformed","floor":4.0,"gold_loss":0.0,"damage_taken":0.0,"cards_obtained":["Steam"]},{"damage_healed":0.0,"max_hp_gain":0.0,"max_hp_loss":0.0,"gold_gain":0.0,"event_name":"Big Fish","player_choice":"Box","floor":10.0,"gold_loss":0.0,"damage_taken":0.0,"relics_obtained":["Centennial Puzzle"],"cards_obtained":["Regret"]},{"damage_healed":0,"gold_gain":0,"player_choice":"Ignored","damage_taken":0,"max_hp_gain":0,"max_hp_loss":0,"event_name":"The Mausoleum","floor":19,"gold_loss":0}],"is_beta":false,"boss_relics":[{"not_picked":["SlaversCollar","Astrolabe"],"picked":"Sozu"}],"items_purged_floors":[13],"is_endless":false,"potions_floor_spawned":[3,11,22],"killed_by":"Book of Stabbing","ascension_level":16}}