{"host":"3mdjmozz5rahgtdc","time":1607941641,"event":{"mods":["AchievementEnabler","BaseMod","Better Silent Start","Better-Laid Plans","Colored Map","Colored Powertips","Custom Start","DeckTracker","KOR Keyword Fix","Minty Spire (QoL Compilation)","Permanent Neow","Quick Restart","StSLib","SuperFastMode"],"gold_per_floor":[115,129,143,156,175,204,204,204,204],"floor_reached":8,"playtime":213,"items_purged":[],"score":72,"play_id":"dc8a1a7f-3e6c-44bb-80be-27beac77bd22","local_time":"20201214192721","is_ascension_mode":true,"campfire_choices":[{"floor":7,"key":"REST"}],"circlet_count":0,"master_deck":["Strike_P","Strike_P","Strike_P","Strike_P","Defend_P","Defend_P","Defend_P","Defend_P","Eruption+1","Vigilance","EmptyFist","Devotion","BowlingBash"],"relics":["PureWater","Du-Vu Doll"],"acts_visited":["Exordium"],"potions_floor_usage":[6],"damage_taken":[{"damage":0,"enemies":"Cultist","floor":1,"turns":3},{"damage":4,"enemies":"Jaw Worm","floor":2,"turns":3},{"damage":7,"enemies":"Small Slimes","floor":3,"turns":3},{"damage":14,"enemies":"2 Fungi Beasts","floor":4,"turns":3},{"damage":17,"enemies":"Lots of Slimes","floor":5,"turns":4},{"damage":22,"enemies":"Lagavulin","floor":6,"turns":6},{"damage":32,"enemies":"Gremlin Nob","floor":8,"turns":3}],"seed_played":"9027895558042262729","potions_obtained":[{"floor":2,"key":"ColorlessPotion"}],"is_trial":false,"path_per_floor":["M","M","M","M","M","E","R","E"],"character_chosen":"WATCHER","items_purchased":[],"campfire_rested":1,"item_purchase_floors":[],"current_hp_per_floor":[72,68,61,47,30,8,29,0,0],"gold":204,"neow_bonus":"UPGRADE_CARD","is_daily":false,"chose_seed":false,"campfire_upgraded":0,"win_rate":0.0,"timestamp":1607941641,"path_taken":["M","M","M","M","M","E","R","E"],"items_purchased_type":[],"build_version":"2020-12-13","purchased_purges":0,"victory":false,"max_hp_per_floor":[72,72,72,72,72,72,72,72,72],"card_choices":[{"not_picked":["EmptyBody","SignatureMove","JustLucky"],"picked":"SKIP","floor":1},{"not_picked":["EmptyBody","FlyingSleeves"],"picked":"EmptyFist","floor":2},{"not_picked":["FollowUp","FlyingSleeves"],"picked":"Devotion","floor":3},{"not_picked":["Consecrate","FlurryOfBlows"],"picked":"BowlingBash","floor":4},{"not_picked":["PathToVictory","SignatureMove","ForeignInfluence"],"picked":"SKIP","floor":5},{"not_picked":["PathToVictory","SignatureMove","ForeignInfluence"],"picked":"SKIP","floor":5},{"not_picked":["ClearTheMind","EmptyFist","Omniscience"],"picked":"SKIP","floor":6}],"player_experience":278677,"relics_obtained":[{"floor":6,"key":"Du-Vu Doll"}],"event_choices":[],"is_beta":false,"boss_relics":[],"items_purged_floors":[],"is_endless":false,"potions_floor_spawned":[2],"killed_by":"Gremlin Nob","ascension_level":4}}