{"host":"w4b7hmige5bnqipq","time":1607955234,"event":{"mods":["BaseMod","Minty Spire (QoL Compilation)","Rare Cards Sparkle","SuperFastMode","everything is the same but u backflip on backflip","slay the spire mod where everything is the same but ironclad has a cowboy hat"],"gold_per_floor":[114,127,127,127,52,93,93,116,116,116,160,174,188,222,222,311,311,325,240,209,19,19,53,66,66,66],"floor_reached":25,"playtime":2123,"items_purged":["Strike_R"],"score":464,"play_id":"1f7f3850-855c-4eba-a0fd-7a1473b62afb","local_time":"20201214221354","is_ascension_mode":true,"campfire_choices":[{"data":"Pommel Strike","floor":10.0,"key":"SMITH"},{"data":"Fiend Fire","floor":15.0,"key":"SMITH"}],"circlet_count":0,"master_deck":["AscendersBane","Strike_R","Strike_R","Strike_R","Strike_R","Defend_R","Defend_R","Defend_R","Defend_R","Bash","Pommel Strike+1","Power Through","Metallicize","Seeing Red","Headbutt+1","Dropkick+1","Fiend Fire+1","Corruption","Flex","Inflame","Barricade","Shrug It Off"],"relics":["Burning Blood","NeowsBlessing","Golden Idol","Pear","MealTicket","PreservedInsect","TungstenRod","Black Star","Mummified Hand","Vajra","Juzu Bracelet","Whetstone"],"acts_visited":["Exordium","TheCity"],"potions_floor_usage":[23],"damage_taken":[{"damage":0.0,"enemies":"2 Louse","floor":1.0,"turns":1.0},{"damage":0.0,"enemies":"Jaw Worm","floor":2.0,"turns":1.0},{"damage":0.0,"enemies":"Gremlin Nob","floor":6.0,"turns":1.0},{"damage":0.0,"enemies":"Small Slimes","floor":8.0,"turns":4.0},{"damage":30.0,"enemies":"3 Sentries","floor":11.0,"turns":14.0},{"damage":8.0,"enemies":"3 Louse","floor":12.0,"turns":6.0},{"damage":15.0,"enemies":"Red Slaver","floor":13.0,"turns":3.0},{"damage":5.0,"enemies":"Gremlin Nob","floor":14.0,"turns":4.0},{"damage":22.0,"enemies":"Slime Boss","floor":16.0,"turns":12.0},{"damage":0.0,"enemies":"Chosen","floor":18.0,"turns":2.0},{"damage":23,"enemies":"2 Thieves","floor":20,"turns":5},{"damage":35,"enemies":"Gremlin Leader","floor":23,"turns":8},{"damage":31,"enemies":"Snecko","floor":24,"turns":6},{"damage":27,"enemies":"Book of Stabbing","floor":25,"turns":4}],"seed_played":"8327044392463688224","potions_obtained":[{"floor":2.0,"key":"AttackPotion"},{"floor":11.0,"key":"Weak Potion"},{"floor":14.0,"key":"SteroidPotion"},{"floor":18.0,"key":"SteroidPotion"}],"is_trial":false,"path_per_floor":["M","M","?","?","$","E","?","M","T","R","E","M","M","E","R","B",null,"M","?","M","$","?","E","M","E"],"character_chosen":"IRONCLAD","items_purchased":["Vajra","Inflame"],"campfire_rested":0,"item_purchase_floors":[21,21],"current_hp_per_floor":[78,80,60,45,45,51,56,62,62,62,38,36,27,28,28,12,74,80,80,63,78,78,49,24,0,0],"gold":66,"neow_bonus":"THREE_ENEMY_KILL","is_daily":false,"chose_seed":false,"campfire_upgraded":2,"win_rate":0.0,"timestamp":1607955234,"path_taken":["M","M","?","?","$","E","?","M","T","R","E","M","M","E","R","BOSS","M","?","M","$","?","E","M","E"],"items_purchased_type":["Relic","Card"],"build_version":"2020-12-13","purchased_purges":1,"victory":false,"max_hp_per_floor":[80,80,80,90,90,90,95,95,95,95,95,95,95,95,95,95,95,95,95,95,95,95,95,95,95,95],"card_choices":[{"not_picked":["Headbutt","Anger"],"picked":"Pommel Strike","floor":1.0},{"not_picked":["Body Slam","Warcry"],"picked":"Power Through","floor":2.0},{"not_picked":["Flame Barrier","Pommel Strike"],"picked":"Metallicize","floor":6.0},{"not_picked":["Headbutt","Pommel Strike"],"picked":"Seeing Red","floor":8.0},{"not_picked":["Metallicize","Reckless Charge","Clothesline"],"picked":"SKIP","floor":11.0},{"not_picked":["Intimidate","Sword Boomerang"],"picked":"Headbutt","floor":12.0},{"not_picked":["Clothesline","Perfected Strike"],"picked":"Dropkick","floor":13.0},{"not_picked":["Headbutt","Battle Trance"],"picked":"Fiend Fire","floor":14.0},{"not_picked":["Feed","Barricade"],"picked":"Corruption","floor":16.0},{"not_picked":["Wild Strike","Entrench"],"picked":"Flex","floor":18.0},{"not_picked":["Perfected Strike","Clothesline","Sword Boomerang"],"picked":"SKIP","floor":20},{"not_picked":["Flex","Perfected Strike"],"picked":"Barricade","floor":23},{"not_picked":["Twin Strike","Anger+1"],"picked":"Shrug It Off","floor":24}],"player_experience":390877,"relics_obtained":[{"floor":6.0,"key":"MealTicket"},{"floor":11.0,"key":"PreservedInsect"},{"floor":14.0,"key":"TungstenRod"},{"floor":23,"key":"Juzu Bracelet"},{"floor":23,"key":"Whetstone"}],"event_choices":[{"damage_healed":0.0,"max_hp_gain":0.0,"max_hp_loss":0.0,"gold_gain":0.0,"event_name":"Golden Idol","player_choice":"Take Damage","floor":3.0,"gold_loss":0.0,"damage_taken":20.0,"relics_obtained":["Golden Idol"]},{"damage_healed":0.0,"max_hp_gain":0.0,"max_hp_loss":0.0,"gold_gain":0.0,"event_name":"Scrap Ooze","player_choice":"Success","floor":4.0,"gold_loss":0.0,"damage_taken":25.0,"relics_obtained":["Pear"]},{"damage_healed":0.0,"max_hp_gain":5.0,"max_hp_loss":0.0,"gold_gain":0.0,"event_name":"Big Fish","player_choice":"Donut","floor":7.0,"gold_loss":0.0,"damage_taken":0.0},{"damage_healed":0.0,"max_hp_gain":0.0,"max_hp_loss":0.0,"gold_gain":0.0,"event_name":"Addict","player_choice":"Obtained Relic","floor":19.0,"gold_loss":85.0,"damage_taken":0.0,"relics_obtained":["Mummified Hand"]},{"damage_healed":0,"gold_gain":0,"player_choice":"Ignored","damage_taken":0,"max_hp_gain":0,"max_hp_loss":0,"event_name":"Vampires","floor":22,"gold_loss":0}],"is_beta":false,"boss_relics":[{"not_picked":["Runic Pyramid","Empty Cage"],"picked":"Black Star"}],"items_purged_floors":[5],"is_endless":false,"potions_floor_spawned":[2,11,14,18],"killed_by":"Book of Stabbing","ascension_level":13}}