{"host":"17xjy7b7ubl548g2","time":1607919248,"event":{"mods":["2.2 Compatiblity","Act Like it!","Aspiration","Astrologer","Bard","BaseMod","Bestiary","Challenge The Spire","ChefMod","Colored Map","Conspire","Elementarium","Energized Spire","GifTheSpireLib","Halation","Hallownest","Hermit","Hubris","Infinite Spire","Jedi Mod","Jorbs\u0027s Wanderer Trilogy","Marisa（霧雨　魔理沙）","Marked Mod","Minty Spire (QoL Compilation)","Pale of the Ancients","Permanent Neow","Puzzle Mod","Replay The Spire","Robot Space Explorer","Spicy Shops","StSLib","Stuff the Spire","The Blue Laboratory","The Bug Knight","The Construct","The Disciple","The Hayseed","The Hierophant","The Runesmith","The Sage"],"gold_per_floor":[114,114,126,126,140,140,171,171,171,171,206,29,29,29,29,100,100,100,100,100,0,0,0,0,0,0,0,0,0,0,0,0,0,0,0,0,0,0,0,0,0,0,0,0,0,0,0,0,0,0],"floor_reached":51,"playtime":6814,"items_purged":["Shame","Strike_G","Strike_G"],"score":1241,"play_id":"56da59ec-68bf-4ef1-ae38-aa5166be86a4","local_time":"20201213231408","is_ascension_mode":true,"campfire_choices":[{"data":"StuffTheSpire:Innocence","floor":6.0,"key":"SMITH"},{"data":"Cloak And Dagger","floor":8.0,"key":"SMITH"},{"data":"Caltrops","floor":13.0,"key":"SMITH"},{"data":"Dash","floor":15.0,"key":"SMITH"},{"data":"Malaise","floor":23.0,"key":"SMITH"},{"data":"Dodge and Roll","floor":27.0,"key":"SMITH"},{"data":"infinitespire:Punishment","floor":30.0,"key":"SMITH"},{"data":"jedi:pocketpoison","floor":32.0,"key":"SMITH"},{"data":"Envenom","floor":36,"key":"SMITH"},{"data":"StuffTheSpire:Repulse","floor":40,"key":"SMITH"},{"floor":45,"key":"REST"},{"data":"Draining Mist","floor":47,"key":"SMITH"},{"data":"Flechettes","floor":49,"key":"SMITH"}],"circlet_count":0,"master_deck":["AscendersBane","Strike_G","Strike_G","Strike_G","Defend_G","Defend_G","Defend_G","Defend_G","Defend_G","Survivor","Neutralize+1","Flechettes+1","StuffTheSpire:Innocence+1","Caltrops+1","Cloak And Dagger+1","Slice","Dash+1","Malaise+1","Noxious Fumes+1","jedi:pocketpoison+1","Dash","Backflip","Dodge and Roll+1","Pot Of Greed","Pot Of Greed","Pot Of Greed","Dodge and Roll+1","infinitespire:Punishment+1","Envenom+1","CurseOfTheBell","StuffTheSpire:Repulse+1","Deadly Poison","ReplayTheSpireMod:Speed Training","Backflip","Backflip+1","Draining Mist+1"],"relics":["jedi:ghostblades","hubris:Zylophone","Sizzling Blood","jedi:arcanewood","White Beast Statue","Ectoplasm","aspiration:FetidBarrel","Grinning Jar","Smiling Mask","hubris:Backtick","hubris:CuriousFeather","Calling Bell","Happy Flower","hubris:TinFlute","halation:EternalFortune","Snake Skull","Replay:Bottled Steam","CatCart","Snack Pack","Centennial Puzzle"],"acts_visited":["Exordium","TheCity","TheBeyond"],"potions_floor_usage":[35,39,41,42,44,46,50],"damage_taken":[{"damage":5.0,"enemies":"Cultist","floor":1.0,"turns":5.0},{"damage":0.0,"enemies":"2 Louse","floor":3.0,"turns":2.0},{"damage":0.0,"enemies":"Small Slimes","floor":5.0,"turns":3.0},{"damage":9.0,"enemies":"Replay:BlueRogue","floor":7.0,"turns":8.0},{"damage":21.0,"enemies":"Lagavulin","floor":11.0,"turns":8.0},{"damage":12.0,"enemies":"Hexaghost","floor":16.0,"turns":10.0},{"damage":7.0,"enemies":"Chosen","floor":18.0,"turns":5.0},{"damage":4.0,"enemies":"3 Byrds","floor":19.0,"turns":5.0},{"damage":0.0,"enemies":"Sentry and Sphere","floor":22.0,"turns":4.0},{"damage":13.0,"enemies":"Book of Stabbing","floor":24.0,"turns":7.0},{"damage":0.0,"enemies":"conspire:HollyBat","floor":25.0,"turns":7.0},{"damage":1.0,"enemies":"conspire:SneckoGhost","floor":28.0,"turns":6.0},{"damage":32.0,"enemies":"hubris:MusketHawk","floor":33.0,"turns":8.0},{"damage":0,"enemies":"3 Shapes","floor":35,"turns":5},{"damage":7,"enemies":"3 Darklings","floor":39,"turns":4},{"damage":6,"enemies":"R_Hoarder","floor":41,"turns":5},{"damage":46,"enemies":"Orin","floor":42,"turns":8},{"damage":0,"enemies":"Writhing Mass","floor":44,"turns":5},{"damage":18,"enemies":"Reptomancer","floor":46,"turns":4},{"damage":68,"enemies":"Time Eater","floor":50,"turns":9}],"seed_played":"2432723822573822670","potions_obtained":[{"floor":3.0,"key":"blueLaboratory:BottledHope"},{"floor":16.0,"key":"blueLaboratory:AbyssPotion"},{"floor":18.0,"key":"FairyPotion"},{"floor":19.0,"key":"SpeedPotion"},{"floor":22.0,"key":"blueLaboratory:FruitPunch"},{"floor":24.0,"key":"blueLaboratory:BlinkPotion"},{"floor":25.0,"key":"blueLaboratory:EnvenomedCoating"},{"floor":28.0,"key":"blueLaboratory:FrostheartPotion"},{"floor":33.0,"key":"EssenceOfSteel"},{"floor":35,"key":"AttackPotion"},{"floor":39,"key":"Strength Potion"},{"floor":41,"key":"blueLaboratory:BubblePotion"},{"floor":42,"key":"Weak Potion"},{"floor":44,"key":"CunningPotion"},{"floor":46,"key":"ColorlessPotion"}],"is_trial":false,"path_per_floor":["M","?","M","?","M","R","E","R","T","?","E","$","R","$","R","B",null,"M","M","?","$","M","R","E","M","T","R","E","AVR","R","?","R","B",null,"M","R","?","?","M","R","E","?","T","M","R","E","R","$","R","B",null],"character_chosen":"THE_SILENT","items_purchased":["White Beast Statue"],"campfire_rested":1,"item_purchase_floors":[12],"current_hp_per_floor":[54,44,44,44,44,44,35,35,35,39,22,22,22,22,22,14,56,53,53,53,53,57,57,50,54,54,54,57,57,57,57,57,29,61,65,65,68,48,45,45,43,26,26,33,56,50,50,50,50,36],"gold":0,"neow_bonus":"UPGRADE_CARD","is_daily":false,"chose_seed":false,"campfire_upgraded":12,"win_rate":0.0,"timestamp":1607919248,"path_taken":["M","?","M","?","M","R","E","R","T","?","E","$","R","$","R","BOSS","M","M","?","$","M","R","E","?","T","R","E","AVR","R","?","R","BOSS","M","?","?","?","?","R","E","?","T","?","R","E","R","$","R","BOSS"],"items_purchased_type":["Relic"],"build_version":"2020-12-13","purchased_purges":3,"victory":true,"max_hp_per_floor":[66,66,66,66,66,66,66,66,66,70,70,70,70,70,70,70,70,70,70,70,70,70,70,72,72,72,72,72,72,72,72,72,72,72,72,72,75,75,75,75,75,75,75,78,78,78,78,78,78,78],"card_choices":[{"not_picked":["Heel Hook","Tactician"],"picked":"Flechettes","floor":1.0},{"not_picked":["StuffTheSpire:MirrorStance","StuffTheSpire:Python"],"picked":"Caltrops","floor":3.0},{"not_picked":["Crippling Poison","StuffTheSpire:ClusterCrunch"],"picked":"Cloak And Dagger","floor":5.0},{"not_picked":["Deflect","hubris:SlightOfHand"],"picked":"Slice","floor":7.0},{"not_picked":["ReplayTheSpireMod:Necrosis","StuffTheSpire:Injection"],"picked":"Dash","floor":11.0},{"not_picked":["jedi:studyshivs","Phantasmal Killer"],"picked":"Malaise","floor":16.0},{"not_picked":["Bane+1","StuffTheSpire:Incursion"],"picked":"Noxious Fumes+1","floor":18.0},{"not_picked":["jedi:collectorvenom","StuffTheSpire:ClusterCrunch"],"picked":"jedi:pocketpoison","floor":19.0},{"not_picked":["StuffTheSpire:BumpUp","Flying Knee+1"],"picked":"Dash","floor":22.0},{"not_picked":["StuffTheSpire:Python","jedi:pocketpoison"],"picked":"Backflip","floor":24.0},{"not_picked":["ReplayTheSpireMod:Exploit Weakness+1","Prepared"],"picked":"Dodge and Roll","floor":25.0},{"not_picked":["Underhanded Strike","conspire:DoublingDagger"],"picked":"Dodge and Roll","floor":28.0},{"not_picked":["Unload","infinitespire:Neurotoxin"],"picked":"Envenom","floor":33.0},{"not_picked":["StuffTheSpire:Injection","Eviscerate+1"],"picked":"StuffTheSpire:Repulse","floor":35},{"not_picked":["ReplayTheSpireMod:Necrosis","Cloak And Dagger"],"picked":"Deadly Poison","floor":39},{"not_picked":["Acrobatics","jedi:pocketpoison"],"picked":"ReplayTheSpireMod:Speed Training","floor":41},{"not_picked":["Dodge and Roll","StuffTheSpire:Incantation"],"picked":"Backflip","floor":42},{"not_picked":["Quick Slash","Dash+1"],"picked":"Backflip+1","floor":44},{"not_picked":["Phantasmal Killer","Blade Dance"],"picked":"Draining Mist","floor":46}],"player_experience":1545623,"relics_obtained":[{"floor":7.0,"key":"jedi:ghostblades"},{"floor":9.0,"key":"hubris:Zylophone"},{"floor":11.0,"key":"jedi:arcanewood"},{"floor":24.0,"key":"aspiration:FetidBarrel"},{"floor":26.0,"key":"Grinning Jar"},{"floor":28.0,"key":"Smiling Mask"},{"floor":34.0,"key":"Happy Flower"},{"floor":34.0,"key":"hubris:TinFlute"},{"floor":41,"key":"Replay:Bottled Steam"},{"floor":42,"key":"CatCart"},{"floor":43,"key":"Snack Pack"},{"floor":44,"key":"halation:EternalFortune"},{"floor":46,"key":"Centennial Puzzle"}],"event_choices":[{"damage_healed":0.0,"max_hp_gain":0.0,"max_hp_loss":0.0,"gold_gain":0.0,"event_name":"Lab","player_choice":"Got Potions","floor":20.0,"gold_loss":0.0,"damage_taken":0.0},{"damage_healed":0.0,"max_hp_gain":0.0,"max_hp_loss":0.0,"gold_gain":0.0,"event_name":"Upgrade Shrine","player_choice":"Upgraded","floor":31.0,"gold_loss":0.0,"damage_taken":0.0,"cards_upgraded":["Dodge and Roll"]},{"damage_healed":0,"gold_gain":0,"player_choice":"Fight","damage_taken":0,"max_hp_gain":0,"max_hp_loss":0,"event_name":"OrinTheCat","floor":42,"gold_loss":0}],"is_beta":false,"boss_relics":[{"not_picked":["Ring of Chaos","halation:Prosthetics"],"picked":"Ectoplasm"},{"not_picked":["energizedSpire:MagnifyingGlass","Coffee Dripper"],"picked":"Calling Bell"}],"items_purged_floors":[12,21,29],"is_endless":false,"potions_floor_spawned":[3,16,18,19,22,24,25,28,33,35,39,41,42,44,46],"ascension_level":15}}