{"host":"Sumable","time":1607913827,"event":{"mods":["AchievementEnabler","BaseMod","Better Note","BetterRewards","Googly Eyes","Hermit","Minty Spire (QoL Compilation)","Quick Restart","Shop Mod","StSLib","The Cursed","everything is the same but u backflip on backflip","slay the spire mod where everything is the same but ironclad has a cowboy hat"],"gold_per_floor":[119,139,64,80,93,93,113,147,201,376,376,376],"floor_reached":11,"playtime":525,"items_purged":[],"score":94,"play_id":"0fb760fd-b16d-4d50-a531-9f6e6b013819","local_time":"20201213194347","is_ascension_mode":true,"campfire_choices":[{"data":"Consume","floor":6,"key":"SMITH"}],"circlet_count":0,"master_deck":["Strike_B","Strike_B","Strike_B","Strike_B","Defend_B","Defend_B","Defend_B","Defend_B","Zap","Dualcast","Consume+1","Coolheaded","Blizzard","Redo","Go for the Eyes","Hologram"],"relics":["Cracked Core","NeowsBlessing","Omamori","Akabeko"],"acts_visited":["Exordium"],"potions_floor_usage":[5,8,11],"damage_taken":[{"damage":0,"enemies":"2 Louse","floor":1,"turns":1},{"damage":0,"enemies":"Jaw Worm","floor":2,"turns":1},{"damage":0,"enemies":"Small Slimes","floor":4,"turns":1},{"damage":14,"enemies":"Looter","floor":5,"turns":4},{"damage":10,"enemies":"Large Slime","floor":7,"turns":4},{"damage":27,"enemies":"Lagavulin","floor":8,"turns":5},{"damage":25,"enemies":"Gremlin Nob","floor":11,"turns":3}],"seed_played":"-6958749283740568941","potions_obtained":[{"floor":2,"key":"Block Potion"},{"floor":4,"key":"FearPotion"},{"floor":8,"key":"PowerPotion"}],"is_trial":false,"path_per_floor":["M","M","$","M","M","R","M","E","T","?","E"],"character_chosen":"DEFECT","items_purchased":["Blizzard"],"campfire_rested":0,"item_purchase_floors":[3],"current_hp_per_floor":[75,75,75,75,61,61,51,24,24,24,0,0],"gold":376,"neow_bonus":"THREE_ENEMY_KILL","is_daily":false,"chose_seed":false,"campfire_upgraded":1,"win_rate":0.0,"timestamp":1607913827,"path_taken":["M","M","$","M","M","R","M","E","T","?","E"],"items_purchased_type":["Card"],"build_version":"2020-12-07","purchased_purges":0,"victory":false,"max_hp_per_floor":[75,75,75,75,75,75,75,75,75,75,75,75],"card_choices":[{"not_picked":["Gash","Aggregate"],"picked":"Consume","floor":1},{"not_picked":["Ball Lightning","Barrage"],"picked":"Coolheaded","floor":2},{"not_picked":["Auto Shields","Lockon"],"picked":"Redo","floor":4},{"not_picked":["Conserve Battery","Compile Driver","Go for the Eyes"],"picked":"SKIP","floor":5},{"not_picked":["Steam","Biased Cognition"],"picked":"Go for the Eyes","floor":7},{"not_picked":["Genetic Algorithm","Leap"],"picked":"Hologram","floor":8}],"player_experience":955574,"relics_obtained":[{"floor":8,"key":"Omamori"},{"floor":9,"key":"Akabeko"}],"event_choices":[{"damage_healed":0,"gold_gain":175,"player_choice":"AGREE","damage_taken":0,"max_hp_gain":0,"max_hp_loss":0,"event_name":"Liars Game","floor":10,"gold_loss":0,"cards_obtained":["Doubt"]}],"is_beta":true,"boss_relics":[],"items_purged_floors":[],"is_endless":false,"potions_floor_spawned":[2,4,8],"killed_by":"Gremlin Nob","ascension_level":5}}