{"host":"kh6fvhxn285ncg0o","time":1607913988,"event":{"mods":["Act Like it!","BaseMod","Colored Map","Friendly Minions","Keyboard Shortcuts","Minty Spire (QoL Compilation)","Quick Restart","Relic Stats","StSLib","SuperFastMode"],"gold_per_floor":[116,41,61,61,76,111,111,139,187,187,206,233,250,268,268,342,342,354,269,269,269,110,137,137,87,113,142,242,272,272,300,300,371,371,381,381,331,344,360,360,386,420,420,455,455,482,495,495,495,495,495,495,495,152,186,186],"floor_reached":57,"playtime":1990,"items_purged":["Strike_R","Strike_R","Bash+1","Immolate+1"],"score":3093,"play_id":"f7663802-fde8-4cd0-9b02-177d32573af1","local_time":"20201214114628","is_ascension_mode":true,"campfire_choices":[{"floor":7.0,"key":"REST"},{"data":"Fire Breathing","floor":10.0,"key":"SMITH"},{"data":"Pommel Strike","floor":15.0,"key":"SMITH"},{"data":"Immolate","floor":24.0,"key":"SMITH"},{"data":"Feel No Pain","floor":30.0,"key":"SMITH"},{"data":"Dark Embrace","floor":32.0,"key":"SMITH"},{"data":"Body Slam","floor":40.0,"key":"SMITH"},{"floor":49,"key":"RECALL"},{"data":"Deep Breath","floor":53,"key":"SMITH"}],"circlet_count":0,"master_deck":["AscendersBane","Defend_R","Defend_R","Defend_R","Defend_R","Pommel Strike+1","Fire Breathing+1","Impervious","Disarm","Second Wind","Shrug It Off","Rage","Feel No Pain+1","Dark Embrace+1","Fiend Fire","Armaments+1","Exhume","Body Slam+1","Deep Breath+1","Secret Technique","Reckless Charge","Burning Pact+1","Dark Shackles","Power Through"],"relics":["Burning Blood","Ornamental Fan","Potion Belt","Toy Ornithopter","MealTicket","Runic Dome","Self Forming Clay","Smiling Mask","Art of War","Lantern","Bird Faced Urn","Pear","Orichalcum","Dream Catcher","Mark of Pain","Pen Nib","Ancient Tea Set","Happy Flower","Paper Frog"],"acts_visited":["Exordium","TheCity","TheBeyond","TheEnding"],"potions_floor_usage":[44,44,50,56,56,56,56],"damage_taken":[{"damage":10.0,"enemies":"Small Slimes","floor":1.0,"turns":4.0},{"damage":10.0,"enemies":"2 Louse","floor":3.0,"turns":3.0},{"damage":14.0,"enemies":"Jaw Worm","floor":5.0,"turns":4.0},{"damage":31.0,"enemies":"Gremlin Nob","floor":6.0,"turns":4.0},{"damage":15.0,"enemies":"3 Sentries","floor":8.0,"turns":4.0},{"damage":10.0,"enemies":"Large Slime","floor":11.0,"turns":8.0},{"damage":8.0,"enemies":"Gremlin Nob","floor":12.0,"turns":3.0},{"damage":7.0,"enemies":"Looter","floor":13.0,"turns":5.0},{"damage":4.0,"enemies":"Blue Slaver","floor":14.0,"turns":5.0},{"damage":38.0,"enemies":"Hexaghost","floor":16.0,"turns":11.0},{"damage":2.0,"enemies":"3 Byrds","floor":18.0,"turns":4.0},{"damage":18.0,"enemies":"Book of Stabbing","floor":23.0,"turns":7.0},{"damage":31.0,"enemies":"Slavers","floor":27.0,"turns":4.0},{"damage":0.0,"enemies":"Colosseum Slavers","floor":28.0,"turns":3.0},{"damage":0.0,"enemies":"Colosseum Nobs","floor":28.0,"turns":4.0},{"damage":4.0,"enemies":"Book of Stabbing","floor":29.0,"turns":5.0},{"damage":0.0,"enemies":"Gremlin Leader","floor":31.0,"turns":4.0},{"damage":7.0,"enemies":"Collector","floor":33.0,"turns":6.0},{"damage":27.0,"enemies":"3 Darklings","floor":35.0,"turns":4.0},{"damage":15.0,"enemies":"3 Shapes","floor":38.0,"turns":4.0},{"damage":27.0,"enemies":"3 Darklings","floor":39.0,"turns":4.0},{"damage":18.0,"enemies":"Reptomancer","floor":41.0,"turns":6.0},{"damage":19.0,"enemies":"Maw","floor":42.0,"turns":7.0},{"damage":8,"enemies":"Nemesis","floor":44,"turns":7},{"damage":0,"enemies":"Giant Head","floor":46,"turns":3},{"damage":0,"enemies":"4 Shapes","floor":47,"turns":3},{"damage":9,"enemies":"Donu and Deca","floor":50,"turns":5},{"damage":24,"enemies":"Awakened One","floor":51,"turns":6},{"damage":34,"enemies":"Shield and Spear","floor":55,"turns":4},{"damage":42,"enemies":"The Heart","floor":56,"turns":7}],"seed_played":"-7970644661861823876","potions_obtained":[{"floor":1.0,"key":"SteroidPotion"},{"floor":8.0,"key":"Fire Potion"},{"floor":11.0,"key":"Explosive Potion"},{"floor":12.0,"key":"DistilledChaos"},{"floor":14.0,"key":"ColorlessPotion"},{"floor":27.0,"key":"GamblersBrew"},{"floor":28.0,"key":"SkillPotion"},{"floor":29.0,"key":"Swift Potion"},{"floor":31.0,"key":"EssenceOfSteel"},{"floor":38.0,"key":"BlessingOfTheForge"},{"floor":39.0,"key":"SteroidPotion"},{"floor":44,"key":"Fruit Juice"},{"floor":46,"key":"Swift Potion"}],"is_trial":false,"path_per_floor":["M","?","M","?","M","E","R","E","T","R","M","E","M","M","R","B",null,"M","?","?","?","$","E","R","$","T","E","?","E","R","E","R","B",null,"M","?","$","M","M","R","E","M","T","E","?","E","M","?","R","B","B",null,"R","$","E","B",null],"character_chosen":"IRONCLAD","items_purchased":["Dark Embrace","Dark Shackles","Strength Potion","BloodPotion","ElixirPotion"],"campfire_rested":1,"item_purchase_floors":[22,54,54,54,54],"current_hp_per_floor":[64,64,60,53,45,20,42,33,33,33,29,37,41,43,43,11,59,63,63,42,42,57,45,45,60,60,35,57,70,70,82,82,90,90,76,76,90,85,68,68,62,65,65,79,69,79,90,90,90,90,72,86,86,90,64,76],"gold":186,"neow_bonus":"UPGRADE_CARD","is_daily":false,"chose_seed":false,"campfire_upgraded":7,"win_rate":0.0,"timestamp":1607913988,"path_taken":["M","?","M","?","M","E","R","E","T","R","M","E","M","M","R","BOSS","M","?","?","?","$","E","R","?","T","E","?","E","R","E","R","BOSS","M","?","$","M","M","R","E","M","T","E","?","E","M","?","R","BOSS","BOSS","R","$","E","BOSS"],"items_purchased_type":["Card","Card","Potion","Potion","Potion"],"build_version":"2020-12-13","purchased_purges":4,"victory":true,"max_hp_per_floor":[75,75,75,75,75,75,75,75,75,75,75,75,75,75,75,75,75,75,75,80,80,80,80,80,80,80,80,90,90,90,90,90,90,90,90,90,90,90,90,90,90,90,90,90,90,90,90,90,90,90,90,90,90,90,90,95],"relic_stats":{"Happy Flower":[8],"counters":[30,148],"Self Forming Clay":[102],"Pen Nib":[11],"Orichalcum":[42],"Smiling Mask":225,"Burning Blood":173,"Dream Catcher":0,"Ornamental Fan":[120],"Bird Faced Urn":[64],"MealTicket":48,"Art of War":[16],"obtain_stats":[{"Potion Belt":8,"Lantern":27,"Pear":28,"Happy Flower":46,"Self Forming Clay":19,"Pen Nib":41,"Orichalcum":29,"Smiling Mask":23,"Ancient Tea Set":44,"Burning Blood":0,"Runic Dome":17,"Dream Catcher":31,"Ornamental Fan":6,"Bird Faced Urn":28,"MealTicket":12,"Mark of Pain":34,"Art of War":26,"Toy Ornithopter":9,"Paper Frog":55},{"Potion Belt":5,"Lantern":13,"Pear":15,"Happy Flower":25,"Self Forming Clay":11,"Pen Nib":22,"Orichalcum":16,"Smiling Mask":12,"Ancient Tea Set":24,"Burning Blood":0,"Runic Dome":10,"Dream Catcher":17,"Ornamental Fan":4,"Bird Faced Urn":15,"MealTicket":7,"Mark of Pain":18,"Art of War":12,"Toy Ornithopter":5,"Paper Frog":29},{"Potion Belt":19,"Lantern":66,"Pear":73,"Happy Flower":123,"Self Forming Clay":55,"Pen Nib":106,"Orichalcum":78,"Smiling Mask":62,"Ancient Tea Set":120,"Burning Blood":0,"Runic Dome":51,"Dream Catcher":82,"Ornamental Fan":15,"Bird Faced Urn":73,"MealTicket":30,"Mark of Pain":88,"Art of War":62,"Toy Ornithopter":19,"Paper Frog":141}],"Toy Ornithopter":75},"card_choices":[{"not_picked":["Perfected Strike","Searing Blow"],"picked":"Pommel Strike","floor":1.0},{"not_picked":["Whirlwind","Iron Wave"],"picked":"Fire Breathing","floor":5.0},{"not_picked":["Sentinel","Pommel Strike"],"picked":"Shockwave","floor":6.0},{"not_picked":["Iron Wave","Warcry"],"picked":"Impervious","floor":8.0},{"not_picked":["Shockwave","Wild Strike"],"picked":"Disarm","floor":11.0},{"not_picked":["Havoc","Spot Weakness"],"picked":"Second Wind","floor":12.0},{"not_picked":["Inflame","Sever Soul"],"picked":"Shrug It Off","floor":13.0},{"not_picked":["Twin Strike","Pommel Strike"],"picked":"Rage","floor":14.0},{"not_picked":["Exhume","Berserk"],"picked":"Immolate","floor":16.0},{"not_picked":["Thunderclap","Perfected Strike"],"picked":"Feel No Pain","floor":18.0},{"not_picked":["Headbutt","Sword Boomerang","Blood for Blood+1"],"picked":"SKIP","floor":23.0},{"not_picked":["Twin Strike","Havoc"],"picked":"Fiend Fire","floor":27.0},{"not_picked":["Shrug It Off","Headbutt"],"picked":"Armaments+1","floor":29.0},{"not_picked":["Fire Breathing","Anger","Wild Strike"],"picked":"SKIP","floor":31.0},{"not_picked":["Immolate","Limit Break"],"picked":"Exhume","floor":33.0},{"not_picked":["Iron Wave+1","Anger","Cleave+1"],"picked":"SKIP","floor":35.0},{"not_picked":["Wild Strike","Thunderclap","Anger"],"picked":"SKIP","floor":38.0},{"not_picked":["Twin Strike","Thunderclap"],"picked":"Body Slam","floor":39.0},{"not_picked":["Demon Form","Body Slam","Clothesline+1"],"picked":"SKIP","floor":41.0},{"not_picked":["Headbutt+1","Wild Strike","Sword Boomerang"],"picked":"SKIP","floor":42.0},{"not_picked":["Twin Strike+1","Havoc","Heavy Blade"],"picked":"SKIP","floor":44},{"not_picked":["Secret Weapon","PanicButton"],"picked":"Deep Breath","floor":45},{"not_picked":["Trip","PanicButton"],"picked":"Secret Technique","floor":45},{"not_picked":["Reckless Charge","Perfected Strike","Hemokinesis"],"picked":"SKIP","floor":46},{"not_picked":["Perfected Strike","Hemokinesis"],"picked":"Reckless Charge","floor":46},{"not_picked":["Anger","Rampage"],"picked":"Burning Pact","floor":47},{"not_picked":["Havoc","Sentinel"],"picked":"Power Through","floor":55}],"player_experience":3158254,"relics_obtained":[{"floor":6.0,"key":"Ornamental Fan"},{"floor":8.0,"key":"Potion Belt"},{"floor":9.0,"key":"Toy Ornithopter"},{"floor":12.0,"key":"MealTicket"},{"floor":23.0,"key":"Smiling Mask"},{"floor":26.0,"key":"Art of War"},{"floor":27.0,"key":"Lantern"},{"floor":28.0,"key":"Bird Faced Urn"},{"floor":28.0,"key":"Pear"},{"floor":29.0,"key":"Orichalcum"},{"floor":31.0,"key":"Dream Catcher"},{"floor":41.0,"key":"Pen Nib"},{"floor":44,"key":"Ancient Tea Set"},{"floor":46,"key":"Happy Flower"},{"floor":55,"key":"Paper Frog"}],"event_choices":[{"cards_removed":["Strike_R"],"damage_healed":0.0,"max_hp_gain":0.0,"max_hp_loss":0.0,"gold_gain":0.0,"event_name":"The Cleric","player_choice":"Card Removal","floor":2.0,"gold_loss":75.0,"damage_taken":0.0},{"cards_removed":["Strike_R"],"damage_healed":0.0,"max_hp_gain":0.0,"max_hp_loss":0.0,"gold_gain":0.0,"event_name":"Golden Wing","player_choice":"Card Removal","floor":4.0,"gold_loss":0.0,"damage_taken":7.0},{"damage_healed":0.0,"max_hp_gain":0.0,"max_hp_loss":0.0,"gold_gain":0.0,"event_name":"Addict","player_choice":"Obtained Relic","floor":19.0,"gold_loss":85.0,"damage_taken":0.0,"relics_obtained":["Self Forming Clay"]},{"damage_healed":0.0,"max_hp_gain":5.0,"max_hp_loss":0.0,"gold_gain":0.0,"event_name":"Forgotten Altar","player_choice":"Shed Blood","floor":20.0,"gold_loss":0.0,"damage_taken":26.0},{"cards_removed":["Strike_R"],"damage_healed":0.0,"max_hp_gain":0.0,"max_hp_loss":0.0,"gold_gain":0.0,"event_name":"Back to Basics","player_choice":"Elegance","floor":21.0,"gold_loss":0.0,"damage_taken":0.0},{"damage_healed":0.0,"max_hp_gain":0.0,"max_hp_loss":0.0,"gold_gain":0.0,"event_name":"Colosseum","player_choice":"Fight","floor":28.0,"gold_loss":0.0,"damage_taken":0.0},{"damage_healed":0.0,"max_hp_gain":0.0,"max_hp_loss":0.0,"gold_gain":0.0,"event_name":"Colosseum","player_choice":"Fought Nobs","floor":28.0,"gold_loss":0.0,"damage_taken":0.0},{"cards_removed":["Shockwave"],"damage_healed":0.0,"max_hp_gain":0.0,"max_hp_loss":0.0,"gold_gain":0.0,"event_name":"Falling","player_choice":"Removed Skill","floor":36.0,"gold_loss":0.0,"damage_taken":0.0},{"damage_healed":0,"gold_gain":0,"player_choice":"Memory 3","damage_taken":10,"max_hp_gain":0,"max_hp_loss":0,"event_name":"SensoryStone","floor":45,"gold_loss":0},{"damage_healed":0,"gold_gain":0,"player_choice":"Upgraded","damage_taken":0,"max_hp_gain":0,"max_hp_loss":0,"event_name":"Upgrade Shrine","floor":48,"gold_loss":0,"cards_upgraded":["Burning Pact"]}],"is_beta":false,"boss_relics":[{"not_picked":["Black Blood","Empty Cage"],"picked":"Runic Dome"},{"not_picked":["Tiny House","Calling Bell"],"picked":"Mark of Pain"}],"items_purged_floors":[22,25,37,54],"is_endless":false,"potions_floor_spawned":[1,8,11,12,14,27,28,29,31,38,39,44,46],"ascension_level":20}}