{"host":"ipcfr4ajj2jkxvg7","time":1607923064,"event":{"mods":["BaseMod","Colored Powertips","GifTheSpireLib","Marisa（F雨　魔理沙）","Minty Spire (QoL Compilation)","Quick Restart","Remilia（蕾米莉亚）","Replay The Spire","RumiaBox-露米娅的神秘盒子","StSLib"],"gold_per_floor":[111,111,386,404,249,249,276,290,290,319,334,348,90,118,118,192,192,212,160,160,172,118,145,158,191,218,218,245,255,270,270,270,342,342,353,373,397,407,427,460,460,489,513,544,558,199,209,3,3,3,3,3],"floor_reached":51,"playtime":1711,"items_purged":["Regret","Strike_RM","Defend_RM+1","Defend_RM+1"],"score":2509,"play_id":"ee75ec0f-be5d-4d7c-b9dc-f5313f9a35cd","local_time":"20201214131744","is_ascension_mode":true,"campfire_choices":[{"data":"FitfulNightmare","floor":6.0,"key":"SMITH"},{"data":"BloodHunter","floor":15.0,"key":"SMITH"},{"data":"TricksterDevil","floor":27.0,"key":"SMITH"},{"data":"BloodyMagicSquare","floor":32.0,"key":"SMITH"},{"floor":49,"key":"RECALL"}],"circlet_count":0,"master_deck":["AscendersBane","Strike_RM+1","Strike_RM+1","Strike_RM+1","Defend_RM+1","RedMoon","ScarletShoot","LeisurelyOfLord","FitfulNightmare+1","SuperhumanBloodyKnife","NightDance","RedNightlessCastle","BloodHunter+1","TricksterDevil+1","BombardNight","BloodHunter","DiffusionOfMisfortune","HunterOfTheNight+1","BloodyMagicSquare+1","BloodHunter","EquivalentExchange+1","VampireSweep","DemonKingCradle","VampireClaw","TwelveNightmare","VampireSweep","VampireKiss"],"relics":["ScarletHat","Pocketwatch","AddBug","SecretRecord","SecretRecord","SecretRecord","SecretRecord","SecretRecord","SecretRecord","SecretRecord","SecretRecord"],"acts_visited":["Exordium","TheCity","TheBeyond"],"potions_floor_usage":[],"damage_taken":[{"damage":2.0,"enemies":"2 Louse","floor":1.0,"turns":2.0},{"damage":7.0,"enemies":"Jaw Worm","floor":4.0,"turns":2.0},{"damage":14.0,"enemies":"Replay:BlueRogue","floor":7.0,"turns":10.0},{"damage":3.0,"enemies":"Cultist","floor":8.0,"turns":4.0},{"damage":9.0,"enemies":"3 Sentries","floor":10.0,"turns":5.0},{"damage":0.0,"enemies":"Large Slime","floor":11.0,"turns":2.0},{"damage":6.0,"enemies":"Exordium Wildlife","floor":12.0,"turns":4.0},{"damage":2.0,"enemies":"Replay:BlueRogue","floor":14.0,"turns":4.0},{"damage":0.0,"enemies":"The Guardian","floor":16.0,"turns":5.0},{"damage":18.0,"enemies":"2 Thieves","floor":18.0,"turns":3.0},{"damage":0.0,"enemies":"Chosen","floor":21.0,"turns":3.0},{"damage":22.0,"enemies":"Book of Stabbing","floor":23.0,"turns":4.0},{"damage":0.0,"enemies":"3 Cultists","floor":24.0,"turns":3.0},{"damage":0.0,"enemies":"Replay:Snechameleon","floor":25.0,"turns":3.0},{"damage":37.0,"enemies":"Slavers","floor":28.0,"turns":3.0},{"damage":9.0,"enemies":"Snake Plant","floor":29.0,"turns":2.0},{"damage":14.0,"enemies":"Centurion and Healer","floor":30.0,"turns":3.0},{"damage":3.0,"enemies":"Pondfish","floor":33.0,"turns":4.0},{"damage":30.0,"enemies":"3 Darklings","floor":35.0,"turns":3.0},{"damage":18.0,"enemies":"Orb Walker","floor":36.0,"turns":2.0},{"damage":10.0,"enemies":"Transient","floor":38.0,"turns":6.0},{"damage":41.0,"enemies":"Spire Growth","floor":39.0,"turns":3.0},{"damage":39.0,"enemies":"Nemesis","floor":40.0,"turns":5.0},{"damage":10.0,"enemies":"Reptomancer","floor":42.0,"turns":4.0},{"damage":5.0,"enemies":"Giant Head","floor":44.0,"turns":3.0},{"damage":39.0,"enemies":"Sphere and 2 Shapes","floor":45.0,"turns":2.0},{"damage":10,"enemies":"Transient","floor":47,"turns":6},{"damage":17,"enemies":"Donu and Deca","floor":50,"turns":4},{"damage":58,"enemies":"Replay:Hell Engine","floor":51,"turns":2}],"seed_played":"-3402323555946691701","potions_obtained":[{"floor":1.0,"key":"SteroidPotion"},{"floor":4.0,"key":"BlessingOfTheForge"},{"floor":16.0,"key":"Swift Potion"},{"floor":21.0,"key":"Energy Potion"},{"floor":31.0,"key":"Flashbang"},{"floor":40.0,"key":"SmokeBomb"}],"is_trial":false,"path_per_floor":["M","?","?","M","$","R","E","M","T","E","M","M","$","E","R","B",null,"M","$","?","M","$","E","M","E","T","R","E","M","M","?","R","B",null,"M","M","T","M","M","E","?","E","T","E","M","$","M","$","R","B","B"],"character_chosen":"REMILIA","items_purchased":["FitfulNightmare","DollysMirror","BloodHunter","DiffusionOfMisfortune","TwelveNightmare","TheAbacus","VampireKiss"],"campfire_rested":0,"item_purchase_floors":[5,13,19,22,46,46,48],"current_hp_per_floor":[43,43,43,36,36,36,26,23,23,14,18,17,17,27,27,43,63,49,49,49,55,55,39,42,51,51,51,25,17,6,6,6,24,59,35,19,19,70,41,19,19,9,9,43,6,6,33,33,33,46,0,0],"gold":3,"neow_bonus":"ONE_RARE_RELIC","is_daily":false,"chose_seed":false,"campfire_upgraded":4,"win_rate":0.0,"timestamp":1607923064,"path_taken":["M","?","?","M","$","R","E","M","T","E","M","?","$","E","R","BOSS","M","$","?","M","$","E","M","E","T","R","E","M","M","?","R","BOSS","M","?","?","?","?","E","?","E","T","E","M","$","M","?","R","BOSS","BOSS"],"items_purchased_type":["Card","Relic","Card","Card","Card","Relic","Card"],"build_version":"2020-12-13","purchased_purges":4,"victory":false,"max_hp_per_floor":[70,70,70,70,70,70,70,70,70,70,70,70,70,70,70,70,70,70,70,70,70,70,70,70,70,70,70,70,70,70,70,70,70,70,70,70,70,70,70,70,70,70,70,70,70,70,70,70,70,70,70,70],"card_choices":[{"not_picked":["ChainGang","BloodyTrap"],"picked":"LeisurelyOfLord","floor":1.0},{"not_picked":["FavorOfDestiny","UnstableMagic","ScarletImprint"],"picked":"SKIP","floor":4.0},{"not_picked":["RedMagic","UnderTheZenith","ScarletDream"],"picked":"SKIP","floor":7.0},{"not_picked":["ScarletDevil","ReincarnationDial"],"picked":"SuperhumanBloodyKnife","floor":8.0},{"not_picked":["ReincarnationDial","SuperhumanBloodyKnife"],"picked":"NightDance","floor":10.0},{"not_picked":["BombardNight","ScarletGensokyo"],"picked":"RedNightlessCastle","floor":11.0},{"not_picked":["UnstableMagic","ScarletDevil"],"picked":"BloodHunter","floor":12.0},{"not_picked":["ScarletImprint","RedMagic","ScarletDevil"],"picked":"SKIP","floor":14.0},{"not_picked":["BloodRain","ScarletMeister"],"picked":"TricksterDevil","floor":16.0},{"not_picked":["EndlessAdversity","FavorOfDestiny"],"picked":"BombardNight","floor":18.0},{"not_picked":["CharismaGuard","BlasphemousPunishment+1","BombardNight"],"picked":"SKIP","floor":21.0},{"not_picked":["UnstableMagic","BombardNight","MiserableFate"],"picked":"SKIP","floor":23.0},{"not_picked":["Ultimatum","RedRainbow","EndlessAdversity"],"picked":"SKIP","floor":24.0},{"not_picked":["ScarletNetherworld","DiffusionOfMisfortune","UnderTheZenith"],"picked":"SKIP","floor":25.0},{"not_picked":["BloodyTrap","VampireKiss"],"picked":"HunterOfTheNight+1","floor":28.0},{"not_picked":["EndlessAdversity","MastersStateliness"],"picked":"BloodyMagicSquare","floor":29.0},{"not_picked":["ScarletDevil","BloodyHallows"],"picked":"BloodHunter","floor":30.0},{"not_picked":["KillingBlow","ChaoticDestiny"],"picked":"EquivalentExchange","floor":33.0},{"not_picked":["CharismaGuard","EndlessAdversity+1","ScarletDevil+1"],"picked":"SKIP","floor":35.0},{"not_picked":["FavorOfDestiny","BombardNight+1"],"picked":"VampireSweep","floor":36.0},{"not_picked":["RedRainbow","NightDance","BombardNight+1"],"picked":"SKIP","floor":38.0},{"not_picked":["Ultimatum+1","Stigmanizer+1","Septette+1"],"picked":"SKIP","floor":39.0},{"not_picked":["StarOfDavid+1","EndlessAdversity","MillenniumVampire"],"picked":"SKIP","floor":40.0},{"not_picked":["MiserableFate","ScarletDevilSign"],"picked":"DemonKingCradle","floor":42.0},{"not_picked":["BloodyTrap","EndlessAdversity","BombardNight+1"],"picked":"SKIP","floor":44.0},{"not_picked":["EmergencyRegeneration","EndlessAdversity"],"picked":"VampireClaw","floor":45.0},{"not_picked":["TwelveNightmare+1","DiffusionOfMisfortune"],"picked":"VampireSweep","floor":47}],"player_experience":355880,"relics_obtained":[{"floor":1.0,"key":"AddBug"},{"floor":7.0,"key":"SecretRecord"},{"floor":7.0,"key":"Replay:Multitool"},{"floor":10.0,"key":"SecretRecord"},{"floor":10.0,"key":"Gambling Chip"},{"floor":14.0,"key":"Bronze Scales"},{"floor":21.0,"key":"SecretRecord"},{"floor":23.0,"key":"Mercury Hourglass"},{"floor":25.0,"key":"SecretRecord"},{"floor":25.0,"key":"Toy Ornithopter"},{"floor":26.0,"key":"Centennial Puzzle"},{"floor":28.0,"key":"Frozen Egg 2"},{"floor":33.0,"key":"SecretRecord"},{"floor":37.0,"key":"ScarletDevilRocket"},{"floor":39.0,"key":"SecretRecord"},{"floor":40.0,"key":"Prayer Wheel"},{"floor":42.0,"key":"MagicDraw1"},{"floor":43.0,"key":"Orichalcum"},{"floor":44.0,"key":"SecretRecord"},{"floor":44.0,"key":"Nunchaku"}],"event_choices":[{"cards_removed":["Defend_RM"],"damage_healed":0.0,"max_hp_gain":0.0,"max_hp_loss":0.0,"gold_gain":0.0,"event_name":"Living Wall","player_choice":"Forget","floor":2.0,"gold_loss":0.0,"damage_taken":0.0},{"damage_healed":0.0,"max_hp_gain":0.0,"max_hp_loss":0.0,"gold_gain":275.0,"event_name":"Golden Shrine","player_choice":"Desecrate","floor":3.0,"gold_loss":0.0,"damage_taken":0.0,"cards_obtained":["Regret"]},{"damage_healed":0.0,"max_hp_gain":0.0,"max_hp_loss":0.0,"gold_gain":0.0,"event_name":"Back to Basics","player_choice":"Simplicity","floor":20.0,"gold_loss":0.0,"damage_taken":0.0,"cards_upgraded":["Strike_RM","Strike_RM","Strike_RM","Defend_RM","Defend_RM","Defend_RM"]},{"damage_healed":0.0,"max_hp_gain":0.0,"max_hp_loss":0.0,"gold_gain":0.0,"event_name":"Lab","player_choice":"Got Potions","floor":31.0,"gold_loss":0.0,"damage_taken":0.0},{"damage_healed":0.0,"max_hp_gain":0.0,"max_hp_loss":0.0,"gold_gain":0.0,"event_name":"Upgrade Shrine","player_choice":"Upgraded","floor":41.0,"gold_loss":0.0,"damage_taken":0.0,"cards_upgraded":["EquivalentExchange"]}],"is_beta":false,"boss_relics":[{"not_picked":["Snecko Eye","SlaversCollar"],"picked":"Ring of Chaos"},{"not_picked":["Black Star","Replay:Drink Me"],"picked":"Abe\u0027s Treasure"}],"items_purged_floors":[5,13,46,48],"is_endless":false,"potions_floor_spawned":[1,4,12,14,16,21,24,30,33,36,40,42,45,47],"killed_by":"Replay:Hell Engine","ascension_level":20}}