{"host":"5bdt6s51dmpd4l3v","time":1607928865,"event":{"mods":["AchievementEnabler","BaseMod","Colored Map","Colored Powertips","Downfall","Highlight Path","Minty Spire (QoL Compilation)","Rare Cards Sparkle","StSLib"],"gold_per_floor":[117,117,129,143,159,189,189,208,289,302,302,322,356,356,356,484,484,497,516,40,40,64,64,84,125,149,149,3,3,3,18,18,18,18],"floor_reached":33,"playtime":1182,"items_purged":[],"score":304,"play_id":"91fb42f1-75c6-40f9-90ec-e0c8993a3618","local_time":"20201214145425","is_ascension_mode":false,"campfire_choices":[{"floor":7,"key":"REST"},{"floor":11,"key":"REST"},{"floor":15,"key":"REST"},{"floor":23,"key":"REST"},{"floor":27,"key":"REST"},{"floor":29,"key":"REST"},{"floor":32,"key":"REST"}],"circlet_count":0,"master_deck":["Strike_G","Strike_G","Strike_G","Strike_G","Strike_G","Defend_G","Defend_G+1","Defend_G","Defend_G","Defend_G+1","Survivor","Neutralize","Backflip","Acrobatics","Poisoned Stab","Dagger Spray","Distraction","Quick Slash","Flying Knee","Venomology","CurseOfTheBell","Expertise+1","Caltrops","Noxious Fumes","Quick Slash","Neutralize","Bouncing Flask+1","Poisoned Stab","Crippling Poison","Bane+1"],"relics":["SacredBark","Strawberry","Gremlin Horn","TungstenRod","Golden Idol","Calling Bell","Bag of Preparation","Question Card","Mango","Letter Opener","War Paint","Juzu Bracelet","PreservedInsect","TwistedFunnel"],"acts_visited":["Exordium","TheCity"],"potions_floor_usage":[3,5,13,16,18,19,22,22,25,33],"damage_taken":[{"damage":0,"enemies":"2 Louse","floor":1,"turns":2},{"damage":2,"enemies":"Small Slimes","floor":3,"turns":2},{"damage":3,"enemies":"Cultist","floor":4,"turns":5},{"damage":23,"enemies":"3 Louse","floor":5,"turns":4},{"damage":32,"enemies":"3 Sentries","floor":6,"turns":9},{"damage":4,"enemies":"Red Slaver","floor":8,"turns":3},{"damage":5,"enemies":"Looter","floor":10,"turns":4},{"damage":8,"enemies":"3 Louse","floor":12,"turns":2},{"damage":49,"enemies":"Gremlin Nob","floor":13,"turns":5},{"damage":37,"enemies":"Slime Boss","floor":16,"turns":13},{"damage":0,"enemies":"3 Byrds","floor":18,"turns":3},{"damage":13,"enemies":"Chosen","floor":19,"turns":6},{"damage":16,"enemies":"Snake Plant","floor":22,"turns":4},{"damage":22,"enemies":"Sentry and Sphere","floor":24,"turns":5},{"damage":48,"enemies":"Book of Stabbing","floor":25,"turns":6},{"damage":35,"enemies":"Shelled Parasite and Fungi","floor":31,"turns":6},{"damage":53,"enemies":"Collector","floor":33,"turns":4}],"seed_played":"8535619281261847682","potions_obtained":[{"floor":1,"key":"ColorlessPotion"},{"floor":4,"key":"Regen Potion"},{"floor":12,"key":"SpeedPotion"},{"floor":13,"key":"Fire Potion"},{"floor":19,"key":"Fire Potion"},{"floor":31,"key":"FearPotion"}],"is_trial":false,"path_per_floor":["M","?","M","M","M","E","R","M","T","M","R","M","E","?","R","B",null,"M","M","$","?","M","R","M","E","T","R","$","R","$","M","R","B"],"character_chosen":"THE_SILENT","items_purchased":["Letter Opener","Noxious Fumes","War Paint","TwistedFunnel"],"campfire_rested":7,"item_purchase_floors":[20,20,20,28],"current_hp_per_floor":[70,70,68,65,65,40,63,59,59,54,77,69,20,20,41,4,85,85,72,72,72,56,81,59,11,11,36,36,61,61,26,51,0,0],"gold":18,"neow_bonus":"BOSS_RELIC","is_daily":false,"chose_seed":false,"campfire_upgraded":0,"win_rate":0.0,"timestamp":1607928865,"path_taken":["M","?","M","M","M","E","R","M","T","M","R","M","E","?","R","BOSS","M","M","$","?","M","R","M","E","T","R","$","R","$","M","R","BOSS"],"items_purchased_type":["Relic","Card","Relic","Relic"],"build_version":"2020-12-13","purchased_purges":0,"victory":false,"max_hp_per_floor":[70,70,70,70,70,77,77,77,77,77,77,77,77,71,71,71,85,85,85,85,85,85,85,85,85,85,85,85,85,85,85,85,85,85],"card_choices":[{"not_picked":["Eviscerate","Prepared"],"picked":"Backflip","floor":1},{"not_picked":["Eviscerate","Quick Slash"],"picked":"Acrobatics","floor":3},{"not_picked":["Well Laid Plans","All Out Attack"],"picked":"Poisoned Stab","floor":4},{"not_picked":["Slice","Blur"],"picked":"Dagger Spray","floor":5},{"not_picked":["Accuracy","Cloak And Dagger"],"picked":"Distraction","floor":6},{"not_picked":["Backflip","Dagger Throw"],"picked":"Quick Slash","floor":8},{"not_picked":["Eviscerate","Blade Dance"],"picked":"Flying Knee","floor":10},{"not_picked":["Skewer","Prepared","Blade Dance"],"picked":"SKIP","floor":12},{"not_picked":["Distraction","A Thousand Cuts","Slice"],"picked":"SKIP","floor":13},{"not_picked":["Unload","Wraith Form v2"],"picked":"Venomology","floor":16},{"not_picked":["Flying Knee","Cloak And Dagger+1","Well Laid Plans"],"picked":"Expertise+1","floor":18},{"not_picked":["Dodge and Roll+1","Expertise+1","Cloak And Dagger"],"picked":"Caltrops","floor":19},{"not_picked":["Dagger Spray","Poisoned Stab","Deflect"],"picked":"Bouncing Flask+1","floor":22},{"not_picked":["Tools of the Trade","Cloak And Dagger","Dodge and Roll"],"picked":"Poisoned Stab","floor":24},{"not_picked":["Sucker Punch+1","Bane","Endless Agony"],"picked":"Crippling Poison","floor":25},{"not_picked":["Quick Slash","Finisher+1","Backflip"],"picked":"Bane+1","floor":31}],"player_experience":30758,"relics_obtained":[{"floor":6,"key":"Strawberry"},{"floor":9,"key":"Gremlin Horn"},{"floor":13,"key":"TungstenRod"},{"floor":17,"key":"Bag of Preparation"},{"floor":17,"key":"Question Card"},{"floor":17,"key":"Mango"},{"floor":25,"key":"Juzu Bracelet"},{"floor":26,"key":"PreservedInsect"}],"event_choices":[{"damage_healed":0,"gold_gain":0,"player_choice":"Leave","damage_taken":0,"max_hp_gain":0,"max_hp_loss":0,"event_name":"The Cleric","floor":2,"gold_loss":0},{"damage_healed":0,"gold_gain":0,"player_choice":"Lose Max HP","damage_taken":0,"relics_obtained":["Golden Idol"],"max_hp_gain":0,"max_hp_loss":6,"event_name":"Golden Idol","floor":14,"gold_loss":0},{"damage_healed":0,"gold_gain":0,"player_choice":"2 cards matched","damage_taken":0,"max_hp_gain":0,"max_hp_loss":0,"event_name":"Match and Keep!","floor":21,"gold_loss":0,"cards_obtained":["Quick Slash","Neutralize"]}],"is_beta":false,"boss_relics":[{"not_picked":["Velvet Choker","HoveringKite"],"picked":"Calling Bell"}],"items_purged_floors":[],"is_endless":false,"potions_floor_spawned":[1,4,12,13,19,31],"killed_by":"Collector","ascension_level":0}}