{"host":"wpxe4vcm7d9hc2g8","time":1607909981,"event":{"mods":["2.2 Compatiblity","Act Like it!","Aspiration","BaseMod","Better Match","Better Note","Better Sensory Stone","Better Third Choice","Better Vampires","Chen","Conspire","Custom Start","Elementarium","Energized Spire","Gensokyo","GifTheSpireLib","Hallownest","Hermit","Hubris","Infinite Spire","JesterMod","Koishi","Minty Spire (QoL Compilation)","Pale of the Ancients","Permanent Neow","Replay The Spire","Shade Mod","Shop Mod","Spicy Shops","StSLib","Stuff the Spire","Td1madao Mod","The Bug Knight","The Factory","The Hierophant","The Jungle","The Servant 0.9.4","The Wild Card","TheFirefly","TheVacant","Wandering Minibosses","vexMod"],"gold_per_floor":[111,122,62,62,81,81,97,97,97,97,129,129,159,176,176,255,255,269,102,27,43,43,74,74,108,108,142,153,153,225,250,250,327,327,341,352,352,352,366,366,386,386,435,435,65,81,81,93,93,93],"floor_reached":51,"playtime":20683,"items_purged":["Defend_G","Strike_G","Strike_G","Defend_G"],"score":1516,"play_id":"67cda8f3-6381-47a7-8e75-ca3df7c25fca","local_time":"20201213193941","is_ascension_mode":true,"campfire_choices":[{"data":"Wraith Form v2","floor":6.0,"key":"SMITH"},{"data":"Neutralize","floor":8.0,"key":"SMITH"},{"data":"Survivor","floor":12.0,"key":"SMITH"},{"data":"Normality","floor":15.0,"key":"PURGE"},{"data":"Acrobatics","floor":24.0,"key":"SMITH"},{"data":"hubris:TrickCloak","floor":29.0,"key":"SMITH"},{"data":"Prepared","floor":32.0,"key":"SMITH"},{"data":"Sneak Up","floor":40.0,"key":"SMITH"},{"data":"Strike_G","floor":44.0,"key":"SMITH"},{"data":"Strike_G+1","floor":47.0,"key":"SMITH"},{"data":"Phantasmal Killer","floor":49.0,"key":"SMITH"}],"circlet_count":0,"master_deck":["AscendersBane","Potential+1","Strike_G","Strike_G","Strike_G+2","Defend_G+1","Defend_G+1","Survivor+1","Neutralize+1","hubris:TrickCloak+1","Dagger Throw","Wraith Form v2+1","Acrobatics+1","hubris:EnhanceAbility+1","Prepared+1","Sneak Up+1","Wraith Form v2","Phantasmal Killer+1"],"relics":["Ring of the Snake","aspiration:Nostalgia","thefirefly:StealthSystem","HollowMod:JonisBlessing","Hallownest:DreamNailRelic","infinitespire:Beetle Shell","Simple Rune","StuffTheSpire:Gunfinga","Sozu","vexMod:PlasmaPancake","hubris:CrystalStatue","Boot","Bottled Lightning","Omamori","Matryoshka","infinitespire:Broken Mirror","vexMod:MysteryBossChallenge","SplendidAttire","Runic Pyramid","Akabeko","Medical Kit"],"acts_visited":["Hallownest:Greenpath","Gensokyo:Gensokyoer","TheBeyond"],"potions_floor_usage":[],"damage_taken":[{"damage":8.0,"enemies":"Hallownest:monsterHuskGuard","floor":1.0,"turns":5.0},{"damage":0.0,"enemies":"Hallownest:monsterHuskWarrior","floor":2.0,"turns":4.0},{"damage":0.0,"enemies":"Hallownest:2_Baldur","floor":5.0,"turns":5.0},{"damage":0.0,"enemies":"Hallownest:Guard_and_Warrior","floor":7.0,"turns":5.0},{"damage":0.0,"enemies":"Hallownest:eliteMossKnight","floor":11.0,"turns":8.0},{"damage":0.0,"enemies":"Hallownest:eliteCrystalGuardian","floor":13.0,"turns":6.0},{"damage":0.0,"enemies":"Hallownest:monsterFoolEater","floor":14.0,"turns":4.0},{"damage":9.0,"enemies":"Hallownest:BossFalseKnight","floor":16.0,"turns":10.0},{"damage":0.0,"enemies":"Gensokyo:2_Gloops","floor":18.0,"turns":6.0},{"damage":0.0,"enemies":"Gensokyo:AngelMirror","floor":21.0,"turns":4.0},{"damage":0.0,"enemies":"Nightmare","floor":23.0,"turns":11.0},{"damage":0.0,"enemies":"Gensokyo:Koishi","floor":25.0,"turns":5.0},{"damage":0.0,"enemies":"Gensokyo:Reisen","floor":27.0,"turns":4.0},{"damage":0.0,"enemies":"Gensokyo:Wraith","floor":28.0,"turns":4.0},{"damage":0.0,"enemies":"Gensokyo:Tenshi","floor":31.0,"turns":4.0},{"damage":0.0,"enemies":"Gensokyo:Eternal_Rivals","floor":33.0,"turns":9.0},{"damage":0.0,"enemies":"3 Darklings","floor":35.0,"turns":4.0},{"damage":0.0,"enemies":"Orb Walker","floor":36.0,"turns":3.0},{"damage":0.0,"enemies":"3 Darklings","floor":39.0,"turns":4.0},{"damage":0.0,"enemies":"4 Shapes","floor":41.0,"turns":4.0},{"damage":0.0,"enemies":"Transient","floor":46.0,"turns":5.0},{"damage":0.0,"enemies":"Spire Growth","floor":48.0,"turns":3.0},{"damage":0,"enemies":"Awakened One","floor":50,"turns":6}],"seed_played":"5985307489970912387","potions_obtained":[{"floor":5.0,"key":"Block Potion"},{"floor":11.0,"key":"BlessingOfTheForge"},{"floor":14.0,"key":"BlessingOfTheForge"}],"is_trial":false,"path_per_floor":["M","M","$","?","M","R","M","R","T","?","E","R","E","M","R","B",null,"M","$","?","M","?","NM","R","E","T","E","M","R","T","E","R","B",null,"M","M","AVR","?","M","R","M","?","T","R","$","M","R","M","R","B",null],"character_chosen":"THE_SILENT","items_purchased":["HollowMod:JonisBlessing","vexMod:PlasmaPancake","Medical Kit"],"campfire_rested":0,"item_purchase_floors":[3,19,45],"current_hp_per_floor":[55,55,55,55,55,55,55,55,55,63,63,63,63,63,63,54,72,72,78,78,78,78,78,78,78,78,78,78,78,78,78,78,78,83,83,83,83,67,67,67,67,67,67,67,67,67,67,67,67,67],"gold":93,"neow_bonus":"NOSTALGIA","is_daily":false,"chose_seed":false,"campfire_upgraded":10,"win_rate":0.0,"timestamp":1607909981,"path_taken":["M","M","$","?","M","R","?","R","T","?","E","R","E","M","R","BOSS","M","$","?","M","?","NM","R","E","T","E","?","R","?","E","R","BOSS","M","M","AVR","?","M","R","M","?","T","R","$","M","R","M","R","BOSS"],"items_purchased_type":["Relic","Relic","Relic"],"build_version":"2020-12-13","purchased_purges":4,"victory":true,"max_hp_per_floor":[70,70,70,70,70,70,70,70,70,78,78,78,78,78,78,78,78,78,84,84,84,84,84,84,84,84,84,84,84,84,84,84,84,84,84,84,84,84,84,84,84,84,84,84,84,84,84,84,84,84],"card_choices":[{"not_picked":["PiercingWail","Dagger Spray"],"picked":"hubris:TrickCloak","floor":1.0},{"not_picked":["Backflip","Hidden Blade"],"picked":"Dagger Throw","floor":2.0},{"not_picked":["Blade Dance","StuffTheSpire:Sprint"],"picked":"Wraith Form v2","floor":5.0},{"not_picked":["Infinite Blades","Slice","Backflip"],"picked":"SKIP","floor":7.0},{"not_picked":["Choke","Predator","Deflect"],"picked":"SKIP","floor":11.0},{"not_picked":["Noxious Fumes","ReplayTheSpireMod:Shiv Toss","Dagger Spray"],"picked":"SKIP","floor":13.0},{"not_picked":["Backflip","Hidden Blade","ReplayTheSpireMod:Speed Training"],"picked":"SKIP","floor":14.0},{"not_picked":["Blade Dance","Replay:Poison Smokescreen"],"picked":"Acrobatics","floor":18.0},{"not_picked":["Master of Strategy+1","Thinking Ahead+1"],"picked":"hubris:EnhanceAbility+1","floor":20.0},{"not_picked":["A Thousand Cuts","Endless Agony","Infinite Blades"],"picked":"SKIP","floor":21.0},{"not_picked":["Eviscerate","Backflip","Dagger Throw"],"picked":"SKIP","floor":23.0},{"not_picked":["Sucker Punch","Underhanded Strike","ReplayTheSpireMod:The Works"],"picked":"SKIP","floor":25.0},{"not_picked":["Choke","Flying Knee","Deadly Poison"],"picked":"SKIP","floor":27.0},{"not_picked":["Unload","PiercingWail"],"picked":"Prepared","floor":28.0},{"not_picked":["Masterful Stab","Expertise+1","StuffTheSpire:Shiver"],"picked":"SKIP","floor":31.0},{"not_picked":["Calculated Gamble","Cloak And Dagger"],"picked":"Sneak Up","floor":35.0},{"not_picked":["Calculated Gamble+1","StuffTheSpire:Repulse+1","Escape Plan"],"picked":"SKIP","floor":36.0},{"not_picked":["Cloak And Dagger","Backflip+1","Expertise"],"picked":"SKIP","floor":39.0},{"not_picked":["StuffTheSpire:Python","Outmaneuver","Underhanded Strike"],"picked":"SKIP","floor":41.0},{"not_picked":["StuffTheSpire:Injection+1","Poisoned Stab+1","Deadly Poison+1"],"picked":"SKIP","floor":46.0},{"not_picked":["Hidden Blade+1","Bane+1"],"picked":"Phantasmal Killer","floor":48.0}],"player_experience":2469908,"relics_obtained":[{"floor":9.0,"key":"infinitespire:Beetle Shell"},{"floor":11.0,"key":"Simple Rune"},{"floor":13.0,"key":"StuffTheSpire:Gunfinga"},{"floor":23.0,"key":"hubris:CrystalStatue"},{"floor":25.0,"key":"Boot"},{"floor":26.0,"key":"Bottled Lightning"},{"floor":27.0,"key":"Omamori"},{"floor":30.0,"key":"Matryoshka"},{"floor":31.0,"key":"infinitespire:Broken Mirror"},{"floor":43.0,"key":"Akabeko"}],"event_choices":[{"damage_healed":0.0,"max_hp_gain":0.0,"max_hp_loss":0.0,"gold_gain":0.0,"event_name":"betterMatch:BetterMatch","player_choice":"2","floor":20.0,"gold_loss":0.0,"damage_taken":0.0,"cards_obtained":["betterMatch:CommonCard","betterMatch:UncommonCard","betterMatch:ColorlessRareCard"]},{"damage_healed":0.0,"max_hp_gain":0.0,"max_hp_loss":0.0,"gold_gain":0.0,"event_name":"conspire:Investor","player_choice":"Leave","floor":22.0,"gold_loss":0.0,"damage_taken":0.0},{"damage_healed":0.0,"max_hp_gain":0.0,"max_hp_loss":16.0,"gold_gain":3.0,"event_name":"betterStone:BetterStone","player_choice":"2","floor":38.0,"gold_loss":0.0,"damage_taken":0.0},{"cards_removed":["Defend_G"],"damage_healed":0.0,"max_hp_gain":0.0,"max_hp_loss":0.0,"gold_gain":0.0,"event_name":"Purifier","player_choice":"Purged","floor":42.0,"gold_loss":0.0,"damage_taken":0.0}],"is_beta":false,"boss_relics":[{"not_picked":["energizedSpire:StickyHand","conspire:RoyalGoblet"],"picked":"Sozu"},{"not_picked":["Tiny House","Ring of Chaos"],"picked":"vexMod:MysteryBossChallenge"}],"items_purged_floors":[19,37,45,45],"is_endless":false,"potions_floor_spawned":[5,11,14,21,31,33,35,36,39],"ascension_level":13}}