{"host":"hjw1ay65n7jm40lc","time":1607952204,"event":{"mods":["AchievementEnabler","BaseMod","Colored Map","Colored Powertips","Googly Eyes","Highlight Path","Minty Spire (QoL Compilation)","Quick Restart","Relic Stats"],"gold_per_floor":[117,117,130,61,61,96,96,122,122,122,136,153,187,214,214,288,288,299,299,317,215,233,260,260,296,305,305,339,339,339,361,361,447,447,462,462,513,299,333,368,368,403,412,412,439,455,481,494,494,494,494],"floor_reached":50,"playtime":3627,"items_purged":["Shame"],"score":1326,"play_id":"9e53460c-83e1-4ec5-a6ed-1509797a1a70","local_time":"20201214082324","is_ascension_mode":true,"campfire_choices":[{"floor":7.0,"key":"REST"},{"floor":10.0,"key":"REST"},{"data":"Bash","floor":15.0,"key":"SMITH"},{"floor":24.0,"key":"REST"},{"floor":27.0,"key":"REST"},{"data":"Demon Form","floor":29.0,"key":"SMITH"},{"floor":32.0,"key":"REST"},{"data":"Offering","floor":41.0,"key":"SMITH"},{"floor":49.0,"key":"RECALL"}],"circlet_count":0,"master_deck":["AscendersBane","Strike_R","Strike_R+1","Strike_R","Defend_R+1","Defend_R+1","Defend_R","Bash+1","Sever Soul+1","Entrench","Offering+1","Perfected Strike","Feel No Pain","Clothesline","Juggernaut","Second Wind","Shrug It Off","Feed","Impervious","Demon Form+1","Flame Barrier+1","Barricade","Feel No Pain","Whirlwind","Armaments+1","Pain","Shockwave"],"relics":["Snecko Eye","Turnip","Singing Bowl","Question Card","Toy Ornithopter","Whetstone","Cursed Key","Pen Nib","CeramicFish","FossilizedHelix","Bronze Scales","Runic Dome","Pocketwatch","Ginger","MealTicket","Gremlin Horn","Art of War"],"acts_visited":["Exordium","TheCity","TheBeyond"],"potions_floor_usage":[50,50],"damage_taken":[{"damage":5.0,"enemies":"2 Louse","floor":1.0,"turns":2.0},{"damage":0.0,"enemies":"Cultist","floor":3.0,"turns":2.0},{"damage":26.0,"enemies":"Lagavulin","floor":6.0,"turns":4.0},{"damage":16.0,"enemies":"Gremlin Nob","floor":8.0,"turns":3.0},{"damage":6.0,"enemies":"Small Slimes","floor":11.0,"turns":2.0},{"damage":6.0,"enemies":"Blue Slaver","floor":12.0,"turns":2.0},{"damage":24.0,"enemies":"3 Sentries","floor":13.0,"turns":9.0},{"damage":2.0,"enemies":"Hexaghost","floor":16.0,"turns":9.0},{"damage":6.0,"enemies":"3 Byrds","floor":18.0,"turns":4.0},{"damage":6.0,"enemies":"Spheric Guardian","floor":20.0,"turns":3.0},{"damage":5.0,"enemies":"Snake Plant","floor":22.0,"turns":3.0},{"damage":28.0,"enemies":"Gremlin Leader","floor":23.0,"turns":5.0},{"damage":57.0,"enemies":"Book of Stabbing","floor":25.0,"turns":5.0},{"damage":13.0,"enemies":"Slavers","floor":28.0,"turns":4.0},{"damage":5.0,"enemies":"Snecko","floor":31.0,"turns":5.0},{"damage":0.0,"enemies":"Champ","floor":33.0,"turns":12.0},{"damage":0.0,"enemies":"3 Darklings","floor":35.0,"turns":5.0},{"damage":25.0,"enemies":"2 Orb Walkers","floor":37.0,"turns":5.0},{"damage":0.0,"enemies":"Mind Bloom Boss Battle","floor":39.0,"turns":6.0},{"damage":0.0,"enemies":"Nemesis","floor":40.0,"turns":7.0},{"damage":6.0,"enemies":"Giant Head","floor":42.0,"turns":6.0},{"damage":83.0,"enemies":"Reptomancer","floor":45.0,"turns":6.0},{"damage":3.0,"enemies":"Orb Walker","floor":46.0,"turns":3.0},{"damage":0.0,"enemies":"Writhing Mass","floor":47.0,"turns":4.0},{"damage":3.0,"enemies":"Jaw Worm Horde","floor":48.0,"turns":4.0},{"damage":24,"enemies":"Awakened One","floor":50,"turns":2}],"seed_played":"-8118652077670926316","potions_obtained":[{"floor":1.0,"key":"AttackPotion"},{"floor":3.0,"key":"Fruit Juice"},{"floor":16.0,"key":"AttackPotion"},{"floor":28.0,"key":"ColorlessPotion"},{"floor":31.0,"key":"Swift Potion"},{"floor":35.0,"key":"Weak Potion"},{"floor":46.0,"key":"Block Potion"},{"floor":47.0,"key":"EssenceOfSteel"},{"floor":48.0,"key":"DistilledChaos"}],"is_trial":false,"path_per_floor":["M","?","M","$","?","E","R","E","T","R","M","M","E","T","R","B",null,"M","?","M","$","M","E","R","E","T","R","E","R","?","M","R","B",null,"M","?","?","$","?","E","R","E","T","?","E","M","M","M","R","B"],"character_chosen":"IRONCLAD","items_purchased":["Entrench","Swift Potion","FearPotion","Feel No Pain","GamblersBrew"],"campfire_rested":5,"item_purchase_floors":[4,21,21,38,38],"current_hp_per_floor":[63,40,40,40,40,19,43,27,27,51,47,41,19,19,19,17,67,68,68,64,64,61,38,65,8,8,35,30,30,30,28,56,61,87,89,89,74,74,77,87,87,84,84,84,8,7,7,14,14,0,0],"gold":494,"neow_bonus":"BOSS_RELIC","is_daily":false,"chose_seed":false,"campfire_upgraded":3,"win_rate":0.0,"timestamp":1607952204,"path_taken":["M","?","M","$","?","E","R","E","T","R","?","M","E","?","R","BOSS","M","?","M","$","M","E","R","E","T","R","E","R","?","M","R","BOSS","M","?","?","$","?","E","R","E","T","?","E","M","?","M","R","BOSS"],"items_purchased_type":["Card","Potion","Potion","Card","Potion"],"build_version":"2020-12-13","purchased_purges":1,"victory":false,"max_hp_per_floor":[75,75,75,75,75,80,80,80,80,80,82,82,84,84,84,84,84,86,86,88,88,90,90,90,90,90,90,93,93,93,96,96,96,96,98,98,103,103,106,111,111,114,114,114,116,118,118,123,123,123,123],"relic_stats":{"Singing Bowl":22,"Gremlin Horn":[6,6],"counters":[26,122],"CeramicFish":90,"Pen Nib":[10],"Whetstone":["Strike_R","Sever Soul"],"Ginger":[7],"Question Card":21,"Cursed Key":2,"Bronze Scales":[177],"Snecko Eye":[217,211,203,234],"MealTicket":0,"Turnip":[18],"Art of War":[3],"obtain_stats":[{"Singing Bowl":8,"Gremlin Horn":42,"CeramicFish":25,"Pen Nib":23,"Whetstone":14,"Ginger":39,"Question Card":9,"Cursed Key":17,"Burning Blood":0,"Runic Dome":34,"Bronze Scales":28,"Snecko Eye":0,"MealTicket":40,"Turnip":6,"Art of War":45,"Toy Ornithopter":13,"FossilizedHelix":26,"Pocketwatch":37},{"Singing Bowl":4,"Gremlin Horn":21,"CeramicFish":13,"Pen Nib":12,"Whetstone":7,"Ginger":19,"Question Card":4,"Cursed Key":8,"Burning Blood":0,"Runic Dome":16,"Bronze Scales":14,"Snecko Eye":0,"MealTicket":20,"Turnip":3,"Art of War":22,"Toy Ornithopter":7,"FossilizedHelix":13,"Pocketwatch":18},{"Singing Bowl":11,"Gremlin Horn":103,"CeramicFish":53,"Pen Nib":48,"Whetstone":24,"Ginger":90,"Question Card":11,"Cursed Key":33,"Burning Blood":0,"Runic Dome":74,"Bronze Scales":57,"Snecko Eye":0,"MealTicket":97,"Turnip":8,"Art of War":109,"Toy Ornithopter":24,"FossilizedHelix":53,"Pocketwatch":84}],"Toy Ornithopter":50,"Pocketwatch":[27]},"card_choices":[{"not_picked":["Dropkick","Anger"],"picked":"Sever Soul","floor":1.0},{"not_picked":["Clash","Inflame","Seeing Red"],"picked":"SKIP","floor":3.0},{"not_picked":["Sever Soul","Pommel Strike"],"picked":"Perfected Strike","floor":6.0},{"not_picked":["Cleave","Rupture"],"picked":"Feel No Pain","floor":8.0},{"not_picked":["Feel No Pain","Shrug It Off","Warcry","Brutality"],"picked":"Singing Bowl","floor":11.0},{"not_picked":["Shrug It Off","Anger","Flex"],"picked":"Clothesline","floor":12.0},{"not_picked":["Clash","Exhume","Headbutt","Twin Strike"],"picked":"Singing Bowl","floor":13.0},{"not_picked":["Exhume","Double Tap","Feed"],"picked":"Juggernaut","floor":16.0},{"not_picked":["Warcry","Shrug It Off","Rage","Iron Wave"],"picked":"Singing Bowl","floor":18.0},{"not_picked":["Heavy Blade","Clothesline","Inflame","Havoc"],"picked":"Singing Bowl","floor":20.0},{"not_picked":["Perfected Strike","Clash","Headbutt+1","Searing Blow"],"picked":"Singing Bowl","floor":22.0},{"not_picked":["Exhume","Seeing Red","Metallicize"],"picked":"Feed","floor":23.0},{"not_picked":["Pommel Strike","Thunderclap+1","Dark Embrace"],"picked":"Impervious","floor":25.0},{"not_picked":["Flex","Metallicize","Rage"],"picked":"Demon Form","floor":28.0},{"not_picked":["Dual Wield","Twin Strike","True Grit"],"picked":"Flame Barrier+1","floor":31.0},{"not_picked":["Corruption","Brutality","Berserk"],"picked":"Barricade","floor":33.0},{"not_picked":["Pommel Strike","Rampage","Searing Blow","Iron Wave+1"],"picked":"Singing Bowl","floor":35.0},{"not_picked":["Cleave","Bloodletting","Body Slam","Reckless Charge"],"picked":"Singing Bowl","floor":37.0},{"not_picked":["Dropkick+1","Heavy Blade","Evolve+1"],"picked":"Whirlwind","floor":39.0},{"not_picked":["Bloodletting","Body Slam","Warcry","Sentinel"],"picked":"Singing Bowl","floor":40.0},{"not_picked":["Sword Boomerang","Shrug It Off","Body Slam"],"picked":"Armaments+1","floor":42.0},{"not_picked":["Berserk","Warcry","Headbutt","Clothesline"],"picked":"Singing Bowl","floor":45.0},{"not_picked":["Ghostly Armor","Uppercut","Heavy Blade","Rupture+1"],"picked":"Singing Bowl","floor":46.0},{"not_picked":["Cleave","Pummel","Heavy Blade"],"picked":"Shockwave","floor":47.0},{"not_picked":["Disarm","Headbutt+1","Cleave","Perfected Strike"],"picked":"Singing Bowl","floor":48.0}],"player_experience":210637,"relics_obtained":[{"floor":6.0,"key":"Turnip"},{"floor":8.0,"key":"Singing Bowl"},{"floor":9.0,"key":"Question Card"},{"floor":13.0,"key":"Toy Ornithopter"},{"floor":14.0,"key":"Whetstone"},{"floor":23.0,"key":"Pen Nib"},{"floor":25.0,"key":"CeramicFish"},{"floor":26.0,"key":"FossilizedHelix"},{"floor":28.0,"key":"Bronze Scales"},{"floor":37.0,"key":"Pocketwatch"},{"floor":39.0,"key":"Ginger"},{"floor":40.0,"key":"MealTicket"},{"floor":42.0,"key":"Gremlin Horn"},{"floor":45.0,"key":"Art of War"}],"event_choices":[{"damage_healed":0.0,"max_hp_gain":0.0,"max_hp_loss":0.0,"gold_gain":0.0,"event_name":"Shining Light","player_choice":"Entered Light","floor":2.0,"gold_loss":0.0,"damage_taken":23.0,"cards_upgraded":["Defend_R","Defend_R"]},{"damage_healed":0.0,"max_hp_gain":0.0,"max_hp_loss":0.0,"gold_gain":0.0,"event_name":"Match and Keep!","player_choice":"1 cards matched","floor":5.0,"gold_loss":0.0,"damage_taken":0.0,"cards_obtained":["Offering"]},{"damage_healed":0.0,"max_hp_gain":0.0,"max_hp_loss":0.0,"gold_gain":0.0,"cards_transformed":["Strike_R","Strike_R"],"event_name":"Drug Dealer","player_choice":"Became Test Subject","floor":19.0,"gold_loss":0.0,"damage_taken":0.0,"cards_obtained":["Second Wind","Shrug It Off"]},{"damage_healed":0.0,"max_hp_gain":0.0,"max_hp_loss":0.0,"gold_gain":0.0,"event_name":"Ghosts","player_choice":"Ignored","floor":30.0,"gold_loss":0.0,"damage_taken":0.0},{"cards_removed":["Defend_R"],"damage_healed":0.0,"max_hp_gain":0.0,"max_hp_loss":0.0,"gold_gain":0.0,"event_name":"Falling","player_choice":"Removed Skill","floor":36.0,"gold_loss":0.0,"damage_taken":0.0},{"damage_healed":0.0,"max_hp_gain":0.0,"max_hp_loss":0.0,"gold_gain":0.0,"event_name":"Mysterious Sphere","player_choice":"Fight","floor":37.0,"gold_loss":0.0,"damage_taken":0.0},{"damage_healed":0.0,"max_hp_gain":0.0,"max_hp_loss":0.0,"gold_gain":0.0,"event_name":"MindBloom","player_choice":"Fight","floor":39.0,"gold_loss":0.0,"damage_taken":0.0},{"damage_healed":0.0,"max_hp_gain":0.0,"max_hp_loss":0.0,"gold_gain":0.0,"event_name":"Tomb of Lord Red Mask","player_choice":"Ignored","floor":44.0,"gold_loss":0.0,"damage_taken":0.0}],"is_beta":false,"boss_relics":[{"not_picked":["Fusion Hammer","Sozu"],"picked":"Cursed Key"},{"not_picked":["SacredBark","Velvet Choker"],"picked":"Runic Dome"}],"items_purged_floors":[38],"is_endless":false,"potions_floor_spawned":[1,3,16,22,28,31,35,46,47,48],"killed_by":"Awakened One","ascension_level":15}}