{"host":"0vkf1k7bkmi4whcf","time":1607904115,"event":{"mods":["Bartender","BaseMod","Better Third Choice","CapriCore","Displayed Cursed Tome","Downfall","GungeonMod","Koishi","Marisa????????","Minty Spire (QoL Compilation)","Reimu??????","Relic Stats","Remilia??????","StSLib","Td1madao Mod","The Alterego","The Immortal","The Servant 0.9.4","The Wild Card","Waifu the Spire","Yuyuko","???????????mod"],"gold_per_floor":[130,148,423,22,97,97,124,124,124,32,32,32,48,61,61,132,132,151,11,11,30,30,30,62,62,62],"floor_reached":25,"playtime":767,"items_purged":["Regret","Pain"],"score":460,"play_id":"9cf90cb7-d955-410e-b3e5-6169ae9f0f14","local_time":"20201214010155","is_ascension_mode":true,"campfire_choices":[{"data":"Observe_purple_2","floor":6.0,"key":"SMITH"},{"floor":8.0,"key":"REST"},{"data":"Nest_LightFlightworm_purple","floor":15.0,"key":"SMITH"},{"data":"DimensionStaggered_purple","floor":23,"key":"SMITH"}],"circlet_count":0,"master_deck":["AscendersBane","AT_purpleEX","AT_purpleEX","AT_purpleEX","Defend_purpleEX","Defend_purpleEX","Defend_purpleEX","Observe_purple_1","Observe_purple_2+1","expansioncontent:Flail","ExistenceContinue_purple","MeetDecomposer_purple","WingOfChimera_purple","Know_ledgeAbilityRealm_purple","Umbrella_purple","Mirror_FourBoundary_purple","StateErode_purple","DimensionStaggered_purple+1","Nest_LightFlightworm_purple+1","Monsters_DoubleDeathButterfly_purple","Bait_Toxicbait_purple","ButterflyHabitatTemple_purple","WangLiang_OokamiKakushi_purple","DarkRealmRedLine_purple","AdvanceAttack_purple","Slimebound:CheckThePlaybook","Slimebound:Icky","StateDuplicate_purple"],"relics":["Boundary_crack","Memoryfragments_purpleEX","Lee\u0027s Waffle","DemoMod:VorpalBullet","DemoMod:AgedBell","WarpedTongs","SacredBark","DemoMod:GlassGuonStoneRelic","ThegodofHakurei_purpleEX"],"acts_visited":["Exordium","TheCity"],"potions_floor_usage":[24,24],"damage_taken":[{"damage":0.0,"enemies":"Jaw Worm","floor":1.0,"turns":5.0},{"damage":10.0,"enemies":"Cultist","floor":2.0,"turns":5.0},{"damage":47.0,"enemies":"Gremlin Nob","floor":7.0,"turns":6.0},{"damage":0.0,"enemies":"Small Slimes","floor":13.0,"turns":3.0},{"damage":0.0,"enemies":"Looter","floor":14.0,"turns":1.0},{"damage":32.0,"enemies":"Slime Boss","floor":16.0,"turns":11.0},{"damage":27,"enemies":"Shell Parasite","floor":18,"turns":5},{"damage":16,"enemies":"Spheric Guardian","floor":21,"turns":7},{"damage":30,"enemies":"Slavers","floor":24,"turns":4},{"damage":8,"enemies":"Shelled Parasite and Fungi","floor":25,"turns":4}],"seed_played":"-9124655418646489874","potions_obtained":[{"floor":13.0,"key":"Fire Potion"},{"floor":14.0,"key":"MagicPotion:ReiMu"},{"floor":21,"key":"champ:CounterPotion"},{"floor":24,"key":"Ancient Potion"}],"is_trial":false,"path_per_floor":["M","M","?","$","?","R","E","R","T","$","?","?","M","M","R","B",null,"M","$","?","M","?","R","E","M"],"character_chosen":"Youkari","items_purchased":["WingOfChimera_purple","Know_ledgeAbilityRealm_purple","Lee\u0027s Waffle","Mirror_FourBoundary_purple","StateErode_purple","ButterflyHabitatTemple_purple"],"campfire_rested":1,"item_purchase_floors":[4,4,4,10,10,19],"current_hp_per_floor":[62,54,54,72,61,61,15,36,36,36,41,41,43,45,45,18,62,38,38,38,32,32,32,2,0,0],"gold":62,"neow_bonus":"RANDOM_COLORLESS","is_daily":false,"chose_seed":false,"campfire_upgraded":3,"win_rate":0.0,"timestamp":1607904115,"path_taken":["M","M","?","?","?","R","E","R","T","$","?","?","M","M","R","BOSS","M","?","?","?","?","R","E","M"],"items_purchased_type":["Card","Card","Relic","Card","Card","Card"],"build_version":"2020-12-13","purchased_purges":2,"victory":false,"max_hp_per_floor":[65,65,65,72,72,72,72,72,72,72,77,77,77,77,77,77,77,77,77,77,77,77,77,77,77,77],"relic_stats":{"Lee\u0027s Waffle":18,"counters":[10,51],"obtain_stats":[{"Lee\u0027s Waffle":4,"DemoMod:AgedBell":9,"SacredBark":17,"ThegodofHakurei_purpleEX":24,"DemoMod:GlassGuonStoneRelic":7,"Boundary_crack":0,"DemoMod:VorpalBullet":7,"Memoryfragments_purpleEX":0,"WarpedTongs":12},{"Lee\u0027s Waffle":2,"DemoMod:AgedBell":3,"SacredBark":6,"ThegodofHakurei_purpleEX":9,"DemoMod:GlassGuonStoneRelic":3,"Boundary_crack":0,"DemoMod:VorpalBullet":3,"Memoryfragments_purpleEX":0,"WarpedTongs":3},{"Lee\u0027s Waffle":10,"DemoMod:AgedBell":16,"SacredBark":31,"ThegodofHakurei_purpleEX":47,"DemoMod:GlassGuonStoneRelic":16,"Boundary_crack":0,"DemoMod:VorpalBullet":16,"Memoryfragments_purpleEX":0,"WarpedTongs":16}],"WarpedTongs":[26]},"card_choices":[{"not_picked":["Discovery","Blind"],"picked":"expansioncontent:Flail","floor":0.0},{"not_picked":["SfantasyHide_purple","Line_surface_state_purple"],"picked":"ExistenceContinue_purple","floor":1.0},{"not_picked":["Shallow_ocean_purpleEX","Realm_recovery_purpleEX"],"picked":"MeetDecomposer_purple","floor":2.0},{"not_picked":["LoveAcrossDimensions_purple","Mirror_FourBoundary_purple"],"picked":"Umbrella_purple","floor":7.0},{"not_picked":["Mirror_Drifter_purple","Yakumo_Ran_purple"],"picked":"DimensionStaggered_purple","floor":13.0},{"not_picked":["DarkRealmRedLine_purple","Umbrella_purple"],"picked":"Nest_LightFlightworm_purple","floor":14.0},{"not_picked":["ProofOfUnderstanding_purple","WasteWire_Metro_purple"],"picked":"Monsters_DoubleDeathButterfly_purple","floor":16.0},{"not_picked":["Mirror_Drifter_purple","WatchEyeChange_purple"],"picked":"Bait_Toxicbait_purple","floor":18},{"not_picked":["Realm_recovery_purpleEX+1","Line_surface_state_purple"],"picked":"AdvanceAttack_purple","floor":21},{"not_picked":["RuleDissolution_purple+1","SfantasyHide_purple"],"picked":"StateDuplicate_purple","floor":24}],"player_experience":707905,"relics_obtained":[{"floor":7.0,"key":"DemoMod:VorpalBullet"},{"floor":9.0,"key":"DemoMod:AgedBell"},{"floor":24,"key":"ThegodofHakurei_purpleEX"}],"event_choices":[{"damage_healed":0.0,"max_hp_gain":0.0,"max_hp_loss":0.0,"gold_gain":275.0,"event_name":"Golden Shrine","player_choice":"Desecrate","floor":3.0,"gold_loss":0.0,"damage_taken":0.0,"cards_obtained":["Regret"]},{"damage_healed":0.0,"max_hp_gain":0.0,"max_hp_loss":0.0,"gold_gain":75.0,"event_name":"betterThird:BetterGoop","player_choice":"Gold","floor":5.0,"gold_loss":0.0,"damage_taken":11.0},{"damage_healed":0.0,"max_hp_gain":0.0,"max_hp_loss":0.0,"gold_gain":0.0,"event_name":"Accursed Blacksmith","player_choice":"Rummage","floor":12.0,"gold_loss":0.0,"damage_taken":0.0,"relics_obtained":["WarpedTongs"],"cards_obtained":["Pain"]},{"damage_healed":0,"gold_gain":0,"cards_transformed":["AT_purpleEX","Defend_purpleEX"],"player_choice":"Became Test Subject","damage_taken":0,"max_hp_gain":0,"max_hp_loss":0,"event_name":"Drug Dealer","floor":20,"gold_loss":0,"cards_obtained":["WangLiang_OokamiKakushi_purple","DarkRealmRedLine_purple"]}],"is_beta":false,"boss_relics":[{"not_picked":["Astrolabe","Empty Cage"],"picked":"SacredBark"}],"items_purged_floors":[4,19],"is_endless":false,"potions_floor_spawned":[13,14,21,24],"killed_by":"Shelled Parasite and Fungi","ascension_level":18}}