{"host":"krw8blyxua7at9ak","time":1607918423,"event":{"mods":["BaseMod","Highlight Path","Minty Spire (QoL Compilation)","ojb\u0027s Info Mod"],"gold_per_floor":[115,129,147,161,175,204,222,257,284,301,301,328,328,2,2,75,75,88,107,126,126,126,159,159,209,235,235,267,29,58,158,158,234,234,249,249,249],"floor_reached":36,"playtime":2586,"items_purged":["Doubt"],"score":884,"play_id":"33b8a4f9-9585-4004-b4ca-cce8bb86fdb6","local_time":"20201214050023","is_ascension_mode":true,"campfire_choices":[{"data":"Venomology","floor":11,"key":"SMITH"},{"floor":15,"key":"REST"},{"data":"Well Laid Plans","floor":24,"key":"SMITH"},{"data":"Bouncing Flask","floor":32,"key":"SMITH"}],"circlet_count":0,"master_deck":["AscendersBane","Strike_G","Strike_G","Strike_G","Strike_G","Defend_G","Defend_G","Defend_G","Defend_G","Defend_G","Survivor","Neutralize","Venomology+1","Noxious Fumes","Leg Sweep","Noxious Fumes","Well Laid Plans+1","After Image","After Image","Bouncing Flask+1","Writhe","Backflip","Leg Sweep","Dodge and Roll","Doppelganger","Prepared+1"],"relics":["Ring of the Snake","PreservedInsect","Bird Faced Urn","Bottled Lightning","Juzu Bracelet","CaptainsWheel","Frozen Eye","Ancient Tea Set","Cursed Key","MealTicket","Oddly Smooth Stone","Happy Flower","Art of War","Akabeko","Pocketwatch","Question Card","SacredBark"],"acts_visited":["Exordium","TheCity","TheBeyond"],"potions_floor_usage":[10,10,12,12,16,19,20,20,23,23,28,28,28,30,30,31,31,31,35,36,36,36],"damage_taken":[{"damage":0.0,"enemies":"Cultist","floor":1.0,"turns":5.0},{"damage":7.0,"enemies":"Jaw Worm","floor":2.0,"turns":5.0},{"damage":3.0,"enemies":"2 Louse","floor":3.0,"turns":3.0},{"damage":16.0,"enemies":"Lots of Slimes","floor":4.0,"turns":6.0},{"damage":4.0,"enemies":"Exordium Wildlife","floor":5.0,"turns":7.0},{"damage":15.0,"enemies":"3 Sentries","floor":6.0,"turns":6.0},{"damage":2.0,"enemies":"3 Louse","floor":7.0,"turns":4.0},{"damage":4.0,"enemies":"Lagavulin","floor":8.0,"turns":7.0},{"damage":11,"enemies":"Gremlin Gang","floor":10,"turns":5},{"damage":19,"enemies":"Gremlin Nob","floor":12,"turns":4},{"damage":17,"enemies":"Slime Boss","floor":16,"turns":12},{"damage":0,"enemies":"Shell Parasite","floor":18,"turns":10},{"damage":0,"enemies":"3 Byrds","floor":19,"turns":5},{"damage":0,"enemies":"Shelled Parasite and Fungi","floor":20,"turns":7},{"damage":35,"enemies":"Book of Stabbing","floor":23,"turns":7},{"damage":53,"enemies":"Gremlin Leader","floor":28,"turns":7},{"damage":23,"enemies":"Slavers","floor":30,"turns":8},{"damage":0,"enemies":"Colosseum Slavers","floor":31,"turns":1},{"damage":9,"enemies":"Colosseum Nobs","floor":31,"turns":6},{"damage":17,"enemies":"Champ","floor":33,"turns":13},{"damage":0,"enemies":"Orb Walker","floor":35,"turns":4},{"damage":67,"enemies":"2 Orb Walkers","floor":36,"turns":5}],"seed_played":"-642215281095845967","potions_obtained":[{"floor":2.0,"key":"ColorlessPotion"},{"floor":4.0,"key":"PowerPotion"},{"floor":5.0,"key":"Fire Potion"},{"floor":8.0,"key":"BlessingOfTheForge"},{"floor":16,"key":"Energy Potion"},{"floor":18,"key":"Block Potion"},{"floor":20,"key":"Explosive Potion"},{"floor":23,"key":"CunningPotion"},{"floor":28,"key":"CultistPotion"},{"floor":30,"key":"Explosive Potion"},{"floor":33,"key":"SpeedPotion"}],"is_trial":false,"path_per_floor":["M","M","M","M","M","E","M","E","T","M","R","E","?","$","R","B",null,"M","M","M","?","?","E","R","?","T","?","E","$","E","?","R","B",null,"M","?"],"character_chosen":"THE_SILENT","items_purchased":["Frozen Eye","Ancient Tea Set","Art of War"],"campfire_rested":1,"item_purchase_floors":[14,14,29],"current_hp_per_floor":[59,52,49,48,44,29,27,29,29,24,24,9,2,2,21,12,53,63,66,66,62,62,37,37,37,37,37,9,24,13,16,16,9,52,62,0,0],"gold":249,"neow_bonus":"RANDOM_COMMON_RELIC","is_daily":false,"chose_seed":false,"campfire_upgraded":3,"win_rate":0.0,"timestamp":1607918423,"path_taken":["M","M","M","M","M","E","?","E","T","M","R","E","?","$","R","BOSS","M","M","M","?","?","E","R","?","T","?","E","$","E","?","R","BOSS","M","?"],"items_purchased_type":["Relic","Relic","Relic"],"build_version":"2020-12-13","purchased_purges":1,"victory":false,"max_hp_per_floor":[66,66,66,66,66,66,66,66,66,66,66,66,66,66,66,66,66,66,66,66,66,66,66,66,66,66,66,66,66,66,66,66,66,66,66,66,66],"card_choices":[{"not_picked":["Acrobatics","Deflect","Backflip"],"picked":"SKIP","floor":1.0},{"not_picked":["Backflip","Prepared"],"picked":"Venomology","floor":2.0},{"not_picked":["Accuracy","Flechettes"],"picked":"Noxious Fumes","floor":3.0},{"not_picked":["Sucker Punch","Dagger Throw"],"picked":"Leg Sweep","floor":4.0},{"not_picked":["Poisoned Stab","Crippling Poison"],"picked":"Noxious Fumes","floor":5.0},{"not_picked":["Distraction","Leg Sweep","Quick Slash"],"picked":"SKIP","floor":6.0},{"not_picked":["Quick Slash","All Out Attack"],"picked":"Well Laid Plans","floor":7.0},{"not_picked":["Eviscerate","Dagger Spray","Sucker Punch"],"picked":"SKIP","floor":8.0},{"not_picked":["Masterful Stab","Quick Slash","Infinite Blades"],"picked":"SKIP","floor":10},{"not_picked":["Glass Knife","PiercingWail"],"picked":"After Image","floor":12},{"not_picked":["Phantasmal Killer","Bullet Time"],"picked":"After Image","floor":16},{"not_picked":["Terror","Outmaneuver"],"picked":"Bouncing Flask","floor":18},{"not_picked":["Bouncing Flask","Masterful Stab","Accuracy"],"picked":"SKIP","floor":19},{"not_picked":["Dodge and Roll","Underhanded Strike","Tactician"],"picked":"SKIP","floor":20},{"not_picked":["Poisoned Stab","Caltrops"],"picked":"Backflip","floor":23},{"not_picked":["Bullet Time","Dash","Predator"],"picked":"SKIP","floor":28},{"not_picked":["Expertise","Bane","Caltrops"],"picked":"SKIP","floor":30},{"not_picked":["Blade Dance","Dagger Spray"],"picked":"Dodge and Roll","floor":31},{"not_picked":["Malaise","Unload","Glass Knife"],"picked":"Doppelganger","floor":33},{"not_picked":["Backflip","Deadly Poison","Poisoned Stab+1"],"picked":"Prepared+1","floor":35}],"player_experience":336985,"relics_obtained":[{"floor":6.0,"key":"Bird Faced Urn"},{"floor":8.0,"key":"Bottled Lightning"},{"floor":9.0,"key":"Juzu Bracelet"},{"floor":12,"key":"CaptainsWheel"},{"floor":23,"key":"Oddly Smooth Stone"},{"floor":28,"key":"Happy Flower"},{"floor":30,"key":"Akabeko"},{"floor":31,"key":"Pocketwatch"},{"floor":31,"key":"Question Card"}],"event_choices":[{"cards_removed":["Strike_G"],"damage_healed":0,"gold_gain":0,"player_choice":"Card Removal","damage_taken":7,"max_hp_gain":0,"max_hp_loss":0,"event_name":"Golden Wing","floor":13,"gold_loss":0},{"damage_healed":0,"gold_gain":0,"player_choice":"Bought 0 Potions","damage_taken":0,"max_hp_gain":0,"max_hp_loss":0,"event_name":"The Woman in Blue","floor":21,"gold_loss":0},{"damage_healed":0,"gold_gain":0,"player_choice":"Opened","damage_taken":0,"relics_obtained":["MealTicket"],"max_hp_gain":0,"max_hp_loss":0,"event_name":"The Mausoleum","floor":22,"gold_loss":0,"cards_obtained":["Writhe"]},{"damage_healed":0,"gold_gain":50,"player_choice":"Stole From Cult","damage_taken":0,"max_hp_gain":0,"max_hp_loss":0,"event_name":"Nest","floor":25,"gold_loss":0},{"damage_healed":0,"gold_gain":0,"player_choice":"1 cards matched","damage_taken":0,"max_hp_gain":0,"max_hp_loss":0,"event_name":"Match and Keep!","floor":27,"gold_loss":0,"cards_obtained":["Leg Sweep"]},{"damage_healed":0,"gold_gain":0,"player_choice":"Fight","damage_taken":0,"max_hp_gain":0,"max_hp_loss":0,"event_name":"Colosseum","floor":31,"gold_loss":0},{"damage_healed":0,"gold_gain":0,"player_choice":"Fought Nobs","damage_taken":0,"max_hp_gain":0,"max_hp_loss":0,"event_name":"Colosseum","floor":31,"gold_loss":0},{"damage_healed":0,"gold_gain":0,"player_choice":"Fight","damage_taken":0,"max_hp_gain":0,"max_hp_loss":0,"event_name":"Mysterious Sphere","floor":36,"gold_loss":0}],"is_beta":false,"boss_relics":[{"not_picked":["Calling Bell","Tiny House"],"picked":"Cursed Key"},{"not_picked":["Empty Cage","Velvet Choker"],"picked":"SacredBark"}],"items_purged_floors":[29],"is_endless":false,"potions_floor_spawned":[2,4,5,8,16,18,20,23,28,30,33],"killed_by":"2 Orb Walkers","ascension_level":20}}