{"host":"2n2g1vowfllvjtvi","time":1607982286,"event":{"mods":["AchievementEnabler","BaseMod","Custom Start","GifTheSpireLib","Keyboard Shortcuts","Minty Spire (QoL Compilation)","Quick Restart","Rare Cards Sparkle","StSLib","SuperFastMode"],"gold_per_floor":[118,293,218,218,234,234,269,279,333,358,367,367,395,417,417,524,524,534,434,463,484,519,519,547,462,462,486,486,530,255,268,268,375,375,393,100,113,128,128,128,155,155,232,266,266,286,316,3,3,3,3],"floor_reached":50,"playtime":1285,"items_purged":["Doubt","Parasite","Strike_P+1","Strike_P+1"],"score":1080,"play_id":"65589bf6-a456-4c6b-acc8-aa0fd7b8bdeb","local_time":"20201215064446","is_ascension_mode":true,"campfire_choices":[{"data":"Eruption","floor":6.0,"key":"SMITH"},{"floor":12.0,"key":"REST"},{"floor":15.0,"key":"REST"},{"floor":23.0,"key":"REST"},{"floor":32.0,"key":"RECALL"},{"floor":40.0,"key":"REST"},{"floor":42.0,"key":"REST"},{"floor":49,"key":"REST"}],"circlet_count":0,"master_deck":["AscendersBane","Strike_P+1","Defend_P+1","Defend_P+1","Defend_P+1","Defend_P","Eruption+1","Vigilance+1","LessonLearned+1","CarveReality+1","FollowUp+1","Wallop+1","InnerPeace+1","WheelKick+1","Ragnarok+1","Study","Meditate+1","WreathOfFlame+1","MasterReality","Establishment+1"],"relics":["PureWater","Bag of Preparation","Vajra","CeramicFish","Fusion Hammer","Red Mask","Shuriken","Mummified Hand","Thread and Needle","Letter Opener","TheAbacus","Busted Crown","OrangePellets","Kunai","StrikeDummy","FossilizedHelix","Gambling Chip"],"acts_visited":["Exordium","TheCity","TheBeyond"],"potions_floor_usage":[50,50],"damage_taken":[{"damage":5.0,"enemies":"Small Slimes","floor":1.0,"turns":3.0},{"damage":0.0,"enemies":"Jaw Worm","floor":5.0,"turns":1.0},{"damage":48.0,"enemies":"Lagavulin","floor":7.0,"turns":7.0},{"damage":0.0,"enemies":"2 Louse","floor":8.0,"turns":3.0},{"damage":4.0,"enemies":"3 Sentries","floor":10.0,"turns":4.0},{"damage":0.0,"enemies":"2 Fungi Beasts","floor":13.0,"turns":2.0},{"damage":13.0,"enemies":"Exordium Thugs","floor":14.0,"turns":3.0},{"damage":6.0,"enemies":"The Guardian","floor":16.0,"turns":15.0},{"damage":2.0,"enemies":"2 Thieves","floor":18.0,"turns":4.0},{"damage":0.0,"enemies":"Chosen","floor":20.0,"turns":3.0},{"damage":0.0,"enemies":"Snake Plant","floor":21.0,"turns":3.0},{"damage":7.0,"enemies":"Masked Bandits","floor":22.0,"turns":3.0},{"damage":1.0,"enemies":"Gremlin Leader","floor":24.0,"turns":4.0},{"damage":0.0,"enemies":"Cultist and Chosen","floor":27.0,"turns":4.0},{"damage":0.0,"enemies":"Slavers","floor":29.0,"turns":4.0},{"damage":0.0,"enemies":"Snecko","floor":31.0,"turns":4.0},{"damage":0.0,"enemies":"Champ","floor":33.0,"turns":6.0},{"damage":11.0,"enemies":"3 Shapes","floor":35.0,"turns":2.0},{"damage":0.0,"enemies":"Orb Walker","floor":37.0,"turns":2.0},{"damage":10.0,"enemies":"Maw","floor":38.0,"turns":5.0},{"damage":0.0,"enemies":"Giant Head","floor":41.0,"turns":5.0},{"damage":43,"enemies":"Nemesis","floor":44,"turns":7},{"damage":0,"enemies":"4 Shapes","floor":46,"turns":3},{"damage":0,"enemies":"Giant Head","floor":47,"turns":4},{"damage":38,"enemies":"Time Eater","floor":50,"turns":2}],"seed_played":"5047878258223375091","potions_obtained":[{"floor":10.0,"key":"Block Potion"},{"floor":13.0,"key":"BottledMiracle"},{"floor":14.0,"key":"LiquidBronze"},{"floor":16.0,"key":"FearPotion"},{"floor":18.0,"key":"SpeedPotion"},{"floor":20.0,"key":"Weak Potion"},{"floor":22.0,"key":"SkillPotion"},{"floor":31.0,"key":"LiquidMemories"},{"floor":41.0,"key":"DuplicationPotion"},{"floor":44,"key":"Swift Potion"},{"floor":46,"key":"SpeedPotion"}],"is_trial":false,"path_per_floor":["M","?","$","?","M","R","E","M","T","E","?","R","M","M","R","B",null,"M","$","M","M","?","R","E","?","T","M","?","E","$","M","R","B",null,"M","$","M","M","?","R","E","R","T","E","?","M","E","$","R","B"],"character_chosen":"WATCHER","items_purchased":["TheAbacus","OrangePellets","Gambling Chip"],"campfire_rested":6,"item_purchase_floors":[30,36,48],"current_hp_per_floor":[60,60,60,53,53,53,5,5,5,1,17,36,36,23,42,36,58,56,56,56,56,49,62,61,61,61,61,61,61,61,61,61,61,62,51,51,51,41,41,59,59,62,62,19,19,19,19,19,36,0,0],"gold":3,"neow_bonus":"THREE_RARE_CARDS","is_daily":false,"chose_seed":false,"campfire_upgraded":1,"win_rate":0.0,"timestamp":1607982286,"path_taken":["M","?","$","?","M","R","E","M","T","E","?","R","M","?","R","BOSS","M","$","M","M","?","R","E","?","T","M","?","E","$","M","R","BOSS","M","$","M","M","?","R","E","R","T","E","?","M","E","$","R","BOSS"],"items_purchased_type":["Relic","Relic","Relic"],"build_version":"2020-12-13","purchased_purges":4,"victory":false,"max_hp_per_floor":[65,65,65,65,65,65,65,65,65,65,65,65,65,65,65,65,65,65,62,62,62,62,62,62,62,62,62,62,62,62,62,62,62,62,62,62,62,62,62,62,62,62,62,62,59,59,59,59,59,59,59],"card_choices":[{"not_picked":["Blasphemy","Devotion"],"picked":"LessonLearned","floor":0.0},{"not_picked":["Consecrate","ClearTheMind"],"picked":"CarveReality","floor":1.0},{"not_picked":["Indignation","Consecrate"],"picked":"FollowUp","floor":5.0},{"not_picked":["ThirdEye","Pray","CutThroughFate"],"picked":"SKIP","floor":7.0},{"not_picked":["ClearTheMind","Conclude"],"picked":"Wallop","floor":8.0},{"not_picked":["Blasphemy","Protect","ThirdEye"],"picked":"SKIP","floor":10.0},{"not_picked":["PathToVictory","JustLucky"],"picked":"InnerPeace","floor":13.0},{"not_picked":["CutThroughFate","Nirvana"],"picked":"WheelKick","floor":14.0},{"not_picked":["Scrawl","Wish"],"picked":"Ragnarok","floor":16.0},{"not_picked":["CutThroughFate","FlurryOfBlows","Halt"],"picked":"SKIP","floor":18.0},{"not_picked":["WheelKick","ReachHeaven"],"picked":"Study","floor":20.0},{"not_picked":["Prostrate","Meditate","Worship"],"picked":"SKIP","floor":21.0},{"not_picked":["Prostrate","Worship"],"picked":"Meditate","floor":21.0},{"not_picked":["FlyingSleeves","Protect","Brilliance"],"picked":"SKIP","floor":24.0},{"not_picked":["CrushJoints","Indignation+1","WreathOfFlame"],"picked":"SKIP","floor":27.0},{"not_picked":["CrushJoints","Indignation+1"],"picked":"WreathOfFlame","floor":27.0},{"not_picked":["LikeWater","PathToVictory+1"],"picked":"MasterReality","floor":29.0},{"not_picked":["BowlingBash","ThirdEye","CutThroughFate+1"],"picked":"SKIP","floor":31.0},{"not_picked":["Judgement","Ragnarok"],"picked":"Establishment","floor":33.0},{"not_picked":["InnerPeace+1"],"picked":"SKIP","floor":35.0},{"not_picked":["Evaluate"],"picked":"SKIP","floor":37.0},{"not_picked":["Evaluate+1"],"picked":"SKIP","floor":38.0},{"not_picked":["EmptyBody+1"],"picked":"SKIP","floor":41.0},{"not_picked":["EmptyFist+1"],"picked":"SKIP","floor":44},{"not_picked":["Evaluate"],"picked":"SKIP","floor":46},{"not_picked":["EmptyBody+1"],"picked":"SKIP","floor":47}],"player_experience":418490,"relics_obtained":[{"floor":7.0,"key":"Bag of Preparation"},{"floor":9.0,"key":"Vajra"},{"floor":10.0,"key":"CeramicFish"},{"floor":22.0,"key":"Red Mask"},{"floor":24.0,"key":"Shuriken"},{"floor":26.0,"key":"Thread and Needle"},{"floor":29.0,"key":"Letter Opener"},{"floor":41.0,"key":"Kunai"},{"floor":44,"key":"StrikeDummy"},{"floor":47,"key":"FossilizedHelix"}],"event_choices":[{"damage_healed":0.0,"max_hp_gain":0.0,"max_hp_loss":0.0,"gold_gain":175.0,"event_name":"Liars Game","player_choice":"AGREE","floor":2.0,"gold_loss":0.0,"damage_taken":0.0,"cards_obtained":["Doubt"]},{"cards_removed":["Strike_P"],"damage_healed":0.0,"max_hp_gain":0.0,"max_hp_loss":0.0,"gold_gain":0.0,"event_name":"Golden Wing","player_choice":"Card Removal","floor":4.0,"gold_loss":0.0,"damage_taken":7.0},{"damage_healed":16.0,"max_hp_gain":0.0,"max_hp_loss":0.0,"gold_gain":0.0,"event_name":"Mushrooms","player_choice":"Healed and dodged fight","floor":11.0,"gold_loss":0.0,"damage_taken":0.0,"cards_obtained":["Parasite"]},{"damage_healed":0.0,"max_hp_gain":0.0,"max_hp_loss":0.0,"gold_gain":0.0,"event_name":"Masked Bandits","player_choice":"Fought Bandits","floor":22.0,"gold_loss":0.0,"damage_taken":0.0},{"damage_healed":0.0,"max_hp_gain":0.0,"max_hp_loss":0.0,"gold_gain":0.0,"event_name":"Addict","player_choice":"Obtained Relic","floor":25.0,"gold_loss":85.0,"damage_taken":0.0,"relics_obtained":["Mummified Hand"]},{"damage_healed":0.0,"max_hp_gain":0.0,"max_hp_loss":0.0,"gold_gain":0.0,"event_name":"The Mausoleum","player_choice":"Ignored","floor":28.0,"gold_loss":0.0,"damage_taken":0.0},{"damage_healed":0.0,"max_hp_gain":0.0,"max_hp_loss":0.0,"gold_gain":0.0,"event_name":"Mysterious Sphere","player_choice":"Ignored","floor":39.0,"gold_loss":0.0,"damage_taken":0.0},{"damage_healed":0,"gold_gain":0,"player_choice":"Max HP","damage_taken":0,"max_hp_gain":0,"max_hp_loss":3,"event_name":"Winding Halls","floor":45,"gold_loss":0}],"is_beta":false,"boss_relics":[{"not_picked":["Runic Dome","Runic Pyramid"],"picked":"Fusion Hammer"},{"not_picked":["Calling Bell","Velvet Choker"],"picked":"Busted Crown"}],"items_purged_floors":[3,19,30,36],"is_endless":false,"potions_floor_spawned":[10,13,14,16,18,20,22,31,41,44,46],"killed_by":"Time Eater","ascension_level":10}}