{"host":"10b2ljh1rg6srmxa","time":1607975563,"event":{"mods":["AchievementEnabler","BaseMod","Colored Powertips","Infinite Spire","Minty Spire (QoL Compilation)","Replay The Spire","StSLib"],"gold_per_floor":[114,78,93,108,123,153,153,201,226,241,241,256,286,301,301,401,401,416,416,271,286,301,331,331,361,386,415,432,432,432,463,463,608,658,733,233,247,247,304,364,364,426,451,451,506,506,106,156,156,172],"floor_reached":51,"playtime":4325,"items_purged":["Spreading Infection","Havoc"],"score":1465,"play_id":"0143f8c0-1fd5-469e-82f5-46adc7a33bc7","local_time":"20201214205243","daily_mods":["Cursed Run","Diverse","DeadlyEvents"],"is_ascension_mode":false,"campfire_choices":[{"floor":7,"key":"REST"},{"data":"Genetic Algorithm","floor":30,"key":"SMITH"},{"data":"Double Energy","floor":32,"key":"SMITH"},{"data":"Dualcast","floor":41,"key":"SMITH"},{"data":"Apotheosis","floor":46,"key":"SMITH"},{"data":"Hello World","floor":49,"key":"SMITH"}],"circlet_count":0,"master_deck":["Strike_B","Strike_B","Strike_B","Strike_B","Defend_B+1","Defend_B","Defend_B","Defend_B","Zap","Dualcast+1","Dash","Coolheaded+1","Conserve Battery","Ball Lightning","Gash","CutThroughFate","Genetic Algorithm+1","Uppercut","ReplayTheSpireMod:Faulty Equipment","Corpse Explosion","AbeCurse","CurseOfTheBell","Double Energy+1","Calculated Gamble+1","Gash","Doubt","Hello World+1","Writhe","Sickly","Replay:LoomingThreat","Amnesia","Pot Of Greed","Pot Of Greed","Pot Of Greed","Magnetism","Apotheosis+1","Hallucinations"],"relics":["Cursed Key","Darkstone Periapt","Du-Vu Doll","infinitespire:Satchel","Happy Flower","Potion Belt","Nunchaku","ReplayFunnel","Replay:Grab Bag","Busted Crown","Abe\u0027s Treasure","Nuclear Battery","Calling Bell","Blue Doll","ReplayTheSpireMod:Shallot","Ice Cream","Strawberry","Bottled Flame","Replay:Bandana","Carrot","infinitespire:EvilPickle","Tiny House","Molten Egg 2","Blood Vial","Replay:Wax Seal","Pen Nib","Grinning Jar","Sling","Blue Candle","Akabeko"],"acts_visited":["Exordium","TheCity","TheBeyond"],"potions_floor_usage":[8,10,22,33,33,33,40,50],"damage_taken":[{"damage":1,"enemies":"Cultist","floor":1,"turns":4},{"damage":0,"enemies":"Small Slimes","floor":3,"turns":3},{"damage":0,"enemies":"2 Louse","floor":4,"turns":2},{"damage":16,"enemies":"Gremlin Gang","floor":5,"turns":6},{"damage":22,"enemies":"Gremlin Nob","floor":6,"turns":4},{"damage":16,"enemies":"Lagavulin Event","floor":8,"turns":6},{"damage":0,"enemies":"2 Fungi Beasts","floor":10,"turns":3},{"damage":7,"enemies":"Blue Slaver","floor":12,"turns":3},{"damage":14,"enemies":"Lagavulin","floor":13,"turns":5},{"damage":0,"enemies":"3 Louse","floor":14,"turns":3},{"damage":11,"enemies":"The Guardian","floor":16,"turns":10},{"damage":0,"enemies":"Shell Parasite","floor":18,"turns":4},{"damage":0,"enemies":"Spheric Guardian","floor":21,"turns":4},{"damage":0,"enemies":"Shelled Parasite and Fungi","floor":22,"turns":4},{"damage":16,"enemies":"Gremlin Leader","floor":23,"turns":7},{"damage":2,"enemies":"Slavers","floor":25,"turns":4},{"damage":0,"enemies":"Snecko","floor":27,"turns":5},{"damage":0,"enemies":"3 Cultists","floor":28,"turns":2},{"damage":0,"enemies":"Centurion and Healer","floor":31,"turns":4},{"damage":1,"enemies":"Pondfish","floor":33,"turns":8},{"damage":0,"enemies":"Orb Walker","floor":35,"turns":3},{"damage":0,"enemies":"infinitespire:Three Voidlings","floor":37,"turns":3},{"damage":0,"enemies":"R_Hoarder","floor":39,"turns":6},{"damage":0,"enemies":"Reptomancer","floor":40,"turns":6},{"damage":0,"enemies":"R_Hoarder","floor":42,"turns":9},{"damage":9,"enemies":"3 Shapes","floor":45,"turns":6},{"damage":0,"enemies":"Giant Head","floor":48,"turns":6},{"damage":7,"enemies":"Donu and Deca","floor":50,"turns":5}],"seed_played":"1880613833527945180","potions_obtained":[{"floor":3,"key":"Block Potion"},{"floor":4,"key":"Strength Potion"},{"floor":5,"key":"SkillPotion"},{"floor":8,"key":"Strength Potion"},{"floor":10,"key":"Explosive Potion"},{"floor":16,"key":"Elixir"},{"floor":18,"key":"EssenceOfSteel"},{"floor":21,"key":"Energy Potion"},{"floor":23,"key":"Elixir"},{"floor":31,"key":"infinitespire:BlackPotion"},{"floor":34,"key":"Block Potion"},{"floor":38,"key":"SkillPotion"},{"floor":38,"key":"DuplicationPotion"},{"floor":38,"key":"Toxic Potion"},{"floor":39,"key":"EssenceOfSteel"}],"is_trial":false,"path_per_floor":["M","$","M","M","M","E","R","?","T","M","T","M","E","M","R","B",null,"M","?","$","M","M","E","?","E","T","M","M","?","R","M","R","B",null,"M","$","?","?","E","E","R","E","T","?","M","R","$","E","R","B",null],"character_chosen":"DEFECT","items_purchased":["Coolheaded+1","Double Energy","Molten Egg 2","Blood Vial","Sling","Blue Candle"],"campfire_rested":1,"item_purchase_floors":[2,20,36,36,47,47],"current_hp_per_floor":[74,74,74,74,58,36,58,42,48,48,54,47,33,33,59,54,105,105,79,79,79,79,70,70,68,74,74,74,80,80,80,80,85,135,135,135,135,135,135,135,135,135,141,131,124,124,124,126,126,127],"gold":172,"neow_bonus":"","is_daily":true,"chose_seed":false,"campfire_upgraded":5,"win_rate":0.0,"timestamp":1607975563,"path_taken":["M","?","M","M","M","E","R","?","T","?","?","M","?","M","R","BOSS","M","?","?","M","M","E","?","?","T","M","M","?","R","M","R","BOSS","M","$","?","?","?","E","R","E","T","?","?","R","$","?","R","BOSS"],"items_purchased_type":["Card","Card","Relic","Relic","Relic","Relic"],"build_version":"2020-12-13","purchased_purges":2,"victory":true,"max_hp_per_floor":[75,75,75,75,75,75,75,75,81,81,87,87,87,87,87,93,105,105,105,105,105,105,112,112,112,118,118,118,124,124,124,124,130,135,135,135,135,135,135,135,135,135,141,141,141,141,141,141,141,147],"card_choices":[{"not_picked":["CrushJoints","FlyingSleeves"],"picked":"Dash","floor":1},{"not_picked":["Replay:AtTheReady","Slice"],"picked":"Conserve Battery","floor":3},{"not_picked":["Pray","Flame Barrier","ReplaySolidLightProjector"],"picked":"SKIP","floor":4},{"not_picked":["Replay:BluntJabs","Exhume"],"picked":"Ball Lightning","floor":5},{"not_picked":["Acrobatics","Pommel Strike"],"picked":"Gash","floor":6},{"not_picked":["BasicCrystalCard","Prepared"],"picked":"CutThroughFate","floor":8},{"not_picked":["Multi-Cast","Headbutt","Pray"],"picked":"SKIP","floor":10},{"not_picked":["Accuracy","BootSequence"],"picked":"Genetic Algorithm","floor":12},{"not_picked":["Deadly Poison","PathToVictory"],"picked":"Uppercut","floor":13},{"not_picked":["FlurryOfBlows","Deadly Poison","Evolve"],"picked":"SKIP","floor":14},{"not_picked":["Brutality","Hemogenesis"],"picked":"Corpse Explosion","floor":16},{"not_picked":["Quick Slash"],"picked":"SKIP","floor":18},{"not_picked":["ReplayTheSpireMod:Chaos Vortex","infinitespire:Menacing"],"picked":"infinitespire:SealOfDarkness+","floor":19},{"not_picked":["Clash"],"picked":"SKIP","floor":21},{"not_picked":["Dagger Spray+1"],"picked":"SKIP","floor":22},{"not_picked":[],"picked":"Calculated Gamble+1","floor":23},{"not_picked":["Whirlwind+1"],"picked":"SKIP","floor":25},{"not_picked":["Amplify"],"picked":"SKIP","floor":27},{"not_picked":[],"picked":"Hello World","floor":28},{"not_picked":["LikeWater"],"picked":"SKIP","floor":31},{"not_picked":[],"picked":"Havoc","floor":34},{"not_picked":["ReplayTheSpireMod:Scrap Shanks+1"],"picked":"SKIP","floor":35},{"not_picked":["ReplaySort+1"],"picked":"SKIP","floor":39},{"not_picked":["Defy Death+1"],"picked":"SKIP","floor":40},{"not_picked":[],"picked":"Replay:LoomingThreat","floor":42},{"not_picked":[],"picked":"Magnetism","floor":44},{"not_picked":[],"picked":"Apotheosis","floor":44},{"not_picked":["Rebound+1"],"picked":"SKIP","floor":45},{"not_picked":["Hologram"],"picked":"SKIP","floor":48}],"player_experience":226364,"relics_obtained":[{"floor":6,"key":"infinitespire:Satchel"},{"floor":8,"key":"Happy Flower"},{"floor":9,"key":"Potion Belt"},{"floor":11,"key":"Nunchaku"},{"floor":13,"key":"ReplayFunnel"},{"floor":17,"key":"Blue Doll"},{"floor":17,"key":"ReplayTheSpireMod:Shallot"},{"floor":17,"key":"Ice Cream"},{"floor":23,"key":"Strawberry"},{"floor":25,"key":"Bottled Flame"},{"floor":26,"key":"Replay:Bandana"},{"floor":39,"key":"Replay:Wax Seal"},{"floor":42,"key":"Pen Nib"},{"floor":43,"key":"Grinning Jar"},{"floor":48,"key":"Akabeko"}],"event_choices":[{"damage_healed":0,"gold_gain":0,"player_choice":"Searched \u00271\u0027 times","damage_taken":0,"max_hp_gain":0,"max_hp_loss":0,"event_name":"Dead Adventurer","floor":8,"gold_loss":0},{"damage_healed":0,"gold_gain":0,"player_choice":"Copied","damage_taken":0,"max_hp_gain":0,"max_hp_loss":0,"event_name":"Duplicator","floor":24,"gold_loss":0,"cards_obtained":["Gash"]},{"damage_healed":0,"gold_gain":0,"player_choice":"Opened","damage_taken":0,"relics_obtained":["Carrot"],"max_hp_gain":0,"max_hp_loss":0,"event_name":"The Mausoleum","floor":29,"gold_loss":0,"cards_obtained":["Writhe"]},{"damage_healed":0,"gold_gain":0,"player_choice":"Got Potions","damage_taken":0,"max_hp_gain":0,"max_hp_loss":0,"event_name":"Lab","floor":38,"gold_loss":0},{"damage_healed":0,"gold_gain":0,"player_choice":"Memory 3","damage_taken":10,"max_hp_gain":0,"max_hp_loss":0,"event_name":"SensoryStone","floor":44,"gold_loss":0}],"is_beta":false,"boss_relics":[{"not_picked":["Philosopher\u0027s Stone","Runic Pyramid"],"picked":"Replay:Grab Bag"},{"not_picked":["Fusion Hammer","Painkiller Herb"],"picked":"Busted Crown"},{"not_picked":["Sozu","infinitespire:Cupcake"],"picked":"Abe\u0027s Treasure"},{"not_picked":["Replay:Drink Me","Empty Cage"],"picked":"Nuclear Battery"},{"not_picked":["Pandora\u0027s Box","SacredBark"],"picked":"Calling Bell"},{"not_picked":["ReplayTheSpireMod:DimensionalGlitch","Runic Dome"],"picked":"Tiny House"}],"items_purged_floors":[20,36],"is_endless":false,"potions_floor_spawned":[3,4,5,8,10,16,18,21,23,31,37,39],"ascension_level":0}}