{"host":"z9grmtg2w0nmz8n1","time":1607987687,"event":{"mods":["Aspiration","BaseMod","Better Third Choice","BetterRewards","CCEM","Colored Map","GifTheSpireLib","Googly Eyes","Highlight Path","Hubris","Infinite Spire","Jedi Mod","Jorbs\u0027s Wanderer Trilogy","Minty Spire (QoL Compilation)","Permanent Neow","Replay The Spire","Spicy Shops","StSLib","Stuff the Spire","The Bug Knight"],"gold_per_floor":[110,125,135,135,135,165,165,165,165,195,195,213,230,264,264,365,365,384,402,57,57,57,57,57,57,57,86,86,86,120,120,153,172,172,272,272,291,291,291,301,312,337,337,372,372,401,418,418,436,436,436,436,436],"floor_reached":52,"playtime":3486,"items_purged":["HollowMod:QuickDashStart","Looming Evil","HollowMod:NailStrikeStart","HollowMod:NailStrikeStart"],"score":741,"play_id":"ec2364c7-7ba0-41bb-be91-8f45fe03fa25","local_time":"20201214211447","is_ascension_mode":false,"campfire_choices":[{"floor":8.0,"key":"RECALL"},{"data":"Apotheosis","floor":11.0,"key":"SMITH"},{"floor":15.0,"key":"REST"},{"data":"HollowMod:MantisMark","floor":24,"key":"SMITH"},{"data":"StuffTheSpire:Vigor","floor":31,"key":"SMITH"},{"data":"infinitespire:TheBestDefense","floor":34,"key":"SMITH"},{"floor":51,"key":"REST"}],"circlet_count":0,"master_deck":["HollowMod:NailStrikeStart","HollowMod:QuickDashStart","HollowMod:QuickDashStart+1","HollowMod:QuickDashStart","HollowMod:FocusHealStart","HollowMod:PogoStrike","Apotheosis+1","HollowMod:TaintedHusks","HollowMod:GreatSlash","HollowMod:HuntersJournal","Swift Strike+1","HollowMod:Weaversong","Madness+1","HollowMod:MantisMark+1","Flash of Steel+1","HollowMod:DesolateDive","CurseOfTheBell","HollowMod:DashSlash+1","StuffTheSpire:Vigor+1","HollowMod:ChannelNail","HollowMod:RecoilStrike+1","HollowMod:DashSlash+1","HollowMod:DashSlash","HollowMod:CycloneSlash+1","HollowMod:BaldurShell"],"relics":["HollowMod:VesselMask","Sling","Replay:Wax Seal","hubris:DisguiseKit","CCEMRelics:CocoNut","CCEMRelics:FestiveHat","Kunai","CCEMRelics:Pendulum","Calling Bell","aspiration:FrozenJewel","StuffTheSpire:Nightcore","Mummified Hand","hubris:HerbalPaste","HollowMod:MillibellesNoteRelic","Akabeko","CCEMRelics:SpiritsEdge","hubris:Metronome","jedi:battlestandard","SlaversCollar","Lizard Tail","Replay:Bottled Snecko","Juzu Bracelet","CCEMRelics:GrapeVine","infinitespire:Beetle Shell","hubris:Icosahedron"],"acts_visited":["Exordium","TheCity","TheBeyond"],"potions_floor_usage":[35,42,42,49,52],"damage_taken":[{"damage":3.0,"enemies":"Jaw Worm","floor":1.0,"turns":4.0},{"damage":0.0,"enemies":"Small Slimes","floor":2.0,"turns":3.0},{"damage":2.0,"enemies":"2 Louse","floor":3.0,"turns":2.0},{"damage":34.0,"enemies":"3 Sentries","floor":6.0,"turns":6.0},{"damage":19.0,"enemies":"Gremlin Nob","floor":10.0,"turns":3.0},{"damage":16.0,"enemies":"Red Slaver","floor":12.0,"turns":3.0},{"damage":0.0,"enemies":"Lots of Slimes","floor":13.0,"turns":2.0},{"damage":9.0,"enemies":"3 Sentries","floor":14.0,"turns":3.0},{"damage":20.0,"enemies":"The Guardian","floor":16.0,"turns":6.0},{"damage":10.0,"enemies":"3 Byrds","floor":18.0,"turns":4.0},{"damage":8.0,"enemies":"Shell Parasite","floor":19.0,"turns":4.0},{"damage":0,"enemies":"Book of Stabbing","floor":27,"turns":4},{"damage":27,"enemies":"Nightmare","floor":30,"turns":5},{"damage":17,"enemies":"Book of Stabbing","floor":32,"turns":4},{"damage":0,"enemies":"Chosen and Byrds","floor":33,"turns":3},{"damage":0,"enemies":"Champ","floor":35,"turns":5},{"damage":0,"enemies":"3 Shapes","floor":37,"turns":1},{"damage":0,"enemies":"Orb Walker","floor":40,"turns":2},{"damage":0,"enemies":"Transient","floor":41,"turns":5},{"damage":5,"enemies":"Nemesis","floor":42,"turns":3},{"damage":3,"enemies":"R_Hoarder","floor":44,"turns":4},{"damage":111,"enemies":"Nightmare","floor":46,"turns":6},{"damage":3,"enemies":"Spire Growth","floor":47,"turns":2},{"damage":0,"enemies":"3 Darklings","floor":49,"turns":2},{"damage":61,"enemies":"infinitespire:MassOfShapes","floor":52,"turns":7}],"seed_played":"6347785705367470042","potions_obtained":[{"floor":3.0,"key":"DuplicationPotion"},{"floor":10.0,"key":"PowerPotion"},{"floor":12.0,"key":"Cursed Concoction"},{"floor":13.0,"key":"FearPotion"},{"floor":18.0,"key":"EssenceOfSteel"},{"floor":32,"key":"SpeedPotion"},{"floor":35,"key":"Adrenaline Potion"},{"floor":37,"key":"SkillPotion"},{"floor":42,"key":"Dexterity Potion"},{"floor":46,"key":"EssenceOfSteel"}],"is_trial":false,"path_per_floor":["M","M","M","?","?","E","?","R","T","E","R","M","M","E","R","B",null,"M","M","$","?","?","AVR","R","?","T","E","PTL","PTL","NM","R","E","M","R","B",null,"M","?","AVR","M","M","E","?","E","T","NM","M","?","M","?","R","B"],"character_chosen":"THE_BUGKNIGHT","items_purchased":["Apotheosis","Sling","Replay:Wax Seal","Mummified Hand"],"campfire_rested":2,"item_purchase_floors":[0,0,0,20],"current_hp_per_floor":[72,72,70,70,70,51,34,34,34,15,15,5,5,2,26,6,80,70,68,68,68,68,68,68,80,80,80,80,80,60,60,55,60,60,72,80,80,80,80,80,80,75,75,80,80,18,18,18,21,21,45,0,0],"gold":436,"neow_bonus":"","is_daily":false,"chose_seed":false,"campfire_upgraded":4,"win_rate":0.0,"timestamp":1607987687,"path_taken":["M","M","M","?","?","E","?","R","T","E","R","M","M","E","R","BOSS","M","M","$","?","?","AVR","R","?","T","E","PTL","PTL","NM","R","E","M","R","BOSS","M","?","AVR","?","M","E","?","E","T","NM","M","?","M","?","R","BOSS"],"items_purchased_type":["Card","Relic","Relic","Relic"],"build_version":"2020-12-13","purchased_purges":4,"victory":false,"max_hp_per_floor":[75,75,75,75,75,80,80,80,80,80,80,80,80,80,80,80,80,80,80,80,80,80,80,80,80,80,80,80,80,80,80,80,80,80,80,80,80,80,80,80,80,80,80,80,80,80,80,80,80,80,80,80,80],"card_choices":[{"not_picked":["HollowMod:HowlingWraiths","HollowMod:CornifersMapStart"],"picked":"HollowMod:GreatSlash","floor":1.0},{"not_picked":["HollowMod:SharpenedNail","HollowMod:SoulStrike","HollowMod:HeavyBlow"],"picked":"SKIP","floor":2.0},{"not_picked":["HollowMod:ShadowDash","HollowMod:BaldurShell"],"picked":"HollowMod:HuntersJournal","floor":3.0},{"not_picked":["HollowMod:Grubsong","HollowMod:AbyssShriek","HollowMod:SoulEater","Shockwave"],"picked":"SKIP","floor":6.0},{"not_picked":["Impatience+1","StuffTheSpire:PlasmaPunch+1"],"picked":"Swift Strike+1","floor":10.0},{"not_picked":["HollowMod:AbyssShriek","HollowMod:ShadowDash","Searing Blow"],"picked":"HollowMod:Weaversong","floor":10.0},{"not_picked":["Replay:Sssssssssstrike+1","Impatience+1"],"picked":"Madness+1","floor":12.0},{"not_picked":["HollowMod:FallenFury","HollowMod:SoulStrike","Wild Strike"],"picked":"HollowMod:MantisMark","floor":12.0},{"not_picked":["Purity+1","Midas Touch+1"],"picked":"Flash of Steel+1","floor":13.0},{"not_picked":["HollowMod:InfectedCysts","HollowMod:BrokenVessel","Dual Wield"],"picked":"HollowMod:DesolateDive","floor":13.0},{"not_picked":["HollowMod:PureNailStrike","HollowMod:GoodIntentions","HollowMod:SoulStrike","Perfected Strike"],"picked":"SKIP","floor":14.0},{"not_picked":["HollowMod:CycloneSlash+1","HollowMod:CornifersMapStart+1","jedi:suffering"],"picked":"HollowMod:DashSlash+1","floor":18.0},{"not_picked":["HollowMod:TaintedHusks","HollowMod:MothsMistake","HollowMod:InfectedCysts","jedi:hate"],"picked":"SKIP","floor":19.0},{"not_picked":["StuffTheSpire:Ambrosia","StuffTheSpire:BrainWave"],"picked":"StuffTheSpire:Vigor","floor":22},{"not_picked":["HollowMod:DesolateDive","HollowMod:FallenFury","HollowMod:DescendingDark+1","Rampage"],"picked":"SKIP","floor":27},{"not_picked":["HollowMod:InfectedCysts+1","HollowMod:TaintedHusks","Body Slam"],"picked":"HollowMod:ChannelNail","floor":30},{"not_picked":["HollowMod:HowlingWraiths","HollowMod:NewLittleFool","Wild Strike"],"picked":"HollowMod:RecoilStrike+1","floor":32},{"not_picked":["HollowMod:MonarchWings","HollowMod:NewJinnsSoul","Heavy Blade"],"picked":"HollowMod:DashSlash+1","floor":33},{"not_picked":["HollowMod:SiblingsShadow","HollowMod:NewJinnsSoul+1","HollowMod:GoodIntentions+1","StuffTheSpire:Incineration"],"picked":"SKIP","floor":37},{"not_picked":["HollowMod:SiblingsSouls","HollowMod:SiblingsShadow+1","HollowMod:PerfectDash","Disarm"],"picked":"SKIP","floor":40},{"not_picked":["HollowMod:CloakDash+1","HollowMod:VengefulVoid","Warcry"],"picked":"HollowMod:DashSlash","floor":41},{"not_picked":["HollowMod:Hiveblood","HollowMod:GoodIntentions","HollowMod:DescendingDark+1","Life Link"],"picked":"SKIP","floor":42},{"not_picked":["HollowMod:SharpenedShadows+1","HollowMod:NewJinnsSoul","Evolve"],"picked":"HollowMod:CycloneSlash+1","floor":44},{"not_picked":["HollowMod:HowlingWraiths","HollowMod:SoulStrike+1","HollowMod:DesolateDive+1","Juggernaut"],"picked":"SKIP","floor":46},{"not_picked":["HollowMod:HowlingWraiths","HollowMod:DescendingDark","Warcry"],"picked":"HollowMod:BaldurShell","floor":47},{"not_picked":["HollowMod:LifebloodCore","HollowMod:HeavyBlow","HollowMod:DoubleDash","Clash"],"picked":"SKIP","floor":49}],"player_experience":551441,"relics_obtained":[{"floor":6.0,"key":"CCEMRelics:CocoNut"},{"floor":10.0,"key":"Kunai"},{"floor":14.0,"key":"CCEMRelics:Pendulum"},{"floor":17.0,"key":"Replay:Mystery Machine"},{"floor":17.0,"key":"aspiration:FrozenJewel"},{"floor":17.0,"key":"StuffTheSpire:Nightcore"},{"floor":26,"key":"HollowMod:MillibellesNoteRelic"},{"floor":27,"key":"Akabeko"},{"floor":30,"key":"CCEMRelics:SpiritsEdge"},{"floor":32,"key":"hubris:Metronome"},{"floor":42,"key":"Replay:Bottled Snecko"},{"floor":44,"key":"Juzu Bracelet"},{"floor":45,"key":"CCEMRelics:GrapeVine"},{"floor":46,"key":"infinitespire:Beetle Shell"}],"event_choices":[{"damage_healed":0.0,"max_hp_gain":0.0,"max_hp_loss":0.0,"gold_gain":0.0,"event_name":"betterThird:BetterScrap","player_choice":"Relic ","floor":7.0,"gold_loss":0.0,"damage_taken":17.0,"cards_obtained":["Ghostly Armor"]},{"cards_removed":["HollowMod:NailStrikeStart"],"damage_healed":0.0,"max_hp_gain":0.0,"max_hp_loss":0.0,"gold_gain":0.0,"event_name":"betterThird:BetterWriting","player_choice":"Elegance","floor":21.0,"gold_loss":0.0,"damage_taken":0.0},{"damage_healed":12,"gold_gain":0,"player_choice":"Full Heal","damage_taken":0,"max_hp_gain":0,"max_hp_loss":0,"event_name":"Wheel of Change","floor":25,"gold_loss":0},{"cards_removed":["infinitespire:TheBestDefense"],"damage_healed":5,"gold_gain":0,"player_choice":"Offered Special","damage_taken":0,"max_hp_gain":0,"max_hp_loss":0,"event_name":"Bonfire Elementals","floor":38,"gold_loss":0},{"damage_healed":0,"gold_gain":0,"player_choice":"0 cards matched","damage_taken":0,"max_hp_gain":0,"max_hp_loss":0,"event_name":"Match and Keep!","floor":43,"gold_loss":0,"cards_obtained":[]}],"is_beta":false,"boss_relics":[{"not_picked":["Replay:Wanted Poster","Snecko Eye"],"picked":"Calling Bell"},{"not_picked":["infinitespire:Cupcake","Replay:Drink Me"],"picked":"jedi:battlestandard"}],"items_purged_floors":[0,20,23,39],"is_endless":true,"potions_floor_spawned":[3,10,12,13,18,32,35,37,42,46],"killed_by":"infinitespire:MassOfShapes","ascension_level":0}}