{"host":"t8l92xzjkmihtain","time":1607923436,"event":{"mods":["AchievementEnabler","BaseMod","Colored Map","Minty Spire (QoL Compilation)","Rare Cards Sparkle","SuperFastMode","everything is the same but u backflip on backflip"],"gold_per_floor":[109,128,146,146,156,156,191,191,216,242,242,417,431,208,208,309,309,329,329,329,339,373,373,373,116,116,146,146,156,156,174,174,270,270,288,306,38,38,88,88,88,142,142,142,154,171,181,181,181,181,181],"floor_reached":50,"playtime":2483,"items_purged":["Doubt","Bash","Defend_R"],"score":515,"play_id":"6bbffb5a-becf-40c7-b2f4-9211dc7e553c","local_time":"20201214142356","is_ascension_mode":true,"campfire_choices":[{"data":"Warcry","floor":6,"key":"SMITH"},{"floor":8,"key":"REST"},{"data":"Bandage Up","floor":11,"key":"SMITH"},{"floor":15,"key":"REST"},{"floor":24,"key":"REST"},{"data":"Double Tap","floor":28,"key":"SMITH"},{"floor":30,"key":"REST"},{"floor":32,"key":"REST"},{"floor":40,"key":"REST"},{"floor":44,"key":"REST"},{"floor":49,"key":"REST"}],"circlet_count":0,"master_deck":["Strike_R","Strike_R","Strike_R","Strike_R","Strike_R","Defend_R","Defend_R","Defend_R","Bandage Up+1","Perfected Strike+1","Warcry+1","Double Tap+1","Pommel Strike+1","Twin Strike","Battle Trance","Perfected Strike+1"],"relics":["Burning Blood","Happy Flower","Bag of Preparation","Potion Belt","Toolbox","Velvet Choker","Red Mask","PreservedInsect","HornCleat","Kunai","Runic Pyramid","DollysMirror","Bird Faced Urn","Omamori","Red Skull"],"acts_visited":["Exordium","TheCity","TheBeyond"],"potions_floor_usage":[7,10,16,16,16,16,16,16,22,23,33,33,39,47,47,48,50],"damage_taken":[{"damage":5,"enemies":"Cultist","floor":1,"turns":4},{"damage":6,"enemies":"2 Louse","floor":2,"turns":2},{"damage":11,"enemies":"Jaw Worm","floor":3,"turns":2},{"damage":21,"enemies":"Exordium Thugs","floor":5,"turns":4},{"damage":22,"enemies":"3 Sentries","floor":7,"turns":7},{"damage":14,"enemies":"Gremlin Nob","floor":10,"turns":3},{"damage":19,"enemies":"Blue Slaver","floor":13,"turns":3},{"damage":79,"enemies":"Hexaghost","floor":16,"turns":10},{"damage":5,"enemies":"Spheric Guardian","floor":18,"turns":3},{"damage":10,"enemies":"2 Thieves","floor":21,"turns":3},{"damage":28,"enemies":"Masked Bandits","floor":22,"turns":4},{"damage":49,"enemies":"Slavers","floor":23,"turns":6},{"damage":16,"enemies":"Gremlin Leader","floor":27,"turns":3},{"damage":30,"enemies":"Snake Plant","floor":29,"turns":5},{"damage":1,"enemies":"Cultist and Chosen","floor":31,"turns":3},{"damage":47,"enemies":"Automaton","floor":33,"turns":6},{"damage":44,"enemies":"3 Shapes","floor":35,"turns":4},{"damage":11,"enemies":"Orb Walker","floor":36,"turns":3},{"damage":33,"enemies":"Mind Bloom Boss Battle","floor":39,"turns":6},{"damage":6,"enemies":"3 Darklings","floor":45,"turns":3},{"damage":59,"enemies":"4 Shapes","floor":46,"turns":4},{"damage":10,"enemies":"Transient","floor":47,"turns":5},{"damage":0,"enemies":"Sphere and 2 Shapes","floor":48,"turns":1},{"damage":78,"enemies":"Time Eater","floor":50,"turns":5}],"seed_played":"-5291047914040128707","potions_obtained":[{"floor":2,"key":"EntropicBrew"},{"floor":3,"key":"FearPotion"},{"floor":5,"key":"Fire Potion"},{"floor":16,"key":"BlessingOfTheForge"},{"floor":18,"key":"SmokeBomb"},{"floor":29,"key":"FearPotion"},{"floor":31,"key":"BlessingOfTheForge"},{"floor":33,"key":"CultistPotion"},{"floor":35,"key":"BlessingOfTheForge"},{"floor":39,"key":"PowerPotion"},{"floor":46,"key":"Weak Potion"},{"floor":47,"key":"SmokeBomb"}],"is_trial":false,"path_per_floor":["M","M","M","?","M","R","E","R","T","E","R","?","M","$","R","B",null,"M","?","?","M","?","E","R","$","T","E","R","M","R","M","R","B",null,"M","M","$","?","?","R","?","T","T","R","M","M","M","M","R","B"],"character_chosen":"IRONCLAD","items_purchased":["Toolbox","PreservedInsect","DollysMirror"],"campfire_rested":8,"item_purchase_floors":[14,25,37],"current_hp_per_floor":[80,80,79,79,68,68,56,80,80,72,72,72,65,65,80,13,80,80,80,65,67,51,14,39,39,39,35,35,17,42,47,72,37,85,53,54,54,54,33,58,58,58,58,81,81,34,36,42,66,0,0],"gold":181,"neow_bonus":"RANDOM_COLORLESS","is_daily":false,"chose_seed":false,"campfire_upgraded":3,"win_rate":0.0,"timestamp":1607923436,"path_taken":["M","?","M","?","M","R","E","R","T","E","R","?","M","$","R","BOSS","M","?","?","M","?","E","R","$","T","E","R","M","R","M","R","BOSS","M","M","$","?","?","R","?","?","T","R","M","M","M","?","R","BOSS"],"items_purchased_type":["Relic","Relic","Relic"],"build_version":"2020-12-13","purchased_purges":3,"victory":false,"max_hp_per_floor":[80,80,80,80,80,80,80,80,80,80,80,80,80,80,80,80,80,80,80,85,85,85,85,85,85,85,85,85,85,85,85,85,85,85,85,85,85,85,85,85,81,81,81,81,81,81,81,81,81,81,81],"card_choices":[{"not_picked":["Impatience","Purity"],"picked":"Bandage Up","floor":0},{"not_picked":["Second Wind","Thunderclap"],"picked":"Perfected Strike","floor":1},{"not_picked":["Inflame","Clash","Iron Wave"],"picked":"SKIP","floor":2},{"not_picked":["Sever Soul","Carnage","Blood for Blood"],"picked":"SKIP","floor":3},{"not_picked":["Heavy Blade","Cleave"],"picked":"Warcry","floor":5},{"not_picked":["Heavy Blade","Barricade","Blood for Blood"],"picked":"SKIP","floor":7},{"not_picked":["Searing Blow","Cleave","Wild Strike"],"picked":"SKIP","floor":10},{"not_picked":["Clash","Heavy Blade","Juggernaut"],"picked":"SKIP","floor":13},{"not_picked":["Demon Form","Berserk"],"picked":"Double Tap","floor":16},{"not_picked":["Clothesline","Iron Wave"],"picked":"Pommel Strike+1","floor":18},{"not_picked":["Rupture+1","Iron Wave"],"picked":"Twin Strike","floor":21},{"not_picked":["Dark Embrace","Dropkick"],"picked":"Battle Trance","floor":22},{"not_picked":["Wild Strike","Fiend Fire","Headbutt"],"picked":"SKIP","floor":27},{"not_picked":["Clothesline","Infernal Blade","Inflame"],"picked":"SKIP","floor":29},{"not_picked":["Rampage","Clash+1","Flex"],"picked":"SKIP","floor":31},{"not_picked":["Iron Wave+1","Warcry","Power Through"],"picked":"SKIP","floor":35},{"not_picked":["Anger","Carnage","Sever Soul+1"],"picked":"SKIP","floor":36},{"not_picked":["Iron Wave","Dual Wield+1","Barricade"],"picked":"SKIP","floor":45},{"not_picked":["Rampage+1","Second Wind","Sword Boomerang+1"],"picked":"SKIP","floor":46},{"not_picked":["Bloodletting+1","Searing Blow+1","True Grit"],"picked":"SKIP","floor":47}],"player_experience":18163,"relics_obtained":[{"floor":7,"key":"Happy Flower"},{"floor":9,"key":"Bag of Preparation"},{"floor":10,"key":"Potion Belt"},{"floor":22,"key":"Red Mask"},{"floor":26,"key":"HornCleat"},{"floor":27,"key":"Kunai"},{"floor":39,"key":"Bird Faced Urn"},{"floor":42,"key":"Omamori"},{"floor":43,"key":"Red Skull"}],"event_choices":[{"damage_healed":0,"gold_gain":0,"player_choice":"Grow","damage_taken":0,"max_hp_gain":0,"max_hp_loss":0,"event_name":"Living Wall","floor":4,"gold_loss":0,"cards_upgraded":["Perfected Strike"]},{"damage_healed":0,"gold_gain":175,"player_choice":"AGREE","damage_taken":0,"max_hp_gain":0,"max_hp_loss":0,"event_name":"Liars Game","floor":12,"gold_loss":0,"cards_obtained":["Doubt"]},{"damage_healed":0,"gold_gain":0,"player_choice":"Ignored","damage_taken":0,"max_hp_gain":0,"max_hp_loss":0,"event_name":"Ghosts","floor":19,"gold_loss":0},{"damage_healed":0,"gold_gain":0,"player_choice":"Shed Blood","damage_taken":20,"max_hp_gain":5,"max_hp_loss":0,"event_name":"Forgotten Altar","floor":20,"gold_loss":0},{"damage_healed":0,"gold_gain":0,"player_choice":"Fought Bandits","damage_taken":0,"max_hp_gain":0,"max_hp_loss":0,"event_name":"Masked Bandits","floor":22,"gold_loss":0},{"damage_healed":0,"gold_gain":0,"player_choice":"Ignored","damage_taken":0,"max_hp_gain":0,"max_hp_loss":0,"event_name":"Mysterious Sphere","floor":38,"gold_loss":0},{"damage_healed":0,"gold_gain":0,"player_choice":"Fight","damage_taken":0,"max_hp_gain":0,"max_hp_loss":0,"event_name":"MindBloom","floor":39,"gold_loss":0},{"damage_healed":0,"gold_gain":0,"player_choice":"Max HP","damage_taken":0,"max_hp_gain":0,"max_hp_loss":4,"event_name":"Winding Halls","floor":41,"gold_loss":0}],"is_beta":false,"boss_relics":[{"not_picked":["Runic Dome","Mark of Pain"],"picked":"Velvet Choker"},{"not_picked":["Busted Crown","SlaversCollar"],"picked":"Runic Pyramid"}],"items_purged_floors":[14,25,37],"is_endless":false,"potions_floor_spawned":[2,3,5,16,18,29,31,33,35,39,46,47,48],"killed_by":"Time Eater","ascension_level":1}}