{"host":"7cfzm0fn42wwm7gf","time":1607956667,"event":{"mods":["Alarm Clock","BaseMod","Colored Powertips","Highlight Path","Minty Spire (QoL Compilation)","Quick Restart","Relic Stats","Waifu the Spire"],"gold_per_floor":[113,113,113,124,124,124,163,163,163,163,178,178,198,217,217,310,310,328,328,328],"floor_reached":19,"playtime":591,"items_purged":[],"score":284,"play_id":"24e86f4d-cbda-49e4-9445-bc74fcdfd454","local_time":"20201214223747","is_ascension_mode":true,"campfire_choices":[{"data":"Masterful Stab","floor":6,"key":"SMITH"},{"floor":8,"key":"REST"},{"data":"Footwork","floor":10,"key":"SMITH"},{"data":"Neutralize","floor":12,"key":"SMITH"},{"data":"Infinite Blades","floor":15,"key":"SMITH"}],"circlet_count":0,"master_deck":["AscendersBane","Strike_G","Strike_G","Strike_G","Strike_G","Defend_G","Defend_G","Defend_G","Defend_G","Defend_G","Survivor","Neutralize+1","Underhanded Strike","Masterful Stab+1","Footwork+1","Infinite Blades+1","Cloak And Dagger","Adrenaline"],"relics":["Ring of the Snake","Golden Idol","PreservedInsect","Toy Ornithopter","Philosopher\u0027s Stone"],"acts_visited":["Exordium","TheCity"],"potions_floor_usage":[16,16],"damage_taken":[{"damage":2.0,"enemies":"Jaw Worm","floor":1.0,"turns":6.0},{"damage":4,"enemies":"2 Louse","floor":4,"turns":3},{"damage":32,"enemies":"Gremlin Nob","floor":7,"turns":5},{"damage":0,"enemies":"Small Slimes","floor":11,"turns":5},{"damage":0,"enemies":"3 Louse","floor":13,"turns":3},{"damage":0,"enemies":"Red Slaver","floor":14,"turns":4},{"damage":1,"enemies":"Slime Boss","floor":16,"turns":8},{"damage":35,"enemies":"Chosen","floor":18,"turns":7},{"damage":15,"enemies":"3 Byrds","floor":19,"turns":5}],"seed_played":"-4510284792522249634","potions_obtained":[{"floor":7,"key":"SpeedPotion"},{"floor":13,"key":"Strength Potion"},{"floor":14,"key":"SkillPotion"},{"floor":18,"key":"Dexterity Potion"}],"is_trial":false,"path_per_floor":["M","?","?","M","?","R","E","R","T","R","M","R","M","M","R","B",null,"M","M"],"character_chosen":"THE_SILENT","items_purchased":[],"campfire_rested":1,"item_purchase_floors":[],"current_hp_per_floor":[63,63,68,64,64,64,32,53,53,53,53,53,53,53,53,62,69,34,19,19],"gold":328,"neow_bonus":"TEN_PERCENT_HP_BONUS","is_daily":false,"chose_seed":false,"campfire_upgraded":4,"win_rate":0.0,"timestamp":1607956667,"path_taken":["M","?","?","M","?","R","E","R","T","R","M","R","M","M","R","BOSS","M","M"],"items_purchased_type":[],"build_version":"2020-12-13","purchased_purges":0,"victory":false,"max_hp_per_floor":[72,72,77,77,71,71,71,71,71,71,71,71,71,71,71,71,71,71,71,71],"relic_stats":{"counters":[9,46],"Golden Idol":42,"PreservedInsect":0,"obtain_stats":[{"Golden Idol":5,"Philosopher\u0027s Stone":17,"PreservedInsect":7,"Toy Ornithopter":9,"Ring of the Snake":0},{"Golden Idol":2,"Philosopher\u0027s Stone":7,"PreservedInsect":3,"Toy Ornithopter":3,"Ring of the Snake":0},{"Golden Idol":9,"Philosopher\u0027s Stone":34,"PreservedInsect":14,"Toy Ornithopter":14,"Ring of the Snake":0}],"Toy Ornithopter":10,"Ring of the Snake":[18]},"card_choices":[{"not_picked":["Outmaneuver","Backflip"],"picked":"Underhanded Strike","floor":1.0},{"not_picked":["Setup","Slice"],"picked":"Masterful Stab","floor":4},{"not_picked":["Bane","Slice"],"picked":"Footwork","floor":7},{"not_picked":["Dodge and Roll","Bane","Deflect"],"picked":"SKIP","floor":11},{"not_picked":["Sucker Punch","Outmaneuver"],"picked":"Infinite Blades","floor":13},{"not_picked":["Underhanded Strike","Dodge and Roll"],"picked":"Cloak And Dagger","floor":14},{"not_picked":["Corpse Explosion","Night Terror"],"picked":"Adrenaline","floor":16},{"not_picked":["Slice","Quick Slash","Flying Knee"],"picked":"SKIP","floor":18}],"player_experience":101826,"relics_obtained":[{"floor":7,"key":"PreservedInsect"},{"floor":9,"key":"Toy Ornithopter"}],"event_choices":[{"cards_removed":["Strike_G"],"damage_healed":0,"gold_gain":0,"player_choice":"Forget","damage_taken":0,"max_hp_gain":0,"max_hp_loss":0,"event_name":"Living Wall","floor":2,"gold_loss":0},{"damage_healed":0,"gold_gain":0,"player_choice":"Donut","damage_taken":0,"max_hp_gain":5,"max_hp_loss":0,"event_name":"Big Fish","floor":3,"gold_loss":0},{"damage_healed":0,"gold_gain":0,"player_choice":"Lose Max HP","damage_taken":0,"relics_obtained":["Golden Idol"],"max_hp_gain":0,"max_hp_loss":6,"event_name":"Golden Idol","floor":5,"gold_loss":0}],"is_beta":false,"boss_relics":[{"not_picked":["Ring of the Serpent","Cursed Key"],"picked":"Philosopher\u0027s Stone"}],"items_purged_floors":[],"is_endless":false,"potions_floor_spawned":[7,13,14,18],"killed_by":"3 Byrds","ascension_level":14}}