{"host":"fj97s2ebyjeio3oc","time":1607975771,"event":{"mods":["AchievementEnabler","BaseMod","Colored Map","Colored Powertips","Hermit","Hubris","Infinite Spire","Koishi","Minty Spire (QoL Compilation)","StSLib","The Animator","The Bug Knight","The Cursed","The Disciple","The Jungle","The Necromancer"],"gold_per_floor":[359,359,373,386,413,413,424,195,195,195,207,207,107,107,107,207,207,220,235,249,249,266,301,331,331,331,343,343,363,363,397,397,501,501,517,530,560,560,560,593,593,625,625,625,625,201,216,244,244,244,244],"floor_reached":50,"playtime":4513,"items_purged":["hermit:Strike_Hermit","hermit:Defend_Hermit","hermit:Defend_Hermit","hermit:Strike_Hermit"],"score":486,"play_id":"86fb5209-5b2f-4c83-9e01-282f79c0277b","local_time":"20201214205611","is_ascension_mode":false,"campfire_choices":[{"data":"hermit:Vantage","floor":6,"key":"SMITH"},{"data":"hermit:Maintenance","floor":12,"key":"SMITH"},{"floor":15,"key":"RECALL"},{"floor":25,"key":"REST"},{"floor":30,"key":"REST"},{"data":"hermit:GoldenBullet","floor":32,"key":"SMITH"},{"floor":41,"key":"REST"},{"floor":45,"key":"REST"},{"floor":49,"key":"REST"}],"circlet_count":0,"master_deck":["hermit:Strike_Hermit","hermit:Strike_Hermit","hermit:Defend_Hermit","hermit:Snapshot","hermit:Covet","hermit:GhostlyPresence+1","hermit:WideOpen","hermit:Vantage+1","hermit:Ricochet","hermit:Maintenance+1","hermit:Roughhouse","hermit:Glare+1","hermit:BodyArmor+1","hermit:Brawl","hermit:BodyArmor","hermit:DeadOrAlive","infinitespire:Collect","hermit:GoldenBullet+1","hermit:Roughhouse","hermit:EyeOfTheStorm","hermit:Determination","hermit:Enervate+1","hermit:GhostlyPresence+1","hermit:Quickdraw","hermit:BigShot+1"],"relics":["hermit:Momento","Bag of Preparation","Bronze Scales","infinitespire:EmpoweringShard","hubris:TerracottaHorce","infinitespire:Lucky Rock","hubris:VirtuousBlindfold","Omamori","Red Mask","infinitespire:PuzzleCube","SlaversCollar","Blood Vial","Regal Pillow","OrangePellets"],"acts_visited":["Exordium","TheCity","TheBeyond"],"potions_floor_usage":[3,18,18,20,33,35,40,47,50],"damage_taken":[{"damage":0,"enemies":"Jaw Worm","floor":1,"turns":3},{"damage":3,"enemies":"infinitespire:Voidling","floor":3,"turns":3},{"damage":0,"enemies":"Cultist","floor":4,"turns":3},{"damage":10,"enemies":"3 Louse","floor":7,"turns":3},{"damage":1,"enemies":"Exordium Thugs","floor":11,"turns":2},{"damage":13,"enemies":"Slime Boss","floor":16,"turns":8},{"damage":3,"enemies":"2 Thieves","floor":18,"turns":3},{"damage":1,"enemies":"Spheric Guardian","floor":19,"turns":3},{"damage":1,"enemies":"Shelled Parasite and Fungi","floor":20,"turns":3},{"damage":5,"enemies":"Snake Plant","floor":22,"turns":3},{"damage":10,"enemies":"HollowMod:Nosk","floor":23,"turns":5},{"damage":4,"enemies":"Masked Bandits","floor":24,"turns":4},{"damage":0,"enemies":"Chosen and Byrds","floor":27,"turns":4},{"damage":15,"enemies":"Sentry and Sphere","floor":29,"turns":4},{"damage":0,"enemies":"Cultist and Chosen","floor":31,"turns":4},{"damage":35,"enemies":"Collector","floor":33,"turns":6},{"damage":3,"enemies":"Orb Walker","floor":35,"turns":2},{"damage":18,"enemies":"3 Darklings","floor":36,"turns":4},{"damage":2,"enemies":"Spire Growth","floor":37,"turns":3},{"damage":9,"enemies":"HollowMod:StalkingDevout","floor":40,"turns":5},{"damage":43,"enemies":"Maw","floor":42,"turns":6},{"damage":0,"enemies":"Writhing Mass","floor":47,"turns":3},{"damage":37,"enemies":"Sphere and 2 Shapes","floor":48,"turns":4},{"damage":62,"enemies":"infinitespire:MassOfShapes","floor":50,"turns":7}],"seed_played":"4482247891703661340","potions_obtained":[{"floor":1,"key":"ColorlessPotion"},{"floor":3,"key":"hermit:BlackBile"},{"floor":4,"key":"ColorlessPotion"},{"floor":18,"key":"SkillPotion"},{"floor":24,"key":"AttackPotion"},{"floor":27,"key":"CultistPotion"},{"floor":29,"key":"Explosive Potion"},{"floor":31,"key":"FearPotion"},{"floor":33,"key":"SpeedPotion"},{"floor":35,"key":"Block Potion"},{"floor":37,"key":"Explosive Potion"},{"floor":48,"key":"hermit:BlackBile"}],"is_trial":false,"path_per_floor":["M","?","M","M","T","R","M","$","T","?","M","R","$","?","R","B",null,"M","M","M","AVR","M","E","?","R","T","M","?","M","R","M","R","B",null,"M","M","M","?","?","E","R","M","T","?","R","$","M","M","R","B"],"character_chosen":"HERMIT","items_purchased":["Bronze Scales","Regal Pillow","OrangePellets"],"campfire_rested":5,"item_purchase_floors":[8,46,46],"current_hp_per_floor":[54,54,51,51,51,51,41,41,41,41,40,40,40,45,45,32,68,65,64,63,63,58,48,44,68,68,68,49,34,58,58,58,23,66,63,45,43,43,43,34,58,17,17,17,41,41,43,8,47,0,0],"gold":244,"neow_bonus":"TWO_FIFTY_GOLD","is_daily":false,"chose_seed":false,"campfire_upgraded":3,"win_rate":0.0,"timestamp":1607975771,"path_taken":["M","?","?","M","?","R","M","$","T","?","?","R","$","?","R","BOSS","M","M","M","AVR","M","E","?","R","T","M","?","M","R","M","R","BOSS","M","M","M","?","?","E","R","?","T","?","R","$","M","M","R","BOSS"],"items_purchased_type":["Relic","Relic","Relic"],"build_version":"2020-12-13","purchased_purges":4,"victory":false,"max_hp_per_floor":[75,75,75,75,75,75,75,75,75,75,75,75,75,80,80,80,80,80,80,80,80,80,80,80,80,80,80,80,80,80,80,80,80,80,80,80,80,80,80,80,80,80,80,80,80,80,80,80,80,80,80],"card_choices":[{"not_picked":["hermit:Headshot","hermit:EyeOfTheStorm"],"picked":"hermit:GhostlyPresence","floor":1},{"not_picked":["hermit:ItchyTrigger","hermit:HoleUp"],"picked":"hermit:WideOpen","floor":3},{"not_picked":["hermit:Manifest","hermit:Headshot"],"picked":"hermit:Vantage","floor":4},{"not_picked":["hermit:HighCaliber","hermit:NoHoldsBarred"],"picked":"hermit:Ricochet","floor":7},{"not_picked":["hermit:ItchyTrigger","hermit:ShadowCloak"],"picked":"hermit:Maintenance","floor":11},{"not_picked":["hermit:FinalCanter","hermit:RoundhouseKick"],"picked":"hermit:Roughhouse","floor":16},{"not_picked":["hermit:HoleUp","hermit:FlashPowder"],"picked":"hermit:Glare+1","floor":18},{"not_picked":["hermit:LowProfile","hermit:Desperado"],"picked":"hermit:BodyArmor+1","floor":19},{"not_picked":["hermit:Roulette+1","hermit:Combo"],"picked":"hermit:Brawl","floor":20},{"not_picked":["hermit:CalledShot","hermit:TrackingShot","hermit:Desperado"],"picked":"SKIP","floor":22},{"not_picked":["hermit:Spite","hermit:Shortfuse+1"],"picked":"hermit:BodyArmor","floor":23},{"not_picked":["hermit:Desperado","hermit:Feint"],"picked":"hermit:DeadOrAlive","floor":24},{"not_picked":["hermit:SprayPray","hermit:TrackingShot"],"picked":"hermit:WideOpen","floor":27},{"not_picked":["infinitespire:Execution","infinitespire:Menacing"],"picked":"infinitespire:Collect","floor":28},{"not_picked":["hermit:ItchyTrigger","hermit:Roulette+1"],"picked":"hermit:Enervate","floor":29},{"not_picked":["hermit:Brawl+1","hermit:ItchyTrigger+1"],"picked":"hermit:GoldenBullet","floor":31},{"not_picked":["hermit:BlackWind","hermit:Purgatory"],"picked":"hermit:Roughhouse","floor":33},{"not_picked":["hermit:NoHoldsBarred+1","hermit:HighCaliber+1"],"picked":"hermit:EyeOfTheStorm","floor":35},{"not_picked":["hermit:NoHoldsBarred+1","hermit:CalledShot"],"picked":"hermit:Determination","floor":36},{"not_picked":["hermit:Glare+1","hermit:Virtue+1"],"picked":"hermit:Enervate+1","floor":37},{"not_picked":["hermit:BodyArmor+1","hermit:LoneWolf"],"picked":"hermit:GhostlyPresence+1","floor":40},{"not_picked":["hermit:Headshot","hermit:FromBeyond"],"picked":"hermit:Quickdraw","floor":42},{"not_picked":["hermit:PistolWhip+1","hermit:CursedWeapon+1","hermit:Glare"],"picked":"SKIP","floor":47},{"not_picked":["hermit:Misfire+1","hermit:Vantage"],"picked":"hermit:BigShot+1","floor":48}],"player_experience":416170,"relics_obtained":[{"floor":5,"key":"Bag of Preparation"},{"floor":9,"key":"infinitespire:EmpoweringShard"},{"floor":23,"key":"Omamori"},{"floor":24,"key":"Red Mask"},{"floor":26,"key":"infinitespire:PuzzleCube"},{"floor":40,"key":"Blood Vial"}],"event_choices":[{"cards_removed":["hermit:Defend_Hermit"],"damage_healed":0,"gold_gain":0,"player_choice":"Purged","damage_taken":0,"max_hp_gain":0,"max_hp_loss":0,"event_name":"Purifier","floor":2,"gold_loss":0},{"damage_healed":0,"gold_gain":0,"player_choice":"Forge","damage_taken":0,"max_hp_gain":0,"max_hp_loss":0,"event_name":"Accursed Blacksmith","floor":10,"gold_loss":0,"cards_upgraded":["hermit:GhostlyPresence"]},{"damage_healed":0,"gold_gain":0,"player_choice":"Donut","damage_taken":0,"max_hp_gain":5,"max_hp_loss":0,"event_name":"Big Fish","floor":14,"gold_loss":0},{"damage_healed":0,"gold_gain":0,"player_choice":"Fought Bandits","damage_taken":0,"max_hp_gain":0,"max_hp_loss":0,"event_name":"Masked Bandits","floor":24,"gold_loss":0},{"cards_removed":["hermit:Enervate"],"damage_healed":0,"gold_gain":0,"player_choice":"Removed Attack","damage_taken":0,"max_hp_gain":0,"max_hp_loss":0,"event_name":"Falling","floor":38,"gold_loss":0},{"damage_healed":0,"gold_gain":0,"player_choice":"Ignored","damage_taken":0,"max_hp_gain":0,"max_hp_loss":0,"event_name":"SecretPortal","floor":39,"gold_loss":0},{"cards_removed":["hermit:WideOpen"],"damage_healed":0,"gold_gain":0,"player_choice":"Card Removal","damage_taken":0,"max_hp_gain":0,"max_hp_loss":0,"event_name":"Wheel of Change","floor":44,"gold_loss":0}],"is_beta":false,"boss_relics":[{"not_picked":["hubris:GrandSneckoEye","Cursed Key"],"picked":"hubris:TerracottaHorce"},{"not_picked":["hermit:BartenderGlass","hermit:ClaspedLocket"],"picked":"SlaversCollar"}],"items_purged_floors":[8,13,21,46],"is_endless":false,"potions_floor_spawned":[1,3,4,18,24,27,29,31,33,35,37,48],"killed_by":"infinitespire:MassOfShapes","ascension_level":0}}