{"host":"bux1pdxjwq4dkad9","time":1607936305,"event":{"mods":["BaseMod","Colored Map","Minty Spire (QoL Compilation)","Quick Restart","Robot Space Explorer","Shop Mod","Spicy Shops","StSLib","SuperFastMode","The Alterego","Thieving Mod","Uncapped","【人物mod】游戏王New YuGiOh mod","【遗物Mod】简单游戏"],"gold_per_floor":[115,115,135,135,155,183,183,183,232,248,264,299,78,95,95,199,199,218,238,257,18,30,61,76,87,87,87,112,112,138,153,153,248,248,265,265,276,32,82,113,124,157,157,183,200,200,200,211,211,211,211,211,54,87,87],"floor_reached":56,"playtime":1764,"items_purged":["RobotSpaceExplorer:Strike","RobotSpaceExplorer:Strike"],"score":1951,"play_id":"913f7424-4963-44cb-953e-34fbabaf5bff","local_time":"20201214165825","is_ascension_mode":true,"campfire_choices":[{"data":"RobotSpaceExplorer:MiniBoosters","floor":7.0,"key":"SMITH"},{"data":"Chrysalis","floor":15.0,"key":"SMITH"},{"floor":27.0,"key":"RECALL"},{"data":"RobotSpaceExplorer:Multitool","floor":32,"key":"SMITH"},{"data":"RobotSpaceExplorer:PowerCollector","floor":46,"key":"SMITH"},{"data":"RobotSpaceExplorer:FranticSearch","floor":49,"key":"SMITH"},{"data":"RobotSpaceExplorer:FreezeRay","floor":52,"key":"SMITH"}],"circlet_count":0,"master_deck":["RobotSpaceExplorer:Defend","RobotSpaceExplorer:Defend","RobotSpaceExplorer:Defend","RobotSpaceExplorer:Defend","RobotSpaceExplorer:Scan","RobotSpaceExplorer:MiniLasers","Chrysalis+1","RobotSpaceExplorer:FranticSearch+1","RobotSpaceExplorer:PowerCollector+1","RobotSpaceExplorer:MiniBoosters+1","RobotSpaceExplorer:FreezeRay+1","RobotSpaceExplorer:Multitool+1","RobotSpaceExplorer:Electropulse","RobotSpaceExplorer:ChargingLaser","RobotSpaceExplorer:FranticSearch+1","RobotSpaceExplorer:TrailblazerForm+1","Madness","Madness","RobotSpaceExplorer:Discharger+1","RobotSpaceExplorer:MiniDrones+1"],"relics":["RobotSpaceExplorer:RoboCore","EasyRelic","Vajra","White Beast Statue","Centennial Puzzle","Matryoshka","Bag of Preparation","Coffee Dripper","RobotSpaceExplorer:BottledGravity","Tiny Chest","RobotSpaceExplorer:FoglandsKnife","Thread and Needle","Frozen Egg 2","Meat on the Bone","Busted Crown","Medical Kit","Turnip","Art of War","PreservedInsect","Akabeko","Blood Vial","Calipers","TheAbacus","Toy Ornithopter"],"acts_visited":["Exordium","TheCity","TheBeyond","TheEnding"],"potions_floor_usage":[55,55,55,55],"damage_taken":[{"damage":0.0,"enemies":"2 Louse","floor":1.0,"turns":2.0},{"damage":0.0,"enemies":"Jaw Worm","floor":3.0,"turns":4.0},{"damage":0.0,"enemies":"Cultist","floor":5.0,"turns":3.0},{"damage":0.0,"enemies":"3 Sentries","floor":6.0,"turns":3.0},{"damage":0.0,"enemies":"Exordium Thugs","floor":10.0,"turns":3.0},{"damage":0.0,"enemies":"Lots of Slimes","floor":11.0,"turns":3.0},{"damage":0.0,"enemies":"Gremlin Nob","floor":12.0,"turns":3.0},{"damage":0.0,"enemies":"Looter","floor":14.0,"turns":3.0},{"damage":0.0,"enemies":"Slime Boss","floor":16.0,"turns":4.0},{"damage":0.0,"enemies":"Shell Parasite","floor":18.0,"turns":4.0},{"damage":0.0,"enemies":"3 Byrds","floor":19.0,"turns":2.0},{"damage":0.0,"enemies":"Centurion and Healer","floor":20.0,"turns":2.0},{"damage":0.0,"enemies":"Snecko","floor":22.0,"turns":4.0},{"damage":0.0,"enemies":"Slavers","floor":23.0,"turns":2.0},{"damage":0.0,"enemies":"Cultist and Chosen","floor":24.0,"turns":3.0},{"damage":0.0,"enemies":"Snake Plant","floor":25.0,"turns":3.0},{"damage":0.0,"enemies":"Book of Stabbing","floor":28.0,"turns":4.0},{"damage":0,"enemies":"Gremlin Leader","floor":30,"turns":3},{"damage":0,"enemies":"Chosen and Byrds","floor":31,"turns":1},{"damage":0,"enemies":"Automaton","floor":33,"turns":4},{"damage":0,"enemies":"3 Shapes","floor":35,"turns":2},{"damage":0,"enemies":"Orb Walker","floor":37,"turns":2},{"damage":0,"enemies":"Mind Bloom Boss Battle","floor":39,"turns":1},{"damage":0,"enemies":"Reptomancer","floor":40,"turns":2},{"damage":0,"enemies":"Maw","floor":41,"turns":3},{"damage":0,"enemies":"Nemesis","floor":42,"turns":1},{"damage":0,"enemies":"Reptomancer","floor":44,"turns":3},{"damage":0,"enemies":"4 Shapes","floor":45,"turns":1},{"damage":0,"enemies":"Spire Growth","floor":48,"turns":2},{"damage":0,"enemies":"Awakened One","floor":50,"turns":4},{"damage":0,"enemies":"Shield and Spear","floor":54,"turns":1},{"damage":0,"enemies":"The Heart","floor":55,"turns":4}],"seed_played":"-5190517858087191373","potions_obtained":[{"floor":1.0,"key":"Block Potion"},{"floor":10.0,"key":"SkillPotion"},{"floor":11.0,"key":"Block Potion"},{"floor":23.0,"key":"EssenceOfSteel"},{"floor":24.0,"key":"DistilledChaos"},{"floor":40,"key":"DuplicationPotion"},{"floor":44,"key":"CultistPotion"}],"is_trial":false,"path_per_floor":["M","?","M","?","M","E","R","T","T","M","M","E","$","M","R","B",null,"M","M","M","$","M","E","M","M","T","R","E","$","E","M","R","B",null,"M","?","M","$","?","E","M","E","T","E","M","R","T","M","R","B",null,"R","$","E","B",null],"character_chosen":"RobotSpaceExplorer","items_purchased":["Bag of Preparation","RobotSpaceExplorer:BottledGravity","Medical Kit","TheAbacus"],"campfire_rested":0,"item_purchase_floors":[13,21,38,53],"current_hp_per_floor":[55,48,49,49,50,51,51,51,51,52,53,54,54,55,55,56,75,75,75,75,75,75,75,75,75,75,75,75,75,75,75,75,75,75,75,66,67,67,68,69,70,71,71,72,75,75,75,75,75,75,75,75,75,75,75],"gold":87,"neow_bonus":"RANDOM_COLORLESS_2","is_daily":false,"chose_seed":false,"campfire_upgraded":6,"win_rate":0.0,"timestamp":1607936305,"path_taken":["M","?","M","?","?","E","R","?","T","M","M","E","?","M","R","BOSS","M","M","M","$","M","E","M","M","T","R","E","?","E","M","R","BOSS","M","?","M","$","?","E","M","E","T","E","M","R","?","M","R","BOSS","R","$","E","BOSS"],"items_purchased_type":["Relic","Relic","Relic","Relic"],"build_version":"2020-12-13","purchased_purges":2,"victory":true,"max_hp_per_floor":[75,75,75,75,75,75,75,75,75,75,75,75,75,75,75,75,75,75,75,75,75,75,75,75,75,75,75,75,75,75,75,75,75,75,75,75,75,75,75,75,75,75,75,75,75,75,75,75,75,75,75,75,75,75,75],"card_choices":[{"not_picked":["Mayhem","Transmutation"],"picked":"Chrysalis","floor":0.0},{"not_picked":["RobotSpaceExplorer:MiniDrones","RobotSpaceExplorer:RigExplosive"],"picked":"RobotSpaceExplorer:FranticSearch","floor":1.0},{"not_picked":["RobotSpaceExplorer:FreezingShield","RobotSpaceExplorer:SurgingShield"],"picked":"RobotSpaceExplorer:PowerCollector","floor":3.0},{"not_picked":["RobotSpaceExplorer:Pulsar","RobotSpaceExplorer:ShovelStrike","RobotSpaceExplorer:SlimeMissile"],"picked":"SKIP","floor":5.0},{"not_picked":["RobotSpaceExplorer:MetalStrike","RobotSpaceExplorer:PowerCollector","RobotSpaceExplorer:FranticSearch"],"picked":"SKIP","floor":6.0},{"not_picked":["RobotSpaceExplorer:Probe","RobotSpaceExplorer:SelfCleaning","RobotSpaceExplorer:Reload"],"picked":"SKIP","floor":10.0},{"not_picked":["RobotSpaceExplorer:MetalStrike","RobotSpaceExplorer:GlueShot","RobotSpaceExplorer:Asteroid"],"picked":"SKIP","floor":11.0},{"not_picked":["RobotSpaceExplorer:FrostMissile","RobotSpaceExplorer:MakeshiftVolley","RobotSpaceExplorer:Probe"],"picked":"SKIP","floor":12.0},{"not_picked":["RobotSpaceExplorer:MetalStrike","RobotSpaceExplorer:TurboDodge"],"picked":"RobotSpaceExplorer:FreezeRay","floor":14.0},{"not_picked":["RobotSpaceExplorer:HighVoltage","RobotSpaceExplorer:Blaster"],"picked":"RobotSpaceExplorer:Multitool","floor":16.0},{"not_picked":["RobotSpaceExplorer:TurboDodge","RobotSpaceExplorer:SlimeMissile"],"picked":"RobotSpaceExplorer:Electropulse","floor":18.0},{"not_picked":["RobotSpaceExplorer:Ammunition","RobotSpaceExplorer:ScrapMissile+1","RobotSpaceExplorer:ShockKick"],"picked":"SKIP","floor":19.0},{"not_picked":["RobotSpaceExplorer:ScrapToss+1","RobotSpaceExplorer:ShovelStrike","RobotSpaceExplorer:SurgingShield"],"picked":"SKIP","floor":20.0},{"not_picked":["RobotSpaceExplorer:GlueSpray","RobotSpaceExplorer:SlimeMissile","RobotSpaceExplorer:RigExplosive"],"picked":"SKIP","floor":22.0},{"not_picked":["RobotSpaceExplorer:JunkDive","RobotSpaceExplorer:ShockKick"],"picked":"RobotSpaceExplorer:ChargingLaser","floor":23.0},{"not_picked":["RobotSpaceExplorer:GlueShot","RobotSpaceExplorer:FreezeRay"],"picked":"RobotSpaceExplorer:FranticSearch+1","floor":24.0},{"not_picked":["RobotSpaceExplorer:Calculate","RobotSpaceExplorer:Pulsar","RobotSpaceExplorer:Probe"],"picked":"SKIP","floor":25.0},{"not_picked":["RobotSpaceExplorer:SwiftStep","RobotSpaceExplorer:Multitool+1","RobotSpaceExplorer:BigMissile"],"picked":"SKIP","floor":28.0},{"not_picked":["RobotSpaceExplorer:Pulsar","RobotSpaceExplorer:Probe","RobotSpaceExplorer:MetalStrike"],"picked":"SKIP","floor":30},{"not_picked":["RobotSpaceExplorer:Reload","RobotSpaceExplorer:ShovelStrike","RobotSpaceExplorer:GlueSpray"],"picked":"SKIP","floor":31},{"not_picked":["RobotSpaceExplorer:Autoloader+1","RobotSpaceExplorer:Comet"],"picked":"RobotSpaceExplorer:TrailblazerForm+1","floor":33},{"not_picked":["RobotSpaceExplorer:Probe+1"],"picked":"SKIP","floor":35},{"not_picked":["RobotSpaceExplorer:Counterblock"],"picked":"SKIP","floor":37},{"not_picked":["RobotSpaceExplorer:ShovelStrike+1"],"picked":"SKIP","floor":40},{"not_picked":["RobotSpaceExplorer:ShovelStrike+1"],"picked":"SKIP","floor":40},{"not_picked":[],"picked":"RobotSpaceExplorer:Discharger+1","floor":41},{"not_picked":[],"picked":"RobotSpaceExplorer:MiniDrones+1","floor":42},{"not_picked":["RobotSpaceExplorer:TurboDodge"],"picked":"SKIP","floor":44},{"not_picked":["RobotSpaceExplorer:Electroshield"],"picked":"SKIP","floor":45},{"not_picked":["RobotSpaceExplorer:ShockKick"],"picked":"SKIP","floor":48},{"not_picked":["RobotSpaceExplorer:ImprovisedAttack"],"picked":"SKIP","floor":54}],"player_experience":2365486,"relics_obtained":[{"floor":6.0,"key":"Vajra"},{"floor":8.0,"key":"White Beast Statue"},{"floor":9.0,"key":"Centennial Puzzle"},{"floor":12.0,"key":"Matryoshka"},{"floor":23.0,"key":"Tiny Chest"},{"floor":26.0,"key":"RobotSpaceExplorer:FoglandsKnife"},{"floor":26.0,"key":"Thread and Needle"},{"floor":28.0,"key":"Frozen Egg 2"},{"floor":30,"key":"Meat on the Bone"},{"floor":39,"key":"Turnip"},{"floor":40,"key":"Art of War"},{"floor":42,"key":"PreservedInsect"},{"floor":43,"key":"Akabeko"},{"floor":44,"key":"Blood Vial"},{"floor":47,"key":"Calipers"},{"floor":54,"key":"Toy Ornithopter"}],"event_choices":[{"cards_removed":["RobotSpaceExplorer:Strike"],"damage_healed":0.0,"max_hp_gain":0.0,"max_hp_loss":0.0,"gold_gain":0.0,"event_name":"Golden Wing","player_choice":"Card Removal","floor":2.0,"gold_loss":0.0,"damage_taken":7.0},{"damage_healed":0.0,"max_hp_gain":0.0,"max_hp_loss":0.0,"gold_gain":0.0,"cards_transformed":["RobotSpaceExplorer:Strike"],"event_name":"Transmorgrifier","player_choice":"Transformed","floor":4.0,"gold_loss":0.0,"damage_taken":0.0,"cards_obtained":["RobotSpaceExplorer:MiniBoosters"]},{"damage_healed":0,"gold_gain":0,"player_choice":"Embrace Madness","damage_taken":9,"max_hp_gain":0,"max_hp_loss":0,"event_name":"Winding Halls","floor":36,"gold_loss":0,"cards_obtained":["Madness","Madness"]},{"damage_healed":0,"gold_gain":0,"player_choice":"Fight","damage_taken":0,"max_hp_gain":0,"max_hp_loss":0,"event_name":"MindBloom","floor":39,"gold_loss":0}],"is_beta":false,"boss_relics":[{"not_picked":["Pandora\u0027s Box","RobotSpaceExplorer:Reprocessor"],"picked":"Coffee Dripper"},{"not_picked":["Snecko Eye","Velvet Choker"],"picked":"Busted Crown"}],"items_purged_floors":[13,38],"is_endless":false,"potions_floor_spawned":[1,10,11,12,14,16,18,19,20,22,23,24,25,28,30,31,33,35,37,39,40,41,42,44,45,48,54],"ascension_level":3}}