{"host":"99ad87xtd5ypi7ii","time":1607940129,"event":{"mods":["BaseMod","Hermit","Highlight Path","Marisa????????","Minty Spire (QoL Compilation)","Robot Space Explorer","StSLib","The Bladedancer","The Construct","The Cursed","The Disciple","The Elementalist","The Gatherer","The Hierophant","The Runesmith","The Servant 0.9.4","TheVacant"],"gold_per_floor":[115,115,40,40,40,70,70,95,118,118,136,136,136,151,151,274,274,253,253,266,12,39,39,70,70,70,94,94,425,445,458,458,578,578,593,503,522,522,540,540,574,597,645,645,685,705,705,705,705,705],"floor_reached":51,"playtime":2744,"items_purged":["RobotSpaceExplorer:Strike"],"score":1056,"play_id":"b421423d-db4b-40d0-ae48-556af46c44f6","local_time":"20201214110209","is_ascension_mode":true,"campfire_choices":[{"data":"RobotSpaceExplorer:MiniLasers","floor":7,"key":"SMITH"},{"data":"RobotSpaceExplorer:Pulsar","floor":10,"key":"SMITH"},{"data":"RobotSpaceExplorer:Fix","floor":13,"key":"SMITH"},{"data":"RobotSpaceExplorer:Explosion","floor":15,"key":"SMITH"},{"data":"RobotSpaceExplorer:Multitool","floor":23,"key":"SMITH"},{"floor":25,"key":"REST"},{"data":"RobotSpaceExplorer:Pulsar","floor":28,"key":"SMITH"},{"floor":32,"key":"REST"},{"data":"RobotSpaceExplorer:Scanner","floor":40,"key":"SMITH"},{"floor":44,"key":"REST"},{"floor":47,"key":"REST"},{"floor":49,"key":"RECALL"}],"circlet_count":0,"master_deck":["RobotSpaceExplorer:Strike","RobotSpaceExplorer:Strike","RobotSpaceExplorer:Defend","RobotSpaceExplorer:Defend","RobotSpaceExplorer:Defend","RobotSpaceExplorer:Defend","RobotSpaceExplorer:Scan","RobotSpaceExplorer:MiniLasers+1","RobotSpaceExplorer:Pulsar+1","RobotSpaceExplorer:SurgingShield","RobotSpaceExplorer:Fix+1","RobotSpaceExplorer:Explosion+1","RobotSpaceExplorer:Multitool+1","RobotSpaceExplorer:ScrapMissile+1","RobotSpaceExplorer:Pulsar+1","RobotSpaceExplorer:PlasmaMissile+1","RobotSpaceExplorer:ScrapMissile","RobotSpaceExplorer:BigMissile","RobotSpaceExplorer:Scanner+1","RobotSpaceExplorer:SlimeMissile+1"],"relics":["RobotSpaceExplorer:RoboCore","NeowsBlessing","Art of War","InkBottle","Tiny Chest","Golden Idol","construct:ClawGrip","Meat on the Bone","Shuriken","MealTicket","Bag of Marbles","Pen Nib","Old Coin","Busted Crown","Centennial Puzzle","Smiling Mask","Toy Ornithopter","Bag of Preparation","Kunai"],"acts_visited":["Exordium","TheCity","TheBeyond"],"potions_floor_usage":[16,18,29,33,37,50,50,50],"damage_taken":[{"damage":0,"enemies":"Small Slimes","floor":1,"turns":1},{"damage":0,"enemies":"3 Sentries","floor":6,"turns":1},{"damage":0,"enemies":"Gremlin Nob","floor":8,"turns":1},{"damage":0,"enemies":"Jaw Worm","floor":11,"turns":4},{"damage":0,"enemies":"2 Louse","floor":14,"turns":3},{"damage":43,"enemies":"Slime Boss","floor":16,"turns":12},{"damage":12,"enemies":"2 Thieves","floor":18,"turns":5},{"damage":19,"enemies":"Shell Parasite","floor":20,"turns":7},{"damage":26,"enemies":"Gremlin Leader","floor":24,"turns":6},{"damage":2,"enemies":"Snecko","floor":27,"turns":3},{"damage":29,"enemies":"Slavers","floor":29,"turns":4},{"damage":0,"enemies":"Chosen and Byrds","floor":30,"turns":3},{"damage":17,"enemies":"Sentry and Sphere","floor":31,"turns":4},{"damage":36,"enemies":"Collector","floor":33,"turns":9},{"damage":7,"enemies":"3 Shapes","floor":35,"turns":5},{"damage":29,"enemies":"3 Darklings","floor":37,"turns":3},{"damage":17,"enemies":"Jaw Worm Horde","floor":39,"turns":3},{"damage":0,"enemies":"Nemesis","floor":41,"turns":3},{"damage":22,"enemies":"Reptomancer","floor":45,"turns":4},{"damage":8,"enemies":"4 Shapes","floor":46,"turns":3},{"damage":85,"enemies":"Time Eater","floor":50,"turns":7}],"seed_played":"-4426375504545921775","potions_obtained":[{"floor":8,"key":"PowerPotion"},{"floor":11,"key":"CultistPotion"},{"floor":14,"key":"AttackPotion"},{"floor":16,"key":"DuplicationPotion"},{"floor":18,"key":"LiquidBronze"},{"floor":29,"key":"SkillPotion"},{"floor":33,"key":"DuplicationPotion"},{"floor":35,"key":"ColorlessPotion"},{"floor":45,"key":"RobotSpaceExplorer:RecyclePotion"}],"is_trial":false,"path_per_floor":["M","?","$","?","$","E","R","E","T","R","M","?","R","M","R","B",null,"M","?","M","$","T","R","E","R","T","M","R","E","M","M","R","B",null,"M","?","M","?","M","R","E","T","T","R","E","M","R","T","R","B",null],"character_chosen":"RobotSpaceExplorer","items_purchased":["Shuriken"],"campfire_rested":4,"item_purchase_floors":[21],"current_hp_per_floor":[68,73,73,73,73,73,73,73,73,73,73,53,53,59,59,22,66,66,66,53,53,53,53,45,69,69,73,73,50,56,45,69,51,73,72,72,49,49,50,50,50,50,50,74,58,56,80,80,80,29],"gold":705,"neow_bonus":"THREE_ENEMY_KILL","is_daily":false,"chose_seed":false,"campfire_upgraded":7,"win_rate":0.0,"timestamp":1607940129,"path_taken":["M","?","$","?","$","E","R","E","T","R","M","?","R","M","R","BOSS","M","?","?","$","?","R","E","R","T","M","R","E","M","M","R","BOSS","M","?","?","?","M","R","E","?","T","R","E","M","R","?","R","BOSS"],"items_purchased_type":["Relic"],"build_version":"2020-12-13","purchased_purges":1,"victory":true,"max_hp_per_floor":[75,80,80,80,80,80,80,80,80,80,80,80,80,80,80,80,80,80,80,80,80,80,80,80,80,80,80,80,80,80,80,80,80,80,80,80,80,80,80,80,80,80,80,80,80,80,80,80,80,80],"card_choices":[{"not_picked":["RobotSpaceExplorer:FrostMissile","RobotSpaceExplorer:MetalStrike"],"picked":"RobotSpaceExplorer:Pulsar","floor":1},{"not_picked":["RobotSpaceExplorer:ShockKick","RobotSpaceExplorer:Ammunition","RobotSpaceExplorer:ImprovisedAttack"],"picked":"SKIP","floor":6},{"not_picked":["RobotSpaceExplorer:SurgingStrike","RobotSpaceExplorer:ShovelStrike"],"picked":"RobotSpaceExplorer:SurgingShield","floor":8},{"not_picked":["RobotSpaceExplorer:FreezingShield","RobotSpaceExplorer:SlimeMissile"],"picked":"RobotSpaceExplorer:Fix","floor":11},{"not_picked":["RobotSpaceExplorer:MetalStrike","RobotSpaceExplorer:ShockKick"],"picked":"RobotSpaceExplorer:Explosion","floor":14},{"not_picked":["RobotSpaceExplorer:BlastShield","RobotSpaceExplorer:ChargingLaser"],"picked":"RobotSpaceExplorer:Multitool","floor":16},{"not_picked":["RobotSpaceExplorer:MetalStrike","RobotSpaceExplorer:GlueShot+1"],"picked":"RobotSpaceExplorer:DoubleFind+1","floor":18},{"not_picked":["RobotSpaceExplorer:DoubleBlock","RobotSpaceExplorer:GlueShot+1"],"picked":"RobotSpaceExplorer:ScrapMissile","floor":20},{"not_picked":["RobotSpaceExplorer:Ammunition","RobotSpaceExplorer:Multitool"],"picked":"RobotSpaceExplorer:Pulsar","floor":24},{"not_picked":["RobotSpaceExplorer:FreezingShield","RobotSpaceExplorer:StarDust"],"picked":"RobotSpaceExplorer:PlasmaMissile+1","floor":27},{"not_picked":["RobotSpaceExplorer:DoubleFind+1","RobotSpaceExplorer:ShovelStrike"],"picked":"RobotSpaceExplorer:ScrapMissile","floor":29},{"not_picked":["RobotSpaceExplorer:Probe","RobotSpaceExplorer:StunGrenade+1"],"picked":"RobotSpaceExplorer:Ammunition","floor":30},{"not_picked":["RobotSpaceExplorer:FranticSearch","RobotSpaceExplorer:MetalStrike+1"],"picked":"RobotSpaceExplorer:BigMissile","floor":31},{"not_picked":["RobotSpaceExplorer:Asteroid","RobotSpaceExplorer:Wormhole"],"picked":"RobotSpaceExplorer:Scanner","floor":33},{"not_picked":["RobotSpaceExplorer:LuckyStrike+1"],"picked":"SKIP","floor":35},{"not_picked":["RobotSpaceExplorer:ShockKick+1"],"picked":"SKIP","floor":37},{"not_picked":["RobotSpaceExplorer:SurgingShield"],"picked":"SKIP","floor":39},{"not_picked":["RobotSpaceExplorer:MakeshiftVolley+1"],"picked":"SKIP","floor":41},{"not_picked":["RobotSpaceExplorer:GlueSpray"],"picked":"SKIP","floor":45},{"not_picked":[],"picked":"RobotSpaceExplorer:SlimeMissile+1","floor":46}],"player_experience":733289,"relics_obtained":[{"floor":6,"key":"Art of War"},{"floor":8,"key":"InkBottle"},{"floor":9,"key":"Tiny Chest"},{"floor":22,"key":"MealTicket"},{"floor":24,"key":"Bag of Marbles"},{"floor":26,"key":"Pen Nib"},{"floor":29,"key":"Old Coin"},{"floor":41,"key":"Centennial Puzzle"},{"floor":42,"key":"Smiling Mask"},{"floor":43,"key":"Toy Ornithopter"},{"floor":45,"key":"Bag of Preparation"},{"floor":48,"key":"Kunai"}],"event_choices":[{"damage_healed":0,"gold_gain":0,"player_choice":"Donut","damage_taken":0,"max_hp_gain":5,"max_hp_loss":0,"event_name":"Big Fish","floor":2,"gold_loss":0},{"damage_healed":0,"gold_gain":0,"player_choice":"Leave","damage_taken":0,"max_hp_gain":0,"max_hp_loss":0,"event_name":"The Cleric","floor":4,"gold_loss":0},{"damage_healed":0,"gold_gain":0,"player_choice":"Take Damage","damage_taken":20,"relics_obtained":["Golden Idol"],"max_hp_gain":0,"max_hp_loss":0,"event_name":"Golden Idol","floor":12,"gold_loss":0},{"cards_removed":["RobotSpaceExplorer:DoubleFind"],"damage_healed":0,"gold_gain":0,"player_choice":"Gave Card","damage_taken":0,"relics_obtained":["Meat on the Bone"],"max_hp_gain":0,"max_hp_loss":0,"event_name":"WeMeetAgain","floor":19,"gold_loss":0},{"cards_removed":["RobotSpaceExplorer:Strike"],"damage_healed":0,"gold_gain":0,"player_choice":"Upgrade and Remove","damage_taken":0,"max_hp_gain":0,"max_hp_loss":0,"event_name":"Designer","floor":36,"gold_loss":90,"cards_upgraded":["RobotSpaceExplorer:ScrapMissile"]},{"cards_removed":["RobotSpaceExplorer:Ammunition"],"damage_healed":0,"gold_gain":0,"player_choice":"Removed Skill","damage_taken":0,"max_hp_gain":0,"max_hp_loss":0,"event_name":"Falling","floor":38,"gold_loss":0}],"is_beta":false,"boss_relics":[{"not_picked":["Calling Bell","Runic Pyramid"],"picked":"construct:ClawGrip"},{"not_picked":["RobotSpaceExplorer:Reprocessor","Pandora\u0027s Box"],"picked":"Busted Crown"}],"items_purged_floors":[3],"is_endless":false,"potions_floor_spawned":[8,11,14,16,18,29,31,33,35,45],"ascension_level":6}}