{"host":"ds28d883r3sz42zs","time":1607977155,"event":{"mods":["2.2 Compatiblity","AchievementEnabler","Act Like it!","BaseMod","Bestiary","Better Match","Better Sensory Stone","Better Third Choice","Better-Laid Plans","BetterRewards","Block Reminder","Challenge The Spire","Colored Map","Colored Powertips","Defuse TimeMaze Blight","Disable Question Mark Monsters","Displayed Cursed Tome","Emptier Cage","GifTheSpireLib","Gold Saver","Minty Spire (QoL Compilation)","Permanent Neow","Practice Mode","Quick Restart","Random Character Button","Rare Cards Sparkle","Relic Filter","Relic Stats","SacredBarkPlus","StSLib","SuperFastMode","Uncapped","Unknown Chances"],"gold_per_floor":[167,167,179,194,210,210,242,242,242,257,286,286,297,0,0,98,98,113,127,141,141,240,240,265,265,344,370,397,407,439,439,439,538,538,554,383,383,433,177,177,207,207,261,276,308,325,338,59,59,59,59,59,24,56,56],"floor_reached":56,"playtime":1576,"items_purged":["Strike_B","Writhe","Shame"],"score":1906,"play_id":"91d9c747-bec3-409b-8299-2303d5008b2c","local_time":"20201214151915","is_ascension_mode":true,"campfire_choices":[{"data":"Go for the Eyes","floor":6.0,"key":"SMITH"},{"data":"Electrodynamics","floor":8.0,"key":"SMITH"},{"data":"Hologram","floor":12.0,"key":"SMITH"},{"data":"Capacitor","floor":15,"key":"SMITH"},{"data":"Biased Cognition","floor":23,"key":"SMITH"},{"data":"FTL","floor":32,"key":"SMITH"},{"floor":40,"key":"RECALL"},{"data":"Biased Cognition","floor":49,"key":"SMITH"},{"data":"Capacitor","floor":52,"key":"SMITH"}],"circlet_count":0,"master_deck":["Zap+1","Rip and Tear+1","Go for the Eyes+1","Cold Snap","Barrage","Electrodynamics+1","Hologram+1","FTL+1","Capacitor+1","Biased Cognition+1","Conserve Battery+1","Ball Lightning","Coolheaded","Skim","Biased Cognition+1","Biased Cognition+1","Glacier","Capacitor+1","Finesse","Redo+1","Defragment"],"relics":["Nuclear Battery","Du-Vu Doll","Mummified Hand","Bag of Marbles","Anchor","Pandora\u0027s Box","Matryoshka","Juzu Bracelet","Pocketwatch","Omamori","Meat on the Bone","Akabeko","War Paint","MealTicket","Bronze Scales","Calling Bell","DataDisk","Symbiotic Virus","StoneCalendar","Girya","Bottled Lightning","Bag of Preparation","Strawberry","OrangePellets","Orichalcum"],"acts_visited":["Exordium","TheCity","TheBeyond","TheEnding"],"potions_floor_usage":[19,55],"damage_taken":[{"damage":0.0,"enemies":"2 Louse","floor":1.0,"turns":3.0},{"damage":5.0,"enemies":"Small Slimes","floor":3.0,"turns":3.0},{"damage":0.0,"enemies":"Cultist","floor":4.0,"turns":3.0},{"damage":0.0,"enemies":"Exordium Wildlife","floor":5.0,"turns":2.0},{"damage":26.0,"enemies":"3 Sentries","floor":7.0,"turns":9.0},{"damage":6.0,"enemies":"3 Louse","floor":10.0,"turns":2.0},{"damage":5.0,"enemies":"Gremlin Nob","floor":11.0,"turns":3.0},{"damage":0.0,"enemies":"2 Fungi Beasts","floor":13.0,"turns":2.0},{"damage":14,"enemies":"The Guardian","floor":16,"turns":9},{"damage":0,"enemies":"3 Byrds","floor":18,"turns":1},{"damage":5,"enemies":"2 Thieves","floor":19,"turns":2},{"damage":8,"enemies":"Snake Plant","floor":20,"turns":4},{"damage":4,"enemies":"Book of Stabbing","floor":24,"turns":3},{"damage":14,"enemies":"Slavers","floor":28,"turns":2},{"damage":2,"enemies":"Cultist and Chosen","floor":29,"turns":3},{"damage":4,"enemies":"Book of Stabbing","floor":30,"turns":2},{"damage":9,"enemies":"Collector","floor":33,"turns":4},{"damage":0,"enemies":"3 Darklings","floor":35,"turns":3},{"damage":0,"enemies":"Mind Bloom Boss Battle","floor":38,"turns":3},{"damage":0,"enemies":"Giant Head","floor":41,"turns":5},{"damage":0,"enemies":"3 Shapes","floor":44,"turns":1},{"damage":0,"enemies":"Nemesis","floor":45,"turns":3},{"damage":0,"enemies":"Sphere and 2 Shapes","floor":46,"turns":1},{"damage":0,"enemies":"Spire Growth","floor":47,"turns":3},{"damage":0,"enemies":"Awakened One","floor":50,"turns":7},{"damage":0,"enemies":"Shield and Spear","floor":54,"turns":2},{"damage":75,"enemies":"The Heart","floor":55,"turns":6}],"seed_played":"9113931075046253814","potions_obtained":[{"floor":7.0,"key":"Energy Potion"},{"floor":10.0,"key":"ColorlessPotion"},{"floor":11.0,"key":"FairyPotion"},{"floor":13.0,"key":"Swift Potion"},{"floor":16,"key":"FairyPotion"},{"floor":24,"key":"PowerPotion"},{"floor":35,"key":"PotionOfCapacity"},{"floor":44,"key":"Ancient Potion"}],"is_trial":false,"path_per_floor":["M","?","M","M","M","R","E","R","T","M","E","R","M","$","R","B",null,"M","M","M","?","?","R","E","?","T","T","E","M","E","?","R","B",null,"M","$","?","?","$","R","E","?","T","M","E","M","M","$","R","B",null,"R","$","E","B",null],"character_chosen":"DEFECT","items_purchased":["Capacitor","Anchor","Capacitor","Bottled Lightning","OrangePellets","Defragment"],"campfire_rested":0,"item_purchase_floors":[14,14,36,39,48,53],"current_hp_per_floor":[68,68,63,63,63,63,37,37,37,31,26,26,26,26,26,12,59,59,54,46,46,46,46,42,42,42,42,40,38,46,46,46,49,69,69,75,75,75,75,75,75,75,75,75,82,82,82,82,82,82,82,82,82,82,19],"gold":56,"neow_bonus":"BOSS_RELIC","is_daily":false,"chose_seed":false,"campfire_upgraded":8,"win_rate":0.0,"timestamp":1607977155,"path_taken":["M","?","M","M","M","R","E","R","T","M","E","R","M","$","R","BOSS","M","M","M","?","?","R","E","?","T","?","E","M","E","?","R","BOSS","M","?","?","?","$","R","E","?","T","M","E","M","M","$","R","BOSS","R","$","E","BOSS"],"items_purchased_type":["Card","Relic","Card","Relic","Relic","Card"],"build_version":"2020-12-13","purchased_purges":3,"victory":true,"max_hp_per_floor":[75,75,75,75,75,75,75,75,75,75,75,75,75,75,75,75,75,75,75,75,75,75,75,75,75,75,75,75,75,75,75,75,75,75,75,75,75,75,75,75,75,75,75,75,82,82,82,82,82,82,82,82,82,82,82],"relic_stats":{"counters":[27,91],"StoneCalendar":[34],"Juzu Bracelet":0,"Bag of Preparation":[14],"War Paint":["Dualcast","Zap"],"Orichalcum":[24],"OrangePellets":[10],"Mummified Hand":[88],"Bronze Scales":[161],"Pandora\u0027s Box":["Self Repair","Consume","Leap","Double Energy","Self Repair","Rebound","Rebound"],"MealTicket":6,"obtain_stats":[{"StoneCalendar":34,"Juzu Bracelet":24,"Bag of Preparation":41,"Matryoshka":21,"Mummified Hand":9,"Strawberry":45,"MealTicket":28,"Cracked Core":0,"Girya":38,"Omamori":26,"War Paint":27,"Orichalcum":54,"Akabeko":27,"Nuclear Battery":0,"Du-Vu Doll":7,"Calling Bell":34,"OrangePellets":48,"Anchor":14,"DataDisk":34,"Bronze Scales":30,"Pandora\u0027s Box":17,"Bag of Marbles":11,"Bottled Lightning":39,"Symbiotic Virus":34,"Pocketwatch":25,"Meat on the Bone":26},{"StoneCalendar":17,"Juzu Bracelet":13,"Bag of Preparation":20,"Matryoshka":12,"Mummified Hand":5,"Strawberry":22,"MealTicket":14,"Cracked Core":0,"Girya":19,"Omamori":13,"War Paint":13,"Orichalcum":26,"Akabeko":13,"Nuclear Battery":0,"Du-Vu Doll":5,"Calling Bell":17,"OrangePellets":24,"Anchor":8,"DataDisk":17,"Bronze Scales":16,"Pandora\u0027s Box":9,"Bag of Marbles":7,"Bottled Lightning":19,"Symbiotic Virus":17,"Pocketwatch":13,"Meat on the Bone":13},{"StoneCalendar":57,"Juzu Bracelet":46,"Bag of Preparation":68,"Matryoshka":43,"Mummified Hand":20,"Strawberry":72,"MealTicket":48,"Cracked Core":0,"Girya":63,"Omamori":46,"War Paint":46,"Orichalcum":85,"Akabeko":46,"Nuclear Battery":0,"Du-Vu Doll":20,"Calling Bell":57,"OrangePellets":76,"Anchor":27,"DataDisk":57,"Bronze Scales":53,"Pandora\u0027s Box":36,"Bag of Marbles":25,"Bottled Lightning":63,"Symbiotic Virus":57,"Pocketwatch":46,"Meat on the Bone":46}],"Pocketwatch":[12],"Meat on the Bone":48},"card_choices":[{"not_picked":["Stack","Go for the Eyes"],"picked":"Rip and Tear","floor":1.0},{"not_picked":["Conserve Battery","Melter"],"picked":"Go for the Eyes","floor":3.0},{"not_picked":["White Noise","Redo"],"picked":"Cold Snap","floor":4.0},{"not_picked":["Sunder","Rebound"],"picked":"Barrage","floor":5.0},{"not_picked":["Heatsinks","Go for the Eyes"],"picked":"Electrodynamics","floor":7.0},{"not_picked":["Go for the Eyes","Lockon"],"picked":"Hologram","floor":10.0},{"not_picked":["Steam Power","Melter"],"picked":"FTL","floor":11.0},{"not_picked":["Tempest","Streamline","BootSequence"],"picked":"SKIP","floor":13.0},{"not_picked":["Electrodynamics","Multi-Cast"],"picked":"Biased Cognition","floor":16},{"not_picked":["Gash","Hologram","Scrape"],"picked":"SKIP","floor":18},{"not_picked":["Hello World","Recycle"],"picked":"Conserve Battery+1","floor":19},{"not_picked":["Melter+1","Reinforced Body+1"],"picked":"Ball Lightning","floor":20},{"not_picked":["Cold Snap","Redo","Beam Cell"],"picked":"SKIP","floor":24},{"not_picked":["Reinforced Body","Barrage"],"picked":"Coolheaded","floor":28},{"not_picked":["Compile Driver","Chaos"],"picked":"Skim","floor":29},{"not_picked":["Conserve Battery","Streamline","Chaos"],"picked":"SKIP","floor":30},{"not_picked":["Hyperbeam","Rainbow"],"picked":"Biased Cognition","floor":33},{"not_picked":["Auto Shields+1","Reprogram+1"],"picked":"Glacier","floor":35},{"not_picked":["Sweeping Beam","Darkness+1","Fission"],"picked":"SKIP","floor":41},{"not_picked":["Swift Strike","Jack Of All Trades"],"picked":"Finesse","floor":42},{"not_picked":["Blizzard","Hello World","Aggregate"],"picked":"SKIP","floor":44},{"not_picked":["Streamline","Double Energy+1","Beam Cell"],"picked":"SKIP","floor":45},{"not_picked":["Hello World+1","Double Energy","Genetic Algorithm"],"picked":"SKIP","floor":46},{"not_picked":["Recycle","Go for the Eyes+1"],"picked":"Redo+1","floor":47},{"not_picked":["Streamline","Reinforced Body","Sweeping Beam"],"picked":"SKIP","floor":54}],"player_experience":651117,"relics_obtained":[{"floor":7.0,"key":"Du-Vu Doll"},{"floor":9.0,"key":"Mummified Hand"},{"floor":11.0,"key":"Bag of Marbles"},{"floor":24,"key":"Juzu Bracelet"},{"floor":26,"key":"Omamori"},{"floor":26,"key":"Meat on the Bone"},{"floor":27,"key":"Akabeko"},{"floor":27,"key":"War Paint"},{"floor":28,"key":"MealTicket"},{"floor":30,"key":"Bronze Scales"},{"floor":34,"key":"DataDisk"},{"floor":34,"key":"Symbiotic Virus"},{"floor":34,"key":"StoneCalendar"},{"floor":38,"key":"Girya"},{"floor":41,"key":"Bag of Preparation"},{"floor":45,"key":"Strawberry"},{"floor":54,"key":"Orichalcum"}],"event_choices":[{"damage_healed":0.0,"max_hp_gain":0.0,"max_hp_loss":0.0,"gold_gain":0.0,"event_name":"Living Wall","player_choice":"Grow","floor":2.0,"gold_loss":0.0,"damage_taken":0.0,"cards_upgraded":["Rip and Tear"]},{"damage_healed":0,"gold_gain":0,"player_choice":"Stole Relic","damage_taken":0,"relics_obtained":["Matryoshka"],"max_hp_gain":0,"max_hp_loss":0,"event_name":"Addict","floor":21,"gold_loss":0,"cards_obtained":["Shame"]},{"damage_healed":0,"gold_gain":99,"player_choice":"Steal","damage_taken":0,"max_hp_gain":0,"max_hp_loss":0,"event_name":"betterThird:BetterNest","floor":22,"gold_loss":0},{"damage_healed":0,"gold_gain":0,"player_choice":"Opened","damage_taken":0,"relics_obtained":["Pocketwatch"],"max_hp_gain":0,"max_hp_loss":0,"event_name":"The Mausoleum","floor":25,"gold_loss":0,"cards_obtained":["Writhe"]},{"damage_healed":0,"gold_gain":0,"player_choice":"Copied","damage_taken":0,"max_hp_gain":0,"max_hp_loss":0,"event_name":"Duplicator","floor":31,"gold_loss":0,"cards_obtained":["Biased Cognition"]},{"cards_removed":["Dualcast"],"damage_healed":0,"gold_gain":0,"player_choice":"Removed Skill","damage_taken":0,"max_hp_gain":0,"max_hp_loss":0,"event_name":"Falling","floor":37,"gold_loss":0},{"damage_healed":0,"gold_gain":0,"player_choice":"Fight","damage_taken":0,"max_hp_gain":0,"max_hp_loss":0,"event_name":"MindBloom","floor":38,"gold_loss":0},{"damage_healed":0,"gold_gain":3,"player_choice":"1","damage_taken":0,"max_hp_gain":0,"max_hp_loss":0,"event_name":"betterStone:BetterStone","floor":42,"gold_loss":0}],"is_beta":false,"boss_relics":[{"not_picked":["Velvet Choker","Runic Pyramid"],"picked":"Pandora\u0027s Box"},{"not_picked":["Empty Cage","Runic Dome"],"picked":"Calling Bell"}],"items_purged_floors":[14,36,48],"is_endless":false,"potions_floor_spawned":[7,10,11,13,16,18,24,28,29,35,44,47],"ascension_level":9}}