{"host":"szp1d6dso4pv7ddl","time":1607921846,"event":{"mods":["AchievementEnabler","Alarm Clock","BaseMod","Bestiary","Block Reminder","Colored Map","Colored Powertips","Curses Come First","Displayed Cursed Tome","Highlight Path","Minty Spire (QoL Compilation)","Permanent Neow","Quick Restart","Relic Stats","StSLib"],"gold_per_floor":[117,129,146,74,91,91,124,124,170,190,190,140,140,157,157,259,259,272,272,272,285,299,299,317,317,342,372,372,141,141,154,154,254,304,317,169,192,211,224,224,224,240,309,326,326,36,36,47,47,47],"floor_reached":51,"playtime":4921,"items_purged":["Concentrate","Eviscerate","Underhanded Strike"],"score":894,"play_id":"a6df6189-ee89-4691-a453-a8e09967bd7f","local_time":"20201213205726","is_ascension_mode":true,"campfire_choices":[{"floor":6.0,"key":"REST"},{"floor":11.0,"key":"REST"},{"floor":13.0,"key":"REST"},{"data":"Endless Agony","floor":15.0,"key":"SMITH"},{"data":"Night Terror","floor":23.0,"key":"SMITH"},{"floor":25.0,"key":"REST"},{"data":"Adrenaline","floor":32.0,"key":"SMITH"},{"floor":40.0,"key":"REST"},{"floor":49.0,"key":"REST"}],"circlet_count":0,"master_deck":["Survivor","Neutralize","Infinite Blades","Night Terror+1","Finisher","Finisher","Blade Dance","Endless Agony+1","Burst+1","Flying Knee","After Image","Bullet Time+1","Backflip","All Out Attack","Adrenaline+1","Leg Sweep+1","Envenom+1","Prepared","Choke+1","Caltrops"],"relics":["Ring of the Snake","Gremlin Horn","Dream Catcher","Pandora\u0027s Box","Pen Nib","Juzu Bracelet","War Paint","Tiny House","Bronze Scales","Paper Crane"],"acts_visited":["Exordium","TheCity","TheBeyond"],"potions_floor_usage":[50],"damage_taken":[{"damage":18.0,"enemies":"Jaw Worm","floor":1.0,"turns":4.0},{"damage":10.0,"enemies":"2 Louse","floor":2.0,"turns":3.0},{"damage":2.0,"enemies":"Small Slimes","floor":3.0,"turns":4.0},{"damage":45.0,"enemies":"Red Slaver","floor":5.0,"turns":9.0},{"damage":24.0,"enemies":"Gremlin Nob","floor":7.0,"turns":4.0},{"damage":0.0,"enemies":"2 Fungi Beasts","floor":10.0,"turns":4.0},{"damage":1.0,"enemies":"Looter","floor":14.0,"turns":3.0},{"damage":28.0,"enemies":"Slime Boss","floor":16.0,"turns":10.0},{"damage":0.0,"enemies":"3 Byrds","floor":18.0,"turns":4.0},{"damage":11.0,"enemies":"Shell Parasite","floor":21.0,"turns":5.0},{"damage":35.0,"enemies":"Snecko","floor":22.0,"turns":5.0},{"damage":15.0,"enemies":"Shelled Parasite and Fungi","floor":24.0,"turns":5.0},{"damage":16.0,"enemies":"Book of Stabbing","floor":27.0,"turns":4.0},{"damage":14.0,"enemies":"Centurion and Healer","floor":31.0,"turns":4.0},{"damage":15.0,"enemies":"Champ","floor":33.0,"turns":8.0},{"damage":18.0,"enemies":"3 Darklings","floor":35.0,"turns":4.0},{"damage":0.0,"enemies":"Orb Walker","floor":38.0,"turns":1.0},{"damage":34.0,"enemies":"Maw","floor":39.0,"turns":6.0},{"damage":7.0,"enemies":"Sphere and 2 Shapes","floor":42.0,"turns":3.0},{"damage":0.0,"enemies":"3 Darklings","floor":44.0,"turns":2.0},{"damage":19.0,"enemies":"4 Shapes","floor":48.0,"turns":5.0},{"damage":57,"enemies":"Awakened One","floor":50,"turns":8}],"seed_played":"-7201080207498214257","potions_obtained":[{"floor":2.0,"key":"ColorlessPotion"},{"floor":3.0,"key":"Dexterity Potion"},{"floor":5.0,"key":"Explosive Potion"},{"floor":10.0,"key":"CunningPotion"},{"floor":18.0,"key":"CunningPotion"},{"floor":22.0,"key":"PowerPotion"},{"floor":27.0,"key":"AttackPotion"},{"floor":30.0,"key":"CultistPotion"},{"floor":30.0,"key":"FairyPotion"},{"floor":34.0,"key":"PowerPotion"},{"floor":42.0,"key":"SkillPotion"}],"is_trial":false,"path_per_floor":["M","M","M","$","M","R","E","?","T","M","R","?","R","M","R","B",null,"M","?","?","M","M","R","M","R","T","E","?","$","?","M","R","B",null,"M","$","T","M","M","R","?","M","T","M","?","$","?","M","R","B",null],"character_chosen":"THE_SILENT","items_purchased":["Finisher","War Paint","Prepared","Swift Potion","Caltrops","Ancient Potion"],"campfire_rested":6,"item_purchase_floors":[4,29,36,46,46,46],"current_hp_per_floor":[59,49,47,47,2,27,3,3,3,3,28,28,53,52,52,24,69,69,69,94,83,48,48,33,61,61,45,76,76,76,62,62,47,87,69,69,69,69,35,64,64,57,57,57,57,57,57,38,67,10],"gold":47,"neow_bonus":"TWENTY_PERCENT_HP_BONUS","is_daily":false,"chose_seed":false,"campfire_upgraded":3,"win_rate":0.0,"timestamp":1607921846,"path_taken":["M","M","M","$","M","R","E","?","T","M","R","?","R","M","R","BOSS","M","?","?","M","M","R","?","R","T","E","?","$","?","M","R","BOSS","M","$","?","M","M","R","?","M","T","M","?","$","?","M","R","BOSS"],"items_purchased_type":["Card","Relic","Card","Potion","Card","Potion"],"build_version":"2020-12-13","purchased_purges":3,"victory":true,"max_hp_per_floor":[84,84,84,84,84,84,84,84,84,84,84,84,84,84,84,84,84,84,84,94,94,94,94,94,94,94,94,94,94,94,94,94,94,99,99,99,99,99,99,99,99,99,99,99,99,99,99,99,99,99],"relic_stats":{"Dream Catcher":5,"Gremlin Horn":[19,21],"counters":[22,105],"Bronze Scales":[60],"Pandora\u0027s Box":["Flying Knee","Underhanded Strike","Catalyst","After Image","Bullet Time","Eviscerate","Backflip","All Out Attack","Deadly Poison"],"Pen Nib":[22],"Juzu Bracelet":1,"War Paint":["Burst","Bullet Time"],"obtain_stats":[{"Dream Catcher":9,"Tiny House":34,"Gremlin Horn":7,"Bronze Scales":37,"Pandora\u0027s Box":17,"Pen Nib":26,"Juzu Bracelet":27,"War Paint":29,"Paper Crane":43,"Ring of the Snake":0},{"Dream Catcher":5,"Tiny House":15,"Gremlin Horn":5,"Bronze Scales":16,"Pandora\u0027s Box":8,"Pen Nib":12,"Juzu Bracelet":13,"War Paint":13,"Paper Crane":19,"Ring of the Snake":0},{"Dream Catcher":24,"Tiny House":76,"Gremlin Horn":24,"Bronze Scales":80,"Pandora\u0027s Box":41,"Pen Nib":60,"Juzu Bracelet":64,"War Paint":64,"Paper Crane":90,"Ring of the Snake":0}],"Ring of the Snake":[44]},"card_choices":[{"not_picked":["Cloak And Dagger","Outmaneuver"],"picked":"Infinite Blades","floor":1.0},{"not_picked":["Deadly Poison","Tactician"],"picked":"Underhanded Strike","floor":2.0},{"not_picked":["Flechettes","Underhanded Strike"],"picked":"Night Terror","floor":3.0},{"not_picked":["Concentrate","Deflect"],"picked":"Finisher","floor":5.0},{"not_picked":["Leg Sweep","Flechettes","Underhanded Strike"],"picked":"SKIP","floor":7.0},{"not_picked":["Poisoned Stab","Cloak And Dagger","Deadly Poison"],"picked":"SKIP","floor":10.0},{"not_picked":["Cloak And Dagger","Prepared"],"picked":"Blade Dance","floor":11.0},{"not_picked":["Expertise","Flying Knee"],"picked":"Endless Agony","floor":13.0},{"not_picked":["Acrobatics","Poisoned Stab","Catalyst"],"picked":"SKIP","floor":14.0},{"not_picked":["Corpse Explosion","Envenom"],"picked":"Burst","floor":16.0},{"not_picked":["Deadly Poison","Expertise","Cloak And Dagger"],"picked":"SKIP","floor":18.0},{"not_picked":["Quick Slash","Grand Finale","Poisoned Stab"],"picked":"SKIP","floor":21.0},{"not_picked":["Heel Hook","Outmaneuver","Deadly Poison"],"picked":"SKIP","floor":22.0},{"not_picked":["All Out Attack","PiercingWail","Prepared"],"picked":"SKIP","floor":24.0},{"not_picked":["Concentrate","Dagger Throw"],"picked":"Adrenaline","floor":25.0},{"not_picked":["Bane","Expertise+1","Crippling Poison"],"picked":"SKIP","floor":27.0},{"not_picked":["Backstab+1","Sucker Punch"],"picked":"Leg Sweep+1","floor":31.0},{"not_picked":["Unload","Tools of the Trade"],"picked":"Envenom","floor":33.0},{"not_picked":["Acrobatics","Slice+1","Deadly Poison"],"picked":"SKIP","floor":35.0},{"not_picked":["Deadly Poison+1","Slice+1","Dagger Throw"],"picked":"SKIP","floor":38.0},{"not_picked":["Heel Hook","Poisoned Stab+1","Tactician"],"picked":"SKIP","floor":39.0},{"not_picked":["Deadly Poison","Dodge and Roll+1"],"picked":"Choke+1","floor":40.0},{"not_picked":["Dagger Spray","Tools of the Trade","Eviscerate+1"],"picked":"SKIP","floor":42.0},{"not_picked":["Endless Agony+1","Blur","Distraction"],"picked":"SKIP","floor":44.0},{"not_picked":["Backflip","Calculated Gamble+1","Flechettes"],"picked":"SKIP","floor":48.0}],"player_experience":931346,"relics_obtained":[{"floor":7.0,"key":"Gremlin Horn"},{"floor":9.0,"key":"Dream Catcher"},{"floor":26.0,"key":"Pen Nib"},{"floor":27.0,"key":"Juzu Bracelet"},{"floor":37.0,"key":"Bronze Scales"},{"floor":43.0,"key":"Paper Crane"}],"event_choices":[{"cards_removed":["Decay"],"damage_healed":0.0,"max_hp_gain":0.0,"max_hp_loss":0.0,"gold_gain":0.0,"event_name":"Living Wall","player_choice":"Forget","floor":8.0,"gold_loss":0.0,"damage_taken":0.0},{"cards_removed":["Strike_G"],"damage_healed":0.0,"max_hp_gain":0.0,"max_hp_loss":0.0,"gold_gain":0.0,"event_name":"The Cleric","player_choice":"Card Removal","floor":12.0,"gold_loss":50.0,"damage_taken":0.0},{"damage_healed":0.0,"max_hp_gain":0.0,"max_hp_loss":0.0,"gold_gain":0.0,"cards_transformed":["Deadly Poison","Catalyst"],"event_name":"Drug Dealer","player_choice":"Became Test Subject","floor":19.0,"gold_loss":0.0,"damage_taken":0.0,"cards_obtained":["Wraith Form v2","Concentrate"]},{"cards_removed":["Wraith Form v2"],"damage_healed":15.0,"max_hp_gain":10.0,"max_hp_loss":0.0,"gold_gain":0.0,"event_name":"Bonfire Elementals","player_choice":"Offered Rare","floor":20.0,"gold_loss":0.0,"damage_taken":0.0},{"damage_healed":31.0,"max_hp_gain":0.0,"max_hp_loss":0.0,"gold_gain":0.0,"event_name":"The Library","player_choice":"Heal","floor":28.0,"gold_loss":0.0,"damage_taken":0.0},{"damage_healed":0.0,"max_hp_gain":0.0,"max_hp_loss":0.0,"gold_gain":0.0,"event_name":"Lab","player_choice":"Got Potions","floor":30.0,"gold_loss":0.0,"damage_taken":0.0},{"cards_removed":["Underhanded Strike"],"damage_healed":0.0,"max_hp_gain":0.0,"max_hp_loss":0.0,"gold_gain":0.0,"event_name":"Purifier","player_choice":"Purged","floor":41.0,"gold_loss":0.0,"damage_taken":0.0},{"damage_healed":0.0,"max_hp_gain":0.0,"max_hp_loss":0.0,"gold_gain":0.0,"event_name":"Tomb of Lord Red Mask","player_choice":"Ignored","floor":45.0,"gold_loss":0.0,"damage_taken":0.0},{"damage_healed":0.0,"max_hp_gain":0.0,"max_hp_loss":0.0,"gold_gain":0.0,"event_name":"Mysterious Sphere","player_choice":"Ignored","floor":47.0,"gold_loss":0.0,"damage_taken":0.0}],"is_beta":false,"boss_relics":[{"not_picked":["HoveringKite","Sozu"],"picked":"Pandora\u0027s Box"},{"not_picked":["Coffee Dripper","SacredBark"],"picked":"Tiny House"}],"items_purged_floors":[29,36,46],"is_endless":false,"potions_floor_spawned":[2,3,5,10,18,22,27,42,48],"ascension_level":7}}