{"host":"lctcqud4f9t1q6q5","time":1607913996,"event":{"mods":["BaseMod","Better Vampires","Block Reminder","Colored Map","Colored Powertips","Downfall","Highlight Path","KinomotoSakuraMod(木之本樱)","Lobotomy","LobotomyExtend","Marisa（F雨　魔理沙）","Minty Spire (QoL Compilation)","Reimu（博丽灵梦）","Relic Stats","Replay The Spire","RumiaBox-露米娅的神秘盒子","Shop Mod","Spicy Shops","StSLib","TestMod","The Bug Knight","WarShipGirlsR/战舰少女R mod","【功能Mod】混沌之环修复补丁","篝火指南"],"gold_per_floor":[99,99,119,145,159,186,239,239,249,99,99,119,29,29,44,44,44],"floor_reached":16,"playtime":900,"items_purged":["hexamod:Haunted"],"score":135,"play_id":"4ac95cef-3a3f-4080-aa3b-e95555089f19","local_time":"20201214104636","is_ascension_mode":false,"campfire_choices":[{"floor":1.0,"key":"RECALL"},{"floor":10,"key":"REST"}],"circlet_count":0,"master_deck":["champ:Strike","champ:Strike+1","champ:Strike+1","champ:Strike","champ:Defend","champ:Defend","champ:Defend","champ:Defend","champ:Execute","champ:Taunt","champ:ShieldWall","champ:GladiatorsShout","champ:IronFortress","champ:StanceDance","champ:DefensiveShout","champ:SkillfulDodge+1","Regret","champ:Devastate"],"relics":["champ:ChampionCrown","testmod-TestBox","testmod-ArcanaOfDestiny","LetterFromLob","ReplayTheSpireMod:Lightbulb","Replay:Wax Seal","Strawberry","Blue Doll","downfall:HeartBlessingRed","downfall:HeartBlessingGreen"],"acts_visited":["Exordium"],"potions_floor_usage":[6,13],"damage_taken":[{"damage":16,"enemies":"Jaw Worm","floor":3,"turns":3},{"damage":65,"enemies":"HollowMod:MossKnight","floor":4,"turns":9},{"damage":7,"enemies":"Cultist","floor":5,"turns":4},{"damage":39,"enemies":"Gremlin Nob","floor":6,"turns":5},{"damage":9,"enemies":"Small Slimes","floor":9,"turns":3},{"damage":19,"enemies":"Blue Slaver","floor":12,"turns":4},{"damage":16,"enemies":"downfall:FleeingMerchant","floor":13,"turns":4},{"damage":9,"enemies":"3 Louse","floor":15,"turns":3},{"damage":39,"enemies":"downfall:Watcher","floor":16,"turns":12}],"seed_played":"-7784188785975771795","potions_obtained":[{"floor":3,"key":"Weak Potion"},{"floor":9,"key":"testmod-TestPotion"},{"floor":12,"key":"testmod-SpacePotion"}],"is_trial":false,"path_per_floor":["R","?","M","E","M","E","T","?","M","R","$","M","$","?","M","B"],"character_chosen":"THE_CHAMP","items_purchased":[],"campfire_rested":1,"item_purchase_floors":[],"current_hp_per_floor":[108,93,82,52,45,11,18,18,14,48,48,43,43,43,39,0,0],"gold":44,"neow_bonus":"TWENTY_PERCENT_HP_BONUS","is_daily":false,"chose_seed":false,"campfire_upgraded":0,"win_rate":0.0,"timestamp":1607913996,"path_taken":["R","?","M","E","?","E","T","?","M","R","$","M","$","?","M","BOSS"],"items_purchased_type":[],"build_version":"2020-12-13","purchased_purges":1,"victory":false,"max_hp_per_floor":[108,108,108,108,108,108,115,115,115,115,115,115,115,115,115,115,115],"relic_stats":{"counters":[9,47],"obtain_stats":[{"testmod-TestBox":0,"downfall:HeartBlessingRed":10,"Strawberry":7,"champ:ChampionCrown":0,"Blue Doll":8,"downfall:HeartBlessingGreen":10,"LetterFromLob":3,"Replay:Wax Seal":6,"ReplayTheSpireMod:Lightbulb":4,"testmod-ArcanaOfDestiny":0},{"testmod-TestBox":0,"downfall:HeartBlessingRed":5,"Strawberry":4,"champ:ChampionCrown":0,"Blue Doll":4,"downfall:HeartBlessingGreen":5,"LetterFromLob":1,"Replay:Wax Seal":4,"ReplayTheSpireMod:Lightbulb":2,"testmod-ArcanaOfDestiny":0},{"testmod-TestBox":0,"downfall:HeartBlessingRed":24,"Strawberry":21,"champ:ChampionCrown":0,"Blue Doll":21,"downfall:HeartBlessingGreen":24,"LetterFromLob":3,"Replay:Wax Seal":21,"ReplayTheSpireMod:Lightbulb":12,"testmod-ArcanaOfDestiny":0}]},"card_choices":[{"not_picked":["champ:CrookedStrike","champ:Haymaker"],"picked":"champ:ShieldWall","floor":3},{"not_picked":["champ:DefensiveShout","champ:Haymaker"],"picked":"champ:GladiatorsShout","floor":4},{"not_picked":["champ:SkillfulDodge","champ:Balance"],"picked":"champ:IronFortress","floor":5},{"not_picked":["champ:AdrenalArmor","champ:TornadoPunch"],"picked":"champ:StanceDance","floor":6},{"not_picked":["champ:AdrenalArmor","champ:PerfectedStrike","champ:FalseCounter"],"picked":"SKIP","floor":9},{"not_picked":["champ:Riposte","champ:BladeFlurry"],"picked":"champ:DefensiveShout","floor":12},{"not_picked":["champ:Haymaker","champ:BerserkersShout"],"picked":"champ:SkillfulDodge","floor":13},{"not_picked":["champ:BerserkerStyle","champ:EndlessRage"],"picked":"champ:Devastate","floor":15}],"player_experience":307476,"relics_obtained":[{"floor":3,"key":"LetterFromLob"},{"floor":4,"key":"ReplayTheSpireMod:Lightbulb"},{"floor":6,"key":"Replay:Wax Seal"},{"floor":7,"key":"Strawberry"}],"event_choices":[],"is_beta":false,"boss_relics":[],"items_purged_floors":[13],"is_endless":false,"potions_floor_spawned":[3,9,12],"killed_by":"downfall:Watcher","ascension_level":0}}