{"host":"o06nhtgrr7npvf7b","time":1607949293,"event":{"mods":["AchievementEnabler","BaseMod","Colored Map","Colored Powertips","Minty Spire (QoL Compilation)","StSLib","SuperFastMode"],"gold_per_floor":[117,117,117,117,130,163,181,208,254,267,267,283,283,339,339,435,435,448,448,459,100,116,116,127,127,127,127,141,167,186,101,101,101,101],"floor_reached":33,"playtime":1781,"items_purged":[],"score":282,"play_id":"186ad599-dca1-4e49-912d-397afde46fdd","local_time":"20201214073453","is_ascension_mode":false,"campfire_choices":[{"floor":13,"key":"REST"},{"floor":15,"key":"REST"},{"floor":23,"key":"REST"},{"floor":25,"key":"REST"},{"floor":27,"key":"REST"},{"floor":32,"key":"REST"}],"circlet_count":0,"master_deck":["Strike_P","Strike_P","Defend_P","Defend_P","Defend_P","Defend_P","Eruption","Vigilance","FlurryOfBlows","DevaForm","EmptyBody","FlurryOfBlows","ReachHeaven","BattleHymn","Wallop","Establishment","SpiritShield+1","ReachHeaven+1","EmptyMind+1","Vengeance","LikeWater","SandsOfTime","Apotheosis","Good Instincts","Crescendo","Devotion","FlurryOfBlows","Tantrum"],"relics":["PureWater","NeowsBlessing","Kunai","Centennial Puzzle","Gremlin Horn","Tiny Chest","Letter Opener","Astrolabe","Happy Flower","Strawberry","Juzu Bracelet"],"acts_visited":["TheCity"],"potions_floor_usage":[8,8,8,16,22,22,22,22,22,30,33],"damage_taken":[{"damage":0,"enemies":"2 Louse","floor":1,"turns":1},{"damage":0,"enemies":"Small Slimes","floor":5,"turns":1},{"damage":0,"enemies":"Gremlin Nob","floor":6,"turns":1},{"damage":6,"enemies":"Cultist","floor":7,"turns":3},{"damage":27,"enemies":"3 Sentries","floor":8,"turns":11},{"damage":12,"enemies":"3 Louse","floor":10,"turns":2},{"damage":0,"enemies":"Large Slime","floor":12,"turns":4},{"damage":14,"enemies":"Gremlin Nob","floor":14,"turns":3},{"damage":51,"enemies":"The Guardian","floor":16,"turns":8},{"damage":17,"enemies":"Spheric Guardian","floor":18,"turns":4},{"damage":20,"enemies":"Chosen","floor":20,"turns":4},{"damage":5,"enemies":"Snake Plant","floor":22,"turns":3},{"damage":31,"enemies":"Centurion and Healer","floor":24,"turns":4},{"damage":19,"enemies":"Sentry and Sphere","floor":28,"turns":3},{"damage":21,"enemies":"Snake Plant","floor":30,"turns":3},{"damage":82,"enemies":"Champ","floor":33,"turns":5}],"seed_played":"4728629978062305281","potions_obtained":[{"floor":1,"key":"Block Potion"},{"floor":6,"key":"StancePotion"},{"floor":7,"key":"SpeedPotion"},{"floor":12,"key":"Explosive Potion"},{"floor":18,"key":"SneckoOil"},{"floor":19,"key":"EntropicBrew"},{"floor":19,"key":"Explosive Potion"},{"floor":22,"key":"StancePotion"}],"is_trial":false,"path_per_floor":["M","?","?","?","M","E","M","E","T","M","?","M","R","?","R","B",null,"M","?","M","$","M","R","M","R","T","R","M","T","M","?","R","B"],"character_chosen":"WATCHER","items_purchased":["SandsOfTime","Apotheosis","Good Instincts"],"campfire_rested":6,"item_purchase_floors":[21,21,21],"current_hp_per_floor":[72,69,69,69,69,69,63,36,36,24,24,24,45,31,52,1,72,55,55,35,35,30,51,20,41,41,62,43,50,29,29,52,0,0],"gold":101,"neow_bonus":"THREE_ENEMY_KILL","is_daily":false,"chose_seed":false,"campfire_upgraded":0,"win_rate":0.0,"timestamp":1607949293,"path_taken":["M","?","?","?","M","E","?","E","T","M","?","M","R","?","R","BOSS","M","?","M","$","M","R","M","R","T","R","M","?","M","?","R","BOSS"],"items_purchased_type":["Card","Card","Card"],"build_version":"2020-12-13","purchased_purges":0,"victory":false,"max_hp_per_floor":[72,72,72,72,72,72,72,72,72,72,72,72,72,72,72,72,72,72,72,72,72,72,72,72,72,72,72,72,79,79,79,79,79,79],"card_choices":[{"not_picked":["Protect","Crescendo"],"picked":"Prostrate","floor":1},{"not_picked":["FlyingSleeves","Study"],"picked":"FlurryOfBlows","floor":5},{"not_picked":["FollowUp","Blasphemy"],"picked":"DevaForm","floor":6},{"not_picked":["FollowUp","EmptyFist"],"picked":"EmptyBody","floor":7},{"not_picked":["WreathOfFlame","FollowUp"],"picked":"FlurryOfBlows","floor":8},{"not_picked":["Scrawl","EmptyFist"],"picked":"ReachHeaven","floor":10},{"not_picked":["Evaluate","PathToVictory"],"picked":"BattleHymn","floor":12},{"not_picked":["Swivel","Crescendo"],"picked":"Wallop","floor":14},{"not_picked":["MasterReality","Omniscience"],"picked":"Establishment","floor":16},{"not_picked":["EmptyFist","ForeignInfluence"],"picked":"Vengeance","floor":18},{"not_picked":["Wallop","ClearTheMind"],"picked":"LikeWater","floor":20},{"not_picked":["ThirdEye","JustLucky"],"picked":"Crescendo","floor":22},{"not_picked":["InnerPeace","MentalFortress"],"picked":"Devotion","floor":24},{"not_picked":["Weave","Adaptation+1"],"picked":"FlurryOfBlows","floor":28},{"not_picked":["Evaluate+1","Vengeance"],"picked":"Tantrum","floor":30}],"player_experience":127449,"relics_obtained":[{"floor":6,"key":"Centennial Puzzle"},{"floor":8,"key":"Gremlin Horn"},{"floor":9,"key":"Tiny Chest"},{"floor":14,"key":"Letter Opener"},{"floor":26,"key":"Happy Flower"},{"floor":29,"key":"Strawberry"}],"event_choices":[{"damage_healed":0,"gold_gain":0,"player_choice":"Success","damage_taken":3,"relics_obtained":["Kunai"],"max_hp_gain":0,"max_hp_loss":0,"event_name":"Scrap Ooze","floor":2,"gold_loss":0},{"damage_healed":0,"gold_gain":0,"player_choice":"Ignored","damage_taken":0,"max_hp_gain":0,"max_hp_loss":0,"event_name":"Golden Wing","floor":3,"gold_loss":0},{"damage_healed":0,"gold_gain":0,"player_choice":"Forge","damage_taken":0,"max_hp_gain":0,"max_hp_loss":0,"event_name":"Accursed Blacksmith","floor":4,"gold_loss":0,"cards_upgraded":["Prostrate"]},{"damage_healed":0,"gold_gain":0,"player_choice":"Ignored","damage_taken":0,"max_hp_gain":0,"max_hp_loss":0,"event_name":"Liars Game","floor":11,"gold_loss":0},{"damage_healed":0,"gold_gain":0,"player_choice":"Searched \u00271\u0027 times","damage_taken":0,"max_hp_gain":0,"max_hp_loss":0,"event_name":"Dead Adventurer","floor":14,"gold_loss":0},{"damage_healed":0,"gold_gain":0,"player_choice":"Got Potions","damage_taken":0,"max_hp_gain":0,"max_hp_loss":0,"event_name":"Lab","floor":19,"gold_loss":0},{"damage_healed":0,"gold_gain":0,"player_choice":"Obtained Relic","damage_taken":0,"relics_obtained":["Juzu Bracelet"],"max_hp_gain":0,"max_hp_loss":0,"event_name":"Addict","floor":31,"gold_loss":85}],"is_beta":false,"boss_relics":[{"not_picked":["Philosopher\u0027s Stone","Empty Cage"],"picked":"Astrolabe"}],"items_purged_floors":[],"is_endless":false,"potions_floor_spawned":[1,6,7,12,18,22],"killed_by":"Champ","ascension_level":0}}