{"host":"dvpvhz1t6etneyb3","time":1607977926,"event":{"mods":["AchievementEnabler","BaseMod","Colored Map","Highlight Path","Minty Spire (QoL Compilation)","Permanent Neow","Quick Restart"],"gold_per_floor":[115,135,135,197,5,38,38,88,138,188,188,226,245,268,268,361,361,374,14,114,178,228,267,267,303,303,11,49,70,12,33,33,122,122,136,156,206,22,72,108,108,123,123,123,193,237,287,326,326,326,326,326],"floor_reached":51,"playtime":2771,"items_purged":["Strike_G","Strike_G"],"score":1552,"play_id":"1078e0d2-d9ca-4702-8179-ebd6915be038","local_time":"20201214153206","is_ascension_mode":true,"campfire_choices":[{"data":"Footwork","floor":7.0,"key":"SMITH"},{"floor":11.0,"key":"REST"},{"data":"Caltrops","floor":15.0,"key":"SMITH"},{"floor":24.0,"key":"REST"},{"floor":32.0,"key":"REST"},{"floor":41,"key":"REST"},{"floor":44,"key":"REST"},{"floor":49,"key":"REST"}],"circlet_count":0,"master_deck":["AscendersBane","Strike_G+1","Strike_G","Strike_G","Defend_G","Defend_G","Defend_G","Defend_G","Defend_G","Survivor","Neutralize","Poisoned Stab","Dagger Spray","Leg Sweep","Well Laid Plans","Glass Knife","Footwork+1","Deadly Poison","Flechettes+1","Caltrops+1","Bullet Time","Backflip+1","Cloak And Dagger","Catalyst","Footwork+1","Backstab+1","Deadly Poison","PiercingWail","Footwork+1","After Image+1","Poisoned Stab+1","Bandage Up","Well Laid Plans+1","Predator+1","A Thousand Cuts+1","Calculated Gamble+1","Venomology+1","Leg Sweep+1"],"relics":["Ring of the Snake","Bag of Preparation","SsserpentHead","Potion Belt","Golden Idol","Anchor","PreservedInsect","Philosopher\u0027s Stone","Shuriken","Vajra","Bronze Scales","Frozen Egg 2","Lantern","StrikeDummy","Fusion Hammer","Akabeko","Whetstone","Toxic Egg 2","HornCleat","Blood Vial"],"acts_visited":["Exordium","TheCity","TheBeyond"],"potions_floor_usage":[33,42,48,50,50,51,51,51],"damage_taken":[{"damage":1.0,"enemies":"Small Slimes","floor":1.0,"turns":4.0},{"damage":0.0,"enemies":"Cultist","floor":2.0,"turns":4.0},{"damage":4.0,"enemies":"2 Louse","floor":4.0,"turns":3.0},{"damage":30.0,"enemies":"3 Sentries","floor":6.0,"turns":9.0},{"damage":21.0,"enemies":"Gremlin Nob","floor":12.0,"turns":4.0},{"damage":4.0,"enemies":"Looter","floor":13.0,"turns":3.0},{"damage":0.0,"enemies":"Red Slaver","floor":14.0,"turns":2.0},{"damage":14.0,"enemies":"Hexaghost","floor":16.0,"turns":9.0},{"damage":10.0,"enemies":"3 Byrds","floor":18.0,"turns":6.0},{"damage":4.0,"enemies":"Spheric Guardian","floor":21.0,"turns":5.0},{"damage":15.0,"enemies":"Slavers","floor":23.0,"turns":7.0},{"damage":17.0,"enemies":"Book of Stabbing","floor":25.0,"turns":5.0},{"damage":4.0,"enemies":"Gremlin Leader","floor":28.0,"turns":4.0},{"damage":2.0,"enemies":"Snake Plant","floor":29.0,"turns":4.0},{"damage":0.0,"enemies":"3 Cultists","floor":31.0,"turns":5.0},{"damage":24,"enemies":"Champ","floor":33,"turns":13},{"damage":7,"enemies":"3 Shapes","floor":35,"turns":7},{"damage":0,"enemies":"Orb Walker","floor":36,"turns":4},{"damage":19,"enemies":"Nemesis","floor":40,"turns":7},{"damage":0,"enemies":"Jaw Worm Horde","floor":42,"turns":4},{"damage":15,"enemies":"Spire Growth","floor":45,"turns":5},{"damage":3,"enemies":"Reptomancer","floor":46,"turns":5},{"damage":6,"enemies":"Giant Head","floor":48,"turns":6},{"damage":35,"enemies":"Donu and Deca","floor":50,"turns":12},{"damage":40,"enemies":"Time Eater","floor":51,"turns":7}],"seed_played":"-98175359525789213","potions_obtained":[{"floor":4.0,"key":"DistilledChaos"},{"floor":6.0,"key":"CunningPotion"},{"floor":13.0,"key":"SkillPotion"},{"floor":16.0,"key":"SpeedPotion"},{"floor":18.0,"key":"Block Potion"},{"floor":21.0,"key":"Weak Potion"},{"floor":28.0,"key":"AttackPotion"},{"floor":29.0,"key":"Explosive Potion"},{"floor":40,"key":"GhostInAJar"},{"floor":42,"key":"Ancient Potion"}],"is_trial":false,"path_per_floor":["M","M","?","M","$","E","R","?","T","?","R","E","M","M","R","B",null,"M","$","?","M","?","E","R","E","T","$","E","M","$","M","R","B",null,"M","M","?","$","?","E","R","M","T","R","M","E","T","E","R","B","B"],"character_chosen":"THE_SILENT","items_purchased":["Well Laid Plans","Glass Knife","Shuriken","Lantern","Footwork+1","PiercingWail","Bandage Up","Well Laid Plans+1"],"campfire_rested":6,"item_purchase_floors":[5,5,19,27,27,30,38,38],"current_hp_per_floor":[58,58,58,54,54,24,24,24,24,24,42,21,17,17,17,3,46,36,36,36,32,32,17,35,18,18,18,14,12,12,12,30,6,47,40,40,40,40,40,25,42,46,46,57,42,43,43,41,57,22,0,0],"gold":326,"neow_bonus":"RANDOM_COMMON_RELIC","is_daily":false,"chose_seed":false,"campfire_upgraded":2,"win_rate":0.0,"timestamp":1607977926,"path_taken":["M","M","?","?","$","E","R","?","T","?","R","E","M","M","R","BOSS","M","$","?","?","?","E","R","E","T","?","E","M","$","M","R","BOSS","M","M","?","$","?","E","R","M","T","R","?","E","?","E","R","BOSS","BOSS"],"items_purchased_type":["Card","Card","Relic","Relic","Card","Card","Card","Card"],"build_version":"2020-12-13","purchased_purges":2,"victory":false,"max_hp_per_floor":[66,66,66,66,66,66,66,60,60,60,60,60,60,60,60,60,60,60,60,60,60,60,60,60,60,60,60,60,60,60,60,60,60,60,60,60,57,57,57,57,57,57,57,57,57,57,57,57,57,57,57,57],"card_choices":[{"not_picked":["PiercingWail","Prepared"],"picked":"Poisoned Stab","floor":1.0},{"not_picked":["Acrobatics","Blade Dance"],"picked":"Dagger Spray","floor":2.0},{"not_picked":["Acrobatics","Dodge and Roll"],"picked":"Leg Sweep","floor":4.0},{"not_picked":["Grand Finale","Flying Knee"],"picked":"Footwork","floor":6.0},{"not_picked":["Riddle With Holes","Flying Knee"],"picked":"Deadly Poison","floor":12.0},{"not_picked":["Accuracy","Outmaneuver"],"picked":"Flechettes","floor":13.0},{"not_picked":["Calculated Gamble","Flying Knee"],"picked":"Caltrops","floor":14.0},{"not_picked":["Phantasmal Killer","Glass Knife"],"picked":"Bullet Time","floor":16.0},{"not_picked":["Deadly Poison","Dodge and Roll"],"picked":"Backflip+1","floor":18.0},{"not_picked":["Tactician","Quick Slash","Prepared"],"picked":"SKIP","floor":21.0},{"not_picked":["Setup","Tactician"],"picked":"Cloak And Dagger","floor":23.0},{"not_picked":["Phantasmal Killer","Poisoned Stab"],"picked":"Catalyst","floor":25.0},{"not_picked":["Riddle With Holes","Acrobatics"],"picked":"Backstab+1","floor":28.0},{"not_picked":["Underhanded Strike","Dagger Throw"],"picked":"Deadly Poison","floor":29.0},{"not_picked":["Outmaneuver","Quick Slash"],"picked":"Footwork+1","floor":31.0},{"not_picked":["A Thousand Cuts+1","Die Die Die"],"picked":"After Image+1","floor":33},{"not_picked":["Quick Slash","Eviscerate+1"],"picked":"Poisoned Stab+1","floor":35},{"not_picked":["Prepared","Masterful Stab","Outmaneuver"],"picked":"SKIP","floor":36},{"not_picked":["PiercingWail","Backflip"],"picked":"Predator+1","floor":40},{"not_picked":["Distraction","Cloak And Dagger"],"picked":"A Thousand Cuts+1","floor":42},{"not_picked":["Poisoned Stab","Flying Knee+1"],"picked":"Calculated Gamble+1","floor":45},{"not_picked":["All Out Attack","Expertise+1"],"picked":"Venomology+1","floor":46},{"not_picked":["Choke","Catalyst+1"],"picked":"Leg Sweep+1","floor":48}],"player_experience":1841134,"relics_obtained":[{"floor":6.0,"key":"Potion Belt"},{"floor":9.0,"key":"Anchor"},{"floor":12.0,"key":"PreservedInsect"},{"floor":23.0,"key":"Vajra"},{"floor":25.0,"key":"Bronze Scales"},{"floor":26.0,"key":"Frozen Egg 2"},{"floor":28.0,"key":"StrikeDummy"},{"floor":40,"key":"Akabeko"},{"floor":43,"key":"Whetstone"},{"floor":46,"key":"Toxic Egg 2"},{"floor":47,"key":"HornCleat"},{"floor":48,"key":"Blood Vial"}],"event_choices":[{"damage_healed":0.0,"max_hp_gain":0.0,"max_hp_loss":0.0,"gold_gain":0.0,"event_name":"FaceTrader","player_choice":"Trade","floor":3.0,"gold_loss":0.0,"damage_taken":0.0,"relics_obtained":["SsserpentHead"]},{"damage_healed":0.0,"max_hp_gain":0.0,"max_hp_loss":6.0,"gold_gain":0.0,"event_name":"Golden Idol","player_choice":"Lose Max HP","floor":8.0,"gold_loss":0.0,"damage_taken":0.0,"relics_obtained":["Golden Idol"]},{"damage_healed":0.0,"max_hp_gain":0.0,"max_hp_loss":0.0,"gold_gain":0.0,"event_name":"Liars Game","player_choice":"Ignored","floor":10.0,"gold_loss":0.0,"damage_taken":0.0},{"damage_healed":0.0,"max_hp_gain":0.0,"max_hp_loss":0.0,"gold_gain":100.0,"event_name":"The Joust","player_choice":"Bet on Murderer","floor":20.0,"gold_loss":50.0,"damage_taken":0.0},{"damage_healed":0.0,"max_hp_gain":0.0,"max_hp_loss":0.0,"gold_gain":0.0,"event_name":"The Mausoleum","player_choice":"Ignored","floor":22.0,"gold_loss":0.0,"damage_taken":0.0},{"damage_healed":0,"gold_gain":0,"player_choice":"Max HP","damage_taken":0,"max_hp_gain":0,"max_hp_loss":3,"event_name":"Winding Halls","floor":37,"gold_loss":0},{"damage_healed":0,"gold_gain":0,"player_choice":"Ignored","damage_taken":0,"max_hp_gain":0,"max_hp_loss":0,"event_name":"SecretPortal","floor":39,"gold_loss":0}],"is_beta":false,"boss_relics":[{"not_picked":["WristBlade","Velvet Choker"],"picked":"Philosopher\u0027s Stone"},{"not_picked":["Tiny House","SacredBark"],"picked":"Fusion Hammer"}],"items_purged_floors":[19,27],"is_endless":false,"potions_floor_spawned":[4,6,13,16,18,21,28,29,40,42],"killed_by":"Time Eater","ascension_level":20}}