{"host":"y89x8uui45kcjy42","time":1607920151,"event":{"mods":["2.2 Compatiblity","BaseMod","Colored Map","Colored Powertips","Friendly Minions","Highlight Path","Keyboard Shortcuts","Minty Spire (QoL Compilation)","StSLib","SuperFastMode","Waifu the Spire","WarShipGirlsR/??á´Ò³R mod"],"gold_per_floor":[112,112,112,112,37,37,78,78,78,107,107,128,128,128,128,265,265,298,213,235,235,280,280,295,295,295,295,320,320,334,16,16,148,148,175,238,238,251,251,289,289,289,289],"floor_reached":42,"playtime":1639,"items_purged":["rmod:strick","Bite"],"score":571,"play_id":"1c8b4204-cd21-4f71-a5f5-c747660fa39c","local_time":"20201214132911","is_ascension_mode":true,"campfire_choices":[{"data":"rmod:steelsupply","floor":6,"key":"SMITH"},{"data":"rmod:basicallowance","floor":8,"key":"SMITH"},{"data":"rmod:diaomin","floor":11,"key":"SMITH"},{"data":"rmod:heivgo","floor":13,"key":"SMITH"},{"data":"rmod:mineteam","floor":15,"key":"SMITH"},{"data":"rmod:lonelyqueen","floor":23,"key":"SMITH"},{"data":"rmod:highspeedmaneuver","floor":25,"key":"SMITH"},{"floor":27,"key":"RECALL"},{"data":"rmod:aviationdawn","floor":29,"key":"SMITH"},{"data":"rmod:maingunfire","floor":32,"key":"SMITH"},{"data":"rmod:highspeedmaneuver","floor":41,"key":"SMITH"}],"circlet_count":0,"master_deck":["rmod:defend","rmod:defend","rmod:defend","rmod:defend","rmod:basicallowance+1","rmod:abidefaith+1","rmod:steelsupply+1","rmod:diaomin+1","rmod:mineteam+1","rmod:heivgo+1","rmod:highspeedmaneuver+1","rmod:aviationdawn+1","rmod:lonelyqueen+1","Bite","Bite","Bite","Bite","rmod:highspeedmaneuver+1","rmod:ridicule","rmod:smokecover+1"],"relics":["CeramicFish","FossilizedHelix","Golden Idol","Coffee Dripper","StrikeDummy","Enchiridion","Ornamental Fan","Oddly Smooth Stone","rmod:mogul","Lizard Tail","Orichalcum"],"acts_visited":["Exordium","TheCity","TheBeyond"],"potions_floor_usage":[18,42,42,42,42,42],"damage_taken":[{"damage":15,"enemies":"Small Slimes","floor":1,"turns":6},{"damage":8,"enemies":"Lagavulin","floor":7,"turns":8},{"damage":0,"enemies":"Jaw Worm","floor":10,"turns":4},{"damage":0,"enemies":"2 Louse","floor":12,"turns":3},{"damage":0,"enemies":"The Guardian","floor":16,"turns":10},{"damage":10,"enemies":"3 Byrds","floor":18,"turns":7},{"damage":20,"enemies":"2 Thieves","floor":20,"turns":4},{"damage":0,"enemies":"3 Cultists","floor":24,"turns":6},{"damage":0,"enemies":"Snake Plant","floor":28,"turns":5},{"damage":0,"enemies":"Centurion and Healer","floor":30,"turns":6},{"damage":0,"enemies":"Collector","floor":33,"turns":9},{"damage":5,"enemies":"3 Darklings","floor":35,"turns":6},{"damage":0,"enemies":"Mind Bloom Boss Battle","floor":36,"turns":8},{"damage":0,"enemies":"Orb Walker","floor":38,"turns":3},{"damage":9,"enemies":"Giant Head","floor":40,"turns":9},{"damage":89,"enemies":"Reptomancer","floor":42,"turns":2}],"seed_played":"4803001449229695064","potions_obtained":[{"floor":10,"key":"Explosive Potion"},{"floor":16,"key":"FearPotion"},{"floor":24,"key":"Weak Potion"},{"floor":33,"key":"LiquidBronze"},{"floor":40,"key":"EntropicBrew"}],"is_trial":false,"path_per_floor":["M","?","?","?","$","R","E","R","T","M","R","M","R","?","R","B",null,"M","?","M","?","?","R","M","R","T","R","M","R","M","$","R","B",null,"M","?","?","M","?","E","R","E"],"character_chosen":"PRAEFECT","items_purchased":["rmod:highspeedmaneuver","Oddly Smooth Stone"],"campfire_rested":0,"item_purchase_floors":[31,31],"current_hp_per_floor":[39,39,39,64,64,64,56,56,56,56,56,56,56,56,56,56,69,59,59,39,23,23,23,41,41,41,41,48,48,48,48,48,48,48,48,48,48,48,48,48,48,0,0],"gold":289,"neow_bonus":"THREE_RARE_CARDS","is_daily":false,"chose_seed":false,"campfire_upgraded":10,"win_rate":0.0,"timestamp":1607920151,"path_taken":["M","?","?","?","$","R","E","R","T","M","R","M","R","?","R","BOSS","M","?","M","?","?","R","M","R","T","R","M","R","M","$","R","BOSS","M","?","?","M","?","E","R","E"],"items_purchased_type":["Card","Relic"],"build_version":"2020-12-13","purchased_purges":2,"victory":false,"max_hp_per_floor":[75,75,75,75,75,75,75,75,75,75,75,75,75,69,69,69,69,69,69,69,69,48,48,48,48,48,48,48,48,48,48,48,48,48,48,48,48,48,48,48,48,48,48],"card_choices":[{"not_picked":["rmod:supriseattacks","rmod:secretscript"],"picked":"rmod:abidefaith","floor":0},{"not_picked":["rmod:victimresponsibility","rmod:diamondstrike"],"picked":"rmod:steelsupply","floor":1},{"not_picked":["rmod:royalracing","rmod:combined"],"picked":"rmod:diaomin","floor":7},{"not_picked":["rmod:luckystar","rmod:aluminumsupply"],"picked":"rmod:mineteam","floor":10},{"not_picked":["rmod:supportescort","rmod:unsinkable"],"picked":"rmod:heivgo","floor":12},{"not_picked":["rmod:lastglory","rmod:windflower"],"picked":"rmod:highspeedmaneuver","floor":16},{"not_picked":["rmod:combined","rmod:circuitoustactics"],"picked":"rmod:aviationdawn","floor":18},{"not_picked":["rmod:firesupport","rmod:overbreakdown"],"picked":"rmod:lonelyqueen","floor":20},{"not_picked":["rmod:goodsister","rmod:bulid","rmod:lonelyqueen"],"picked":"SKIP","floor":24},{"not_picked":["rmod:victimresponsibility","rmod:slowdown","rmod:selfconfidence"],"picked":"SKIP","floor":28},{"not_picked":["rmod:openingtorpedo+1","rmod:unsinkable+1","rmod:firesupport"],"picked":"SKIP","floor":30},{"not_picked":["rmod:seals","rmod:expeditionaryescort"],"picked":"rmod:ridicule","floor":33},{"not_picked":["rmod:guardianhero","rmod:gendarmerie"],"picked":"rmod:smokecover+1","floor":35},{"not_picked":["rmod:supportescort","rmod:firesupport","rmod:aluminumsupply"],"picked":"SKIP","floor":38},{"not_picked":["rmod:steelsupply","rmod:diamondstrike+1","rmod:punchline"],"picked":"SKIP","floor":40}],"player_experience":494197,"relics_obtained":[{"floor":7,"key":"CeramicFish"},{"floor":9,"key":"FossilizedHelix"},{"floor":21,"key":"Enchiridion"},{"floor":26,"key":"Ornamental Fan"},{"floor":36,"key":"Lizard Tail"},{"floor":40,"key":"Orichalcum"}],"event_choices":[{"damage_healed":0,"gold_gain":0,"player_choice":"Grow","damage_taken":0,"max_hp_gain":0,"max_hp_loss":0,"event_name":"Living Wall","floor":3,"gold_loss":0,"cards_upgraded":["rmod:abidefaith"]},{"damage_healed":25,"gold_gain":0,"player_choice":"Banana","damage_taken":0,"max_hp_gain":0,"max_hp_loss":0,"event_name":"Big Fish","floor":4,"gold_loss":0},{"damage_healed":0,"gold_gain":0,"player_choice":"Lose Max HP","damage_taken":0,"relics_obtained":["Golden Idol"],"max_hp_gain":0,"max_hp_loss":6,"event_name":"Golden Idol","floor":14,"gold_loss":0},{"damage_healed":0,"gold_gain":0,"player_choice":"Obtained Relic","damage_taken":0,"relics_obtained":["StrikeDummy"],"max_hp_gain":0,"max_hp_loss":0,"event_name":"Addict","floor":19,"gold_loss":85},{"damage_healed":0,"gold_gain":0,"player_choice":"Obtained Book","damage_taken":16,"max_hp_gain":0,"max_hp_loss":0,"event_name":"Cursed Tome","floor":21,"gold_loss":0},{"damage_healed":0,"gold_gain":0,"player_choice":"Became a vampire","damage_taken":0,"max_hp_gain":0,"max_hp_loss":21,"event_name":"Vampires","floor":22,"gold_loss":0,"cards_obtained":["Bite","Bite","Bite","Bite","Bite"]},{"damage_healed":0,"gold_gain":0,"player_choice":"Fight","damage_taken":0,"max_hp_gain":0,"max_hp_loss":0,"event_name":"MindBloom","floor":36,"gold_loss":0},{"cards_removed":["rmod:maingunfire"],"damage_healed":0,"gold_gain":0,"player_choice":"Removed Attack","damage_taken":0,"max_hp_gain":0,"max_hp_loss":0,"event_name":"Falling","floor":37,"gold_loss":0},{"damage_healed":0,"gold_gain":0,"player_choice":"Memory 1","damage_taken":0,"max_hp_gain":0,"max_hp_loss":0,"event_name":"SensoryStone","floor":39,"gold_loss":0}],"is_beta":false,"boss_relics":[{"not_picked":["Philosopher\u0027s Stone","Cursed Key"],"picked":"Coffee Dripper"},{"not_picked":["SacredBark","Astrolabe"],"picked":"rmod:mogul"}],"items_purged_floors":[5,31],"is_endless":false,"potions_floor_spawned":[10,16,24,33,35,40],"killed_by":"Reptomancer","ascension_level":1}}