{"host":"2n2g1vowfllvjtvi","time":1607934852,"event":{"mods":["AchievementEnabler","BaseMod","Custom Start","GifTheSpireLib","Keyboard Shortcuts","Minty Spire (QoL Compilation)","Quick Restart","Rare Cards Sparkle","StSLib","SuperFastMode"],"gold_per_floor":[109,34,34,109,129,129,164,64,64,14,41,41,41,76,76,180,180,199,74,74,85,100,132,143,143,169,203,223,323,323,341,341,446,446,446,446],"floor_reached":35,"playtime":922,"items_purged":["Strike_P","Strike_P","Strike_P"],"score":692,"play_id":"032da77f-dc8f-459a-89ae-200b73420a80","local_time":"20201214173412","is_ascension_mode":true,"campfire_choices":[{"data":"Eruption","floor":6.0,"key":"SMITH"},{"data":"DeusExMachina","floor":12.0,"key":"SMITH"},{"data":"BowlingBash","floor":15.0,"key":"SMITH"},{"floor":25.0,"key":"REST"},{"floor":32.0,"key":"REST"}],"circlet_count":0,"master_deck":["AscendersBane","Defend_P+1","Defend_P+1","Defend_P+1","Eruption+1","Vigilance+1","EmptyFist+1","FollowUp+1","DeusExMachina+1","LessonLearned+1","CrushJoints+1","EmptyBody+1","Adaptation+1","FearNoEvil+1","WheelKick","Fasting2+1","Indignation","MentalFortress+1"],"relics":["PureWater","NeowsBlessing","Toy Ornithopter","Frozen Egg 2","Pantograph","Akabeko","Runic Pyramid","Oddly Smooth Stone","Pen Nib","Prayer Wheel","WingedGreaves","Bottled Tornado","Empty Cage"],"acts_visited":["Exordium","TheCity","TheBeyond"],"potions_floor_usage":[33],"damage_taken":[{"damage":0.0,"enemies":"2 Louse","floor":1.0,"turns":1.0},{"damage":0.0,"enemies":"Cultist","floor":5.0,"turns":1.0},{"damage":0.0,"enemies":"3 Sentries","floor":7.0,"turns":1.0},{"damage":6.0,"enemies":"Gremlin Nob","floor":11.0,"turns":3.0},{"damage":0.0,"enemies":"Lagavulin","floor":14.0,"turns":2.0},{"damage":18.0,"enemies":"Slime Boss","floor":16.0,"turns":7.0},{"damage":0.0,"enemies":"Chosen","floor":18.0,"turns":3.0},{"damage":8.0,"enemies":"Shell Parasite","floor":21.0,"turns":3.0},{"damage":8.0,"enemies":"Sentry and Sphere","floor":22.0,"turns":4.0},{"damage":18.0,"enemies":"Gremlin Leader","floor":23.0,"turns":5.0},{"damage":0.0,"enemies":"Shelled Parasite and Fungi","floor":24.0,"turns":3.0},{"damage":15.0,"enemies":"Book of Stabbing","floor":27.0,"turns":3.0},{"damage":8.0,"enemies":"Centurion and Healer","floor":28.0,"turns":4.0},{"damage":0.0,"enemies":"Colosseum Slavers","floor":29.0,"turns":2.0},{"damage":10.0,"enemies":"Colosseum Nobs","floor":29.0,"turns":3.0},{"damage":0.0,"enemies":"Cultist and Chosen","floor":31.0,"turns":2.0},{"damage":30,"enemies":"Automaton","floor":33,"turns":8},{"damage":4,"enemies":"3 Darklings","floor":35,"turns":2}],"seed_played":"-8206270512760223256","potions_obtained":[{"floor":1.0,"key":"ColorlessPotion"},{"floor":11.0,"key":"AttackPotion"},{"floor":16.0,"key":"BlessingOfTheForge"},{"floor":21.0,"key":"SpeedPotion"},{"floor":22.0,"key":"Explosive Potion"},{"floor":27.0,"key":"Strength Potion"},{"floor":28.0,"key":"Fire Potion"},{"floor":33,"key":"BlessingOfTheForge"}],"is_trial":false,"path_per_floor":["M","$","?","?","M","R","E","$","T","?","E","R","?","E","R","B",null,"M","$","?","M","M","E","M","R","T","E","M","?","?","M","R","B",null,"M"],"character_chosen":"WATCHER","items_purchased":[],"campfire_rested":2,"item_purchase_floors":[],"current_hp_per_floor":[65,65,51,40,40,40,40,40,40,40,34,34,39,49,49,56,72,72,72,77,69,61,43,43,66,66,51,43,38,38,38,61,47,70,66,66],"gold":446,"neow_bonus":"THREE_ENEMY_KILL","is_daily":false,"chose_seed":false,"campfire_upgraded":3,"win_rate":0.0,"timestamp":1607934852,"path_taken":["M","$","?","?","M","R","E","$","T","?","E","R","?","E","R","BOSS","M","$","?","M","M","E","M","R","T","E","?","?","?","?","R","BOSS","M"],"items_purchased_type":[],"build_version":"2020-12-13","purchased_purges":3,"victory":false,"max_hp_per_floor":[72,72,72,72,72,72,72,72,72,72,72,72,77,77,77,77,77,77,77,77,77,77,77,77,77,77,77,77,77,77,77,77,77,77,77,77],"card_choices":[{"not_picked":["Wallop","Sanctity"],"picked":"EmptyFist","floor":1.0},{"not_picked":["ThirdEye","Consecrate"],"picked":"BowlingBash","floor":5.0},{"not_picked":["Weave","EmptyFist"],"picked":"FollowUp","floor":7.0},{"not_picked":["Collect","BowlingBash"],"picked":"DeusExMachina","floor":11.0},{"not_picked":["Halt","ClearTheMind"],"picked":"Conclude","floor":14.0},{"not_picked":["DevaForm+1","Omniscience"],"picked":"LessonLearned","floor":16.0},{"not_picked":["ThirdEye","BowlingBash"],"picked":"CrushJoints","floor":18.0},{"not_picked":["Nirvana+1","CutThroughFate"],"picked":"EmptyBody+1","floor":21.0},{"not_picked":["WaveOfTheHand","FollowUp"],"picked":"Adaptation+1","floor":22.0},{"not_picked":["FlyingSleeves","Fasting2+1"],"picked":"FearNoEvil","floor":23.0},{"not_picked":["Worship","FlurryOfBlows","ClearTheMind+1"],"picked":"SKIP","floor":24.0},{"not_picked":["DeusExMachina","Protect","CrushJoints"],"picked":"SKIP","floor":27.0},{"not_picked":["DeusExMachina","Protect","CrushJoints"],"picked":"SKIP","floor":27.0},{"not_picked":["Swivel+1","FearNoEvil+1"],"picked":"WheelKick","floor":28.0},{"not_picked":["ClearTheMind","Study+1","Protect"],"picked":"SKIP","floor":28.0},{"not_picked":["CrushJoints+1","WheelKick"],"picked":"Fasting2+1","floor":29.0},{"not_picked":["BattleHymn+1","ClearTheMind"],"picked":"MentalFortress+1","floor":31.0},{"not_picked":["Perseverance","Evaluate","CutThroughFate"],"picked":"SKIP","floor":31.0}],"player_experience":450959,"relics_obtained":[{"floor":7.0,"key":"Toy Ornithopter"},{"floor":9.0,"key":"Frozen Egg 2"},{"floor":11.0,"key":"Pantograph"},{"floor":14.0,"key":"Akabeko"},{"floor":23.0,"key":"Oddly Smooth Stone"},{"floor":26.0,"key":"Pen Nib"},{"floor":27.0,"key":"Prayer Wheel"},{"floor":29.0,"key":"WingedGreaves"},{"floor":29.0,"key":"Bottled Tornado"}],"event_choices":[{"damage_healed":0.0,"max_hp_gain":0.0,"max_hp_loss":0.0,"gold_gain":0.0,"event_name":"Shining Light","player_choice":"Entered Light","floor":3.0,"gold_loss":0.0,"damage_taken":14.0,"cards_upgraded":["EmptyFist","Defend_P"]},{"damage_healed":0.0,"max_hp_gain":0.0,"max_hp_loss":0.0,"gold_gain":75.0,"event_name":"World of Goop","player_choice":"Gather Gold","floor":4.0,"gold_loss":0.0,"damage_taken":11.0},{"cards_removed":["Defend_P"],"damage_healed":0.0,"max_hp_gain":0.0,"max_hp_loss":0.0,"gold_gain":0.0,"event_name":"The Cleric","player_choice":"Card Removal","floor":10.0,"gold_loss":50.0,"damage_taken":0.0},{"damage_healed":0.0,"max_hp_gain":5.0,"max_hp_loss":0.0,"gold_gain":0.0,"event_name":"Big Fish","player_choice":"Donut","floor":13.0,"gold_loss":0.0,"damage_taken":0.0},{"damage_healed":5.0,"max_hp_gain":0.0,"max_hp_loss":0.0,"gold_gain":0.0,"event_name":"Wheel of Change","player_choice":"Full Heal","floor":20.0,"gold_loss":0.0,"damage_taken":0.0},{"damage_healed":0.0,"max_hp_gain":0.0,"max_hp_loss":0.0,"gold_gain":0.0,"event_name":"Colosseum","player_choice":"Fight","floor":29.0,"gold_loss":0.0,"damage_taken":0.0},{"damage_healed":0.0,"max_hp_gain":0.0,"max_hp_loss":0.0,"gold_gain":0.0,"event_name":"Colosseum","player_choice":"Fought Nobs","floor":29.0,"gold_loss":0.0,"damage_taken":0.0},{"damage_healed":0.0,"max_hp_gain":0.0,"max_hp_loss":0.0,"gold_gain":0.0,"cards_transformed":["Conclude"],"event_name":"Transmorgrifier","player_choice":"Transformed","floor":30.0,"gold_loss":0.0,"damage_taken":0.0,"cards_obtained":["Indignation"]}],"is_beta":false,"boss_relics":[{"not_picked":["Philosopher\u0027s Stone","Cursed Key"],"picked":"Runic Pyramid"},{"not_picked":["Coffee Dripper","Velvet Choker"],"picked":"Empty Cage"}],"items_purged_floors":[2,8,19],"is_endless":false,"potions_floor_spawned":[1,11,16,21,22,27,28,33],"killed_by":"3 Darklings","ascension_level":10}}