{"host":"8h3glbk9j4k4ylc4","time":1607940644,"event":{"mods":["AchievementEnabler","Act Like it!","BaseMod","Colored Map","Colored Powertips","Energized Spire","Gensokyo","Hallownest","Hermit","Hubris","Infinite Spire","Jorbs\u0027s Wanderer Trilogy","Lobotomy","Marisa????????","Minty Spire (QoL Compilation)","Replay The Spire","Somnambulant","StSLib","Td1madao Mod","The Bug Knight","The Judge","The Senshi"],"gold_per_floor":[117,117,117,42,52,116,116,142,168,168,193,203,203,222,222,317,317,317,317],"floor_reached":18,"playtime":1391,"items_purged":["CommonCold"],"score":195,"play_id":"2413c3df-5b2f-488e-9e80-8c60136f3872","local_time":"20201214121044","is_ascension_mode":false,"campfire_choices":[{"floor":7,"key":"REST"},{"floor":15,"key":"REST"}],"circlet_count":0,"master_deck":["hermit:Strike_Hermit","hermit:Defend_Hermit","hermit:Snapshot","hermit:Covet","BigBadWolf","hermit:BodyArmor","hermit:Shortfuse+1","DreamingCurrent","hermit:Malice","DespairKnight","hermit:HoleUp","hermit:GhostlyPresence","CherryBlossoms","hermit:Magnum"],"relics":["hermit:Momento","CogitoBucket","ReplayTheSpireMod:Ring of Exchange","Ring of Misfortune","hubris:64BitClover","PreservedInsect","Happy Flower","LuminousBracelet","energizedSpire:OgreHead"],"acts_visited":["Exordium","TheCity"],"potions_floor_usage":[12,16,16],"damage_taken":[{"damage":6,"enemies":"Jaw Worm","floor":1,"turns":3},{"damage":0,"enemies":"Small Slimes","floor":5,"turns":3},{"damage":35,"enemies":"3 Sentries","floor":6,"turns":6},{"damage":46,"enemies":"Lagavulin","floor":8,"turns":8},{"damage":1,"enemies":"2 Louse","floor":11,"turns":2},{"damage":44,"enemies":"2 Fungi Beasts","floor":12,"turns":12},{"damage":5,"enemies":"Large Slime","floor":14,"turns":5},{"damage":67,"enemies":"The Guardian","floor":16,"turns":17},{"damage":0,"enemies":"Chosen","floor":18,"turns":1}],"seed_played":"3604674961113278795","potions_obtained":[{"floor":5,"key":"hermit:Tonic"},{"floor":11,"key":"Dexterity Potion"},{"floor":12,"key":"hermit:Tonic"},{"floor":14,"key":"GamblersBrew"}],"is_trial":false,"path_per_floor":["M","?","?","$","M","E","R","E","T","?","M","M","?","M","R","B",null,"M"],"character_chosen":"HERMIT","items_purchased":[],"campfire_rested":2,"item_purchase_floors":[],"current_hp_per_floor":[69,69,69,69,69,34,56,22,22,47,46,17,17,13,40,14,90,90,90],"gold":317,"neow_bonus":"","is_daily":false,"chose_seed":false,"campfire_upgraded":0,"win_rate":0.0,"timestamp":1607940644,"path_taken":["M","?","?","$","M","E","R","E","T","?","M","?","?","M","R","BOSS","M"],"items_purchased_type":[],"build_version":"2020-12-13","purchased_purges":1,"victory":false,"max_hp_per_floor":[75,75,75,75,75,75,75,75,75,75,75,90,90,90,90,90,90,90,90],"card_choices":[{"not_picked":["Porccubus","BeautyBeast"],"picked":"BigBadWolf","floor":1},{"not_picked":["hermit:Vantage","hermit:SprayPray"],"picked":"hermit:BodyArmor","floor":1},{"not_picked":["OldLady","FairyFestival"],"picked":"DreamingCurrent","floor":5},{"not_picked":["hermit:Coalescence","hermit:TakeAim"],"picked":"hermit:DeadOrAlive","floor":5},{"not_picked":["hermit:WideOpen","hermit:FatalDesire"],"picked":"hermit:Malice","floor":6},{"not_picked":["PunishingBird","Wellcheers"],"picked":"DespairKnight","floor":8},{"not_picked":["hermit:PistolWhip","hermit:Determination","hermit:Maintenance"],"picked":"SKIP","floor":8},{"not_picked":["hermit:LowProfile","hermit:Headshot"],"picked":"hermit:HoleUp","floor":11},{"not_picked":["hermit:Manifest","hermit:Enervate"],"picked":"hermit:GhostlyPresence","floor":12},{"not_picked":["hermit:LowProfile","hermit:Snipe","hermit:TrackingShot"],"picked":"SKIP","floor":14},{"not_picked":["UniverseFragment","Mercenary"],"picked":"CherryBlossoms","floor":16},{"not_picked":["hermit:EternalForm","hermit:FinalCanter"],"picked":"hermit:Magnum","floor":16}],"player_experience":290111,"relics_obtained":[{"floor":2,"key":"ReplayTheSpireMod:Ring of Exchange"},{"floor":2,"key":"Ring of Misfortune"},{"floor":6,"key":"hubris:64BitClover"},{"floor":8,"key":"PreservedInsect"},{"floor":9,"key":"Happy Flower"}],"event_choices":[{"damage_healed":25,"gold_gain":0,"player_choice":"Banana","damage_taken":0,"max_hp_gain":0,"max_hp_loss":0,"event_name":"Big Fish","floor":10,"gold_loss":0},{"damage_healed":0,"gold_gain":0,"player_choice":"Ignored","damage_taken":0,"max_hp_gain":0,"max_hp_loss":0,"event_name":"Liars Game","floor":13,"gold_loss":0}],"is_beta":false,"boss_relics":[{"not_picked":["energizedSpire:EnergizedDie","hubris:Stopwatch"],"picked":"energizedSpire:OgreHead"}],"items_purged_floors":[4],"is_endless":false,"potions_floor_spawned":[5,11,12,14],"killed_by":"Chosen","ascension_level":0}}