{"host":"jpol0bbzretdyr3c","time":1607940633,"event":{"mods":["Act Like it!","BaseMod","Colored Map","Downfall","Gensokyo","Googly Eyes","Hallownest","Koishi","Marisa????????","Minty Spire (QoL Compilation)","Replay The Spire","StSLib","The Jungle","The Servant 0.9.4"],"gold_per_floor":[111,131,131,150,8,41,7,26,26,60,60,70,70,99,99,196,196,215,227,227,227,103,103,137,137,191,206,206,216,216,111,111,213,213,227,69,85,85,97,97,131,147,174,174,236,236,253,288,288,288,288],"floor_reached":50,"playtime":2620,"items_purged":["Pain"],"score":853,"play_id":"c186f30a-5983-493c-ba88-b830867156c1","local_time":"20201214021033","is_ascension_mode":true,"campfire_choices":[{"data":"Koishi:HeartAttack","floor":13.0,"key":"SMITH"},{"data":"Koishi:ReleaseOfTheId","floor":15.0,"key":"SMITH"},{"data":"Koishi:ReflexRadar","floor":23.0,"key":"SMITH"},{"data":"Koishi:HeartAttack","floor":25.0,"key":"SMITH"},{"data":"Koishi:FleetingPhantom","floor":28.0,"key":"SMITH"},{"data":"Koishi:SubconsciousSweep","floor":30.0,"key":"SMITH"},{"data":"Koishi:ReleaseOfTheId","floor":32.0,"key":"SMITH"},{"floor":40.0,"key":"REST"},{"data":"Koishi:HeartAttack","floor":44.0,"key":"SMITH"},{"floor":46.0,"key":"REST"},{"floor":49,"key":"REST"}],"circlet_count":0,"master_deck":["Koishi:BasicStrike","Koishi:BasicStrike","Koishi:BasicDefend","Koishi:BasicDefend","Koishi:BasicDefend","Koishi:BasicDefend","Koishi:Provoke","Koishi:HauntingSlash","Koishi:SubconsciousSweep+1","Koishi:SubconsciousSweep","Koishi:ReleaseOfTheId+1","Koishi:HeartAttack+1","Koishi:SubconsciousSweep","Koishi:ReflexRadar+1","Koishi:PhilosophyOfTheDespised","Koishi:ReflexRadar+1","Koishi:HeartfeltFancy","Koishi:RorschachInDanmaku","Koishi:EmbersOfLove+1","Koishi:FleetingPhantom+1","Koishi:SubterraneanRose","Koishi:HeartAttack+1","Koishi:UnconsciousUprising+1","Koishi:ReleaseOfTheId+1","Koishi:ReleaseOfTheId","Koishi:SubterraneanRose","Koishi:EmbersOfLove","Koishi:ReleaseOfTheId","Koishi:Whimsy","Koishi:HeartAttack+1","Koishi:SprinkleStarAndHeart","Koishi:HeartAttack","Koishi:RorschachInDanmaku","Koishi:SubterraneanRose+1","Koishi:Prune+1"],"relics":["Koishi:ImaginaryFriend","NeowsBlessing","Gensokyo:LunaticRedEyes","Iron Hammer","Shuriken","Snack Pack","Bottled Lightning","SlaversCollar","MutagenicStrength","Juzu Bracelet","Boot","Replay:Bronze Core","Koishi:ImperfectMetamorphosis","MealTicket","Replay:Arrowhead","Mirror"],"acts_visited":[],"potions_floor_usage":[],"damage_taken":[{"damage":0.0,"enemies":"Gensokyo:Gryphon","floor":1.0,"turns":1.0},{"damage":0.0,"enemies":"Gensokyo:2_Kodama","floor":2.0,"turns":1.0},{"damage":1.0,"enemies":"Gensokyo:3_Fairies","floor":4.0,"turns":1.0},{"damage":11.0,"enemies":"Gensokyo:Cirno","floor":6.0,"turns":5.0},{"damage":1.0,"enemies":"Gensokyo:VengefulSpirit","floor":8.0,"turns":4.0},{"damage":1.0,"enemies":"Gensokyo:Aya","floor":10.0,"turns":3.0},{"damage":0.0,"enemies":"Gensokyo:Python_and_Kodama","floor":12.0,"turns":3.0},{"damage":9.0,"enemies":"Gensokyo:Cirno","floor":14.0,"turns":6.0},{"damage":0.0,"enemies":"Gensokyo:Yukari","floor":16.0,"turns":6.0},{"damage":0.0,"enemies":"3 Byrds","floor":18.0,"turns":4.0},{"damage":11.0,"enemies":"Spheric Guardian","floor":19.0,"turns":3.0},{"damage":7.0,"enemies":"Slavers","floor":24.0,"turns":3.0},{"damage":0.0,"enemies":"Centurion and Healer","floor":27.0,"turns":4.0},{"damage":0.0,"enemies":"Snecko","floor":29.0,"turns":3.0},{"damage":0.0,"enemies":"Automaton","floor":33.0,"turns":6.0},{"damage":18.0,"enemies":"Hallownest:Shield_Heavy","floor":35.0,"turns":6.0},{"damage":22.0,"enemies":"Hallownest:2_Littles","floor":37.0,"turns":7.0},{"damage":0.0,"enemies":"Hallownest:2_Great","floor":39.0,"turns":6.0},{"damage":0.0,"enemies":"Hallownest:eliteHiveKnight","floor":41.0,"turns":4.0},{"damage":0.0,"enemies":"Hallownest:2_Wandering_and_1_Horned","floor":42.0,"turns":5.0},{"damage":34.0,"enemies":"Hallownest:2_Primals","floor":45.0,"turns":5.0},{"damage":0.0,"enemies":"Hallownest:2_Wing_and_1_Kings","floor":47.0,"turns":5.0},{"damage":0.0,"enemies":"Hallownest:eliteCollector","floor":48.0,"turns":7.0},{"damage":66,"enemies":"Hallownest:BossHollowKnight","floor":50,"turns":6}],"seed_played":"-7291173422628650067","potions_obtained":[{"floor":1.0,"key":"Energy Potion"},{"floor":8.0,"key":"Block Potion"},{"floor":12.0,"key":"Swift Potion"},{"floor":14.0,"key":"SpeedPotion"},{"floor":18.0,"key":"Toxic Potion"},{"floor":33.0,"key":"ColorlessPotion"},{"floor":37.0,"key":"LiquidBronze"},{"floor":39.0,"key":"Swift Potion"},{"floor":41.0,"key":"Flashbang"},{"floor":42.0,"key":"BlessingOfTheForge"}],"is_trial":false,"path_per_floor":["M","M","?","M","$","E","$","M","T","E","?","M","R","E","R","B",null,"M","M","?","?","$","R","E","R","T","M","R","M","R","$","R","B",null,"M","$","M","?","M","R","E","M","T","R","?","R","M","E","R","B"],"character_chosen":"KOISHI","items_purchased":["Koishi:HeartAttack","Koishi:ReflexRadar+1","Koishi:SubterraneanRose","Koishi:HeartAttack","Koishi:ReleaseOfTheId","Koishi:SubterraneanRose","Koishi:ReleaseOfTheId","Koishi:Whimsy"],"campfire_rested":3,"item_purchase_floors":[5,7,22,22,31,31,36,36],"current_hp_per_floor":[60,60,60,59,59,48,48,47,47,46,46,50,50,43,43,48,60,60,49,49,49,49,49,44,44,44,46,46,48,48,48,48,52,60,42,42,20,20,26,44,46,50,50,50,16,34,38,42,60,0,0],"gold":288,"neow_bonus":"THREE_ENEMY_KILL","is_daily":false,"chose_seed":false,"campfire_upgraded":8,"win_rate":0.0,"timestamp":1607940633,"path_taken":["M","M","?","?","$","E","?","M","T","E","?","M","R","E","R","BOSS","M","M","?","?","$","R","E","R","T","M","R","M","R","$","R","BOSS","M","$","M","?","M","R","E","M","T","R","?","R","M","E","R","BOSS"],"items_purchased_type":["Card","Card","Card","Card","Card","Card","Card","Card"],"build_version":"2020-12-13","purchased_purges":1,"victory":false,"max_hp_per_floor":[60,60,60,60,60,60,60,60,60,60,60,60,60,60,60,60,60,60,60,60,60,60,60,60,60,60,60,60,60,60,60,60,60,60,60,60,60,60,60,60,60,60,60,60,60,60,60,60,60,60,60],"card_choices":[{"not_picked":["Koishi:GhostParty","Koishi:Whimsy"],"picked":"Koishi:SubconsciousSweep","floor":1.0},{"not_picked":["Koishi:Jaunt","Koishi:Prune"],"picked":"Koishi:SubconsciousSweep","floor":2.0},{"not_picked":["Koishi:ReflexRadar","Koishi:MindNumbingTerror"],"picked":"Koishi:ReleaseOfTheId","floor":4.0},{"not_picked":["Koishi:DreadfulBlow","Koishi:BramblyRoseGarden"],"picked":"Koishi:SubconsciousSweep","floor":6.0},{"not_picked":["Koishi:RuptureMind","Koishi:GeneticsOfTheUnconscious"],"picked":"Koishi:PhilosophyOfTheDespised","floor":8.0},{"not_picked":["Koishi:UnansweredLove","Koishi:FadingMemory"],"picked":"Koishi:ReflexRadar","floor":10.0},{"not_picked":["Koishi:UnansweredLove","Koishi:JumpScare"],"picked":"Koishi:HeartfeltFancy","floor":12.0},{"not_picked":["Koishi:FourthEye","Koishi:CatchAndRose"],"picked":"Koishi:RorschachInDanmaku","floor":14.0},{"not_picked":["Koishi:FleetingPhantom","Koishi:BloodcurdlingScream+1"],"picked":"Koishi:EmbersOfLove+1","floor":18.0},{"not_picked":["Koishi:UnansweredLove","Koishi:VengefulSpirit"],"picked":"Koishi:FleetingPhantom","floor":19.0},{"not_picked":["Koishi:TraumaticStroke+1","Koishi:MindNumbingTerror+1"],"picked":"Koishi:UnconsciousUprising+1","floor":24.0},{"not_picked":["Koishi:UnconsciousUrges","Koishi:BloodcurdlingScream","Koishi:PhantomBarrier"],"picked":"SKIP","floor":27.0},{"not_picked":["Koishi:ApparitionsStalkTheNight","Koishi:UnansweredLove+1","Koishi:MindStellarRelief"],"picked":"SKIP","floor":29.0},{"not_picked":["Koishi:PhantomStrike+1","Koishi:JumpScare"],"picked":"Koishi:EmbersOfLove","floor":35.0},{"not_picked":["Koishi:PhantomStrike+1","Koishi:UnconsciousUrges+1"],"picked":"Koishi:HeartAttack","floor":37.0},{"not_picked":["Koishi:SpiritedAway","Koishi:JumpScare+1"],"picked":"Koishi:SprinkleStarAndHeart","floor":39.0},{"not_picked":["Koishi:ParalyzingFear+1","Koishi:ConditionedTeleport","Koishi:Untouchable"],"picked":"SKIP","floor":41.0},{"not_picked":["Koishi:PhantomStrike","Koishi:Jaunt"],"picked":"Koishi:SubterraneanRose+1","floor":42.0},{"not_picked":["Koishi:JumpScare","Koishi:Bloodlust"],"picked":"Koishi:Prune+1","floor":47.0},{"not_picked":["Koishi:BramblyRoseGarden","Koishi:ApparitionsStalkTheNight+1","Koishi:RacingHeart"],"picked":"SKIP","floor":48.0}],"player_experience":400903,"relics_obtained":[{"floor":6.0,"key":"Iron Hammer"},{"floor":9.0,"key":"Shuriken"},{"floor":10.0,"key":"Snack Pack"},{"floor":14.0,"key":"Bottled Lightning"},{"floor":24.0,"key":"Juzu Bracelet"},{"floor":26.0,"key":"Boot"},{"floor":41.0,"key":"Koishi:ImperfectMetamorphosis"},{"floor":43.0,"key":"MealTicket"},{"floor":45.0,"key":"Replay:Arrowhead"},{"floor":48.0,"key":"Mirror"}],"event_choices":[{"damage_healed":0.0,"max_hp_gain":0.0,"max_hp_loss":0.0,"gold_gain":0.0,"event_name":"Drug Dealer","player_choice":"Inject Mutagens","floor":20.0,"gold_loss":0.0,"damage_taken":0.0,"relics_obtained":["MutagenicStrength"]}],"is_beta":false,"boss_relics":[{"not_picked":["Kintsugi","Empty Cage"],"picked":"SlaversCollar"},{"not_picked":["Painkiller Herb","Abe\u0027s Treasure"],"picked":"Replay:Bronze Core"}],"items_purged_floors":[5],"is_endless":false,"potions_floor_spawned":[1,8,12,14,18,24,33,37,39,41,42],"killed_by":"Hallownest:BossHollowKnight","ascension_level":3}}