{"host":"0xoib765171ofkym","time":1607948227,"event":{"mods":["AchievementEnabler","BaseMod","Colored Map","Minty Spire (QoL Compilation)","StSLib"],"gold_per_floor":[117,117,67,67,67,92,52,52,52,52,63,93,93,109,109,204,204,224,278,292,311,9,35,49,64,116,151,166,183,183,9,9,107,107,121,137,12,22,35,69,0,28,77,77,77,77,127,137,137,137],"floor_reached":51,"playtime":2329,"items_purged":["Defend_G","Strike_G","Strike_G"],"score":936,"play_id":"d5ba8c2f-2248-4fb8-b7cc-1e5d1870e4a6","local_time":"20201214211707","is_ascension_mode":true,"campfire_choices":[{"data":"Underhanded Strike","floor":8,"key":"SMITH"},{"data":"Catalyst","floor":10,"key":"SMITH"},{"data":"Prepared","floor":13,"key":"SMITH"},{"data":"Caltrops","floor":15,"key":"SMITH"},{"data":"Caltrops","floor":30,"key":"SMITH"},{"data":"Caltrops","floor":32,"key":"SMITH"},{"data":"Adrenaline","floor":45,"key":"SMITH"},{"data":"Noxious Fumes","floor":49,"key":"SMITH"}],"circlet_count":0,"master_deck":["Strike_G+1","Strike_G+1","Defend_G","Defend_G","Defend_G","Defend_G","Survivor+1","Neutralize","Reflex","Underhanded Strike+1","Catalyst+1","Prepared+1","Caltrops+1","Adrenaline+1","Backflip+1","Blur","Caltrops+1","Caltrops+1","Tactician","Noxious Fumes+1","Caltrops+1","Grand Finale"],"relics":["Ring of the Serpent","Pen Nib","Blue Candle","Shuriken","Akabeko","InkBottle","Ninja Scroll","Philosopher\u0027s Stone","Strawberry","DollysMirror","Boot","Centennial Puzzle","War Paint","Question Card","Red Mask","Art of War","Bag of Preparation","FossilizedHelix"],"acts_visited":["Exordium","TheCity","TheBeyond"],"potions_floor_usage":[6,40,42,50],"damage_taken":[{"damage":0,"enemies":"Cultist","floor":1,"turns":4},{"damage":40,"enemies":"Gremlin Nob","floor":6,"turns":5},{"damage":0,"enemies":"2 Louse","floor":11,"turns":2},{"damage":54,"enemies":"Lagavulin","floor":12,"turns":7},{"damage":0,"enemies":"Small Slimes","floor":14,"turns":1},{"damage":37,"enemies":"Slime Boss","floor":16,"turns":10},{"damage":11,"enemies":"2 Thieves","floor":18,"turns":3},{"damage":12,"enemies":"Shell Parasite","floor":20,"turns":3},{"damage":9,"enemies":"Snecko","floor":21,"turns":3},{"damage":16,"enemies":"Book of Stabbing","floor":23,"turns":3},{"damage":13,"enemies":"Centurion and Healer","floor":24,"turns":7},{"damage":9,"enemies":"Chosen and Byrds","floor":25,"turns":4},{"damage":28,"enemies":"Gremlin Leader","floor":27,"turns":6},{"damage":20,"enemies":"Snecko","floor":28,"turns":4},{"damage":22,"enemies":"Shelled Parasite and Fungi","floor":29,"turns":3},{"damage":62,"enemies":"Collector","floor":33,"turns":8},{"damage":36,"enemies":"3 Darklings","floor":35,"turns":3},{"damage":31,"enemies":"3 Shapes","floor":36,"turns":5},{"damage":62,"enemies":"Transient","floor":38,"turns":5},{"damage":38,"enemies":"Sphere and 2 Shapes","floor":39,"turns":4},{"damage":30,"enemies":"Reptomancer","floor":40,"turns":6},{"damage":34,"enemies":"Nemesis","floor":42,"turns":9},{"damage":8,"enemies":"Mind Bloom Boss Battle","floor":47,"turns":4},{"damage":55,"enemies":"4 Shapes","floor":48,"turns":5},{"damage":81,"enemies":"Time Eater","floor":50,"turns":7}],"seed_played":"152579572791482059","potions_obtained":[{"floor":1,"key":"GamblersBrew"},{"floor":21,"key":"Weak Potion"},{"floor":23,"key":"Swift Potion"},{"floor":25,"key":"SpeedPotion"},{"floor":35,"key":"DistilledChaos"},{"floor":40,"key":"SkillPotion"},{"floor":42,"key":"Energy Potion"}],"is_trial":false,"path_per_floor":["M","T","?","?","?","E","$","R","T","R","M","E","R","M","R","B",null,"M","T","M","M","$","E","M","M","T","E","M","M","R","$","R","B",null,"M","M","$","M","M","E","?","E","T","$","R","?","?","M","R","B",null],"character_chosen":"THE_SILENT","items_purchased":["Catalyst","Caltrops","DollysMirror","Caltrops"],"campfire_rested":0,"item_purchase_floors":[7,22,22,31],"current_hp_per_floor":[5000,5000,5000,4000,4000,3960,3960,3960,3960,3960,3960,3906,3906,3906,3906,3869,5000,4989,4996,4984,4975,4975,4959,4946,4937,4937,4909,4889,4867,4867,4867,4867,4805,5007,4971,4940,4940,4878,4840,4810,4810,4776,4776,4776,4776,4757,4749,4694,4694,4613],"gold":137,"neow_bonus":"RANDOM_COMMON_RELIC","is_daily":false,"chose_seed":false,"campfire_upgraded":8,"win_rate":0.0,"timestamp":1607948227,"path_taken":["M","?","?","?","?","E","$","R","T","R","M","E","R","M","R","BOSS","M","?","M","M","$","E","M","M","T","E","M","M","R","$","R","BOSS","M","M","$","M","M","E","?","E","T","$","R","?","?","M","R","BOSS"],"items_purchased_type":["Card","Card","Relic","Card"],"build_version":"2020-12-13","purchased_purges":3,"victory":true,"max_hp_per_floor":[5000,5000,5000,5000,5000,5000,5000,5000,5000,5000,5000,5000,5000,5000,5000,5000,5000,5000,5007,5007,5007,5007,5007,5007,5007,5007,5007,5007,5007,5007,5007,5007,5007,5007,5007,5007,5007,5007,5007,5007,5007,5007,5007,5007,5007,4757,4757,4757,4757,4757],"card_choices":[{"not_picked":["Blade Dance","Prepared"],"picked":"Reflex","floor":1},{"not_picked":["Crippling Poison","Heel Hook"],"picked":"Underhanded Strike","floor":6},{"not_picked":["Crippling Poison","Expertise"],"picked":"Prepared","floor":11},{"not_picked":["Leg Sweep","Underhanded Strike","Dodge and Roll"],"picked":"SKIP","floor":12},{"not_picked":["Night Terror","Dodge and Roll"],"picked":"Caltrops","floor":14},{"not_picked":["Wraith Form v2","A Thousand Cuts"],"picked":"Adrenaline","floor":16},{"not_picked":["Acrobatics","Quick Slash"],"picked":"Backflip","floor":18},{"not_picked":["Dagger Spray+1","Terror","Bane"],"picked":"SKIP","floor":20},{"not_picked":["Prepared","Expertise"],"picked":"Blur","floor":21},{"not_picked":["Flying Knee","Crippling Poison","Quick Slash"],"picked":"SKIP","floor":23},{"not_picked":["Dagger Spray","Blade Dance"],"picked":"Tactician","floor":24},{"not_picked":["Predator","Expertise","Masterful Stab"],"picked":"SKIP","floor":25},{"not_picked":["All Out Attack","Concentrate"],"picked":"Noxious Fumes","floor":27},{"not_picked":["Outmaneuver","PiercingWail","Flying Knee+1"],"picked":"SKIP","floor":28},{"not_picked":["Blur+1","Well Laid Plans","Tactician"],"picked":"SKIP","floor":29},{"not_picked":["Night Terror","After Image"],"picked":"Grand Finale","floor":33},{"not_picked":["Backflip+1","Masterful Stab+1","Sucker Punch"],"picked":"SKIP","floor":35},{"not_picked":["Slice+1","Dagger Throw+1","Poisoned Stab"],"picked":"SKIP","floor":36},{"not_picked":["Masterful Stab","Bane","PiercingWail+1"],"picked":"SKIP","floor":38},{"not_picked":["Dagger Spray","Flechettes+1","Reflex+1"],"picked":"SKIP","floor":39},{"not_picked":["Bullet Time","Corpse Explosion","Well Laid Plans+1"],"picked":"SKIP","floor":40},{"not_picked":["Bane+1","Bouncing Flask+1","Flechettes","Cloak And Dagger"],"picked":"SKIP","floor":42},{"not_picked":["Prepared+1","Outmaneuver+1","Acrobatics+1","Dagger Throw+1"],"picked":"SKIP","floor":48}],"player_experience":259896,"relics_obtained":[{"floor":2,"key":"Blue Candle"},{"floor":5,"key":"Shuriken"},{"floor":6,"key":"Akabeko"},{"floor":9,"key":"InkBottle"},{"floor":12,"key":"Ninja Scroll"},{"floor":19,"key":"Strawberry"},{"floor":23,"key":"Boot"},{"floor":26,"key":"Centennial Puzzle"},{"floor":27,"key":"War Paint"},{"floor":40,"key":"Question Card"},{"floor":42,"key":"Art of War"},{"floor":43,"key":"Bag of Preparation"},{"floor":47,"key":"FossilizedHelix"}],"event_choices":[{"cards_removed":["Strike_G"],"damage_healed":0,"gold_gain":0,"player_choice":"Card Removal","damage_taken":0,"max_hp_gain":0,"max_hp_loss":0,"event_name":"The Cleric","floor":3,"gold_loss":50},{"damage_healed":0,"gold_gain":0,"player_choice":"Entered Light","damage_taken":1000,"max_hp_gain":0,"max_hp_loss":0,"event_name":"Shining Light","floor":4,"gold_loss":0,"cards_upgraded":["Strike_G","Strike_G"]},{"damage_healed":0,"gold_gain":0,"player_choice":"Relic","damage_taken":0,"max_hp_gain":0,"max_hp_loss":0,"event_name":"Wheel of Change","floor":5,"gold_loss":0},{"damage_healed":0,"gold_gain":0,"player_choice":"Paid","damage_taken":0,"relics_obtained":["Red Mask"],"max_hp_gain":0,"max_hp_loss":0,"event_name":"Tomb of Lord Red Mask","floor":41,"gold_loss":69},{"damage_healed":0,"gold_gain":0,"player_choice":"Max HP","damage_taken":0,"max_hp_gain":0,"max_hp_loss":250,"event_name":"Winding Halls","floor":46,"gold_loss":0},{"damage_healed":0,"gold_gain":0,"player_choice":"Fight","damage_taken":0,"max_hp_gain":0,"max_hp_loss":0,"event_name":"MindBloom","floor":47,"gold_loss":0}],"is_beta":false,"boss_relics":[{"not_picked":["SlaversCollar","Fusion Hammer"],"picked":"Philosopher\u0027s Stone"},{"not_picked":["Tiny House","Black Star"],"picked":"Ring of the Serpent"}],"items_purged_floors":[22,31,37],"is_endless":false,"potions_floor_spawned":[1,21,23,25,28,35,40,42,47],"ascension_level":3}}