{"host":"6h53a8yusadhw57r","time":1607968699,"event":{"mods":["BaseMod","Hermit","Infinite Spire","KomeijiMod","Minty Spire (QoL Compilation)","StSLib"],"gold_per_floor":[172,142,142,154,154,154,185,185,236,254,254,254,274,290,290,387,387,406,406,421,421,118,162,162,162],"floor_reached":24,"playtime":6703,"items_purged":[],"score":225,"play_id":"ca377af2-8428-47b2-85d4-d087d17f5695","local_time":"20201214185819","is_ascension_mode":true,"campfire_choices":[{"data":"Absorbed","floor":6,"key":"SMITH"},{"floor":8,"key":"REST"},{"data":"DemonsDinnerFork_Remiria","floor":11,"key":"SMITH"},{"data":"RocketKickup","floor":15,"key":"SMITH"}],"circlet_count":0,"master_deck":["Strike_Remiria","Strike_Remiria","Strike_Remiria","Strike_Remiria","Defend_Remirira","Defend_Remirira","Defend_Remirira","Defend_Remirira","Absorbed+1","Scratch","RocketKickup+1","Feint","DemonsDinnerFork_Remiria+1","BodyStrengthen","FateSonata","BloodPact+1","CurseofVladTepes","CurseofVladTepes"],"relics":["SacredBark","infinitespire:BottledMercury","Blood Vial","infinitespire:Cupcake","infinitespire:Midas Blood"],"acts_visited":["Exordium","TheCity"],"potions_floor_usage":[4,13,16,16,23,23],"damage_taken":[{"damage":1,"enemies":"Cultist","floor":1,"turns":4},{"damage":0,"enemies":"Small Slimes","floor":4,"turns":4},{"damage":48,"enemies":"Lagavulin","floor":7,"turns":8},{"damage":0,"enemies":"2 Louse","floor":10,"turns":2},{"damage":0,"enemies":"Red Slaver","floor":13,"turns":3},{"damage":4,"enemies":"Large Slime","floor":14,"turns":6},{"damage":57,"enemies":"The Guardian","floor":16,"turns":11},{"damage":14,"enemies":"Shell Parasite","floor":18,"turns":6},{"damage":24,"enemies":"Spheric Guardian","floor":20,"turns":5},{"damage":58,"enemies":"Gremlin Leader","floor":23,"turns":6},{"damage":0,"enemies":"Shelled Parasite and Fungi","floor":24,"turns":2}],"seed_played":"-6825265585018511178","potions_obtained":[{"floor":1,"key":"DuplicationPotion"},{"floor":2,"key":"Swift Potion"},{"floor":2,"key":"SpeedPotion"},{"floor":10,"key":"ExcitationPotion"},{"floor":14,"key":"Energy Potion"},{"floor":18,"key":"SkillPotion"},{"floor":23,"key":"Ancient Potion"}],"is_trial":false,"path_per_floor":["M","?","$","M","?","R","E","R","T","M","R","?","M","M","R","B",null,"M","?","M","?","$","E","M"],"character_chosen":"RemiriaScarlet","items_purchased":["infinitespire:Midas Blood","SteroidPotion"],"campfire_rested":1,"item_purchase_floors":[22,22],"current_hp_per_floor":[99,99,99,100,100,100,56,86,86,86,86,86,88,86,86,31,100,86,86,64,64,64,8,10,10],"gold":162,"neow_bonus":"BOSS_RELIC","is_daily":false,"chose_seed":false,"campfire_upgraded":3,"win_rate":0.0,"timestamp":1607968699,"path_taken":["M","?","$","?","?","R","E","R","T","M","R","?","M","M","R","BOSS","M","?","M","?","$","E","?"],"items_purchased_type":["Relic","Potion"],"build_version":"2020-12-13","purchased_purges":0,"victory":false,"max_hp_per_floor":[100,100,100,100,100,100,100,100,100,100,100,100,100,100,100,100,100,100,100,100,100,100,100,100,100],"card_choices":[{"not_picked":["DoubleEdge","Tepes"],"picked":"VampireKiss_Remiria","floor":1},{"not_picked":["Cripple","DoubleEdge"],"picked":"RocketKickup","floor":4},{"not_picked":["Culling","BloodCoagulation"],"picked":"Feint","floor":7},{"not_picked":["DoubleEdge","BloodCleaner"],"picked":"DemonsDinnerFork_Remiria","floor":10},{"not_picked":["Cripple","ServantFlier","DemonsDinnerFork_Remiria"],"picked":"SKIP","floor":13},{"not_picked":["Exsanguinate","RemiliaStretch_Remiria"],"picked":"BodyStrengthen","floor":14},{"not_picked":["ScarletDestiny","BombardNight"],"picked":"FateSonata","floor":16},{"not_picked":["FastHealing","BloodCleaner"],"picked":"BloodPact+1","floor":18},{"not_picked":["TricksterDevil","BloodySuit","StigmaNizer"],"picked":"SKIP","floor":20},{"not_picked":["Offensive+1","VampireClaw","Warpath+1"],"picked":"SKIP","floor":23}],"player_experience":396377,"relics_obtained":[{"floor":7,"key":"infinitespire:BottledMercury"}],"event_choices":[{"damage_healed":0,"gold_gain":0,"player_choice":"Bought 2 Potions","damage_taken":0,"max_hp_gain":0,"max_hp_loss":0,"event_name":"The Woman in Blue","floor":2,"gold_loss":0},{"damage_healed":0,"gold_gain":0,"player_choice":"Leave","damage_taken":0,"max_hp_gain":0,"max_hp_loss":0,"event_name":"The Cleric","floor":5,"gold_loss":0},{"cards_removed":["VampireKiss_Remiria"],"damage_healed":0,"gold_gain":0,"player_choice":"Gave Card","damage_taken":0,"relics_obtained":["Blood Vial"],"max_hp_gain":0,"max_hp_loss":0,"event_name":"WeMeetAgain","floor":12,"gold_loss":0},{"damage_healed":0,"gold_gain":0,"player_choice":"Read","damage_taken":0,"max_hp_gain":0,"max_hp_loss":0,"event_name":"The Library","floor":19,"gold_loss":0,"cards_obtained":["CurseofVladTepes"]},{"damage_healed":0,"gold_gain":0,"player_choice":"Copied","damage_taken":0,"max_hp_gain":0,"max_hp_loss":0,"event_name":"Duplicator","floor":21,"gold_loss":0,"cards_obtained":["CurseofVladTepes"]}],"is_beta":false,"boss_relics":[{"not_picked":["Velvet Choker","Pandora\u0027s Box"],"picked":"infinitespire:Cupcake"}],"items_purged_floors":[],"is_endless":false,"potions_floor_spawned":[1,10,14,18,23],"killed_by":"Shelled Parasite and Fungi","ascension_level":1}}