{"host":"wvaiab5ya9pyia0u","time":1607948038,"event":{"mods":["2.2 Compatiblity","Aspiration","Bard","BaseMod","Bestiary","BetterRewards","Challenge The Spire","Colored Powertips","Conspire","Custom Start","DeckTracker","Hermit","Highlight Path","Hubris","Humility","Infinite Spire","Mimic Mod","Minty Spire (QoL Compilation)","Practice Mode","Quick Restart","Rare Cards Sparkle","Replay The Spire","Reworked Bosses","SacredBarkPlus","Shop Mod","Spicy Shops","StSLib","The Blue Laboratory","The Construct","The Cursed","The Disciple","The Factory","The Hierophant","The Jungle","The Mystic","The Runesmith","The Servant 0.9.4","TheBandit","Thieving Mod","Wandering Minibosses","everything is the same but u backflip on backflip","slay the spire mod where everything is the same but ironclad has a cowboy hat"],"gold_per_floor":[111,131,142,142,154,154,154,173,212,212,270,285,265,265],"floor_reached":13,"playtime":707,"items_purged":[],"score":77,"play_id":"224dac40-d66e-4f14-95a6-eeb9ed4a16f9","local_time":"20201214131358","is_ascension_mode":false,"campfire_choices":[{"data":"Runesmith:Firewall","floor":6.0,"key":"SMITH"},{"data":"Runesmith:CraftObretio","floor":10.0,"key":"SMITH"}],"circlet_count":0,"master_deck":["Runesmith:Strike_RS","Runesmith:Strike_RS","Runesmith:Strike_RS","Runesmith:Defend_RS","Runesmith:Defend_RS","Runesmith:Defend_RS","Runesmith:Defend_RS","Runesmith:CraftFirestone","Runesmith:Fortify","Runesmith:Firewall+1","Runesmith:MakeshiftArmor","Runesmith:CraftMagma","Runesmith:FrozenChisel","Runesmith:FissionHammer","Runesmith:CraftObretio+1"],"relics":["Runesmith:BrokenRuby","Golden Idol","Replay:Baseball"],"acts_visited":[],"potions_floor_usage":[],"damage_taken":[{"damage":0.0,"enemies":"Small Slimes","floor":1.0,"turns":4.0},{"damage":2.0,"enemies":"Jaw Worm","floor":2.0,"turns":5.0},{"damage":0.0,"enemies":"2 Louse","floor":3.0,"turns":6.0},{"damage":7.0,"enemies":"Blue Slaver","floor":5.0,"turns":4.0},{"damage":4.0,"enemies":"Looter","floor":8.0,"turns":4.0},{"damage":3.0,"enemies":"3 Louse","floor":9.0,"turns":7.0},{"damage":9.0,"enemies":"3 Louse","floor":12.0,"turns":6.0},{"damage":48,"enemies":"Gremlin Nob","floor":13,"turns":3}],"seed_played":"4085576832814015653","potions_obtained":[{"floor":3.0,"key":"Adrenaline Potion"},{"floor":8.0,"key":"SkillPotion"},{"floor":12.0,"key":"blueLaboratory:HorrorPotion"}],"is_trial":false,"path_per_floor":["M","M","M","?","M","R","?","M","MIM","R","?","M","E"],"character_chosen":"RUNESMITH_CLASS","items_purchased":[],"campfire_rested":0,"item_purchase_floors":[],"current_hp_per_floor":[70,68,68,68,61,61,61,57,54,54,54,45,0,0],"gold":265,"neow_bonus":"REMOVE_CARD","is_daily":false,"chose_seed":false,"campfire_upgraded":2,"win_rate":0.0,"timestamp":1607948038,"path_taken":["M","M","M","?","M","R","?","M","MIM","R","?","M","E"],"items_purchased_type":[],"build_version":"2020-12-13","purchased_purges":0,"victory":false,"max_hp_per_floor":[70,70,70,70,70,70,65,65,65,65,65,65,65,65],"card_choices":[{"not_picked":["Runesmith:BackupBattery","Runesmith:Overpower"],"picked":"Runesmith:Firewall","floor":1.0},{"not_picked":["Runesmith:ChiselStab","Runesmith:NanitesCloud"],"picked":"Runesmith:MakeshiftArmor","floor":2.0},{"not_picked":["Runesmith:CraftReservo","Runesmith:PerfectChisel"],"picked":"Runesmith:CraftMagma","floor":3.0},{"not_picked":["Runesmith:MakeshiftArmor","Runesmith:ChargedHammer"],"picked":"Runesmith:FrozenChisel","floor":5.0},{"not_picked":["Runesmith:ShiftingStrike","Runesmith:HeatedChisel"],"picked":"Runesmith:FissionHammer","floor":8.0},{"not_picked":["Runesmith:ChiselStab","Runesmith:HeatExchange"],"picked":"Runesmith:CraftObretio","floor":9.0},{"not_picked":["Runesmith:FrozenChisel","Runesmith:RuneHurl","Runesmith:ShiftingStrike"],"picked":"SKIP","floor":12.0}],"player_experience":173228,"relics_obtained":[{"floor":9.0,"key":"Replay:Baseball"}],"event_choices":[{"damage_healed":0.0,"max_hp_gain":0.0,"max_hp_loss":5.0,"gold_gain":0.0,"event_name":"Golden Idol","player_choice":"Lose Max HP","floor":7.0,"gold_loss":0.0,"damage_taken":0.0,"relics_obtained":["Golden Idol"]},{"damage_healed":0.0,"max_hp_gain":0.0,"max_hp_loss":0.0,"gold_gain":58.0,"event_name":"Golden Wing","player_choice":"Gained Gold","floor":11.0,"gold_loss":0.0,"damage_taken":0.0}],"is_beta":false,"boss_relics":[],"items_purged_floors":[],"is_endless":false,"potions_floor_spawned":[3,8,12],"killed_by":"Gremlin Nob","ascension_level":0}}