{"host":"qw1m3zcvi888b4j7","time":1607959154,"event":{"mods":["AchievementEnabler","BaseMod","Block Reminder","Colored Map","Colored Powertips","DeckTracker","Highlight Path","Minty Spire (QoL Compilation)","Quick Restart","Rare Cards Sparkle","Relic Sorter","Relic Stats"],"gold_per_floor":[115,115,115,139,114,114,129,152,220,220,299,324,365,330,330,450,450,464,295,295,316,17,17,17,17],"floor_reached":24,"playtime":2557,"items_purged":[],"score":204,"play_id":"93680fc7-5a3c-482d-a929-eafc5794be49","local_time":"20201214161914","is_ascension_mode":true,"campfire_choices":[{"floor":6,"key":"RECALL"},{"floor":10,"key":"REST"},{"floor":15,"key":"REST"}],"circlet_count":0,"master_deck":["Strike_G","Strike_G+1","Strike_G+1","Strike_G+1","Strike_G","Defend_G","Defend_G","Defend_G","Defend_G+1","Survivor","Neutralize","Quick Slash","Infinite Blades","Cloak And Dagger","Sucker Punch","Unload","Deflect","Dagger Spray","Envenom","All Out Attack","Backflip","Dodge and Roll","Choke"],"relics":["Ring of the Snake","Strawberry","Golden Idol","Whetstone","Philosopher\u0027s Stone","Orichalcum","CaptainsWheel"],"acts_visited":["Exordium","TheCity"],"potions_floor_usage":[12,13,16,24],"damage_taken":[{"damage":3,"enemies":"Jaw Worm","floor":1,"turns":5},{"damage":0,"enemies":"2 Louse","floor":4,"turns":3},{"damage":0,"enemies":"Cultist","floor":7,"turns":4},{"damage":16,"enemies":"Large Slime","floor":8,"turns":7},{"damage":6,"enemies":"Gremlin Gang","floor":12,"turns":5},{"damage":24,"enemies":"Lagavulin","floor":13,"turns":9},{"damage":32,"enemies":"The Guardian","floor":16,"turns":11},{"damage":15,"enemies":"Spheric Guardian","floor":18,"turns":4},{"damage":15,"enemies":"Chosen","floor":21,"turns":5},{"damage":55,"enemies":"Book of Stabbing","floor":24,"turns":5}],"seed_played":"4416005172459611418","potions_obtained":[{"floor":8,"key":"Block Potion"},{"floor":12,"key":"SneckoOil"},{"floor":13,"key":"Strength Potion"},{"floor":18,"key":"GhostInAJar"}],"is_trial":false,"path_per_floor":["M","?","?","M","$","R","M","M","T","R","?","M","E","?","R","B",null,"M","$","?","M","$","?","E"],"character_chosen":"THE_SILENT","items_purchased":["Cloak And Dagger","Orichalcum","Backflip","CaptainsWheel"],"campfire_rested":2,"item_purchase_floors":[5,19,19,22],"current_hp_per_floor":[74,55,40,40,40,40,40,24,24,47,47,41,17,36,59,27,77,62,62,62,47,47,47,0,0],"gold":17,"neow_bonus":"RANDOM_COMMON_RELIC","is_daily":false,"chose_seed":false,"campfire_upgraded":0,"win_rate":0.0,"timestamp":1607959154,"path_taken":["M","?","?","M","$","R","M","M","T","R","?","?","E","?","R","BOSS","M","$","?","?","$","?","E"],"items_purchased_type":["Card","Relic","Card","Relic"],"build_version":"2020-12-13","purchased_purges":0,"victory":false,"max_hp_per_floor":[77,77,77,77,77,77,77,77,77,77,77,77,77,77,77,77,77,77,77,77,77,77,77,77,77],"relic_stats":{"counters":[10,58],"Golden Idol":57,"Whetstone":["Strike_G","Strike_G"],"Orichalcum":[6],"obtain_stats":[{"CaptainsWheel":22,"Golden Idol":2,"Strawberry":0,"Philosopher\u0027s Stone":17,"Whetstone":13,"Orichalcum":19,"Ring of the Snake":0},{"CaptainsWheel":9,"Golden Idol":1,"Strawberry":0,"Philosopher\u0027s Stone":7,"Whetstone":6,"Orichalcum":8,"Ring of the Snake":0},{"CaptainsWheel":53,"Golden Idol":5,"Strawberry":0,"Philosopher\u0027s Stone":44,"Whetstone":33,"Orichalcum":48,"Ring of the Snake":0}],"Ring of the Snake":[20]},"card_choices":[{"not_picked":["Underhanded Strike","Slice"],"picked":"Quick Slash","floor":1},{"not_picked":["Backflip","Cloak And Dagger"],"picked":"Infinite Blades","floor":4},{"not_picked":["Underhanded Strike","Bouncing Flask"],"picked":"Sucker Punch","floor":7},{"not_picked":["Predator","PiercingWail"],"picked":"Unload","floor":8},{"not_picked":["Backflip","Noxious Fumes"],"picked":"Deflect","floor":12},{"not_picked":["Underhanded Strike","Quick Slash"],"picked":"Dagger Spray","floor":13},{"not_picked":["After Image","Night Terror"],"picked":"Envenom","floor":16},{"not_picked":["Eviscerate","Underhanded Strike"],"picked":"All Out Attack","floor":18},{"not_picked":["Dagger Spray","Underhanded Strike"],"picked":"Choke","floor":21}],"player_experience":60392,"relics_obtained":[{"floor":13,"key":"Whetstone"}],"event_choices":[{"damage_healed":0,"gold_gain":0,"player_choice":"Take Damage","damage_taken":19,"relics_obtained":["Golden Idol"],"max_hp_gain":0,"max_hp_loss":0,"event_name":"Golden Idol","floor":2,"gold_loss":0},{"damage_healed":0,"gold_gain":0,"player_choice":"Entered Light","damage_taken":15,"max_hp_gain":0,"max_hp_loss":0,"event_name":"Shining Light","floor":3,"gold_loss":0,"cards_upgraded":["Strike_G","Defend_G"]},{"damage_healed":0,"gold_gain":79,"player_choice":"Gained Gold","damage_taken":0,"max_hp_gain":0,"max_hp_loss":0,"event_name":"Golden Wing","floor":11,"gold_loss":0},{"damage_healed":19,"gold_gain":0,"player_choice":"Healed","damage_taken":0,"max_hp_gain":0,"max_hp_loss":0,"event_name":"The Cleric","floor":14,"gold_loss":35},{"damage_healed":0,"gold_gain":0,"player_choice":"1 cards matched","damage_taken":0,"max_hp_gain":0,"max_hp_loss":0,"event_name":"Match and Keep!","floor":20,"gold_loss":0,"cards_obtained":["Dodge and Roll"]},{"cards_removed":["Defend_G"],"damage_healed":0,"gold_gain":0,"player_choice":"Purged","damage_taken":0,"max_hp_gain":0,"max_hp_loss":0,"event_name":"Purifier","floor":23,"gold_loss":0}],"is_beta":false,"boss_relics":[{"not_picked":["Coffee Dripper","Ring of the Serpent"],"picked":"Philosopher\u0027s Stone"}],"items_purged_floors":[],"is_endless":false,"potions_floor_spawned":[8,12,13,18],"killed_by":"Book of Stabbing","ascension_level":1}}