{"host":"mszes4kzl3qk0fcx","time":1607919590,"event":{"mods":["BaseMod","Minty Spire (QoL Compilation)","StSLib","The Administrix","The Animator"],"gold_per_floor":[122,122,122,69,28,62,62,62,62,62,87,113,113,142,142,237,237,256,126,155,155,155],"floor_reached":21,"playtime":1582,"items_purged":[],"score":245,"play_id":"8b915d3e-7e29-4145-86c6-30b334a37b18","local_time":"20201213231950","is_ascension_mode":true,"campfire_choices":[{"data":"animator:GazelDwargon","floor":8,"key":"SMITH"},{"data":"animator:Demiurge","floor":10,"key":"SMITH"},{"data":"animator:Cocytus","floor":13,"key":"SMITH"},{"data":"animator:PandorasActor","floor":15,"key":"SMITH"}],"circlet_count":0,"master_deck":["animator:Strike_Overlord","animator:Defend_Overlord","animator:Strike","animator:Strike","animator:Strike","animator:Defend","animator:Defend","animator:Defend","animator:Cocytus+1","animator:Demiurge+1","animator:Elsword","animator:Millim","animator:GazelDwargon+1","animator:Elsword","animator:Benimaru","animator:PandorasActor+1","animator:DolaStephanie","animator:Rimuru","animator:Arpeggio","animator:Lu","animator:DolaSchwi","animator:PandorasActor"],"relics":["animator:LivingPicture","animator:TheMissingPiece","NeowsBlessing","animator:Buoy","animator:WornHelmet","Centennial Puzzle","Omamori","Philosopher\u0027s Stone","Red Mask"],"acts_visited":["Exordium","TheCity"],"potions_floor_usage":[16,16,20],"damage_taken":[{"damage":0,"enemies":"Cultist","floor":1,"turns":1},{"damage":0,"enemies":"3 Sentries","floor":6,"turns":2},{"damage":0,"enemies":"Gremlin Nob","floor":11,"turns":1},{"damage":0,"enemies":"Small Slimes","floor":12,"turns":3},{"damage":0,"enemies":"Jaw Worm","floor":14,"turns":4},{"damage":32,"enemies":"Slime Boss","floor":16,"turns":9},{"damage":17,"enemies":"2 Thieves","floor":18,"turns":4},{"damage":33,"enemies":"Masked Bandits","floor":20,"turns":4},{"damage":17,"enemies":"3 Byrds","floor":21,"turns":2}],"seed_played":"5392378228698125265","potions_obtained":[{"floor":1,"key":"Swift Potion"},{"floor":6,"key":"animator:GrowthPotion"},{"floor":18,"key":"LiquidBronze"}],"is_trial":false,"path_per_floor":["M","T","?","$","$","E","$","R","T","R","E","M","R","M","R","B",null,"M","$","?","M"],"character_chosen":"THE_ANIMATOR","items_purchased":["animator:Millim","animator:GazelDwargon","animator:Lu","animator:DolaSchwi"],"campfire_rested":0,"item_purchase_floors":[4,5,19,19],"current_hp_per_floor":[66,66,66,66,66,66,66,66,66,66,66,66,66,66,66,34,66,49,49,16,0,0],"gold":155,"neow_bonus":"THREE_ENEMY_KILL","is_daily":false,"chose_seed":false,"campfire_upgraded":4,"win_rate":0.0,"timestamp":1607919590,"path_taken":["M","?","?","?","$","E","$","R","T","R","E","M","R","M","R","BOSS","M","$","?","M"],"items_purchased_type":["Card","Card","Card","Card"],"build_version":"2020-12-13","purchased_purges":0,"victory":false,"max_hp_per_floor":[66,66,66,66,66,66,66,66,66,66,66,66,66,66,66,66,66,66,66,66,66,66],"card_choices":[{"not_picked":["animator:Scar","animator:Melzalgald"],"picked":"animator:Elsword","floor":1},{"not_picked":["animator:ElricAlphonse","animator:Shuna"],"picked":"animator:Elsword","floor":6},{"not_picked":["animator:DolaStephanie","animator:Tyuule"],"picked":"animator:Benimaru","floor":11},{"not_picked":["animator:Demiurge","animator:Cocytus"],"picked":"animator:PandorasActor","floor":12},{"not_picked":["animator:Kuribayashi","animator:Scar"],"picked":"animator:DolaStephanie","floor":14},{"not_picked":["animator:ItamiYouji","animator:Father"],"picked":"animator:Rimuru","floor":16},{"not_picked":["animator:Sloth","animator:DolaSchwi"],"picked":"animator:Arpeggio","floor":18},{"not_picked":["animator:TukaLunaMarceau","animator:Ara+1"],"picked":"animator:PandorasActor","floor":20}],"player_experience":508415,"relics_obtained":[{"floor":2,"key":"animator:Buoy"},{"floor":6,"key":"animator:WornHelmet"},{"floor":9,"key":"Centennial Puzzle"},{"floor":11,"key":"Omamori"},{"floor":20,"key":"Red Mask"}],"event_choices":[{"damage_healed":0,"gold_gain":0,"player_choice":"Leave","damage_taken":0,"max_hp_gain":0,"max_hp_loss":0,"event_name":"The Cleric","floor":3,"gold_loss":0},{"damage_healed":0,"gold_gain":0,"player_choice":"Fought Bandits","damage_taken":0,"max_hp_gain":0,"max_hp_loss":0,"event_name":"Masked Bandits","floor":20,"gold_loss":0}],"is_beta":false,"boss_relics":[{"not_picked":["Tiny House","Pandora\u0027s Box"],"picked":"Philosopher\u0027s Stone"}],"items_purged_floors":[],"is_endless":false,"potions_floor_spawned":[1,6,18],"killed_by":"3 Byrds","ascension_level":1}}