{"host":"z9grmtg2w0nmz8n1","time":1607983984,"event":{"mods":["Aspiration","BaseMod","Better Third Choice","BetterRewards","CCEM","Colored Map","GifTheSpireLib","Googly Eyes","Highlight Path","Hubris","Infinite Spire","Jedi Mod","Jorbs\u0027s Wanderer Trilogy","Minty Spire (QoL Compilation)","Permanent Neow","Replay The Spire","Spicy Shops","StSLib","Stuff the Spire","The Bug Knight"],"gold_per_floor":[111,111,111,125,143,176,176,203,203,235,235,265,300,314,314,416,416,435,450,464,483,483,483,483],"floor_reached":23,"playtime":1423,"items_purged":[],"score":243,"play_id":"07a80b0f-3802-4608-979f-3cbad4c7ea42","local_time":"20201214201304","is_ascension_mode":true,"campfire_choices":[{"floor":7.0,"key":"REST"},{"floor":11.0,"key":"REST"},{"floor":15.0,"key":"REST"}],"circlet_count":0,"master_deck":["Strike_B","Strike_B","Defend_B","Defend_B","Defend_B","Defend_B","Zap","Dualcast","Ball Lightning","White Noise","Echo Form","Force Field","Ball Lightning","Streamline","Conserve Battery","StuffTheSpire:Plugnplay","StuffTheSpire:CopiaOfFamine"],"relics":["Cracked Core","hubris:Towel","Happy Flower","WingedGreaves","Mercury Hourglass","Ornamental Fan","Matryoshka","aspiration:Stellarator"],"acts_visited":["Exordium","TheCity"],"potions_floor_usage":[23,23],"damage_taken":[{"damage":1.0,"enemies":"2 Louse","floor":1.0,"turns":3.0},{"damage":10.0,"enemies":"Jaw Worm","floor":4.0,"turns":4.0},{"damage":2.0,"enemies":"Small Slimes","floor":5.0,"turns":4.0},{"damage":30.0,"enemies":"Lagavulin","floor":6.0,"turns":7.0},{"damage":10.0,"enemies":"Gremlin Nob","floor":8.0,"turns":3.0},{"damage":17.0,"enemies":"Lagavulin","floor":10.0,"turns":6.0},{"damage":17.0,"enemies":"3 Sentries","floor":12.0,"turns":5.0},{"damage":13.0,"enemies":"Lagavulin","floor":13.0,"turns":6.0},{"damage":0.0,"enemies":"Looter","floor":14.0,"turns":3.0},{"damage":11.0,"enemies":"Slime Boss","floor":16.0,"turns":5.0},{"damage":0.0,"enemies":"Spheric Guardian","floor":18.0,"turns":3.0},{"damage":2.0,"enemies":"3 Byrds","floor":19.0,"turns":4.0},{"damage":16.0,"enemies":"Sentry and Sphere","floor":20.0,"turns":4.0},{"damage":29.0,"enemies":"Centurion and Healer","floor":21.0,"turns":8.0},{"damage":10,"enemies":"Gremlin Leader","floor":23,"turns":2}],"seed_played":"-2643865033024030630","potions_obtained":[{"floor":1.0,"key":"Energy Potion"},{"floor":8.0,"key":"Strength Potion"},{"floor":13.0,"key":"Toxic Potion"},{"floor":16.0,"key":"LifebloodPotion"},{"floor":19.0,"key":"Ancient Potion"},{"floor":20.0,"key":"Swift Potion"}],"is_trial":false,"path_per_floor":["M","?","?","M","M","E","R","E","T","E","R","E","E","M","R","B",null,"M","M","M","M","?","E"],"character_chosen":"DEFECT","items_purchased":[],"campfire_rested":3,"item_purchase_floors":[],"current_hp_per_floor":[74,67,67,57,55,25,47,37,37,20,42,25,12,12,34,23,75,75,73,57,28,8,0,0],"gold":483,"neow_bonus":"REMOVE_CARD","is_daily":false,"chose_seed":false,"campfire_upgraded":0,"win_rate":0.0,"timestamp":1607983984,"path_taken":["M","?","?","M","M","E","R","E","T","E","R","E","E","M","R","BOSS","M","M","M","M","?","E"],"items_purchased_type":[],"build_version":"2020-12-13","purchased_purges":0,"victory":false,"max_hp_per_floor":[75,75,75,75,75,75,75,75,75,75,75,75,75,75,75,75,75,75,75,75,75,75,75,75],"card_choices":[{"not_picked":["StuffTheSpire:LoadUp","Steam","Cold Snap"],"picked":"SKIP","floor":1.0},{"not_picked":["Multi-Cast","Sweeping Beam"],"picked":"Ball Lightning","floor":4.0},{"not_picked":["ReplayTheSpireMod:System Scan","ReplaySort"],"picked":"White Noise","floor":5.0},{"not_picked":["Scrape","All For One","Redo"],"picked":"SKIP","floor":6.0},{"not_picked":["Beam Cell","Sweeping Beam","jedi:blockon"],"picked":"SKIP","floor":8.0},{"not_picked":["Undo","jedi:spotbugs"],"picked":"Echo Form","floor":10.0},{"not_picked":["jedi:BurstLightning","Compile Driver"],"picked":"Force Field","floor":12.0},{"not_picked":["Compile Driver","Turbo"],"picked":"Ball Lightning","floor":13.0},{"not_picked":["Tempest","Barrage"],"picked":"Streamline","floor":14.0},{"not_picked":["Steam","Beam Cell","FIFO Queue"],"picked":"SKIP","floor":18.0},{"not_picked":["Compile Driver","jedi:blockon","Reinforced Body"],"picked":"SKIP","floor":19.0},{"not_picked":["Turbo","Steam Power"],"picked":"Conserve Battery","floor":20.0},{"not_picked":["Leap","BasicCrystalCard"],"picked":"StuffTheSpire:Plugnplay","floor":21}],"player_experience":549970,"relics_obtained":[{"floor":6.0,"key":"Happy Flower"},{"floor":8.0,"key":"WingedGreaves"},{"floor":10.0,"key":"Mercury Hourglass"},{"floor":12.0,"key":"Ornamental Fan"},{"floor":13.0,"key":"Matryoshka"}],"event_choices":[{"cards_removed":["Strike_B"],"damage_healed":0.0,"max_hp_gain":0.0,"max_hp_loss":0.0,"gold_gain":0.0,"event_name":"Golden Wing","player_choice":"Card Removal","floor":2.0,"gold_loss":0.0,"damage_taken":7.0}],"is_beta":false,"boss_relics":[{"not_picked":["hubris:HollowSoul","hubris:Stopwatch"],"picked":"aspiration:Stellarator"}],"items_purged_floors":[],"is_endless":false,"potions_floor_spawned":[1,8,13,16,19,20],"killed_by":"Gremlin Leader","ascension_level":1}}