{"host":"cz3p2o9n3b1gdmkz","time":1607944392,"event":{"mods":["AchievementEnabler","BaseMod","CapriCore","GungeonMod","Hermit","Lobotomy","Minty Spire (QoL Compilation)","Replay The Spire","Shop Mod","StSLib","SuperFastMode","The Cursed","The Dragon Tamer","The Gatherer","The Jungle","The Poker Player","The Runesmith"],"gold_per_floor":[115,52,52,68,81,81,81,116,116,116,116,116,41,41,41,112,112,127,141,161,161,179,179,94,94,94,107,107,107,107],"floor_reached":28,"playtime":982,"items_purged":["PokerPlayerMod:Spade1"],"score":410,"play_id":"fdb149e2-4c33-44f3-8796-dd6a5f2c2e10","local_time":"20201214201312","is_ascension_mode":true,"metric_token":1118,"campfire_choices":[{"data":"PokerPlayerMod:CardPrinter+1","floor":6.0,"key":"SMITH"},{"data":"PokerPlayerMod:CardPrinter+3","floor":10.0,"key":"SMITH"},{"data":"PokerPlayerMod:CardPrinter+4","floor":12.0,"key":"SMITH"},{"floor":15.0,"key":"REST"},{"floor":23.0,"key":"REST"}],"circlet_count":0,"master_deck":["AscendersBane","PokerPlayerMod:Diamond1","PokerPlayerMod:Diamond2","PokerPlayerMod:Diamond3","PokerPlayerMod:Diamond4","PokerPlayerMod:Spade2","PokerPlayerMod:Spade3","PokerPlayerMod:Spade4","PokerPlayerMod:Club1","PokerPlayerMod:Club2","PokerPlayerMod:Heart2","PokerPlayerMod:TrumpStrike","PokerPlayerMod:BadJoker","PokerPlayerMod:Mulligan","PokerPlayerMod:Diamond5","PokerPlayerMod:CardPrinter+5","PokerPlayerMod:Club5","PokerPlayerMod:HotShotCut","PokerPlayerMod:Club10+"],"relics":["PokerPlayerMod:DeckCase","Mummified Hand","Runesmith:AutoHammer","Dream Catcher","SacredBark","Tiny Chest","Anchor","DemoMod:GlassGuonStoneRelic"],"acts_visited":["Exordium","TheCity"],"potions_floor_usage":[],"damage_taken":[{"damage":0.0,"enemies":"2 Louse","floor":1.0,"turns":2.0},{"damage":0.0,"enemies":"Small Slimes","floor":4.0,"turns":2.0},{"damage":12.0,"enemies":"Jaw Worm","floor":5.0,"turns":2.0},{"damage":18.0,"enemies":"Gremlin Nob","floor":8.0,"turns":4.0},{"damage":10.0,"enemies":"Fading Forest","floor":16.0,"turns":11.0},{"damage":17.0,"enemies":"Spheric Guardian","floor":18.0,"turns":4.0},{"damage":0.0,"enemies":"3 Byrds","floor":19.0,"turns":2.0},{"damage":0.0,"enemies":"Snake Plant","floor":20.0,"turns":2.0},{"damage":11.0,"enemies":"3 Cultists","floor":22.0,"turns":4.0},{"damage":37.0,"enemies":"Shelled Parasite and Fungi","floor":27.0,"turns":5.0},{"damage":0,"enemies":"Cultist and Chosen","floor":28,"turns":1}],"seed_played":"8961833285048227998","potions_obtained":[{"floor":4.0,"key":"Explosive Potion"},{"floor":5.0,"key":"Adrenaline Potion"},{"floor":18.0,"key":"AttackPotion"},{"floor":19.0,"key":"AttackPotion"},{"floor":22.0,"key":"LiquidBronze"},{"floor":27.0,"key":"Weak Potion"}],"is_trial":false,"path_per_floor":["M","$","?","M","M","R","?","E","T","R","?","R","$","$","R","B",null,"M","M","M","?","M","R","?","?","T","M","M"],"character_chosen":"THE_POKER_PLAYER","items_purchased":["PokerPlayerMod:CardPrinter+1"],"campfire_rested":2,"item_purchase_floors":[2],"current_hp_per_floor":[48,48,48,48,36,36,36,18,18,18,18,18,18,18,32,30,44,29,33,33,33,24,38,38,48,48,11,11,11,11],"gold":107,"neow_bonus":"RANDOM_COMMON_RELIC","is_daily":false,"chose_seed":false,"campfire_upgraded":3,"win_rate":0.0,"timestamp":1607944392,"path_taken":["M","$","?","M","M","R","?","E","T","R","?","R","?","$","R","BOSS","M","?","?","?","M","R","?","?","T","M","M"],"items_purchased_type":["Card"],"build_version":"2020-12-13","purchased_purges":1,"victory":false,"max_hp_per_floor":[48,48,48,48,48,48,48,48,48,48,48,48,48,48,48,48,48,48,48,48,48,48,48,48,48,48,48,48,48,48],"card_choices":[{"not_picked":["PokerPlayerMod:Diamond2","PokerPlayerMod:Spade4"],"picked":"PokerPlayerMod:Diamond5","floor":1.0},{"not_picked":["PokerPlayerMod:Extraction","PokerPlayerMod:Heart2"],"picked":"PokerPlayerMod:Club5","floor":4.0},{"not_picked":["PokerPlayerMod:ClubShade","PokerPlayerMod:Diamond3","PokerPlayerMod:Club2"],"picked":"SKIP","floor":5.0},{"not_picked":["PokerPlayerMod:GamblerForm","PokerPlayerMod:CloakAndDiamond","PokerPlayerMod:DiamondStrike"],"picked":"SKIP","floor":8.0},{"not_picked":["PokerPlayerMod:Club4","PokerPlayerMod:SpadeStrike"],"picked":"PokerPlayerMod:HotShotCut","floor":15.0},{"not_picked":["PokerPlayerMod:WasteCollection","PokerPlayerMod:Spade7"],"picked":"PokerPlayerMod:Club10+","floor":16.0},{"not_picked":["PokerPlayerMod:DiamondStrike","PokerPlayerMod:Configure","PokerPlayerMod:Raise"],"picked":"SKIP","floor":18.0},{"not_picked":["PokerPlayerMod:Spade3","PokerPlayerMod:Trickery","PokerPlayerMod:DiamondStrike"],"picked":"SKIP","floor":19.0},{"not_picked":["PokerPlayerMod:Spade4","PokerPlayerMod:Fold","PokerPlayerMod:Spade2"],"picked":"SKIP","floor":20.0},{"not_picked":["PokerPlayerMod:Club7","PokerPlayerMod:MagicTrick","PokerPlayerMod:ClubDance"],"picked":"SKIP","floor":22.0},{"not_picked":["PokerPlayerMod:DiamondStrike","PokerPlayerMod:Harden","PokerPlayerMod:CardPrinter"],"picked":"SKIP","floor":27.0}],"player_experience":923282,"relics_obtained":[{"floor":8.0,"key":"Runesmith:AutoHammer"},{"floor":9.0,"key":"Dream Catcher"},{"floor":26.0,"key":"Anchor"}],"event_choices":[{"damage_healed":0.0,"max_hp_gain":0.0,"max_hp_loss":0.0,"gold_gain":0.0,"event_name":"Liars Game","player_choice":"Ignored","floor":3.0,"gold_loss":0.0,"damage_taken":0.0},{"damage_healed":0.0,"max_hp_gain":0.0,"max_hp_loss":0.0,"gold_gain":0.0,"event_name":"Living Wall","player_choice":"Grow","floor":7.0,"gold_loss":0.0,"damage_taken":0.0,"cards_upgraded":["PokerPlayerMod:CardPrinter"]},{"damage_healed":0.0,"max_hp_gain":0.0,"max_hp_loss":0.0,"gold_gain":0.0,"event_name":"Addict","player_choice":"Obtained Relic","floor":24.0,"gold_loss":85.0,"damage_taken":0.0,"relics_obtained":["Tiny Chest"]},{"damage_healed":10.0,"max_hp_gain":0.0,"max_hp_loss":0.0,"gold_gain":0.0,"event_name":"The Library","player_choice":"Heal","floor":25.0,"gold_loss":0.0,"damage_taken":0.0}],"is_beta":false,"boss_relics":[{"not_picked":["Snecko Heart","Sozu"],"picked":"SacredBark"}],"items_purged_floors":[13],"is_endless":false,"potions_floor_spawned":[4,5,8,18,19,22,27],"killed_by":"Cultist and Chosen","ascension_level":18}}