{"host":"2i0myh7fqij2ti1z","time":1607911878,"event":{"mods":["Aspiration","BaseMod","Better Third Choice","Colored Powertips","FoggyMod","Highlight Path","Minty Spire (QoL Compilation)","Quick Restart","Random Character Mod","Shop Mod","Spicy Shops","StSLib","The Jungle","Transform Curses","Wandering Minibosses"],"gold_per_floor":[119,119,119,54297,52848,52876,52910,52935,52958,52990,53077,53124,51157,51175,51175,51273,51273,51291,49804,49804,48185,48185,48212,48239,48265,48265,48265,48265,48294,47591,47617,47617,47712,47712,47728,47728,46101,46101,46151,46151,46151,46151,46200,46234,44445,42478,42531,42556,42556,42556],"floor_reached":51,"playtime":3511,"items_purged":["Injury","Burn","Fasting2","CrushJoints","FlyingSleeves","FlyingSleeves","Nirvana","LikeWater","TalkToTheHand","Adaptation","Wireheading","DeceiveReality+1","Blind+1","Perseverance+1"],"score":1141,"play_id":"2ca5e0af-72c8-48a1-9d4a-71317ab1ea24","local_time":"20201214101118","daily_mods":["SealedDeck","Flight","Binary"],"is_ascension_mode":true,"campfire_choices":[{"data":"CrushJoints","floor":15,"key":"SMITH"},{"data":"Fasting2","floor":42,"key":"SMITH"},{"data":"Tantrum","floor":49,"key":"SMITH"}],"circlet_count":0,"master_deck":["ReachHeaven","ClearTheMind+1","Dramatic Entrance+1","Secret Weapon+1","Master of Strategy+1","Fasting2+1","DevaForm+1","CrushJoints+1","Tantrum+1","ConjureBlade+1","WreathOfFlame+1","Meditate+1","Crescendo+1","Tantrum+1","Omniscience+1","Adaptation+1","Metamorphosis+1","ThirdEye+1","MasterReality+1"],"relics":["PureWater","Toxic Egg 2","Nunchaku","Bronze Scales","Toolbox","Singing Bowl","Vajra","Tiny Chest","Cauldron","War Paint","Mummified Hand","StoneCalendar","Frozen Egg 2","Centennial Puzzle","MawBank","Gambling Chip","Medical Kit","Sling","Dream Catcher","aspiration:ChemicalBlood","StrikeDummy","Strawberry","Sozu","ClockworkSouvenir","Lantern","MealTicket","Juzu Bracelet","Shuriken","Frozen Eye","theJungle:BirthdayCakeSlice","aspiration:Nostalgia","Burning Blood","Toy Ornithopter","Gremlin Horn","aspiration:HummingbirdHeart","Whetstone","Lee\u0027s Waffle","Letter Opener","Ancient Tea Set","Omamori","aspiration:HiddenCompartment","PreservedInsect","HornCleat","CaptainsWheel","Damaru","Bag of Marbles","aspiration:ArtOfWarUpgrade","Orrery","Darkstone Periapt","Runic Pyramid","Question Card","Happy Flower","TungstenRod","Chemical X","Blood Vial","PrismaticShard","aspiration:Lifesprig","CloakClasp","Anchor","Eternal Feather","Blue Candle","OrangePellets","CeramicFish","Pear","TeardropLocket","TheAbacus","Ornamental Fan","Meat on the Bone","Boot","HandDrill","Melange","aspiration:AnachronicSnailShell","Orichalcum"],"acts_visited":["Exordium","Exordium","TheBeyond"],"potions_floor_usage":[10],"damage_taken":[{"damage":0,"enemies":"Cultist","floor":1,"turns":3},{"damage":11,"enemies":"Gremlin Nob","floor":6,"turns":3},{"damage":0,"enemies":"Lagavulin","floor":7,"turns":4},{"damage":0,"enemies":"Gremlin Nob","floor":8,"turns":3},{"damage":0,"enemies":"3 Sentries","floor":10,"turns":2},{"damage":3,"enemies":"Gremlin Nob","floor":12,"turns":3},{"damage":0,"enemies":"2 Louse","floor":14,"turns":1},{"damage":20,"enemies":"Hexaghost","floor":16,"turns":3},{"damage":0,"enemies":"Shell Parasite","floor":18,"turns":1},{"damage":0,"enemies":"theJungle:MamaSnecko","floor":23,"turns":2},{"damage":1,"enemies":"theJungle:2_Phrogs","floor":24,"turns":2},{"damage":0,"enemies":"theJungle:MamaSnecko","floor":25,"turns":2},{"damage":0,"enemies":"theJungle:2_Phrogs","floor":29,"turns":1},{"damage":0,"enemies":"theJungle:MamaSnecko","floor":31,"turns":1},{"damage":4,"enemies":"theJungle:TotemBoss","floor":33,"turns":1},{"damage":3,"enemies":"3 Shapes","floor":35,"turns":1},{"damage":0,"enemies":"Mind Bloom Boss Battle","floor":39,"turns":2},{"damage":0,"enemies":"Giant Head","floor":44,"turns":1},{"damage":0,"enemies":"2 Orb Walkers","floor":47,"turns":1},{"damage":6,"enemies":"Time Eater","floor":50,"turns":3}],"seed_played":"-2271164706887567537","potions_obtained":[{"floor":5,"key":"Fire Potion"},{"floor":5,"key":"StancePotion"},{"floor":5,"key":"Regen Potion"},{"floor":10,"key":"Regen Potion"},{"floor":16,"key":"Ambrosia"}],"is_trial":true,"path_per_floor":["M","?","?","$","$","E","E","E","T","E","?","E","$","M","R","B",null,"M","$","?","$","T","E","E","E","T","?","?","E","$","E","R","B",null,"M","?","$","T","?","R","?","R","T","E","$","$","?","T","R","B",null],"character_chosen":"WATCHER","items_purchased":["ClearTheMind+1","Dramatic Entrance","Nunchaku","Bronze Scales","Toolbox","Singing Bowl","Adaptation","Secret Weapon+1","Master of Strategy+1","Vajra","Tiny Chest","Cauldron","Fasting2","War Paint","Blind+1","DevaForm+1","CrushJoints","Tantrum","Medical Kit","Sling","Dream Catcher","aspiration:ChemicalBlood","StrikeDummy","Strawberry","DeceiveReality+1","Meditate+1","ClockworkSouvenir","Lantern","MealTicket","Juzu Bracelet","Shuriken","Frozen Eye","aspiration:Nostalgia","Toy Ornithopter","Gremlin Horn","aspiration:HummingbirdHeart","Whetstone","Lee\u0027s Waffle","Crescendo+1","CaptainsWheel","Damaru","Bag of Marbles","Art of War","Orrery","Question Card","Happy Flower","TungstenRod","Chemical X","Blood Vial","PrismaticShard","Adaptation+1","Metamorphosis+1","Blue Candle","OrangePellets","CeramicFish","Pear","TeardropLocket","TheAbacus","Ornamental Fan","ThirdEye+1","Meat on the Bone","Boot","HandDrill","Melange","aspiration:AnachronicSnailShell","MasterReality+1"],"campfire_rested":0,"item_purchase_floors":[4,4,4,4,4,4,4,4,5,5,5,5,5,5,5,13,13,13,13,13,13,13,13,13,13,19,19,19,19,19,19,19,21,21,21,21,21,21,21,30,30,30,30,30,37,37,37,37,37,37,37,37,45,45,45,45,45,45,46,46,46,46,46,46,46,46],"current_hp_per_floor":[72,72,72,72,72,63,65,67,67,69,58,57,64,66,66,46,91,91,91,96,103,103,105,107,109,109,109,109,111,119,121,121,121,121,123,123,123,123,125,125,125,125,125,127,137,137,139,139,139,139],"gold":42556,"neow_bonus":"","is_daily":false,"chose_seed":false,"campfire_upgraded":3,"win_rate":0.0,"timestamp":1607911878,"path_taken":["M","?","?","$","$","E","E","E","T","E","?","E","$","?","R","BOSS","M","$","?","$","?","E","E","E","T","?","?","E","$","E","R","BOSS","M","?","$","?","?","R","?","R","T","E","$","$","?","?","R","BOSS"],"items_purchased_type":["Card","Card","Relic","Relic","Relic","Relic","Card","Card","Card","Relic","Relic","Relic","Card","Relic","Card","Card","Card","Card","Relic","Relic","Relic","Relic","Relic","Relic","Card","Card","Relic","Relic","Relic","Relic","Relic","Relic","Relic","Relic","Relic","Relic","Relic","Relic","Card","Relic","Relic","Relic","Relic","Relic","Relic","Relic","Relic","Relic","Relic","Relic","Card","Card","Relic","Relic","Relic","Relic","Relic","Relic","Relic","Card","Relic","Relic","Relic","Relic","Relic","Card"],"build_version":"2020-12-13","purchased_purges":14,"victory":true,"max_hp_per_floor":[72,72,72,72,72,74,76,78,78,80,80,82,89,91,91,91,91,91,91,96,103,103,105,107,109,109,109,109,111,119,121,121,121,121,123,123,123,123,125,125,125,125,125,127,137,137,139,139,139,139],"card_choices":[{"not_picked":["JustLucky","EmptyFist"],"picked":"SKIP","floor":1},{"not_picked":["PathToVictory+1","Protect+1"],"picked":"Singing Bowl","floor":6},{"not_picked":["CarveReality","JustLucky"],"picked":"Singing Bowl","floor":7},{"not_picked":["Consecrate","FlyingSleeves"],"picked":"Singing Bowl","floor":8},{"not_picked":["Fasting2+1","MentalFortress+1"],"picked":"Singing Bowl","floor":10},{"not_picked":["Collect+1","Crescendo+1"],"picked":"Singing Bowl","floor":12},{"not_picked":["MentalFortress+1","PathToVictory+1"],"picked":"Singing Bowl","floor":14},{"not_picked":["DevaForm+1"],"picked":"ConjureBlade+1","floor":16},{"not_picked":["EmptyFist+1"],"picked":"WreathOfFlame+1","floor":18},{"not_picked":["PathToVictory+1","Prostrate+1"],"picked":"Singing Bowl","floor":23},{"not_picked":["WaveOfTheHand+1","Evaluate+1"],"picked":"Singing Bowl","floor":24},{"not_picked":["BattleHymn+1","Worship+1"],"picked":"Singing Bowl","floor":25},{"not_picked":["PathToVictory+1","Evaluate+1"],"picked":"Singing Bowl","floor":29},{"not_picked":["ClearTheMind+1","MentalFortress+1"],"picked":"Singing Bowl","floor":30},{"not_picked":["WheelKick+1","JustLucky"],"picked":"Singing Bowl","floor":30},{"not_picked":["Crescendo+1","CutThroughFate"],"picked":"Singing Bowl","floor":30},{"not_picked":["ClearTheMind+1"],"picked":"Tantrum","floor":30},{"not_picked":["JustLucky+1","DeusExMachina+1"],"picked":"Singing Bowl","floor":30},{"not_picked":["BowlingBash","Halt+1"],"picked":"Singing Bowl","floor":31},{"not_picked":["DeusExMachina+1"],"picked":"Omniscience+1","floor":33},{"not_picked":["Protect+1","EmptyBody+1"],"picked":"Singing Bowl","floor":35},{"not_picked":["FollowUp+1","Acrobatics+1","Melter"],"picked":"Singing Bowl","floor":39},{"not_picked":["Meteor Strike","Hemokinesis+1","EmptyFist"],"picked":"Singing Bowl","floor":44},{"not_picked":["Caltrops+1","Entrench+1","Sweeping Beam"],"picked":"Singing Bowl","floor":47}],"player_experience":147338,"relics_obtained":[{"floor":6,"key":"Mummified Hand"},{"floor":7,"key":"StoneCalendar"},{"floor":8,"key":"Frozen Egg 2"},{"floor":9,"key":"Centennial Puzzle"},{"floor":10,"key":"MawBank"},{"floor":12,"key":"Gambling Chip"},{"floor":22,"key":"Letter Opener"},{"floor":23,"key":"Ancient Tea Set"},{"floor":24,"key":"Omamori"},{"floor":25,"key":"aspiration:HiddenCompartment"},{"floor":26,"key":"PreservedInsect"},{"floor":29,"key":"HornCleat"},{"floor":31,"key":"Darkstone Periapt"},{"floor":38,"key":"aspiration:Lifesprig"},{"floor":39,"key":"CloakClasp"},{"floor":43,"key":"Anchor"},{"floor":44,"key":"Eternal Feather"},{"floor":48,"key":"Orichalcum"}],"event_choices":[{"damage_healed":72,"gold_gain":0,"player_choice":"Embrace Burn","damage_taken":0,"max_hp_gain":0,"max_hp_loss":72,"event_name":"betterThird:BetterShining","floor":3,"gold_loss":0},{"damage_healed":0,"gold_gain":75,"player_choice":"Gold","damage_taken":11,"max_hp_gain":0,"max_hp_loss":0,"event_name":"betterThird:BetterGoop","floor":11,"gold_loss":0},{"damage_healed":0,"gold_gain":0,"player_choice":"Bought 0 Potions","damage_taken":0,"max_hp_gain":0,"max_hp_loss":0,"event_name":"The Woman in Blue","floor":27,"gold_loss":0},{"damage_healed":0,"gold_gain":0,"player_choice":"Ignored","damage_taken":0,"max_hp_gain":0,"max_hp_loss":0,"event_name":"Purifier","floor":36,"gold_loss":0},{"damage_healed":0,"gold_gain":0,"player_choice":"Fight","damage_taken":0,"max_hp_gain":0,"max_hp_loss":0,"event_name":"MindBloom","floor":39,"gold_loss":0},{"damage_healed":0,"gold_gain":0,"player_choice":"Ignored","damage_taken":0,"max_hp_gain":0,"max_hp_loss":0,"event_name":"Tomb of Lord Red Mask","floor":41,"gold_loss":0},{"damage_healed":0,"gold_gain":0,"player_choice":"Fight","damage_taken":0,"max_hp_gain":0,"max_hp_loss":0,"event_name":"Mysterious Sphere","floor":47,"gold_loss":0}],"is_beta":false,"boss_relics":[{"not_picked":["Fusion Hammer","aspiration:PoetsPen_weak"],"picked":"Sozu"},{"not_picked":["Empty Cage","Velvet Choker"],"picked":"Runic Pyramid"}],"items_purged_floors":[4,4,5,13,13,19,19,21,21,37,45,45,46,46],"is_endless":false,"potions_floor_spawned":[6,10,14,16,18,24,33,35,47],"ascension_level":1}}