{"host":"wonp23fsqqcu31ie","time":1607928989,"event":{"mods":["2.2 Compatiblity","AchievementEnabler","Aspiration","BaseMod","Better Altar","Better Match","Better Sensory Stone","Better Skull","Better Third Choice","BetterRewards","Block Reminder","Colored Map","Colored Powertips","Conspire","DeckTracker","Displayed Cursed Tome","Downfall","Hermit","Highlight Path","Hubris","Minty Spire (QoL Compilation)","Permanent Neow","Quick Restart","Rare Cards Sparkle","Relic Stats","Replay The Spire","Shade Mod","Shop Mod","StSLib","SuperFastMode","The Animator","The Cursed","The Gatherer","The Necromancer","The Runesmith","The Servant 0.9.4"],"gold_per_floor":[112,132,32,32,32,60,86,114,114,114,125,125,125,142,142,237,237,223,223,239,239,133,133,166,185,185,200,200,239,268,116,116,220,220,336,336,38,50,50,85,85,85,85],"floor_reached":42,"playtime":1503,"items_purged":[],"score":519,"play_id":"76255d11-f7a2-4975-8b8d-f5448cd1e5c5","local_time":"20201214175629","is_ascension_mode":true,"campfire_choices":[{"floor":12,"key":"RECALL"},{"data":"Runesmith:Supernova","floor":15,"key":"SMITH"},{"data":"Replay:SS_hec_1","floor":23,"key":"SMITH"}],"circlet_count":0,"master_deck":["Runesmith:Defend_RS+1","Runesmith:Defend_RS","Runesmith:Defend_RS","Runesmith:Defend_RS","Runesmith:Fortify","Runesmith:EnergizedChisel","Runesmith:FrozenChisel","Ghostly","ReplayTheSpireMod:Armaments MK-II-B+1","Runesmith:ChaoticBlast","Runesmith:RuneHurl","Runesmith:HeatExchange","Runesmith:Supernova+1","Runesmith:CreatorForm","Runesmith:Discharge+1","Bite","Bite","Bite","Bite","Bite","Go for the Eyes+1","Replay:SS_hec_1+1","expansioncontent:GuardianWhirl","Runesmith:ReplicatingBarrier","Barrage+1","Panic Button+1","Runesmith:UnlimitedPower","aspiration:Polymerization+1","Runesmith:CraftProtectio+1","Lockon+1","BasicCrystalCard+1"],"relics":["Burning Blood","m_RuneBlood","Incense Burner","Bag of Preparation","aspiration:HummingbirdHeart","Replay:Wax Seal","aspiration:DefectSkillbook","MerchantsRug","Toy Ornithopter","hubris:Icosahedron","Prayer Wheel","Bottled Tornado","aspiration:ArtOfWarUpgrade","Runesmith:AutoHammer","Cursed Key","StoneCalendar","Replay:Baseball"],"acts_visited":["Exordium","TheCity","TheBeyond"],"potions_floor_usage":[16,16,30,33,33],"damage_taken":[{"damage":0,"enemies":"Small Slimes","floor":1,"turns":4},{"damage":0,"enemies":"Jaw Worm","floor":2,"turns":3},{"damage":16,"enemies":"Gremlin Nob","floor":6,"turns":6},{"damage":18,"enemies":"Lagavulin","floor":8,"turns":9},{"damage":0,"enemies":"2 Louse","floor":11,"turns":2},{"damage":0,"enemies":"Looter","floor":14,"turns":3},{"damage":10,"enemies":"Hexaghost","floor":16,"turns":8},{"damage":0,"enemies":"2 Thieves","floor":18,"turns":4},{"damage":32,"enemies":"Spheric Guardian","floor":20,"turns":6},{"damage":37,"enemies":"Slavers","floor":24,"turns":5},{"damage":1,"enemies":"Snake Plant","floor":25,"turns":6},{"damage":14,"enemies":"Snecko","floor":27,"turns":5},{"damage":37,"enemies":"conspire:MimicChest","floor":29,"turns":10},{"damage":30,"enemies":"Gremlin Leader","floor":30,"turns":8},{"damage":47,"enemies":"Collector","floor":33,"turns":12},{"damage":18,"enemies":"3 Shapes","floor":35,"turns":5},{"damage":7,"enemies":"Orb Walker","floor":38,"turns":4},{"damage":21,"enemies":"R_Hoarder","floor":40,"turns":8},{"damage":56,"enemies":"Giant Head","floor":42,"turns":8}],"seed_played":"780219971853945553","potions_obtained":[{"floor":2,"key":"Elixir"},{"floor":8,"key":"Cursed Concoction"},{"floor":14,"key":"BlessingOfTheForge"},{"floor":18,"key":"Elixir"},{"floor":29,"key":"Adrenaline Potion"},{"floor":30,"key":"FearPotion"},{"floor":33,"key":"PowerPotion"},{"floor":35,"key":"LiquidMemories"}],"is_trial":false,"path_per_floor":["M","M","?","?","?","E","T","E","T","?","M","R","T","M","R","B",null,"M","?","M","?","$","R","E","M","T","M","?","?","E","$","R","B",null,"M","?","$","M","$","E","R","E"],"character_chosen":"RUNESMITH_CLASS","items_purchased":["MerchantsRug","Runesmith:AutoHammer","StoneCalendar"],"campfire_rested":0,"item_purchase_floors":[22,31,37],"current_hp_per_floor":[70,70,70,70,70,63,63,54,54,54,63,63,63,70,70,69,70,70,49,34,34,34,34,10,28,28,33,33,13,27,27,27,15,49,46,46,46,49,49,47,47,0,0],"gold":85,"neow_bonus":"NOSTALGIA","is_daily":false,"chose_seed":false,"campfire_upgraded":2,"win_rate":0.0,"timestamp":1607928989,"path_taken":["M","M","?","?","?","E","?","E","T","?","M","R","?","M","R","BOSS","M","?","M","?","?","R","E","?","T","M","?","?","E","$","R","BOSS","M","?","$","M","$","E","R","E"],"items_purchased_type":["Relic","Relic","Relic"],"build_version":"2020-12-13","purchased_purges":0,"victory":false,"max_hp_per_floor":[70,70,70,70,70,70,70,70,70,70,70,70,70,70,70,70,70,70,49,49,49,49,49,49,49,49,49,49,49,49,49,49,49,49,49,49,49,49,49,49,49,49,49],"relic_stats":{"counters":[61,330],"Prayer Wheel":2,"StoneCalendar":[104],"Bag of Preparation":[32],"Cursed Key":0,"obtain_stats":[{"Vajra":9,"Bottled Tornado":29,"sneckomod:SneckoSoul":30,"Ring of Searing":14,"Honey Jar":34,"Prayer Wheel":29,"aspiration:ArtOfWarUpgrade":41,"Toxic Egg 2":30,"Replay:Wax Seal":13,"MerchantsRug":10,"Runesmith:BrokenRuby":0,"Pear":40,"Happy Flower":8,"ReplayTheSpireMod:CursedCoin":10,"aspiration:Nostalgia":0,"Replay:Grab Bag":17,"hubris:SphereOfDissonance":12,"aspiration:SeaSaltIceCream":30,"Replay:Baseball":40,"MutagenicStrength":20,"hubris:PeanutButter":42,"Black Star":17,"ReplayTheSpireMod:TigerMarble":8,"hubris:TenFootPole":12,"Meat on the Bone":9,"ReplayFunnel":3,"ReplayTheSpireMod:Ring of Exchange":14,"Regal Pillow":36,"StoneCalendar":37,"hubris:SlimyHat":22,"Incense Burner":6,"Bag of Preparation":7,"hubris:RunicObelisk":17,"Replay:Mystery Machine":6,"Cursed Key":34,"Burning Blood":0,"SsserpentHead":11,"Nunchaku":10,"hubris:Icosahedron":46,"aspiration:DefectSkillbook":17,"Tiny Chest":6,"Potion Belt":8,"Runesmith:Nanobots":40,"Golden Idol":7,"Quantum Egg":36,"aspiration:HummingbirdHeart":9,"aspiration:SecretTechniqueScroll":17,"Runesmith:EmergencyProvisions":13,"hubris:Towel":37,"CaptainsWheel":26,"Busted Crown":17,"Runesmith:UraniumAnvil":17,"Orrery":17,"Art of War":47,"Bottled Lightning":24,"Membership Card":36,"Runesmith:AutoHammer":31,"Toy Ornithopter":24,"m_RuneBlood":8},{"Vajra":13,"Bottled Tornado":55,"sneckomod:SneckoSoul":21,"Ring of Searing":37,"Honey Jar":23,"Prayer Wheel":55,"aspiration:ArtOfWarUpgrade":60,"Toxic Egg 2":21,"Replay:Wax Seal":47,"MerchantsRug":4,"Runesmith:BrokenRuby":0,"Pear":25,"Happy Flower":13,"ReplayTheSpireMod:CursedCoin":4,"aspiration:Nostalgia":42,"Replay:Grab Bag":15,"hubris:SphereOfDissonance":4,"aspiration:SeaSaltIceCream":21,"Replay:Baseball":60,"MutagenicStrength":9,"hubris:PeanutButter":25,"Black Star":15,"ReplayTheSpireMod:TigerMarble":34,"hubris:TenFootPole":36,"Meat on the Bone":4,"ReplayFunnel":1,"ReplayTheSpireMod:Ring of Exchange":37,"Regal Pillow":24,"StoneCalendar":58,"hubris:SlimyHat":9,"Incense Burner":45,"Bag of Preparation":45,"hubris:RunicObelisk":7,"Replay:Mystery Machine":33,"Cursed Key":57,"Burning Blood":42,"SsserpentHead":4,"Nunchaku":13,"hubris:Icosahedron":26,"aspiration:DefectSkillbook":49,"Tiny Chest":4,"Potion Belt":46,"Runesmith:Nanobots":25,"Golden Idol":4,"Quantum Egg":24,"aspiration:HummingbirdHeart":46,"aspiration:SecretTechniqueScroll":15,"Runesmith:EmergencyProvisions":5,"hubris:Towel":24,"CaptainsWheel":19,"Busted Crown":15,"Runesmith:UraniumAnvil":15,"Orrery":38,"Art of War":27,"Bottled Lightning":19,"Membership Card":24,"Runesmith:AutoHammer":56,"Toy Ornithopter":52,"m_RuneBlood":4},{"Vajra":77,"Bottled Tornado":286,"sneckomod:SneckoSoul":113,"Ring of Searing":192,"Honey Jar":126,"Prayer Wheel":280,"aspiration:ArtOfWarUpgrade":322,"Toxic Egg 2":113,"Replay:Wax Seal":239,"MerchantsRug":16,"Runesmith:BrokenRuby":0,"Pear":138,"Happy Flower":77,"ReplayTheSpireMod:CursedCoin":16,"aspiration:Nostalgia":215,"Replay:Grab Bag":88,"hubris:SphereOfDissonance":16,"aspiration:SeaSaltIceCream":113,"Replay:Baseball":322,"MutagenicStrength":61,"hubris:PeanutButter":138,"Black Star":88,"ReplayTheSpireMod:TigerMarble":187,"hubris:TenFootPole":190,"Meat on the Bone":16,"ReplayFunnel":4,"ReplayTheSpireMod:Ring of Exchange":192,"Regal Pillow":129,"StoneCalendar":311,"hubris:SlimyHat":61,"Incense Burner":228,"Bag of Preparation":228,"hubris:RunicObelisk":45,"Replay:Mystery Machine":180,"Cursed Key":306,"Burning Blood":215,"SsserpentHead":16,"Nunchaku":77,"hubris:Icosahedron":141,"aspiration:DefectSkillbook":250,"Tiny Chest":16,"Potion Belt":237,"Runesmith:Nanobots":138,"Golden Idol":16,"Quantum Egg":129,"aspiration:HummingbirdHeart":237,"aspiration:SecretTechniqueScroll":88,"Runesmith:EmergencyProvisions":30,"hubris:Towel":129,"CaptainsWheel":104,"Busted Crown":88,"Runesmith:UraniumAnvil":88,"Orrery":199,"Art of War":145,"Bottled Lightning":104,"Membership Card":129,"Runesmith:AutoHammer":294,"Toy Ornithopter":265,"m_RuneBlood":16}],"Burning Blood":90,"Toy Ornithopter":15},"card_choices":[{"not_picked":["Runesmith:HammerThrow","Runesmith:CraftMagma"],"picked":"Runesmith:EnergizedChisel","floor":1},{"not_picked":["Runesmith:StaticCage","Runesmith:ChiselStab"],"picked":"Runesmith:FrozenChisel","floor":2},{"not_picked":["Runesmith:MakeshiftArmor","Runesmith:LastStand"],"picked":"Runesmith:ChaoticBlast","floor":6},{"not_picked":["Runesmith:ChargedHammer","Runesmith:HammerAndChisel"],"picked":"Runesmith:RuneHurl","floor":8},{"not_picked":["Runesmith:HeatedChisel","Runesmith:EarthShield"],"picked":"Runesmith:HeatExchange","floor":11},{"not_picked":["Runesmith:UnstableHammer","Runesmith:HammerAndChisel"],"picked":"Runesmith:Supernova","floor":14},{"not_picked":["Runesmith:Supernova","Runesmith:CraftPrismatica"],"picked":"Runesmith:CreatorForm","floor":16},{"not_picked":["Runesmith:Grindstone","Rebound","Runesmith:EarthShield+1"],"picked":"Runesmith:Discharge+1","floor":18},{"not_picked":["Hologram","Runesmith:ShiftingStrike","ReplayTheSpireMod:Repulse+1"],"picked":"Go for the Eyes+1","floor":20},{"not_picked":["expansioncontent:SlimeTackle","expansioncontent:HyperBeam","Replay:SS_hec_2"],"picked":"Replay:SS_hec_1","floor":21},{"not_picked":["HandOfGreed","Trip","Replay:SS_fish_1"],"picked":"expansioncontent:GuardianWhirl","floor":21},{"not_picked":["Runesmith:EnergizedChisel+1","hubris:Ukulele","Runesmith:NanitesCloud"],"picked":"Runesmith:ReplicatingBarrier","floor":24},{"not_picked":["Skim+1","Runesmith:Overpower","Runesmith:HeatedChisel","Runesmith:ChaoticBlast"],"picked":"SKIP","floor":25},{"not_picked":["ReplayTheSpireMod:Reroute Power","Runesmith:HeatedChisel","Runesmith:CraftVitae","Go for the Eyes+1"],"picked":"SKIP","floor":27},{"not_picked":["Streamline","Sweeping Beam","ReplayTheSpireMod:Repulse"],"picked":"Barrage+1","floor":29},{"not_picked":["Runesmith:Supernova","Runesmith:EarthShield","Runesmith:EnergizedChisel"],"picked":"Panic Button+1","floor":30},{"not_picked":["Runesmith:Duplicate","Runesmith:MetallurgicalResearch","Reboot"],"picked":"Runesmith:UnlimitedPower","floor":33},{"not_picked":["Doom and Gloom","BasicCrystalCard","Runesmith:EarthShield+1"],"picked":"aspiration:Polymerization+1","floor":35},{"not_picked":["Rip and Tear+1","Runesmith:HeatedChisel","Runesmith:HeatExchange"],"picked":"Runesmith:CraftProtectio+1","floor":35},{"not_picked":["Rebound","Runesmith:HammerTime+1","Runesmith:OneForEveryone+1"],"picked":"Lockon+1","floor":38},{"not_picked":["Beam Cell+1","Runesmith:HeatExchange+1","Runesmith:Reinforce+1"],"picked":"BasicCrystalCard+1","floor":38},{"not_picked":["Ball Lightning","Runesmith:Overpower","Runesmith:Attraction","Runesmith:EarthShield"],"picked":"SKIP","floor":40}],"player_experience":607581,"relics_obtained":[{"floor":6,"key":"Incense Burner"},{"floor":7,"key":"Bag of Preparation"},{"floor":8,"key":"Potion Belt"},{"floor":9,"key":"aspiration:HummingbirdHeart"},{"floor":13,"key":"Replay:Wax Seal"},{"floor":24,"key":"Toy Ornithopter"},{"floor":29,"key":"Bottled Tornado"},{"floor":30,"key":"Art of War"},{"floor":40,"key":"Replay:Baseball"}],"event_choices":[{"damage_healed":0,"gold_gain":0,"player_choice":"Argue","damage_taken":0,"max_hp_gain":0,"max_hp_loss":0,"event_name":"conspire:LoneGhost","floor":3,"gold_loss":0},{"damage_healed":0,"gold_gain":0,"player_choice":"Grow","damage_taken":0,"max_hp_gain":0,"max_hp_loss":0,"event_name":"Living Wall","floor":5,"gold_loss":0,"cards_upgraded":["ReplayTheSpireMod:Armaments MK-II-B"]},{"damage_healed":0,"gold_gain":0,"player_choice":"Became a vampire","damage_taken":0,"max_hp_gain":0,"max_hp_loss":21,"event_name":"Vampires","floor":19,"gold_loss":0,"cards_obtained":["Bite","Bite","Bite","Bite","Bite"]},{"damage_healed":0,"gold_gain":2,"player_choice":"1","damage_taken":0,"max_hp_gain":0,"max_hp_loss":0,"event_name":"betterStone:BetterStone","floor":21,"gold_loss":0},{"damage_healed":0,"gold_gain":0,"player_choice":"Leave","damage_taken":0,"max_hp_gain":0,"max_hp_loss":0,"event_name":"conspire:Investor","floor":36,"gold_loss":0}],"is_beta":false,"boss_relics":[{"not_picked":["Runesmith:PocketReactor","ChewingGum"],"picked":"aspiration:DefectSkillbook"},{"not_picked":["Sozu","Empty Cage"],"picked":"Cursed Key"}],"items_purged_floors":[],"is_endless":false,"potions_floor_spawned":[2,8,14,18,29,30,33,35],"killed_by":"Giant Head","ascension_level":1}}