{"host":"3mdjmozz5rahgtdc","time":1607941853,"event":{"mods":["AchievementEnabler","BaseMod","Better Silent Start","Better-Laid Plans","Colored Map","Colored Powertips","Custom Start","DeckTracker","KOR Keyword Fix","Minty Spire (QoL Compilation)","Permanent Neow","Quick Restart","StSLib","SuperFastMode"],"gold_per_floor":[110,35,48,59,59,59,92,92,92,92,92,92],"floor_reached":11,"playtime":193,"items_purged":["Shame"],"score":85,"play_id":"654cba06-6cd6-474c-99d0-af0ad2baf28b","local_time":"20201214193053","is_ascension_mode":true,"campfire_choices":[{"data":"Eruption","floor":6,"key":"SMITH"},{"data":"Vault","floor":10,"key":"SMITH"}],"circlet_count":0,"master_deck":["Strike_P","Strike_P","Strike_P","Strike_P","Defend_P","Defend_P","Defend_P","Defend_P","Eruption+1","Vigilance","BowlingBash","Vault+1","Injury"],"relics":["PureWater","Dead Branch","Darkstone Periapt","White Beast Statue","Golden Idol","Meat on the Bone"],"acts_visited":["Exordium"],"potions_floor_usage":[7,11],"damage_taken":[{"damage":2,"enemies":"Cultist","floor":1,"turns":4},{"damage":10,"enemies":"Small Slimes","floor":3,"turns":5},{"damage":6,"enemies":"Jaw Worm","floor":4,"turns":4},{"damage":16,"enemies":"Gremlin Nob","floor":7,"turns":3},{"damage":58,"enemies":"Lagavulin","floor":11,"turns":7}],"seed_played":"-6311972736966648073","potions_obtained":[{"floor":4,"key":"LiquidMemories"},{"floor":7,"key":"GamblersBrew"}],"is_trial":false,"path_per_floor":["M","$","M","M","?","R","E","?","T","R","E"],"character_chosen":"WATCHER","items_purchased":[],"campfire_rested":0,"item_purchase_floors":[],"current_hp_per_floor":[70,70,60,54,51,51,35,41,41,41,0,0],"gold":92,"neow_bonus":"ONE_RARE_RELIC","is_daily":false,"chose_seed":false,"campfire_upgraded":2,"win_rate":0.0,"timestamp":1607941853,"path_taken":["M","?","M","M","?","R","E","?","T","R","E"],"items_purchased_type":[],"build_version":"2020-12-13","purchased_purges":1,"victory":false,"max_hp_per_floor":[72,72,72,72,72,72,72,78,78,78,78,78],"card_choices":[{"not_picked":["ThirdEye","Protect","Halt"],"picked":"SKIP","floor":1},{"not_picked":["Prostrate","Consecrate","FlyingSleeves"],"picked":"SKIP","floor":3},{"not_picked":["EmptyBody","Halt"],"picked":"BowlingBash","floor":4},{"not_picked":["FlurryOfBlows","Crescendo"],"picked":"Vault","floor":7}],"player_experience":278677,"relics_obtained":[{"floor":7,"key":"White Beast Statue"},{"floor":9,"key":"Meat on the Bone"}],"event_choices":[{"damage_healed":0,"gold_gain":0,"player_choice":"Success","damage_taken":3,"relics_obtained":["Darkstone Periapt"],"max_hp_gain":0,"max_hp_loss":0,"event_name":"Scrap Ooze","floor":5,"gold_loss":0},{"damage_healed":0,"gold_gain":0,"player_choice":"Take Wound","damage_taken":0,"relics_obtained":["Golden Idol"],"max_hp_gain":0,"max_hp_loss":0,"event_name":"Golden Idol","floor":8,"gold_loss":0,"cards_obtained":["Injury"]}],"is_beta":false,"boss_relics":[],"items_purged_floors":[2],"is_endless":false,"potions_floor_spawned":[4,7],"killed_by":"Lagavulin","ascension_level":4}}