{"host":"zuf44wbx6j0c4h1p","time":1607921088,"event":{"mods":["2.2 Compatiblity","AchievementEnabler","Act Like it!","Aspiration","Bartender","BaseMod","Beaked The Cultist","Better Altar","Better Match","Better Note","Better Sensory Stone","Better Skull","Better Vampires","BetterRewards","Card Filter","CatGirl Mod","ChefMod","Conspire","Displayed Cursed Tome","Downfall","Friendly Minions","GungeonMod","Halation","Hermit","Hubris","Infinite Spire","Ironclad Rager","Jedi Mod","Jorbs\u0027s Wanderer Trilogy","Marisa????????","Marked Mod","Minty Spire (QoL Compilation)","Pale of the Ancients","Permanent Neow","Potionbrewer","QueenMod","Quick Restart","Replay The Spire","Robot Space Explorer","SCP261 Mod","Shedinja","Shop Mod","Spicy Shops","StSLib","Steal the Spire","The Alterego","The Animator","The Bug Knight","The Dragon Tamer","The Fake Hero","The Hierophant","The Kombatant","The Poker Player","The Sage","The Senshi","The Servant 0.9.4","The Spell Scribe","The Vixen","The Wild Card","TheBandit","TheSwordswoman","TheVacant","Uncapped","thorton","vexMod"],"gold_per_floor":[118,131,131,146,246,246,257,257,257,257,257],"floor_reached":10,"playtime":523,"items_purged":[],"score":58,"play_id":"34db3c69-549d-4b18-b231-da9fd0ca5108","local_time":"20201213224448","is_ascension_mode":false,"campfire_choices":[{"floor":6,"key":"RECALL"}],"circlet_count":0,"master_deck":["blazmod:Strike","blazmod:Strike","blazmod:Strike","blazmod:Defend","blazmod:Defend","blazmod:Defend","blazmod:Defend","blazmod:ButterflyEffect","blazmod:Kyokasuigetsu","blazmod:BlindBlade","blazmod:FleetingDawn","hubris:NaturalOne","blazmod:MentalFocus","blazmod:MentalFocus"],"relics":["blazmod:Venustas","hubris:Icosahedron","Meat on the Bone"],"acts_visited":["Exordium"],"potions_floor_usage":[10,10],"damage_taken":[{"damage":1,"enemies":"2 Louse","floor":1,"turns":2},{"damage":1,"enemies":"Jaw Worm","floor":2,"turns":4},{"damage":0,"enemies":"Cultist","floor":4,"turns":3},{"damage":15,"enemies":"Blue Slaver","floor":7,"turns":5},{"damage":27,"enemies":"Gremlin Nob","floor":10,"turns":3}],"seed_played":"5504916436804332047","potions_obtained":[{"floor":1,"key":"Toxic Potion"},{"floor":2,"key":"potionbrewer:DiscountPotion"},{"floor":4,"key":"Milkshake"}],"is_trial":false,"path_per_floor":["M","M","?","M","?","R","M","?","T","E"],"character_chosen":"THE_SWORDSWOMAN","items_purchased":[],"campfire_rested":0,"item_purchase_floors":[],"current_hp_per_floor":[39,38,38,38,38,38,23,23,23,0,0],"gold":257,"neow_bonus":"REMOVE_CARD","is_daily":false,"chose_seed":false,"campfire_upgraded":0,"win_rate":0.0,"timestamp":1607921088,"path_taken":["M","M","?","M","?","R","?","?","T","E"],"items_purchased_type":[],"build_version":"2020-12-13","purchased_purges":0,"victory":false,"max_hp_per_floor":[40,40,40,40,40,40,40,40,40,40,40],"card_choices":[{"not_picked":["blazmod:QuickBlade","blazmod:StanceChange"],"picked":"blazmod:BlindBlade","floor":1},{"not_picked":["blazmod:Crosscut","blazmod:QuickBlade"],"picked":"blazmod:FleetingDawn","floor":2},{"not_picked":["blazmod:FocusThroughFalls","blazmod:KatanaStrike"],"picked":"blazmod:MentalFocus","floor":4},{"not_picked":["blazmod:FlashRock","blazmod:BoulderFlash"],"picked":"blazmod:MentalFocus","floor":7}],"player_experience":407740,"relics_obtained":[{"floor":9,"key":"Meat on the Bone"}],"event_choices":[{"damage_healed":0,"gold_gain":100,"player_choice":"Pray","damage_taken":0,"max_hp_gain":0,"max_hp_loss":0,"event_name":"Golden Shrine","floor":5,"gold_loss":0}],"is_beta":false,"boss_relics":[],"items_purged_floors":[],"is_endless":false,"potions_floor_spawned":[1,2,4,7],"killed_by":"Gremlin Nob","ascension_level":0}}