{"host":"j4g6ia6asvpyu2b0","time":1607968333,"event":{"mods":["BaseMod","Colored Map","Minty Spire (QoL Compilation)","Permanent Neow","Quick Restart","Relic Stats","StSLib","Unceasing Turn Reminder"],"gold_per_floor":[11,28,43,318,333,361,361,375,423,449,449,473,491,491,491],"floor_reached":14,"playtime":350,"items_purged":[],"score":114,"play_id":"2492be18-4ac7-4ab3-8a8b-2fa32b74683b","local_time":"20201214105213","is_ascension_mode":true,"campfire_choices":[{"data":"Aggregate","floor":7,"key":"SMITH"}],"circlet_count":0,"master_deck":["Strike_B","Strike_B","Strike_B","Strike_B","Defend_B","Defend_B","Defend_B","Defend_B","Zap","Dualcast","Master of Strategy","Ball Lightning","Aggregate+1","Static Discharge","Regret","Meteor Strike","Conserve Battery","Ball Lightning","Buffer","Go for the Eyes+1","FTL+1"],"relics":["Cracked Core","White Beast Statue","Molten Egg 2","Golden Idol"],"acts_visited":["Exordium"],"potions_floor_usage":[6,10,12,13,14,14],"damage_taken":[{"damage":5,"enemies":"Small Slimes","floor":1,"turns":3},{"damage":0,"enemies":"Cultist","floor":2,"turns":2},{"damage":4,"enemies":"2 Louse","floor":3,"turns":2},{"damage":8,"enemies":"2 Fungi Beasts","floor":5,"turns":3},{"damage":10,"enemies":"Lagavulin","floor":6,"turns":5},{"damage":27,"enemies":"Large Slime","floor":8,"turns":5},{"damage":17,"enemies":"3 Sentries","floor":10,"turns":4},{"damage":2,"enemies":"Exordium Thugs","floor":12,"turns":4},{"damage":0,"enemies":"Looter","floor":13,"turns":1},{"damage":4,"enemies":"Gremlin Nob","floor":14,"turns":1}],"seed_played":"6550013802418069279","potions_obtained":[{"floor":2,"key":"Block Potion"},{"floor":6,"key":"Swift Potion"},{"floor":8,"key":"DistilledChaos"},{"floor":10,"key":"AttackPotion"},{"floor":12,"key":"PowerPotion"},{"floor":13,"key":"Energy Potion"}],"is_trial":false,"path_per_floor":["M","M","M","?","M","E","R","M","T","E","?","M","M","E"],"character_chosen":"DEFECT","items_purchased":[],"campfire_rested":0,"item_purchase_floors":[],"current_hp_per_floor":[70,70,66,66,58,48,48,21,21,4,4,2,2,0,0],"gold":491,"neow_bonus":"RANDOM_COLORLESS_2","is_daily":false,"chose_seed":false,"campfire_upgraded":1,"win_rate":0.0,"timestamp":1607968333,"path_taken":["M","M","M","?","?","E","R","M","T","E","?","M","M","E"],"items_purchased_type":[],"build_version":"2020-12-13","purchased_purges":0,"victory":false,"max_hp_per_floor":[75,75,75,75,75,75,75,75,75,75,69,69,69,69,69],"relic_stats":{"counters":[10,30],"Golden Idol":9,"obtain_stats":[{"Golden Idol":11,"Molten Egg 2":10,"Cracked Core":0,"White Beast Statue":6},{"Golden Idol":7,"Molten Egg 2":7,"Cracked Core":0,"White Beast Statue":5},{"Golden Idol":24,"Molten Egg 2":24,"Cracked Core":0,"White Beast Statue":15}]},"card_choices":[{"not_picked":["Panache","Chrysalis"],"picked":"Master of Strategy","floor":0},{"not_picked":["Coolheaded","Loop"],"picked":"Ball Lightning","floor":1},{"not_picked":["Hologram","Conserve Battery"],"picked":"Aggregate","floor":2},{"not_picked":["Rebound","Compile Driver"],"picked":"Static Discharge","floor":3},{"not_picked":["Redo","Hologram"],"picked":"Meteor Strike","floor":5},{"not_picked":["Scrape","Leap"],"picked":"Conserve Battery","floor":6},{"not_picked":["Redo","Stack"],"picked":"Ball Lightning","floor":8},{"not_picked":["Rebound+1","Reprogram"],"picked":"Buffer","floor":10},{"not_picked":["Steam","Consume"],"picked":"Go for the Eyes+1","floor":12},{"not_picked":["Recycle","Leap"],"picked":"FTL+1","floor":13}],"player_experience":650656,"relics_obtained":[{"floor":6,"key":"White Beast Statue"},{"floor":10,"key":"Molten Egg 2"}],"event_choices":[{"damage_healed":0,"gold_gain":275,"player_choice":"Desecrate","damage_taken":0,"max_hp_gain":0,"max_hp_loss":0,"event_name":"Golden Shrine","floor":4,"gold_loss":0,"cards_obtained":["Regret"]},{"damage_healed":0,"gold_gain":0,"player_choice":"Lose Max HP","damage_taken":0,"relics_obtained":["Golden Idol"],"max_hp_gain":0,"max_hp_loss":6,"event_name":"Golden Idol","floor":11,"gold_loss":0}],"is_beta":false,"boss_relics":[],"items_purged_floors":[],"is_endless":false,"potions_floor_spawned":[2,6,8,10,12,13],"killed_by":"Gremlin Nob","ascension_level":2}}