{"host":"jak4ncvfzor9mys0","time":1607971151,"event":{"mods":["2.2 Compatiblity","AchievementEnabler","BaseMod","Better Altar","Better Match","Better Note","Better Sensory Stone","Better Skull","Better Third Choice","BetterRewards","Block Reminder","Colored Map","Colored Powertips","Energized Spire","Gold Saver","Hubris","Infinite Spire","Key Reminder","Minty Spire (QoL Compilation)","Rare Cards Sparkle","Red Circlet Mod","Relic Sorter","Relic Stats","Replay The Spire","Retaliation","StSLib","SuperFastMode","The Blue Laboratory"],"gold_per_floor":[434,448,191,203,213,213,244,263,339,339,339,354,354,371,371,371,371],"floor_reached":16,"playtime":429,"items_purged":["Strike_R","Strike_R"],"score":154,"play_id":"746fb857-bddf-49fe-90a8-999a834a3792","local_time":"20201214103911","is_ascension_mode":false,"campfire_choices":[{"data":"Hemokinesis","floor":6,"key":"SMITH"},{"floor":13,"key":"REST"},{"data":"Seeing Red","floor":15,"key":"SMITH"}],"circlet_count":0,"master_deck":["Strike_R","Strike_R","Strike_R","Defend_R","Defend_R","Defend_R","Defend_R","Bash","Twin Strike","Seeing Red+1","ReplayTheSpireMod:LeadingStrike+1","Shrug It Off","Hemokinesis+1","Twin Strike"],"relics":["Burning Blood","Orrery","infinitespire:BottledMercury","Replay:Ringing Soul"],"acts_visited":["Exordium"],"potions_floor_usage":[],"damage_taken":[{"damage":4,"enemies":"Cultist","floor":1,"turns":4},{"damage":5,"enemies":"Small Slimes","floor":2,"turns":3},{"damage":3,"enemies":"2 Louse","floor":4,"turns":2},{"damage":21,"enemies":"Blue Slaver","floor":5,"turns":3},{"damage":39,"enemies":"Lagavulin","floor":7,"turns":6},{"damage":10,"enemies":"Red Slaver","floor":8,"turns":2},{"damage":5,"enemies":"2 Fungi Beasts","floor":12,"turns":3},{"damage":2,"enemies":"Looter","floor":14,"turns":3},{"damage":60,"enemies":"Fading Forest","floor":16,"turns":10}],"seed_played":"-424660397449255213","potions_obtained":[{"floor":8,"key":"FearPotion"}],"is_trial":false,"path_per_floor":["M","M","$","M","M","R","E","M","T","?","?","M","R","M","R","B"],"character_chosen":"IRONCLAD","items_purchased":["Twin Strike","Orrery"],"campfire_rested":1,"item_purchase_floors":[0,3],"current_hp_per_floor":[80,80,80,80,65,65,32,28,28,28,28,29,53,57,57,0,0],"gold":371,"neow_bonus":"","is_daily":false,"chose_seed":false,"campfire_upgraded":2,"win_rate":0.0,"timestamp":1607971151,"path_taken":["M","M","$","M","M","R","E","?","T","?","?","?","R","M","R","BOSS"],"items_purchased_type":["Card","Relic"],"build_version":"2020-12-13","purchased_purges":2,"victory":false,"max_hp_per_floor":[80,80,80,80,80,80,80,80,80,80,80,80,80,80,80,80,80],"relic_stats":{"counters":[107,409],"obtain_stats":[{"infinitespire:BottledMercury":7,"hubris:CrystalStatue":81,"CeramicFish":20,"Vajra":20,"Ginger":25,"Boot":10,"Sling":2,"Blood Vial":9,"Replay:Ringing Soul":9,"Centennial Puzzle":8,"infinitespire:ShieldingShard":8,"HornCleat":29,"Strawberry":30,"Prayer Wheel":76,"MealTicket":138,"HandDrill":29,"Toxic Egg 2":12,"hubris:TinFlute":132,"Runic Cube":68,"Happy Flower":29,"Oddly Smooth Stone":4,"infinitespire:Beetle Shell":104,"Pen Nib":129,"hubris:HollowSoul":136,"Akabeko":104,"OrangePellets":44,"SlaversCollar":116,"Replay:Baseball":0,"Shuriken":131,"Bronze Scales":74,"Simple Rune":23,"hubris:ToyBattleship":94,"hubris:TenFootPole":0,"Black Star":17,"ReplayTheSpireMod:DimensionalGlitch":17,"Unceasing Top":99,"infinitespire:PuzzleCube":0,"ReplayFunnel":23,"Regal Pillow":0,"Singing Bowl":64,"SacredBark":90,"Blue Doll":98,"King of Hearts":61,"Bag of Preparation":26,"hubris:SlimyHat":44,"Juzu Bracelet":44,"Ancient Tea Set":156,"Burning Blood":0,"Replay:Rubber Ducky":43,"ClockworkSouvenir":82,"Dream Catcher":6,"Nunchaku":26,"Replay:Bandana":92,"Matryoshka":9,"Chameleon Ring":37,"TheAbacus":56,"Mummified Hand":48,"hubris:ScarierMask":51,"Tiny Chest":3,"WingedGreaves":87,"hubris:FunFungus":109,"hubris:CuriousFeather":147,"Replay:Lucky Slots":147,"hubris:ChampionShield":105,"Paper Frog":128,"Potion Belt":47,"Gremlin Food":60,"hubris:DisguiseKit":12,"Lee\u0027s Waffle":12,"ReplayTheSpireMod:Ninjato":12,"NeowsBlessing":0,"hubris:64BitClover":57,"Quantum Egg":152,"PreservedInsect":26,"hubris:MedicalManual":0,"infinitespire:CheckeredPen":40,"infinitespire:Lucky Rock":144,"Frozen Egg 2":37,"Orichalcum":89,"energizedSpire:DeadBattery":17,"MawBank":110,"Mercury Hourglass":22,"Anchor":56,"infinitespire:WardingShard":64,"hubris:Spice":11,"Orrery":3,"Bag of Marbles":71,"Snack Pack":111,"Art of War":115,"Membership Card":21,"Bottled Lightning":82,"Champion Belt":138,"Toy Ornithopter":29,"FossilizedHelix":82,"infinitespire:Midas Blood":0,"hubris:BottledRain":14},{"infinitespire:BottledMercury":103,"hubris:CrystalStatue":55,"CeramicFish":26,"Vajra":26,"Ginger":29,"Boot":22,"Sling":88,"Blood Vial":5,"Replay:Ringing Soul":104,"Centennial Puzzle":5,"infinitespire:ShieldingShard":21,"HornCleat":30,"Strawberry":31,"Prayer Wheel":53,"MealTicket":80,"HandDrill":30,"Toxic Egg 2":22,"hubris:TinFlute":77,"Runic Cube":49,"Happy Flower":14,"Oddly Smooth Stone":2,"infinitespire:Beetle Shell":65,"Pen Nib":75,"hubris:HollowSoul":79,"Akabeko":65,"OrangePellets":39,"SlaversCollar":69,"Replay:Baseball":87,"Shuriken":76,"Bronze Scales":52,"Simple Rune":11,"hubris:ToyBattleship":61,"hubris:TenFootPole":87,"Black Star":95,"ReplayTheSpireMod:DimensionalGlitch":7,"Unceasing Top":63,"infinitespire:PuzzleCube":87,"ReplayFunnel":28,"Regal Pillow":87,"Singing Bowl":48,"SacredBark":60,"Blue Doll":63,"King of Hearts":46,"Bag of Preparation":12,"hubris:SlimyHat":39,"Juzu Bracelet":39,"Ancient Tea Set":86,"Burning Blood":0,"Replay:Rubber Ducky":39,"ClockworkSouvenir":55,"Dream Catcher":4,"Nunchaku":29,"Replay:Bandana":61,"Matryoshka":21,"Chameleon Ring":34,"TheAbacus":44,"Mummified Hand":41,"hubris:ScarierMask":42,"Tiny Chest":18,"WingedGreaves":59,"hubris:FunFungus":66,"hubris:CuriousFeather":83,"Replay:Lucky Slots":83,"hubris:ChampionShield":66,"Paper Frog":74,"Potion Belt":41,"Gremlin Food":46,"hubris:DisguiseKit":22,"Lee\u0027s Waffle":22,"ReplayTheSpireMod:Ninjato":6,"NeowsBlessing":0,"hubris:64BitClover":45,"Quantum Egg":85,"PreservedInsect":29,"hubris:MedicalManual":87,"infinitespire:CheckeredPen":37,"infinitespire:Lucky Rock":83,"Frozen Egg 2":34,"Orichalcum":60,"energizedSpire:DeadBattery":24,"MawBank":67,"Mercury Hourglass":10,"Anchor":44,"infinitespire:WardingShard":48,"hubris:Spice":91,"Orrery":100,"Bag of Marbles":50,"Snack Pack":67,"Art of War":69,"Membership Card":26,"Bottled Lightning":55,"Champion Belt":80,"Toy Ornithopter":30,"FossilizedHelix":55,"infinitespire:Midas Blood":16,"hubris:BottledRain":23},{"infinitespire:BottledMercury":391,"hubris:CrystalStatue":256,"CeramicFish":129,"Vajra":129,"Ginger":149,"Boot":97,"Sling":321,"Blood Vial":15,"Replay:Ringing Soul":393,"Centennial Puzzle":15,"infinitespire:ShieldingShard":87,"HornCleat":153,"Strawberry":161,"Prayer Wheel":252,"MealTicket":304,"HandDrill":153,"Toxic Egg 2":97,"hubris:TinFlute":300,"Runic Cube":243,"Happy Flower":57,"Oddly Smooth Stone":2,"infinitespire:Beetle Shell":280,"Pen Nib":296,"hubris:HollowSoul":302,"Akabeko":280,"OrangePellets":205,"SlaversCollar":287,"Replay:Baseball":318,"Shuriken":298,"Bronze Scales":249,"Simple Rune":43,"hubris:ToyBattleship":271,"hubris:TenFootPole":318,"Black Star":357,"ReplayTheSpireMod:DimensionalGlitch":25,"Unceasing Top":276,"infinitespire:PuzzleCube":318,"ReplayFunnel":142,"Regal Pillow":318,"Singing Bowl":236,"SacredBark":268,"Blue Doll":276,"King of Hearts":230,"Bag of Preparation":47,"hubris:SlimyHat":205,"Juzu Bracelet":205,"Ancient Tea Set":313,"Burning Blood":0,"Replay:Rubber Ducky":205,"ClockworkSouvenir":256,"Dream Catcher":7,"Nunchaku":149,"Replay:Bandana":271,"Matryoshka":87,"Chameleon Ring":177,"TheAbacus":224,"Mummified Hand":213,"hubris:ScarierMask":221,"Tiny Chest":77,"WingedGreaves":266,"hubris:FunFungus":281,"hubris:CuriousFeather":309,"Replay:Lucky Slots":309,"hubris:ChampionShield":281,"Paper Frog":295,"Potion Belt":213,"Gremlin Food":230,"hubris:DisguiseKit":97,"Lee\u0027s Waffle":97,"ReplayTheSpireMod:Ninjato":18,"NeowsBlessing":0,"hubris:64BitClover":228,"Quantum Egg":312,"PreservedInsect":149,"hubris:MedicalManual":318,"infinitespire:CheckeredPen":195,"infinitespire:Lucky Rock":309,"Frozen Egg 2":177,"Orichalcum":268,"energizedSpire:DeadBattery":118,"MawBank":284,"Mercury Hourglass":36,"Anchor":224,"infinitespire:WardingShard":236,"hubris:Spice":333,"Orrery":380,"Bag of Marbles":245,"Snack Pack":284,"Art of War":287,"Membership Card":129,"Bottled Lightning":256,"Champion Belt":304,"Toy Ornithopter":153,"FossilizedHelix":256,"infinitespire:Midas Blood":68,"hubris:BottledRain":104}],"Burning Blood":210},"card_choices":[{"not_picked":["hubris:CleavingFinish","Sword Boomerang"],"picked":"Seeing Red","floor":1},{"not_picked":["DDmod:SpikedSkill","Anger"],"picked":"ReplayTheSpireMod:LeadingStrike","floor":2},{"not_picked":["Clothesline","Sword Boomerang"],"picked":"Shrug It Off","floor":3},{"not_picked":["Combust","DDmod:GrandUltimatumAttack"],"picked":"Hemokinesis","floor":3},{"not_picked":["Iron Wave","Defy Death","Warcry"],"picked":"SKIP","floor":4},{"not_picked":["hubris:SharpeningStone","Blood for Blood","DDmod:EasePowerCard"],"picked":"SKIP","floor":5},{"not_picked":["Iron Wave","Armaments","Run Through"],"picked":"SKIP","floor":7},{"not_picked":["Juggernaut","Rage"],"picked":"Twin Strike","floor":8},{"not_picked":["DDmod:PokeAttack","Replay:Undeath\u0027s Touch","Wild Strike"],"picked":"SKIP","floor":12},{"not_picked":["DDmod:UnstoppableAttack","Wild Strike","Defy Death"],"picked":"SKIP","floor":14}],"player_experience":2601419,"relics_obtained":[{"floor":7,"key":"infinitespire:BottledMercury"},{"floor":9,"key":"Replay:Ringing Soul"}],"event_choices":[{"damage_healed":0,"gold_gain":0,"player_choice":"Grow","damage_taken":0,"max_hp_gain":0,"max_hp_loss":0,"event_name":"Living Wall","floor":10,"gold_loss":0,"cards_upgraded":["ReplayTheSpireMod:LeadingStrike"]},{"damage_healed":0,"gold_gain":0,"player_choice":"Leave","damage_taken":0,"max_hp_gain":0,"max_hp_loss":0,"event_name":"FaceTrader","floor":11,"gold_loss":0}],"is_beta":false,"boss_relics":[],"items_purged_floors":[0,3],"is_endless":false,"potions_floor_spawned":[8,14],"killed_by":"Fading Forest","ascension_level":0}}