{"host":"lww1aq5xm6g9guev","time":1607967127,"event":{"mods":["Act Like it!","BaseMod","Minty Spire (QoL Compilation)","Rare Cards Sparkle","StSLib","The Jungle","[¦aºë­º?ª¦¶ð]The Maniac"],"gold_per_floor":[114,128,128,128,0,0,10,10,10,28,60,78,90,90,90,186,186,186,186,186,186,186,186,186,186,186,186,13,13,13,13,13,13,13,13,13],"floor_reached":35,"playtime":1484,"items_purged":["maniac:Strike"],"score":401,"play_id":"4233820d-0c37-4f50-9415-1ff74c59e806","local_time":"20201215013207","is_ascension_mode":false,"campfire_choices":[{"data":"maniac:BurnBlood","floor":6,"key":"SMITH"},{"floor":8,"key":"RECALL"},{"data":"maniac:Confront","floor":15,"key":"SMITH"},{"floor":24,"key":"REST"},{"floor":32,"key":"REST"}],"circlet_count":0,"master_deck":["maniac:Strike","maniac:Strike","maniac:Strike","maniac:Strike","maniac:Defend","maniac:Defend","maniac:Defend","maniac:BurnBlood+1","maniac:AbyssShackle","maniac:FindAShortcut","maniac:UntravelledPath","maniac:ShelteringEdge","maniac:Confront+1","Parasite","maniac:HammerDown","maniac:Simulacrum","maniac:Intimidate+1","maniac:FindAShortcut+1","Shame","maniac:Collecting","maniac:BladeShoot"],"relics":["maniac:BrokenHorn","Busted Crown","Nunchaku","FossilizedHelix","Ectoplasm","Gambling Chip","Girya","theJungle:SneckoAutograph","Toy Ornithopter","PreservedInsect","Shovel","SlaversCollar"],"acts_visited":["Exordium","Exordium","TheBeyond"],"potions_floor_usage":[16,25,29,33],"damage_taken":[{"damage":1,"enemies":"Small Slimes","floor":1,"turns":2},{"damage":3,"enemies":"Jaw Worm","floor":2,"turns":4},{"damage":3,"enemies":"Cultist","floor":7,"turns":2},{"damage":3,"enemies":"3 Louse","floor":10,"turns":1},{"damage":32,"enemies":"Gremlin Nob","floor":11,"turns":4},{"damage":10,"enemies":"Large Slime","floor":12,"turns":6},{"damage":0,"enemies":"Lots of Slimes","floor":13,"turns":1},{"damage":21,"enemies":"Hexaghost","floor":16,"turns":6},{"damage":4,"enemies":"Shell Parasite","floor":18,"turns":3},{"damage":7,"enemies":"theJungle:GiantWrat","floor":20,"turns":6},{"damage":4,"enemies":"theJungle:JungleHuntersEncounter","floor":21,"turns":4},{"damage":3,"enemies":"theJungle:2_Flameangoes","floor":22,"turns":5},{"damage":39,"enemies":"theJungle:Cassacara","floor":23,"turns":7},{"damage":2,"enemies":"theJungle:SlimyTreeVines","floor":25,"turns":3},{"damage":26,"enemies":"theJungle:MamaSnecko","floor":29,"turns":5},{"damage":0,"enemies":"theJungle:2_Snecko_Cultists","floor":30,"turns":4},{"damage":10,"enemies":"theJungle:Lyon","floor":31,"turns":5},{"damage":29,"enemies":"theJungle:QueenSpyder","floor":33,"turns":13},{"damage":0,"enemies":"Orb Walker","floor":35,"turns":1}],"seed_played":"3259634606553944259","potions_obtained":[{"floor":7,"key":"Fire Potion"},{"floor":12,"key":"Regen Potion"},{"floor":16,"key":"SmokeBomb"},{"floor":18,"key":"Block Potion"},{"floor":21,"key":"FairyPotion"},{"floor":30,"key":"EssenceOfSteel"}],"is_trial":false,"path_per_floor":["M","M","?","?","$","R","M","R","T","M","E","M","M","?","R","B",null,"M","?","M","M","M","E","R","M","T","?","$","E","M","M","R","B",null,"M"],"character_chosen":"THE_MANIAC","items_purchased":["maniac:ShelteringEdge","maniac:Collecting","maniac:BladeShoot"],"campfire_rested":2,"item_purchase_floors":[5,28,28],"current_hp_per_floor":[79,76,81,81,81,81,78,78,78,75,43,33,33,54,54,48,85,81,81,74,70,67,28,53,54,54,54,54,33,33,23,48,24,85,85,85],"gold":13,"neow_bonus":"BOSS_RELIC","is_daily":false,"chose_seed":false,"campfire_upgraded":2,"win_rate":0.0,"timestamp":1607967127,"path_taken":["M","M","?","?","$","R","M","R","T","M","E","?","M","?","R","BOSS","M","?","?","?","M","E","R","M","T","?","$","E","M","M","R","BOSS","M"],"items_purchased_type":["Card","Card","Card"],"build_version":"2020-12-13","purchased_purges":1,"victory":false,"max_hp_per_floor":[80,80,85,85,85,85,85,85,85,85,85,85,85,85,85,85,85,85,85,85,85,85,85,85,85,85,85,85,85,85,85,85,85,85,85,85],"card_choices":[{"not_picked":[],"picked":"maniac:FindAShortcut","floor":1},{"not_picked":["maniac:MeleeStrike"],"picked":"SKIP","floor":2},{"not_picked":["maniac:ReconstructWounds"],"picked":"SKIP","floor":7},{"not_picked":["maniac:DashForward"],"picked":"SKIP","floor":10},{"not_picked":["maniac:BladeArtist"],"picked":"SKIP","floor":11},{"not_picked":[],"picked":"maniac:Confront","floor":12},{"not_picked":["maniac:TorturousScreams"],"picked":"SKIP","floor":13},{"not_picked":[],"picked":"maniac:HammerDown","floor":16},{"not_picked":["maniac:SecretBackups"],"picked":"SKIP","floor":18},{"not_picked":[],"picked":"maniac:Intimidate+1","floor":20},{"not_picked":["maniac:ShelteringEdge"],"picked":"SKIP","floor":21},{"not_picked":["maniac:UndyingDesire"],"picked":"SKIP","floor":22},{"not_picked":[],"picked":"maniac:FindAShortcut+1","floor":23},{"not_picked":["maniac:WardAndDefend"],"picked":"SKIP","floor":25},{"not_picked":["maniac:BladesInCloak"],"picked":"SKIP","floor":29},{"not_picked":["maniac:Recollect"],"picked":"SKIP","floor":30},{"not_picked":["maniac:ArmToTheTeeth"],"picked":"SKIP","floor":31}],"player_experience":97649,"relics_obtained":[{"floor":9,"key":"Nunchaku"},{"floor":11,"key":"FossilizedHelix"},{"floor":23,"key":"Gambling Chip"},{"floor":26,"key":"Girya"},{"floor":29,"key":"PreservedInsect"}],"event_choices":[{"damage_healed":0,"gold_gain":0,"player_choice":"Donut","damage_taken":0,"max_hp_gain":5,"max_hp_loss":0,"event_name":"Big Fish","floor":3,"gold_loss":0},{"damage_healed":0,"gold_gain":0,"player_choice":"1 cards matched","damage_taken":0,"max_hp_gain":0,"max_hp_loss":0,"event_name":"Match and Keep!","floor":4,"gold_loss":0,"cards_obtained":["maniac:UntravelledPath"]},{"damage_healed":21,"gold_gain":0,"player_choice":"Healed and dodged fight","damage_taken":0,"max_hp_gain":0,"max_hp_loss":0,"event_name":"Mushrooms","floor":14,"gold_loss":0,"cards_obtained":["Parasite"]},{"damage_healed":0,"gold_gain":0,"cards_transformed":["maniac:Defend"],"player_choice":"Transformed","damage_taken":0,"max_hp_gain":0,"max_hp_loss":0,"event_name":"Transmorgrifier","floor":19,"gold_loss":0,"cards_obtained":["maniac:Simulacrum"]}],"is_beta":false,"boss_relics":[{"not_picked":["Runic Pyramid","Runic Dome"],"picked":"Ectoplasm"},{"not_picked":["SacredBark","Coffee Dripper"],"picked":"SlaversCollar"}],"items_purged_floors":[5],"is_endless":false,"potions_floor_spawned":[7,12,16,18,21,22,30],"killed_by":"Orb Walker","ascension_level":0}}