{"host":"64agj841g523yxf2","time":1607972468,"event":{"mods":["BaseMod","Hermit","Minty Spire (QoL Compilation)","Remilia??????","Replay The Spire","StSLib","SuperFastMode","Td1madao Mod","The Bug Knight","The Construct","The Cursed","The Disciple","The Hierophant","The Mystic","The Necromancer","The Poker Player","The Senshi","The Servant 0.9.4","Yuyuko"],"gold_per_floor":[111,111,166,177,191,191,223,223,223,235,235,248,248,28,28,126,126,138,138,151,167,183,183,197,197,271,271,5,20,47,61,61,61,61],"floor_reached":33,"playtime":2978,"items_purged":["hermit:Determination"],"score":294,"play_id":"0ab139ca-00ea-4c45-899d-521d82b0c8b9","local_time":"20201214200108","is_ascension_mode":false,"campfire_choices":[{"data":"hermit:Snapshot","floor":6,"key":"SMITH"},{"data":"hermit:Desperado","floor":8,"key":"SMITH"},{"data":"hermit:Quickdraw","floor":11,"key":"SMITH"},{"floor":13,"key":"REST"},{"data":"hermit:Ricochet","floor":15,"key":"SMITH"},{"data":"hermit:HoleUp","floor":23,"key":"SMITH"},{"floor":27,"key":"REST"},{"floor":32,"key":"REST"}],"circlet_count":0,"master_deck":["hermit:Strike_Hermit","hermit:Strike_Hermit","hermit:Strike_Hermit+1","hermit:Defend_Hermit+1","hermit:Defend_Hermit","hermit:Defend_Hermit","hermit:Defend_Hermit","hermit:Snapshot+1","hermit:Covet","hermit:SprayPray","hermit:Horror","hermit:Quickdraw+1","hermit:Desperado+1","hermit:Cheat","hermit:HoleUp+1","hermit:TrackingShot","hermit:Ricochet+1","hermit:BigShot","hermit:Adapt","hermit:Feint","hermit:Quickdraw","hermit:ShadowCloak+1","hermit:HoleUp","hermit:GoldenBullet","hermit:Vantage","hermit:HoleUp","hermit:NoHoldsBarred+1"],"relics":["hermit:Momento","ReplayTheSpireMod:Shallot","Turnip","Ginger","Philosopher\u0027s Stone","Sundial","Vajra","Garlic"],"acts_visited":["Exordium","TheCity"],"potions_floor_usage":[16,16,21,33,33],"damage_taken":[{"damage":2,"enemies":"Small Slimes","floor":1,"turns":3},{"damage":0,"enemies":"Jaw Worm","floor":4,"turns":3},{"damage":0,"enemies":"2 Louse","floor":5,"turns":2},{"damage":7,"enemies":"Gremlin Nob","floor":7,"turns":4},{"damage":0,"enemies":"Red Slaver","floor":10,"turns":2},{"damage":5,"enemies":"Gremlin Gang","floor":12,"turns":4},{"damage":2,"enemies":"Slime Boss","floor":16,"turns":6},{"damage":21,"enemies":"Spheric Guardian","floor":18,"turns":4},{"damage":2,"enemies":"Snake Plant","floor":20,"turns":4},{"damage":2,"enemies":"Snecko","floor":21,"turns":5},{"damage":10,"enemies":"Shelled Parasite and Fungi","floor":22,"turns":6},{"damage":0,"enemies":"Centurion and Healer","floor":24,"turns":7},{"damage":21,"enemies":"3 Cultists","floor":29,"turns":6},{"damage":0,"enemies":"HollowMod:Nosk","floor":30,"turns":8},{"damage":14,"enemies":"Shelled Parasite and Fungi","floor":31,"turns":7},{"damage":64,"enemies":"Pondfish","floor":33,"turns":14}],"seed_played":"7710060571322819905","potions_obtained":[{"floor":1,"key":"hermit:Eclipse"},{"floor":3,"key":"SpeedPotion"},{"floor":4,"key":"LiquidMemories"},{"floor":18,"key":"Swift Potion"},{"floor":22,"key":"DistilledChaos"}],"is_trial":false,"path_per_floor":["M","?","?","M","M","R","E","R","T","M","R","M","R","$","R","B",null,"M","?","M","M","M","R","M","?","T","R","$","M","E","M","R","B"],"character_chosen":"HERMIT","items_purchased":["hermit:TrackingShot","hermit:Ricochet","hermit:BigShot","Vajra","hermit:GoldenBullet","Strength Potion"],"campfire_rested":3,"item_purchase_floors":[14,14,14,28,28,28],"current_hp_per_floor":[80,64,64,64,64,64,57,57,57,57,57,52,76,76,76,74,82,61,61,59,57,47,47,47,47,47,71,71,50,50,36,60,0,0],"gold":61,"neow_bonus":"TEN_PERCENT_HP_BONUS","is_daily":false,"chose_seed":false,"campfire_upgraded":5,"win_rate":0.0,"timestamp":1607972468,"path_taken":["M","?","?","M","M","R","E","R","T","M","R","M","R","$","R","BOSS","M","?","M","?","M","R","M","?","T","R","$","M","E","M","R","BOSS"],"items_purchased_type":["Card","Card","Card","Relic","Card","Potion"],"build_version":"2020-12-13","purchased_purges":1,"victory":false,"max_hp_per_floor":[82,82,82,82,82,82,82,82,82,82,82,82,82,82,82,82,82,82,82,82,82,82,82,82,82,82,82,82,82,82,82,82,82,82],"card_choices":[{"not_picked":["hermit:ShadowCloak","hermit:Roulette"],"picked":"hermit:SprayPray","floor":1},{"not_picked":["hermit:CalledShot","hermit:Manifest"],"picked":"hermit:Horror","floor":3},{"not_picked":["hermit:Coalescence","hermit:DeadMansHand"],"picked":"hermit:Quickdraw","floor":4},{"not_picked":["hermit:ItchyTrigger","hermit:Feint"],"picked":"hermit:Determination","floor":5},{"not_picked":["hermit:Manifest","hermit:Roulette"],"picked":"hermit:Desperado","floor":7},{"not_picked":["hermit:LuckOfTheDraw","hermit:FromBeyond"],"picked":"hermit:Cheat","floor":10},{"not_picked":["hermit:Coalescence","hermit:BodyArmor"],"picked":"hermit:HoleUp","floor":12},{"not_picked":["hermit:Roughhouse","hermit:HeroicBravado"],"picked":"hermit:Adapt","floor":16},{"not_picked":["hermit:Virtue","hermit:Feint","hermit:SprayPray"],"picked":"SKIP","floor":18},{"not_picked":["hermit:Quickdraw","hermit:PistolWhip"],"picked":"hermit:Feint","floor":20},{"not_picked":["hermit:TakeAim","hermit:Snipe"],"picked":"hermit:Quickdraw","floor":21},{"not_picked":["hermit:Deadeye","hermit:Ricochet"],"picked":"hermit:ShadowCloak+1","floor":22},{"not_picked":["hermit:WideOpen","hermit:Horror"],"picked":"hermit:HoleUp","floor":24},{"not_picked":["hermit:Enervate","hermit:GhostlyPresence+1"],"picked":"hermit:Vantage","floor":29},{"not_picked":["hermit:LowProfile","hermit:Showdown+1"],"picked":"hermit:HoleUp","floor":30},{"not_picked":["hermit:Headshot","hermit:Spite"],"picked":"hermit:NoHoldsBarred+1","floor":31}],"player_experience":257758,"relics_obtained":[{"floor":3,"key":"ReplayTheSpireMod:Shallot"},{"floor":7,"key":"Turnip"},{"floor":9,"key":"Ginger"},{"floor":26,"key":"Sundial"},{"floor":30,"key":"Garlic"}],"event_choices":[{"damage_healed":0,"gold_gain":0,"player_choice":"Entered Light","damage_taken":16,"max_hp_gain":0,"max_hp_loss":0,"event_name":"Shining Light","floor":2,"gold_loss":0,"cards_upgraded":["hermit:Defend_Hermit","hermit:Strike_Hermit"]},{"cards_removed":["hermit:Strike_Hermit"],"damage_healed":0,"gold_gain":0,"player_choice":"Purged","damage_taken":0,"max_hp_gain":0,"max_hp_loss":0,"event_name":"Purifier","floor":19,"gold_loss":0},{"damage_healed":0,"gold_gain":0,"player_choice":"Ignored","damage_taken":0,"max_hp_gain":0,"max_hp_loss":0,"event_name":"Ghosts","floor":25,"gold_loss":0}],"is_beta":false,"boss_relics":[{"not_picked":["Pandora\u0027s Box","Busted Crown"],"picked":"Philosopher\u0027s Stone"}],"items_purged_floors":[14],"is_endless":false,"potions_floor_spawned":[1,4,5,7,18,22],"killed_by":"Pondfish","ascension_level":0}}