{"host":"3rixevx6n8b56xaj","time":1607941932,"event":{"mods":["2.2 Compatiblity","AchievementEnabler","BaseMod","Better Third Choice","Colored Map","DeckTracker","Friendly Minions","Minty Spire (QoL Compilation)","StSLib","SuperFastMode"],"gold_per_floor":[118,118,43,143,153,153,164,183,208,219,234,92,92,107,107,204,204,220,232,245,265,265,295,295,510,510,540,7,7,63,76,76,76,76],"floor_reached":33,"playtime":1123,"items_purged":["Writhe","Strike_G"],"score":329,"play_id":"c1244c67-673c-4bff-8bc3-b3fb73b6dd61","local_time":"20201214193212","is_ascension_mode":false,"campfire_choices":[{"data":"Neutralize","floor":6.0,"key":"SMITH"},{"data":"Catalyst","floor":15.0,"key":"SMITH"},{"data":"Night Terror","floor":32,"key":"SMITH"}],"circlet_count":0,"master_deck":["Strike_G","Strike_G","Strike_G","Strike_G","Defend_G","Defend_G","Defend_G","Defend_G","Defend_G","Survivor","Neutralize+1","Backstab","Poisoned Stab","Catalyst+1","Dagger Throw","Blade Dance","After Image","Night Terror+1","Cloak And Dagger","Poisoned Stab+1","Finisher","Setup+1","After Image","Deadly Poison+1","Insight+1","Calculated Gamble+1","Reflex+1"],"relics":["Ring of the Snake","Thread and Needle","Blood Vial","Coffee Dripper","Tough Bandages","Old Coin","Art of War","StoneCalendar","Toxic Egg 2","Bag of Preparation"],"acts_visited":["Exordium","TheCity"],"potions_floor_usage":[23,27,33],"damage_taken":[{"damage":0.0,"enemies":"Small Slimes","floor":1.0,"turns":6.0},{"damage":0.0,"enemies":"Jaw Worm","floor":5.0,"turns":4.0},{"damage":0.0,"enemies":"Cultist","floor":7.0,"turns":3.0},{"damage":0.0,"enemies":"Exordium Thugs","floor":8.0,"turns":5.0},{"damage":0.0,"enemies":"Lots of Slimes","floor":10.0,"turns":5.0},{"damage":4.0,"enemies":"Large Slime","floor":11.0,"turns":7.0},{"damage":0.0,"enemies":"Looter","floor":14.0,"turns":2.0},{"damage":15.0,"enemies":"Hexaghost","floor":16.0,"turns":9.0},{"damage":0.0,"enemies":"3 Byrds","floor":18.0,"turns":6.0},{"damage":0.0,"enemies":"Shell Parasite","floor":19.0,"turns":5.0},{"damage":0.0,"enemies":"Chosen and Byrds","floor":20.0,"turns":6.0},{"damage":6.0,"enemies":"Cultist and Chosen","floor":21.0,"turns":7.0},{"damage":0,"enemies":"Gremlin Leader","floor":23,"turns":5},{"damage":5,"enemies":"Slavers","floor":27,"turns":7},{"damage":0,"enemies":"Sentry and Sphere","floor":31,"turns":7},{"damage":66,"enemies":"Automaton","floor":33,"turns":12}],"seed_played":"8696232460740640060","potions_obtained":[{"floor":7.0,"key":"LiquidMemories"},{"floor":8.0,"key":"Block Potion"},{"floor":11.0,"key":"CunningPotion"},{"floor":14.0,"key":"Poison Potion"},{"floor":20.0,"key":"GhostInAJar"},{"floor":31,"key":"Fire Potion"}],"is_trial":false,"path_per_floor":["M","?","$","?","M","R","M","M","T","M","M","$","?","M","R","B",null,"M","M","M","M","?","E","?","?","T","E","$","?","$","M","R","B"],"character_chosen":"THE_SILENT","items_purchased":["After Image","Toxic Egg 2","Deadly Poison+1","Bag of Preparation","Calculated Gamble+1","Reflex+1"],"campfire_rested":0,"item_purchase_floors":[12,28,28,28,30,30],"current_hp_per_floor":[70,63,63,63,65,65,67,69,69,70,66,66,66,68,68,55,70,70,70,70,64,64,66,53,53,53,50,50,50,50,52,52,0,0],"gold":76,"neow_bonus":"ONE_RARE_RELIC","is_daily":false,"chose_seed":false,"campfire_upgraded":3,"win_rate":0.0,"timestamp":1607941932,"path_taken":["M","?","$","?","M","R","?","M","T","M","M","$","?","M","R","BOSS","M","?","M","M","?","E","?","?","T","E","$","?","?","M","R","BOSS"],"items_purchased_type":["Card","Relic","Card","Relic","Card","Card"],"build_version":"2020-12-13","purchased_purges":2,"victory":false,"max_hp_per_floor":[70,70,70,70,70,70,70,70,70,70,70,70,70,70,70,70,70,70,70,70,70,70,70,75,75,75,75,75,75,75,75,75,75,75],"card_choices":[{"not_picked":["Bane","Finisher"],"picked":"Backstab","floor":1.0},{"not_picked":["Acrobatics","PiercingWail"],"picked":"Poisoned Stab","floor":5.0},{"not_picked":["Outmaneuver","Dodge and Roll"],"picked":"Catalyst","floor":7.0},{"not_picked":["Acrobatics","Bane"],"picked":"Dagger Throw","floor":8.0},{"not_picked":["Quick Slash","Slice","Setup"],"picked":"SKIP","floor":10.0},{"not_picked":["Quick Slash","Dash"],"picked":"Blade Dance","floor":11.0},{"not_picked":["Dagger Throw","Dodge and Roll","Quick Slash"],"picked":"SKIP","floor":14.0},{"not_picked":["Wraith Form v2","Tools of the Trade"],"picked":"Night Terror","floor":16.0},{"not_picked":["All Out Attack","Deflect"],"picked":"Cloak And Dagger","floor":18.0},{"not_picked":["Caltrops","Eviscerate+1"],"picked":"Poisoned Stab+1","floor":19.0},{"not_picked":["Dash","Dodge and Roll"],"picked":"Finisher","floor":20.0},{"not_picked":["Dodge and Roll","All Out Attack"],"picked":"Setup+1","floor":21.0},{"not_picked":["Quick Slash+1","Backstab"],"picked":"After Image","floor":23},{"not_picked":["Finisher","Outmaneuver+1","Escape Plan"],"picked":"SKIP","floor":27},{"not_picked":["Distraction+1","Concentrate+1","Deflect+1"],"picked":"SKIP","floor":31}],"player_experience":523104,"relics_obtained":[{"floor":23,"key":"Tough Bandages"},{"floor":26,"key":"Art of War"},{"floor":27,"key":"StoneCalendar"}],"event_choices":[{"damage_healed":0.0,"max_hp_gain":0.0,"max_hp_loss":0.0,"gold_gain":0.0,"event_name":"betterThird:BetterScrap","player_choice":"Relic ","floor":2.0,"gold_loss":0.0,"damage_taken":7.0,"cards_obtained":["Swivel"]},{"damage_healed":0.0,"max_hp_gain":0.0,"max_hp_loss":0.0,"gold_gain":100.0,"event_name":"Golden Shrine","player_choice":"Pray","floor":4.0,"gold_loss":0.0,"damage_taken":0.0},{"damage_healed":0.0,"max_hp_gain":0.0,"max_hp_loss":0.0,"gold_gain":0.0,"event_name":"Match and Keep!","player_choice":"0 cards matched","floor":13.0,"gold_loss":0.0,"damage_taken":0.0,"cards_obtained":[]},{"damage_healed":0.0,"max_hp_gain":0.0,"max_hp_loss":0.0,"gold_gain":0.0,"event_name":"Vampires","player_choice":"Ignored","floor":22.0,"gold_loss":0.0,"damage_taken":0.0},{"damage_healed":0,"gold_gain":0,"player_choice":"Shed Blood","damage_taken":18,"max_hp_gain":5,"max_hp_loss":0,"event_name":"Forgotten Altar","floor":24,"gold_loss":0},{"damage_healed":0,"gold_gain":0,"player_choice":"Obtained Relic","damage_taken":0,"relics_obtained":["Old Coin"],"max_hp_gain":0,"max_hp_loss":0,"event_name":"Addict","floor":25,"gold_loss":85},{"damage_healed":0,"gold_gain":0,"player_choice":"Insight","damage_taken":1,"max_hp_gain":0,"max_hp_loss":0,"event_name":"betterThird:BetterWriting","floor":29,"gold_loss":0,"cards_obtained":["Insight"]}],"is_beta":false,"boss_relics":[{"not_picked":["Busted Crown","Calling Bell"],"picked":"Coffee Dripper"}],"items_purged_floors":[3,28],"is_endless":false,"potions_floor_spawned":[7,8,11,14,20,21,31],"killed_by":"Automaton","ascension_level":0}}