{"host":"detovitglhtzaqdj","time":1607970517,"event":{"mods":["AchievementEnabler","Aspiration","BaseMod","Colored Map","Colored Powertips","Current Relic Mod","Custom Start","Downfall","Friendly Minions","Highlight Path","Minty Spire (QoL Compilation)","Practice Mode","Quick Restart","Replay The Spire","Shop Mod","StSLib","The Jungle"],"gold_per_floor":[118,134,104,114,114,114,124,149,149,182,192,192,219,4,4,104,104,115,115,115,158,170,170,197,34,102,129,145,145,145,145],"floor_reached":30,"playtime":2276,"items_purged":["ReplayTheSpireMod:Splinters"],"score":276,"play_id":"a1209e8d-057a-4fce-a658-370d7150a573","local_time":"20201215052837","is_ascension_mode":false,"campfire_choices":[{"data":"Sweeping Beam","floor":6.0,"key":"SMITH"},{"floor":15.0,"key":"REST"},{"floor":23.0,"key":"REST"}],"circlet_count":0,"master_deck":["Strike_B+1","Strike_B+1","Strike_B+1","Defend_B+1","Defend_B+1","Defend_B+1","Defend_B+1","Zap","Dualcast","Sweeping Beam+1","Reinforced Body","Ball Lightning","Madness","Hello World","Conserve Battery","Cold Snap","Go for the Eyes","Voices","Electrodynamics","Streamline","Machine Learning","ReplayGash+1","Beam Cell","Dagger Spray","sneckomod:UnknownStrike","Replay:Bag of Tricks","Blind","Gash","Dropkick","Protect"],"relics":["Cracked Core","Replay:Antivirus Software","Anchor","Ring of Hypnosis","Ring of Fury","Oddly Smooth Stone","MerchantsRug","aspiration:Stellarator","PrismaticShard","Enchiridion","aspiration:Lifesprig","Pet Ghost","Whetstone","White Beast Statue","aspiration:HiddenCompartment"],"acts_visited":["Exordium","TheCity"],"potions_floor_usage":[],"damage_taken":[{"damage":2.0,"enemies":"Jaw Worm","floor":1.0,"turns":4.0},{"damage":0.0,"enemies":"Cultist","floor":2.0,"turns":4.0},{"damage":3.0,"enemies":"Small Slimes","floor":4.0,"turns":3.0},{"damage":7.0,"enemies":"Blue Slaver","floor":7.0,"turns":3.0},{"damage":20.0,"enemies":"Lagavulin","floor":8.0,"turns":6.0},{"damage":12.0,"enemies":"Gremlin Nob","floor":10.0,"turns":4.0},{"damage":1.0,"enemies":"Large Slime","floor":11.0,"turns":6.0},{"damage":30.0,"enemies":"Slime Boss","floor":16.0,"turns":6.0},{"damage":0.0,"enemies":"Chosen","floor":18.0,"turns":4.0},{"damage":22.0,"enemies":"Shell Parasite","floor":22.0,"turns":4.0},{"damage":19.0,"enemies":"Slavers","floor":24.0,"turns":4.0},{"damage":37.0,"enemies":"Book of Stabbing","floor":27.0,"turns":5.0},{"damage":0.0,"enemies":"Chosen and Byrds","floor":28.0,"turns":4.0},{"damage":0,"enemies":"Snake Plant","floor":30,"turns":1}],"seed_played":"8500184045189410775","potions_obtained":[{"floor":2.0,"key":"Adrenaline Potion"},{"floor":3.0,"key":"Energy Potion"},{"floor":3.0,"key":"CultistPotion"},{"floor":4.0,"key":"SkillPotion"},{"floor":16.0,"key":"Languid Potion"},{"floor":21.0,"key":"Toxic Potion"},{"floor":24.0,"key":"PotionOfCapacity"},{"floor":27.0,"key":"SteroidPotion"},{"floor":28.0,"key":"FocusPotion"}],"is_trial":false,"path_per_floor":["M","M","?","M","?","R","M","E","T","E","M","?","T","$","R","B",null,"M","?","?","?","M","R","E","$","T","E","M","?","M"],"character_chosen":"DEFECT","items_purchased":["MerchantsRug","Electrodynamics","Streamline","Whetstone","Gash"],"campfire_rested":2,"item_purchase_floors":[14,14,14,25,25],"current_hp_per_floor":[80,80,80,77,77,77,70,50,50,38,37,37,37,37,61,31,82,82,74,58,58,36,60,41,41,41,4,4,4,4,4],"gold":145,"neow_bonus":"TEN_PERCENT_HP_BONUS","is_daily":false,"chose_seed":false,"campfire_upgraded":1,"win_rate":0.0,"timestamp":1607970517,"path_taken":["M","M","?","?","?","R","M","E","T","E","?","?","?","$","R","BOSS","M","?","?","?","?","R","E","$","T","E","M","?","M"],"items_purchased_type":["Relic","Card","Card","Relic","Card"],"build_version":"2020-12-13","purchased_purges":1,"victory":false,"max_hp_per_floor":[82,82,82,82,82,82,82,82,82,82,82,82,82,82,82,82,82,82,82,82,82,82,82,82,82,82,82,82,82,82,82],"card_choices":[{"not_picked":["Turbo","Compile Driver"],"picked":"Sweeping Beam","floor":1.0},{"not_picked":["Steam Power","Chaos"],"picked":"Reinforced Body","floor":2.0},{"not_picked":["Capacitor","Streamline"],"picked":"Ball Lightning","floor":4.0},{"not_picked":["Ball Lightning","Thunder Strike"],"picked":"Hello World","floor":7.0},{"not_picked":["Sweeping Beam","Machine Learning"],"picked":"Conserve Battery","floor":8.0},{"not_picked":["Crystallizer","Steam Power"],"picked":"Cold Snap","floor":10.0},{"not_picked":["BasicCrystalCard","Steam"],"picked":"Go for the Eyes","floor":11.0},{"not_picked":["Electrodynamics","Seek"],"picked":"Machine Learning","floor":16.0},{"not_picked":["Steam","ReplayTheSpireMod:GoodbyeWorld"],"picked":"ReplayGash","floor":18.0},{"not_picked":["Cold Snap","Compile Driver"],"picked":"Beam Cell","floor":19.0},{"not_picked":["Streamline","sneckomod:QuickBite+1"],"picked":"Dagger Spray","floor":21.0},{"not_picked":["Guardian:Gem_Purple","Guardian:Suspension"],"picked":"sneckomod:UnknownStrike","floor":21.0},{"not_picked":["Shrug It Off","White Noise"],"picked":"Replay:Bag of Tricks","floor":22.0},{"not_picked":["champ:DefensiveStyle","hexamod:SwordOfDarkness"],"picked":"Blind","floor":24.0},{"not_picked":["Slimebound:Gluttony","ClearTheMind"],"picked":"Dropkick","floor":27.0},{"not_picked":["sneckomod:RainOfDice+1","Conserve Battery"],"picked":"Protect","floor":28.0}],"player_experience":17080,"relics_obtained":[{"floor":8.0,"key":"Ancient Tea Set"},{"floor":9.0,"key":"Replay:Antivirus Software"},{"floor":10.0,"key":"Anchor"},{"floor":12.0,"key":"Ring of Hypnosis"},{"floor":12.0,"key":"Ring of Fury"},{"floor":13.0,"key":"Oddly Smooth Stone"},{"floor":19.0,"key":"PrismaticShard"},{"floor":20.0,"key":"Enchiridion"},{"floor":21.0,"key":"aspiration:Lifesprig"},{"floor":24.0,"key":"Pet Ghost"},{"floor":26.0,"key":"White Beast Statue"},{"floor":27.0,"key":"aspiration:HiddenCompartment"}],"event_choices":[{"damage_healed":0.0,"max_hp_gain":0.0,"max_hp_loss":0.0,"gold_gain":0.0,"event_name":"The Woman in Blue","player_choice":"Bought 2 Potions","floor":3.0,"gold_loss":0.0,"damage_taken":0.0},{"damage_healed":0.0,"max_hp_gain":0.0,"max_hp_loss":0.0,"gold_gain":0.0,"cards_transformed":["Strike_B"],"event_name":"Transmorgrifier","player_choice":"Transformed","floor":5.0,"gold_loss":0.0,"damage_taken":0.0,"cards_obtained":["ReplaySolidLightProjector"]},{"damage_healed":0.0,"max_hp_gain":0.0,"max_hp_loss":0.0,"gold_gain":0.0,"event_name":"Cursed Tome","player_choice":"Obtained Book","floor":20.0,"gold_loss":0.0,"damage_taken":16.0},{"damage_healed":0.0,"max_hp_gain":0.0,"max_hp_loss":0.0,"gold_gain":0.0,"event_name":"Back to Basics","player_choice":"Simplicity","floor":29.0,"gold_loss":0.0,"damage_taken":0.0,"cards_upgraded":["Strike_B","Strike_B","Defend_B","Defend_B","Defend_B","Defend_B"]}],"is_beta":false,"boss_relics":[{"not_picked":["Coffee Dripper","Snecko Eye"],"picked":"aspiration:Stellarator"}],"items_purged_floors":[25],"is_endless":false,"potions_floor_spawned":[2,4,8,16,24,27,28],"killed_by":"Snake Plant","ascension_level":0}}