{"host":"dojadh45vvs5q3bn","time":1607937165,"event":{"mods":["Abigail Mod","Act Like it!","BaseMod","Colored Powertips","Friendly Minions","Gensokyo","GungeonMod","Minty Spire (QoL Compilation)","Prisma Mod","StSLib","The Alterego","The Animator","The Senshi"],"gold_per_floor":[109,127,127,140,159,159,192,192,243,270,335,366,33,45,45,145,145,160,17,17,36,36,36,68,68,68,68,94,104,121,140,140,245,245,256,190,209,5,21,47,65,65,115,149,149,181,6,34,34,34],"floor_reached":51,"playtime":5059,"items_purged":["PrismaMod:MiyuCheapChannelRandom+1","PrismaMod:MiyuCommonAttack"],"score":888,"play_id":"5828a969-aeef-40f7-8aa2-5cc07db3b46c","local_time":"20201214101245","is_ascension_mode":true,"campfire_choices":[{"data":"PrismaMod:MiyuCheapChannelAttack","floor":6.0,"key":"SMITH"},{"data":"PrismaMod:MiyuCheapChannelRandom","floor":8.0,"key":"SMITH"},{"data":"PrismaMod:MiyuOrbIncreasePerm","floor":15.0,"key":"SMITH"},{"data":"PrismaMod:MiyuUncommonStrBuff","floor":23.0,"key":"SMITH"},{"data":"PrismaMod:MiyuUncommonStrBuff","floor":32.0,"key":"SMITH"},{"data":"PrismaMod:MiyuCheapChannelDefend","floor":42,"key":"SMITH"},{"data":"PrismaMod:MiyuUncommonPlate","floor":45,"key":"SMITH"},{"data":"PrismaMod:MiyuUncommonStrBuff","floor":49,"key":"SMITH"}],"circlet_count":0,"master_deck":["PrismaMod:MiyuCommonDefend","PrismaMod:MiyuCommonDefend","PrismaMod:MiyuCommonDefend","PrismaMod:MiyuCommonDefend","PrismaMod:MiyuCommonDefend","PrismaMod:MiyuCommonAttack","PrismaMod:MiyuCheapChannelAttack+1","PrismaMod:MiyuCheapChannelDefend+1","PrismaMod:MiyuUberAttack","PrismaMod:MiyuUncommonStrBuff","PrismaMod:MiyuUncommonStrBuff+1","PrismaMod:MiyuUberAOEAttack","PrismaMod:MiyuUncommonStrBuff+1","PrismaMod:MiyuUncommonDefend","PrismaMod:MiyuOrbIncreasePerm+1","PrismaMod:MiyuCheapDefend1+1","PrismaMod:MiyuCheapDefend1","PrismaMod:MiyuCarnivalDefend","PrismaMod:MiyuChristmas+1","PrismaMod:MiyuUberAttack+1","PrismaMod:MiyuEvokeCheapAttack","PrismaMod:MiyuUncommonStrBuff+1","PrismaMod:MiyuAttackChannelVul","PrismaMod:MiyuUncommonPlate+1","PrismaMod:MiyuUberAOEAttack","PrismaMod:MiyuUncommonPlate+1","PrismaMod:MiyuCarnivalAttack","PrismaMod:MiyuCheapPlate","PrismaMod:MiyuUncommonPlate","PrismaMod:MiyuEvokeAll","PrismaMod:MiyuChannelDefendEvoke","PrismaMod:MiyuCommonAOEAttack+1","PrismaMod:MiyuCheapChannelDefend+1","PrismaMod:MiyuCheapEvoke+1","PrismaMod:MiyuCheapChannelDefend","Parasite","PrismaMod:MiyuCheapChannelAttack+1"],"relics":["PrismaMod:PrismaSapphireUpgrade","DemoMod:SerJunkan","Ice Cream","Letter Opener","Bottled Flame","DemoMod:Junk","DemoMod:PinkGuonStone","Astrolabe","alterego_mod:SomeoneToFightFor","Boot","theSenshi:FeatherClipsRelic","The Courier","PreservedInsect","Meat on the Bone","DemoMod:BlueGuonStone","Bronze Scales","War Paint","Lantern","Membership Card","Blood Vial"],"acts_visited":["Exordium","TheCity","TheBeyond"],"potions_floor_usage":[50,50,50],"damage_taken":[{"damage":5.0,"enemies":"2 Louse","floor":1.0,"turns":3.0},{"damage":0.0,"enemies":"Cultist","floor":2.0,"turns":4.0},{"damage":5.0,"enemies":"Jaw Worm","floor":4.0,"turns":4.0},{"damage":6.0,"enemies":"Exordium Wildlife","floor":5.0,"turns":5.0},{"damage":15.0,"enemies":"Lagavulin","floor":7.0,"turns":6.0},{"damage":26.0,"enemies":"3 Sentries","floor":10.0,"turns":5.0},{"damage":7.0,"enemies":"3 Sentries","floor":11.0,"turns":4.0},{"damage":11.0,"enemies":"Lagavulin","floor":12.0,"turns":5.0},{"damage":0.0,"enemies":"2 Fungi Beasts","floor":14.0,"turns":3.0},{"damage":18.0,"enemies":"The Guardian","floor":16.0,"turns":8.0},{"damage":0.0,"enemies":"Spheric Guardian","floor":18.0,"turns":6.0},{"damage":0.0,"enemies":"Shell Parasite","floor":21.0,"turns":4.0},{"damage":5.0,"enemies":"Book of Stabbing","floor":24.0,"turns":6.0},{"damage":28.0,"enemies":"Slavers","floor":28.0,"turns":6.0},{"damage":0.0,"enemies":"Cultist and Chosen","floor":29.0,"turns":5.0},{"damage":5.0,"enemies":"Centurion and Healer","floor":30.0,"turns":8.0},{"damage":5.0,"enemies":"Sentry and Sphere","floor":31.0,"turns":7.0},{"damage":10.0,"enemies":"Collector","floor":33.0,"turns":9.0},{"damage":0.0,"enemies":"3 Darklings","floor":35.0,"turns":7.0},{"damage":18.0,"enemies":"3 Shapes","floor":37.0,"turns":4.0},{"damage":0.0,"enemies":"Maw","floor":39.0,"turns":10.0},{"damage":0.0,"enemies":"Nemesis","floor":40.0,"turns":10.0},{"damage":12,"enemies":"Writhing Mass","floor":41,"turns":8},{"damage":1,"enemies":"Giant Head","floor":44,"turns":10},{"damage":25,"enemies":"Nemesis","floor":46,"turns":6},{"damage":10,"enemies":"Giant Head","floor":48,"turns":9},{"damage":34,"enemies":"Time Eater","floor":50,"turns":16}],"seed_played":"-2512258770249600684","potions_obtained":[{"floor":2.0,"key":"LiquidMemories"},{"floor":4.0,"key":"AttackPotion"},{"floor":10.0,"key":"Explosive Potion"},{"floor":16.0,"key":"SteroidPotion"},{"floor":18.0,"key":"FearPotion"},{"floor":28.0,"key":"SkillPotion"},{"floor":30.0,"key":"AttackPotion"},{"floor":31.0,"key":"Explosive Potion"},{"floor":35.0,"key":"DistilledChaos"},{"floor":39.0,"key":"PowerPotion"},{"floor":46,"key":"ColorlessPotion"}],"is_trial":false,"path_per_floor":["M","M","?","M","M","R","E","R","T","E","?","E","$","M","R","B",null,"M","$","?","M","?","R","E","?","T","?","E","M","M","M","R","B",null,"M","?","M","$","M","E","M","R","T","E","R","E","$","E","R","B",null],"character_chosen":"MIYU","items_purchased":["DemoMod:PinkGuonStone","PrismaMod:MiyuCheapDefend1","PrismaMod:MiyuUncommonStrBuff","Meat on the Bone","Membership Card"],"campfire_rested":0,"item_purchase_floors":[13,13,19,38,47],"current_hp_per_floor":[77,81,81,80,76,76,65,65,65,43,40,33,40,44,44,30,89,89,89,89,89,89,89,89,89,89,73,76,89,89,89,89,89,89,89,89,89,89,89,89,89,89,89,89,89,74,74,85,85,65],"gold":34,"neow_bonus":"TEN_PERCENT_HP_BONUS","is_daily":false,"chose_seed":false,"campfire_upgraded":8,"win_rate":0.0,"timestamp":1607937165,"path_taken":["M","M","?","?","M","R","E","R","T","E","?","E","?","M","R","BOSS","M","$","?","?","?","R","E","?","T","?","E","M","M","M","R","BOSS","M","?","M","$","M","E","M","R","T","E","R","E","?","E","R","BOSS"],"items_purchased_type":["Relic","Card","Card","Relic","Relic"],"build_version":"2020-12-13","purchased_purges":2,"victory":true,"max_hp_per_floor":[82,82,82,82,82,82,82,82,82,82,82,82,89,89,89,89,89,89,89,89,89,89,89,89,89,89,89,89,89,89,89,89,89,89,89,89,89,89,89,89,89,89,89,89,89,89,89,89,89,89],"card_choices":[{"not_picked":["PrismaMod:MiyuEvokeCheapAttack","PrismaMod:MiyuUncommonAOEAttack"],"picked":"PrismaMod:MiyuUberAttack","floor":1.0},{"not_picked":["PrismaMod:MiyuUncommonDefend","PrismaMod:MiyuUncommonPlate"],"picked":"PrismaMod:MiyuUncommonStrBuff","floor":2.0},{"not_picked":["PrismaMod:MiyuMaid","PrismaMod:MiyuCheapEvoke"],"picked":"PrismaMod:MiyuUncommonStrBuff","floor":4.0},{"not_picked":["PrismaMod:MiyuCheapChannelVul","PrismaMod:MiyuOrbIncreasePerm"],"picked":"PrismaMod:MiyuUberAOEAttack","floor":5.0},{"not_picked":["PrismaMod:MiyuCheapAttack1","PrismaMod:MiyuUncommonAOEAttack"],"picked":"PrismaMod:MiyuCheapChannelRandom","floor":7.0},{"not_picked":["PrismaMod:MiyuCommonAOEAttack","PrismaMod:MiyuUberAttack"],"picked":"PrismaMod:MiyuUncommonStrBuff","floor":10.0},{"not_picked":["PrismaMod:MiyuCheapChannelAttack","PrismaMod:MiyuMaid"],"picked":"PrismaMod:MiyuUncommonDefend","floor":11.0},{"not_picked":["PrismaMod:MiyuAttackChannelVul","PrismaMod:MiyuDevil"],"picked":"PrismaMod:MiyuOrbIncreasePerm","floor":12.0},{"not_picked":["PrismaMod:MiyuCheapAttack1","PrismaMod:MiyuCarnivalAttack"],"picked":"PrismaMod:MiyuCheapDefend1","floor":14.0},{"not_picked":["PrismaMod:MiyuChannelDefendEvoke","PrismaMod:MiyuDefenseAbsorbMinor"],"picked":"PrismaMod:MiyuCarnivalDefend","floor":16.0},{"not_picked":["PrismaMod:MiyuCheapChannelWeak+1","PrismaMod:MiyuEvokeBuffStr"],"picked":"PrismaMod:MiyuEvokeCheapAttack","floor":18.0},{"not_picked":["PrismaMod:MiyuChristmas","PrismaMod:MiyuCheapDefend1"],"picked":"PrismaMod:MiyuUncommonPlate","floor":21.0},{"not_picked":["PrismaMod:MiyuCheapChannelAttack","PrismaMod:MiyuCheapDexBuff"],"picked":"PrismaMod:MiyuUberAOEAttack","floor":24.0},{"not_picked":["PrismaMod:MiyuEvokeCheapAttack","PrismaMod:MiyuMaid"],"picked":"PrismaMod:MiyuCarnivalAttack","floor":28.0},{"not_picked":["PrismaMod:MiyuUncommonAOEAttack","PrismaMod:MiyuChristmas"],"picked":"PrismaMod:MiyuCheapPlate","floor":29.0},{"not_picked":["PrismaMod:MiyuEvokeAll","PrismaMod:MiyuCheapChannelDefend"],"picked":"PrismaMod:MiyuUncommonPlate","floor":30.0},{"not_picked":["PrismaMod:MiyuChristmas","PrismaMod:MiyuDefenseExplosion"],"picked":"PrismaMod:MiyuEvokeAll","floor":31.0},{"not_picked":["PrismaMod:MiyuChannelAttackEvoke","PrismaMod:MiyuBride"],"picked":"PrismaMod:MiyuChannelDefendEvoke","floor":33.0},{"not_picked":["PrismaMod:MiyuCarnivalAttack+1","PrismaMod:MiyuCheapChannelHeal+1"],"picked":"PrismaMod:MiyuCommonAOEAttack+1","floor":35.0},{"not_picked":["PrismaMod:MiyuEvokeBuffDex","PrismaMod:MiyuCheapChannelVul"],"picked":"PrismaMod:MiyuCheapChannelDefend+1","floor":37.0},{"not_picked":["PrismaMod:MiyuAttackChannelVul+1","PrismaMod:MiyuCheapChannelRandom"],"picked":"PrismaMod:MiyuCheapEvoke+1","floor":39.0},{"not_picked":["PrismaMod:MiyuCarnivalAttack","PrismaMod:MiyuCheapChannelHeal+1"],"picked":"PrismaMod:MiyuCheapChannelDefend","floor":40.0},{"not_picked":["PrismaMod:MiyuCheapChannelWeak","PrismaMod:MiyuEvokeCheapAttack","PrismaMod:MiyuCarnivalAttack+1"],"picked":"SKIP","floor":41},{"not_picked":["PrismaMod:MiyuDefenseAbsorbMinor","PrismaMod:MiyuDefenseRemoval+1","PrismaMod:MiyuAttackChannelVul+1"],"picked":"SKIP","floor":44},{"not_picked":["PrismaMod:MiyuAttackChannelVul+1","PrismaMod:MiyuEvokeBuffStr"],"picked":"PrismaMod:MiyuCheapChannelAttack+1","floor":46},{"not_picked":["PrismaMod:MiyuCheapChannelRandom+1","PrismaMod:MiyuCheapAttack2+1","PrismaMod:MiyuEvokeAll+1"],"picked":"SKIP","floor":48}],"player_experience":434884,"relics_obtained":[{"floor":7.0,"key":"DemoMod:SerJunkan"},{"floor":9.0,"key":"DemoMod:WeirdEgg"},{"floor":10.0,"key":"Letter Opener"},{"floor":11.0,"key":"Bottled Flame"},{"floor":12.0,"key":"DemoMod:Junk"},{"floor":24.0,"key":"Boot"},{"floor":26.0,"key":"theSenshi:FeatherClipsRelic"},{"floor":27.0,"key":"DemoMod:Junk"},{"floor":28.0,"key":"The Courier"},{"floor":40.0,"key":"DemoMod:BlueGuonStone"},{"floor":43,"key":"Bronze Scales"},{"floor":44,"key":"War Paint"},{"floor":46,"key":"Lantern"},{"floor":48,"key":"Blood Vial"}],"event_choices":[{"damage_healed":0.0,"max_hp_gain":0.0,"max_hp_loss":0.0,"gold_gain":0.0,"event_name":"The Woman in Blue","player_choice":"Bought 0 Potions","floor":3.0,"gold_loss":0.0,"damage_taken":0.0},{"damage_healed":0.0,"max_hp_gain":0.0,"max_hp_loss":0.0,"gold_gain":0.0,"event_name":"Dead Adventurer","player_choice":"Searched \u00271\u0027 times","floor":11.0,"gold_loss":0.0,"damage_taken":0.0},{"damage_healed":0.0,"max_hp_gain":0.0,"max_hp_loss":0.0,"gold_gain":0.0,"cards_transformed":["PrismaMod:MiyuCheapChannelRandom"],"event_name":"Transmorgrifier","player_choice":"Transformed","floor":20.0,"gold_loss":0.0,"damage_taken":0.0,"cards_obtained":["PrismaMod:MiyuAttackChannelVul"]},{"damage_healed":0.0,"max_hp_gain":0.0,"max_hp_loss":0.0,"gold_gain":0.0,"event_name":"Secret Garden","player_choice":"Choice 2","floor":22.0,"gold_loss":0.0,"damage_taken":0.0,"relics_obtained":["alterego_mod:SomeoneToFightFor"]},{"damage_healed":0.0,"max_hp_gain":0.0,"max_hp_loss":0.0,"gold_gain":0.0,"event_name":"The Library","player_choice":"Read","floor":25.0,"gold_loss":0.0,"damage_taken":0.0,"cards_obtained":["PrismaMod:MiyuUncommonPlate"]},{"damage_healed":0.0,"max_hp_gain":0.0,"max_hp_loss":0.0,"gold_gain":0.0,"event_name":"Cursed Tome","player_choice":"Obtained Book","floor":27.0,"gold_loss":0.0,"damage_taken":16.0},{"damage_healed":0.0,"max_hp_gain":0.0,"max_hp_loss":0.0,"gold_gain":0.0,"event_name":"WeMeetAgain","player_choice":"Paid Gold","floor":36.0,"gold_loss":66.0,"damage_taken":0.0,"relics_obtained":["PreservedInsect"]}],"is_beta":false,"boss_relics":[{"not_picked":["Snecko Eye","Cursed Key"],"picked":"Astrolabe"},{"not_picked":["Pandora\u0027s Box","Tiny House"],"picked":"PrismaMod:PrismaSapphireUpgrade"}],"items_purged_floors":[19,47],"is_endless":false,"potions_floor_spawned":[2,4,10,16,18,28,30,31,35,39,46,48],"ascension_level":1}}