{"host":"npubv26u89aif4fa","time":1607915834,"event":{"mods":["Bard","BaseMod","Better Vampires","Colored Powertips","GifTheSpireLib","GungeonMod","Hubris","Luminous","Marisa£®ÏF”Í°°ƒß¿Ì…≥£©","Minty Spire (QoL Compilation)","Reimu£®≤©¿ˆ¡È√Œ£©","Remilia£®¿Ÿ√◊¿Ú—«£©","Replay The Spire","StSLib","Td1madao Mod","The Bug Knight","The Cursed","The Hierophant","The Runesmith","Youmu£®ªÍ∆«—˝√Œ£©"],"gold_per_floor":[119,136,136,152,152,187,187,214,214,214,249,249,280,309,309,416,416,446,4,28,68,70,70],"floor_reached":22,"playtime":2284,"items_purged":["Strike_P"],"score":198,"play_id":"ba0e302f-d23f-4ede-a999-1241a0a5df8a","local_time":"20201214111714","is_ascension_mode":false,"campfire_choices":[{"floor":7,"key":"RECALL"},{"data":"Eruption","floor":12,"key":"SMITH"},{"data":"Perseverance","floor":15,"key":"SMITH"}],"circlet_count":0,"master_deck":["Strike_P","Strike_P","Strike_P","Defend_P","Defend_P","Defend_P","Defend_P","Eruption+1","Vigilance+1","Perseverance+1","ClearTheMind","FollowUp","Tantrum","DeusExMachina","EmptyFist","DeusExMachina","Establishment","DeceiveReality","FollowUp","Flash of Steel","SignatureMove"],"relics":["PureWater","Replay:Bandana","Replay:WaspNest","VioletLotus","DemoMod:Bottle"],"acts_visited":["Exordium","TheCity"],"potions_floor_usage":[6,11,16],"damage_taken":[{"damage":5,"enemies":"Small Slimes","floor":1,"turns":4},{"damage":0,"enemies":"2 Louse","floor":2,"turns":2},{"damage":0,"enemies":"Cultist","floor":4,"turns":3},{"damage":23,"enemies":"Gremlin Nob","floor":6,"turns":4},{"damage":7,"enemies":"Gremlin Gang","floor":8,"turns":4},{"damage":19,"enemies":"Lagavulin","floor":11,"turns":7},{"damage":0,"enemies":"Large Slime","floor":13,"turns":2},{"damage":1,"enemies":"3 Louse","floor":14,"turns":2},{"damage":21,"enemies":"Slime Boss","floor":16,"turns":10},{"damage":10,"enemies":"2 Thieves","floor":18,"turns":4},{"damage":40,"enemies":"Shell Parasite","floor":20,"turns":6},{"damage":31,"enemies":"3 Cultists","floor":21,"turns":5},{"damage":4,"enemies":"Centurion and Healer","floor":22,"turns":1}],"seed_played":"-5419734759395635827","potions_obtained":[{"floor":2,"key":"AttackPotion"},{"floor":8,"key":"SteroidPotion"},{"floor":10,"key":"MagicPotion:ReiMu"},{"floor":10,"key":"Regen Potion"},{"floor":10,"key":"MagicPotion:ReiMu"},{"floor":13,"key":"Dexterity Potion"}],"is_trial":false,"path_per_floor":["M","M","?","M","?","E","R","M","T","?","E","R","M","M","R","B",null,"M","$","M","M","M"],"character_chosen":"WATCHER","items_purchased":["DemoMod:Bottle","FollowUp","Flash of Steel"],"campfire_rested":0,"item_purchase_floors":[19,19,19],"current_hp_per_floor":[74,74,74,74,79,56,56,49,49,49,45,45,45,44,44,23,84,74,74,34,3,0,0],"gold":70,"neow_bonus":"TEN_PERCENT_HP_BONUS","is_daily":false,"chose_seed":false,"campfire_upgraded":2,"win_rate":0.0,"timestamp":1607915834,"path_taken":["M","M","?","M","?","E","R","M","T","?","E","R","M","M","R","BOSS","M","$","?","M","M"],"items_purchased_type":["Relic","Card","Card"],"build_version":"2020-12-13","purchased_purges":1,"victory":false,"max_hp_per_floor":[79,79,79,79,84,84,84,84,84,84,84,84,84,84,84,84,84,84,84,84,84,84,84],"card_choices":[{"not_picked":["Crescendo","CutThroughFate"],"picked":"Perseverance","floor":1},{"not_picked":["Adaptation","DevaForm"],"picked":"ClearTheMind","floor":2},{"not_picked":["CrushJoints","Replay:Hum","Weave"],"picked":"SKIP","floor":4},{"not_picked":["Protect","ThirdEye"],"picked":"FollowUp","floor":6},{"not_picked":["FlyingSleeves","InnerPeace"],"picked":"Tantrum","floor":8},{"not_picked":["WreathOfFlame","Tantrum"],"picked":"DeusExMachina","floor":11},{"not_picked":["SashWhip","ClearTheMind"],"picked":"EmptyFist","floor":13},{"not_picked":["Replay:ManipulateFuture","Meditate"],"picked":"DeusExMachina","floor":14},{"not_picked":["Judgement","Scrawl"],"picked":"Establishment","floor":16},{"not_picked":["Evaluate","Replay:AtTheReady"],"picked":"DeceiveReality","floor":18},{"not_picked":["Replay:Cycle+1","Replay:AllIn","SignatureMove"],"picked":"SKIP","floor":20},{"not_picked":["Replay:Cycle+1","Replay:AllIn"],"picked":"SignatureMove","floor":20},{"not_picked":["FollowUp","Sanctity","SashWhip"],"picked":"SKIP","floor":21}],"player_experience":54813,"relics_obtained":[{"floor":6,"key":"Replay:Bandana"},{"floor":11,"key":"Replay:WaspNest"}],"event_choices":[{"damage_healed":0,"gold_gain":0,"player_choice":"Grow","damage_taken":0,"max_hp_gain":0,"max_hp_loss":0,"event_name":"Living Wall","floor":3,"gold_loss":0,"cards_upgraded":["Vigilance"]},{"damage_healed":0,"gold_gain":0,"player_choice":"Donut","damage_taken":0,"max_hp_gain":5,"max_hp_loss":0,"event_name":"Big Fish","floor":5,"gold_loss":0},{"damage_healed":0,"gold_gain":0,"player_choice":"Got Potions","damage_taken":0,"max_hp_gain":0,"max_hp_loss":0,"event_name":"Lab","floor":10,"gold_loss":0}],"is_beta":false,"boss_relics":[{"not_picked":["Ectoplasm","Cursed Key"],"picked":"VioletLotus"}],"items_purged_floors":[19],"is_endless":false,"potions_floor_spawned":[2,8,13],"killed_by":"Centurion and Healer","ascension_level":0}}