{"host":"raai0vtvcfkt8csp","time":1607953389,"event":{"mods":["2.2 Compatiblity","BaseMod","Block Reminder","Booster Modes","DeckTracker","Defective Defect","Dio Mod","GifTheSpireLib","Infinite Spire","Minty Spire (QoL Compilation)","Quick Restart","Random Character Button","Rare Cards Sparkle","StSLib","Unceasing Turn Reminder"],"gold_per_floor":[110,110,42,61,78,104,104,139,139,139,166,85,101,119,119,224,224,241,241,275,275,294,326,344,376,376,408,420,436,106,118,118,221,221,234,244,244,244,254,254,289,289,289,289,316,316,351,6,6,6,6,6,6,31,31],"floor_reached":56,"playtime":6670,"items_purged":[],"score":1389,"play_id":"ae95164b-b33a-4fba-a087-108fa314cc6b","local_time":"20201214144309","is_ascension_mode":true,"campfire_choices":[{"data":"dioMod:RoadRoller","floor":7,"key":"SMITH"},{"floor":10,"key":"REST"},{"data":"dioMod:MudaMudaMuda","floor":15,"key":"SMITH"},{"data":"dioMod:DarkRebirth","floor":32,"key":"SMITH"},{"floor":40,"key":"RECALL"},{"data":"dioMod:Regeneration","floor":42,"key":"SMITH"},{"data":"dioMod:DoubleTime","floor":46,"key":"SMITH"},{"data":"dioMod:Regeneration","floor":49,"key":"SMITH"},{"data":"Apotheosis","floor":52,"key":"SMITH"}],"circlet_count":0,"master_deck":["Bite","dioMod:Defend+1","dioMod:Defend+1","dioMod:Defend+1","dioMod:Defend+1","dioMod:BloodShield","dioMod:Muda","dioMod:RoadRoller+1","dioMod:DaggerToss","dioMod:Roundabout","dioMod:SadisticLaugh","dioMod:GoodbyeJojo","dioMod:Freeze","dioMod:BloodTransfusion","dioMod:MudaMudaMuda+1","dioMod:PathToHeaven","dioMod:Regeneration+1","dioMod:DarkRebirth+1","dioMod:CoffinBath","dioMod:MudaMudaMuda+1","dioMod:Diversion","dioMod:DarkRebirth","dioMod:BloodSplash","dioMod:Regeneration+1","dioMod:DaggerToss","dioMod:ComboFever","dioMod:ComboFever+1","dioMod:MudaMudaMuda","dioMod:BloodShield","dioMod:Hiss","dioMod:CautiousMuda","Bandage Up","dioMod:BloodShield","dioMod:GoldVial","dioMod:Pluck+1","dioMod:BloodTransfusion+1","dioMod:LaserVision+1","dioMod:Hiss","infinitespire:Execution","Parasite","dioMod:DarkRebirth+1","Apotheosis+1","dioMod:DoubleTime+1","dioMod:BlendIn","dioMod:ComposedMuda+1","dioMod:Muda+1"],"relics":["dioMod:VampireBlood","NeowsBlessing","Happy Flower","Gremlin Horn","Boot","infinitespire:Bottled Soul","Black Star","Red Mask","Centennial Puzzle","Kunai","Regal Pillow","Gambling Chip","Unceasing Top","StrikeDummy","Mango","Astrolabe","Sozu","Bottled Flame","Turnip","Art of War","infinitespire:BottledMercury","Ornamental Fan","Molten Egg 2","Bottled Flame","Incense Burner","White Beast Statue","Vajra"],"acts_visited":["Exordium","TheCity","TheBeyond","TheEnding"],"potions_floor_usage":[11,16,23,23,23,25,31,31,31],"damage_taken":[{"damage":0,"enemies":"2 Louse","floor":1,"turns":1},{"damage":0,"enemies":"Cultist","floor":4,"turns":1},{"damage":0,"enemies":"Jaw Worm","floor":5,"turns":1},{"damage":37,"enemies":"Lagavulin","floor":6,"turns":9},{"damage":20,"enemies":"3 Sentries","floor":8,"turns":9},{"damage":20,"enemies":"Gremlin Nob","floor":11,"turns":4},{"damage":0,"enemies":"Large Slime","floor":13,"turns":3},{"damage":0,"enemies":"Lots of Slimes","floor":14,"turns":1},{"damage":54,"enemies":"The Guardian","floor":16,"turns":15},{"damage":36,"enemies":"Chosen","floor":18,"turns":7},{"damage":21,"enemies":"Masked Bandits","floor":20,"turns":5},{"damage":39,"enemies":"Shell Parasite","floor":22,"turns":10},{"damage":43,"enemies":"Gremlin Leader","floor":23,"turns":8},{"damage":29,"enemies":"Centurion and Healer","floor":24,"turns":9},{"damage":118,"enemies":"Book of Stabbing","floor":25,"turns":13},{"damage":60,"enemies":"Gremlin Leader","floor":27,"turns":11},{"damage":14,"enemies":"3 Cultists","floor":28,"turns":5},{"damage":24,"enemies":"Snake Plant","floor":29,"turns":7},{"damage":20,"enemies":"Snecko","floor":31,"turns":9},{"damage":143,"enemies":"Collector","floor":33,"turns":21},{"damage":19,"enemies":"Orb Walker","floor":35,"turns":5},{"damage":14,"enemies":"3 Darklings","floor":36,"turns":2},{"damage":18,"enemies":"Writhing Mass","floor":39,"turns":7},{"damage":151,"enemies":"Reptomancer","floor":41,"turns":14},{"damage":124,"enemies":"Nemesis","floor":45,"turns":11},{"damage":79,"enemies":"Giant Head","floor":47,"turns":11},{"damage":168,"enemies":"Awakened One","floor":50,"turns":18},{"damage":139,"enemies":"Shield and Spear","floor":54,"turns":15},{"damage":190,"enemies":"The Heart","floor":55,"turns":12}],"seed_played":"-2510309458730769414","potions_obtained":[{"floor":8,"key":"LiquidMemories"},{"floor":11,"key":"SteroidPotion"},{"floor":13,"key":"Regen Potion"},{"floor":14,"key":"Weak Potion"},{"floor":22,"key":"dioMod:HumanBlood"},{"floor":23,"key":"dioMod:HumanBlood"},{"floor":28,"key":"infinitespire:BlackPotion"},{"floor":29,"key":"Block Potion"},{"floor":33,"key":"Ancient Potion"}],"is_trial":false,"path_per_floor":["M","?","$","M","M","E","R","E","T","R","E","$","M","M","R","B",null,"M","?","?","?","M","E","M","E","T","E","M","M","$","M","R","B",null,"M","M","AVR","?","M","R","E","R","T","?","E","R","E","$","R","B",null,"R","$","E","B",null],"character_chosen":"THE_DEFAULT","items_purchased":["dioMod:RoadRoller","dioMod:BloodTransfusion","dioMod:MudaMudaMuda","dioMod:BloodShield","dioMod:Hiss","dioMod:CautiousMuda","Bandage Up","Energy Potion","Incense Burner","dioMod:ComposedMuda+1"],"campfire_rested":1,"item_purchase_floors":[3,12,30,30,30,30,30,30,48,48],"current_hp_per_floor":[75,75,75,75,75,45,45,40,40,62,47,47,52,61,61,14,75,56,56,56,56,39,67,66,15,15,47,62,64,64,71,71,25,89,79,74,74,74,89,89,52,52,52,52,75,75,60,60,60,49,89,89,89,83,64],"gold":31,"neow_bonus":"THREE_ENEMY_KILL","is_daily":false,"chose_seed":false,"campfire_upgraded":7,"win_rate":0.0,"timestamp":1607953389,"path_taken":["M","?","$","?","?","E","R","E","T","R","E","$","M","M","R","BOSS","M","?","?","?","?","E","M","E","T","E","M","M","$","M","R","BOSS","M","M","AVR","?","?","R","E","R","T","?","E","R","E","?","R","BOSS","R","$","E","BOSS"],"items_purchased_type":["Card","Card","Card","Card","Card","Card","Card","Potion","Relic","Card"],"build_version":"2020-12-13","purchased_purges":0,"victory":true,"max_hp_per_floor":[75,75,75,75,75,75,75,75,75,75,75,75,75,75,75,75,75,75,75,75,75,75,75,75,75,75,89,89,89,89,89,89,89,89,89,89,89,89,89,89,89,89,89,89,89,89,89,89,89,89,89,89,89,89,89],"card_choices":[{"not_picked":["dioMod:FlyAway","dioMod:DaggerToss"],"picked":"dioMod:BloodShield","floor":1},{"not_picked":["dioMod:VengefulMuda","dioMod:BlendIn"],"picked":"dioMod:DaggerToss","floor":4},{"not_picked":["dioMod:FlyAway","dioMod:HeavyLifting"],"picked":"dioMod:Roundabout","floor":5},{"not_picked":["dioMod:UltimateSacrifice","dioMod:BloodSplash"],"picked":"dioMod:SadisticLaugh","floor":6},{"not_picked":["dioMod:Roundabout","dioMod:BloodSplash"],"picked":"dioMod:GoodbyeJojo","floor":8},{"not_picked":["dioMod:ComposedMuda","dioMod:CutDeep"],"picked":"dioMod:Freeze","floor":11},{"not_picked":["dioMod:BloodShield","dioMod:FlyAway"],"picked":"dioMod:MudaMudaMuda","floor":13},{"not_picked":["dioMod:LaserVision","dioMod:WRYYY"],"picked":"dioMod:PathToHeaven","floor":14},{"not_picked":["dioMod:GoldVial","dioMod:Refresh"],"picked":"dioMod:Regeneration","floor":16},{"not_picked":["dioMod:BlendIn","dioMod:CutDeep"],"picked":"dioMod:DarkRebirth","floor":18},{"not_picked":["dioMod:VengefulMuda","dioMod:DisarmingVoice"],"picked":"dioMod:CoffinBath","floor":20},{"not_picked":["dioMod:Roundabout","dioMod:DominatingPresence"],"picked":"dioMod:Diversion","floor":22},{"not_picked":["dioMod:SlashThroughTime","dioMod:WRYYY"],"picked":"dioMod:DarkRebirth","floor":23},{"not_picked":["dioMod:BloodShield","dioMod:WRYYY"],"picked":"dioMod:BloodSplash","floor":24},{"not_picked":["dioMod:GoldVial","dioMod:Diversion+1"],"picked":"dioMod:Regeneration","floor":25},{"not_picked":["dioMod:DisarmingVoice","dioMod:SadisticLaugh"],"picked":"dioMod:DaggerToss","floor":27},{"not_picked":["dioMod:CoffinBath+1","dioMod:CutDeep"],"picked":"dioMod:ComboFever","floor":28},{"not_picked":["dioMod:TripleThreat","dioMod:VengefulMuda"],"picked":"dioMod:ComboFever+1","floor":29},{"not_picked":["dioMod:DisarmingVoice","dioMod:MudaMudaMuda"],"picked":"dioMod:BloodShield","floor":31},{"not_picked":["dioMod:PhantomBlood","dioMod:UltimateSacrifice"],"picked":"dioMod:GoldVial","floor":33},{"not_picked":["dioMod:Hiss+1","dioMod:Freeze+1","dioMod:VengefulMuda+1"],"picked":"SKIP","floor":35},{"not_picked":["dioMod:CautiousMuda+1","dioMod:Roundabout+1"],"picked":"dioMod:Hiss","floor":36},{"not_picked":["dioMod:DaggerToss","dioMod:Roundabout+1"],"picked":"dioMod:DarkRebirth+1","floor":39},{"not_picked":["dioMod:HeavyLifting+1","dioMod:BloodShield","dioMod:ComposedMuda+1"],"picked":"SKIP","floor":41},{"not_picked":["Finesse","Deep Breath"],"picked":"Apotheosis","floor":44},{"not_picked":["dioMod:MudaMudaMuda+1","dioMod:BloodSplash+1"],"picked":"dioMod:DoubleTime","floor":45},{"not_picked":["dioMod:HeavyLifting+1","dioMod:FlyAway+1"],"picked":"dioMod:BlendIn","floor":47},{"not_picked":["dioMod:FlyAway","dioMod:DaggerToss+1"],"picked":"dioMod:Muda+1","floor":54}],"player_experience":435465,"relics_obtained":[{"floor":6,"key":"Happy Flower"},{"floor":8,"key":"Gremlin Horn"},{"floor":9,"key":"Boot"},{"floor":11,"key":"infinitespire:Bottled Soul"},{"floor":20,"key":"Red Mask"},{"floor":23,"key":"Centennial Puzzle"},{"floor":23,"key":"Kunai"},{"floor":25,"key":"Regal Pillow"},{"floor":25,"key":"Gambling Chip"},{"floor":26,"key":"Unceasing Top"},{"floor":27,"key":"StrikeDummy"},{"floor":27,"key":"Mango"},{"floor":41,"key":"Turnip"},{"floor":41,"key":"Art of War"},{"floor":45,"key":"infinitespire:BottledMercury"},{"floor":45,"key":"Ornamental Fan"},{"floor":47,"key":"Molten Egg 2"},{"floor":47,"key":"Bottled Flame"},{"floor":54,"key":"White Beast Statue"},{"floor":54,"key":"Vajra"}],"event_choices":[{"damage_healed":0,"gold_gain":0,"cards_transformed":["dioMod:Strike"],"player_choice":"Transformed","damage_taken":0,"max_hp_gain":0,"max_hp_loss":0,"event_name":"Transmorgrifier","floor":2,"gold_loss":0,"cards_obtained":["dioMod:Muda"]},{"damage_healed":0,"gold_gain":0,"player_choice":"Simplicity","damage_taken":0,"max_hp_gain":0,"max_hp_loss":0,"event_name":"Back to Basics","floor":19,"gold_loss":0,"cards_upgraded":["dioMod:Strike","dioMod:Strike","dioMod:Strike","dioMod:Defend","dioMod:Defend","dioMod:Defend","dioMod:Defend"]},{"damage_healed":0,"gold_gain":0,"player_choice":"Fought Bandits","damage_taken":0,"max_hp_gain":0,"max_hp_loss":0,"event_name":"Masked Bandits","floor":20,"gold_loss":0},{"damage_healed":0,"gold_gain":0,"player_choice":"Copied","damage_taken":0,"max_hp_gain":0,"max_hp_loss":0,"event_name":"Duplicator","floor":21,"gold_loss":0,"cards_obtained":["dioMod:MudaMudaMuda"]},{"cards_removed":["infinitespire:Fortify"],"damage_healed":5,"gold_gain":0,"player_choice":"Offered Special","damage_taken":0,"max_hp_gain":0,"max_hp_loss":0,"event_name":"Bonfire Elementals","floor":38,"gold_loss":0},{"damage_healed":0,"gold_gain":0,"player_choice":"Memory 1","damage_taken":0,"max_hp_gain":0,"max_hp_loss":0,"event_name":"SensoryStone","floor":44,"gold_loss":0}],"is_beta":false,"boss_relics":[{"not_picked":["dioMod:JoestarBlood","Fusion Hammer"],"picked":"Black Star"},{"not_picked":["Runic Dome","SacredBark"],"picked":"Astrolabe"}],"items_purged_floors":[],"is_endless":false,"potions_floor_spawned":[8,11,13,14,22,23,28,29,33,39,45,47,54],"ascension_level":1}}