{"host":"mvlqq966zh3ccmv5","time":1607961081,"event":{"mods":["AchievementEnabler","BaseMod","DeckTracker","Minty Spire (QoL Compilation)","SuperFastMode"],"gold_per_floor":[119,137,154,104,115,115,95,95,118,136,61,87,106,117,117,217,217,217,127,138,151,112,112,112],"floor_reached":23,"playtime":713,"items_purged":["Strike_R"],"score":518,"play_id":"7b43826c-dd1f-4775-8dd1-48a4b8d95c69","local_time":"20201215005121","is_ascension_mode":true,"campfire_choices":[{"data":"Barricade","floor":6.0,"key":"SMITH"},{"data":"Entrench","floor":8.0,"key":"SMITH"},{"data":"Juggernaut","floor":15.0,"key":"SMITH"}],"circlet_count":0,"master_deck":["AscendersBane","Defend_R","Defend_R","Defend_R","Defend_R","Bash","Berserk+1","Barricade+1","Shrug It Off","Entrench+1","Iron Wave","Bloodletting","Juggernaut+1","Shrug It Off","Battle Trance","Metallicize"],"relics":["Burning Blood","Strawberry","Lantern","Runic Cube"],"acts_visited":["Exordium","TheCity"],"potions_floor_usage":[18,23,23],"damage_taken":[{"damage":5.0,"enemies":"2 Louse","floor":1.0,"turns":4.0},{"damage":16.0,"enemies":"Jaw Worm","floor":2.0,"turns":4.0},{"damage":9.0,"enemies":"Cultist","floor":3.0,"turns":5.0},{"damage":10.0,"enemies":"Looter","floor":5.0,"turns":5.0},{"damage":10.0,"enemies":"Lots of Slimes","floor":10.0,"turns":9.0},{"damage":4.0,"enemies":"3 Sentries","floor":12.0,"turns":7.0},{"damage":3.0,"enemies":"Red Slaver","floor":13.0,"turns":5.0},{"damage":49.0,"enemies":"Gremlin Gang","floor":14.0,"turns":7.0},{"damage":3.0,"enemies":"Hexaghost","floor":16.0,"turns":11.0},{"damage":0,"enemies":"2 Thieves","floor":18,"turns":1},{"damage":0,"enemies":"Chosen","floor":20,"turns":7},{"damage":3,"enemies":"Sentry and Sphere","floor":21,"turns":6},{"damage":81,"enemies":"Slavers","floor":23,"turns":5}],"seed_played":"-3877978138428480407","potions_obtained":[{"floor":3.0,"key":"SkillPotion"},{"floor":5.0,"key":"EssenceOfSteel"},{"floor":7.0,"key":"DistilledChaos"},{"floor":13.0,"key":"ElixirPotion"},{"floor":14.0,"key":"SmokeBomb"},{"floor":20,"key":"Energy Potion"}],"is_trial":false,"path_per_floor":["M","M","M","?","M","R","?","R","T","M","$","E","M","M","R","B",null,"M","?","M","M","$","E"],"character_chosen":"IRONCLAD","items_purchased":["Metallicize"],"campfire_rested":0,"item_purchase_floors":[22],"current_hp_per_floor":[72,62,59,59,55,55,55,55,62,58,58,60,63,20,20,23,65,71,71,77,79,79,0,0],"gold":112,"neow_bonus":"TRANSFORM_TWO_CARDS","is_daily":false,"chose_seed":false,"campfire_upgraded":3,"win_rate":0.0,"timestamp":1607961081,"path_taken":["M","M","M","?","M","R","?","R","T","M","$","E","M","?","R","BOSS","M","?","M","M","$","E"],"items_purchased_type":["Card"],"build_version":"2020-12-13","purchased_purges":1,"victory":false,"max_hp_per_floor":[72,72,72,72,72,72,72,72,79,79,79,79,79,79,79,79,79,79,79,79,79,79,79,79],"card_choices":[{"not_picked":["Sword Boomerang","Rupture"],"picked":"Shrug It Off","floor":1.0},{"not_picked":["Power Through","Flex"],"picked":"Entrench","floor":2.0},{"not_picked":["Havoc","Wild Strike"],"picked":"Iron Wave","floor":3.0},{"not_picked":["Anger","Rage"],"picked":"Bloodletting","floor":5.0},{"not_picked":["Sever Soul","Warcry"],"picked":"Juggernaut","floor":10.0},{"not_picked":["True Grit","Twin Strike"],"picked":"Shrug It Off","floor":12.0},{"not_picked":["Pommel Strike","Sever Soul","True Grit"],"picked":"SKIP","floor":13.0},{"not_picked":["Clothesline","Whirlwind","Pummel"],"picked":"SKIP","floor":14.0},{"not_picked":["Intimidate","Warcry"],"picked":"Battle Trance","floor":20},{"not_picked":["Pommel Strike","Warcry","Carnage"],"picked":"SKIP","floor":21}],"player_experience":204989,"relics_obtained":[{"floor":9.0,"key":"Strawberry"},{"floor":12.0,"key":"Lantern"}],"event_choices":[{"cards_removed":["Strike_R"],"damage_healed":0.0,"max_hp_gain":0.0,"max_hp_loss":0.0,"gold_gain":0.0,"event_name":"The Cleric","player_choice":"Card Removal","floor":4.0,"gold_loss":50.0,"damage_taken":0.0},{"damage_healed":0.0,"max_hp_gain":0.0,"max_hp_loss":0.0,"gold_gain":0.0,"event_name":"The Woman in Blue","player_choice":"Bought 1 Potion","floor":7.0,"gold_loss":0.0,"damage_taken":0.0},{"cards_removed":["Strike_R"],"damage_healed":0,"gold_gain":0,"player_choice":"Upgrade and Remove","damage_taken":0,"max_hp_gain":0,"max_hp_loss":0,"event_name":"Designer","floor":19,"gold_loss":90,"cards_upgraded":["Berserk"]}],"is_beta":false,"boss_relics":[{"not_picked":["SacredBark","Velvet Choker"],"picked":"Runic Cube"}],"items_purged_floors":[11],"is_endless":false,"potions_floor_spawned":[3,5,13,14,20],"killed_by":"Slavers","ascension_level":10}}