{"host":"qwttrqaysb380yri","time":1607975571,"event":{"mods":["BaseMod","Custom Start","Minty Spire (QoL Compilation)","Puzzle Mod","Relic Stats","StSLib","The Cursed","The Hierophant"],"gold_per_floor":[114,126,126,106,123,132,132,122,167,206,2,23,66,76,76,118,118,222,222,15,15,100,164,11,205,205,205,259,335,5,0,0],"floor_reached":31,"playtime":1185,"items_purged":["Decay"],"score":616,"play_id":"5e7efc0b-9a9a-4cbe-bc11-ccc4a6f2ec41","local_time":"20201214205251","is_ascension_mode":true,"campfire_choices":[{"data":"hierophant:Remorse","floor":7,"key":"SMITH"},{"floor":15,"key":"REST"}],"circlet_count":0,"master_deck":["AscendersBane","hierophant:Punish","hierophant:ChurchCoffers","hierophant:RepressedViolence","hierophant:SealAway+1","hierophant:ThreeLashes","hierophant:Doubloon","hierophant:Remorse+1","hierophant:Doubloon","hierophant:Doubloon","hierophant:Endure","hierophant:ThreeLashes","hierophant:FlamingChariot","hierophant:Purify","hierophant:RustyCrate","hierophant:Doubloon","hierophant:Doubloon","hierophant:BulkyChest","hierophant:Mercenaries+1","hierophant:Batter","hierophant:ThreeLashes","hierophant:Martyrdom","hierophant:CursedGold","hierophant:Flagellation","hierophant:RustyCrate","hierophant:Doubloon","hierophant:Doubloon","hierophant:Doubloon","hierophant:Racketeering","hierophant:HolyVerse","Finesse","hierophant:Sermon","hierophant:Doubloon","hierophant:ThreeLashes","hierophant:Doubloon+1","hierophant:ConvertCurrency+1","hierophant:FaithHealing+1","hierophant:HammerAndAnvil+1","hierophant:RustyCrate+1","hierophant:Doubloon+1","hierophant:Doubloon+1","hierophant:Glossolalia"],"relics":["hierophant:PropheticMaskRelic","Mummified Hand","Boot","Blood Vial","Art of War","Membership Card","Pandora\u0027s Box","Gambling Chip","Potion Belt","Blue Candle","hierophant:DonationBoxRelic","Toxic Egg 2","Whetstone","OrangePellets","Molten Egg 2"],"acts_visited":["Exordium","TheCity"],"potions_floor_usage":[6,8,16,18,23,23,25],"damage_taken":[{"damage":6,"enemies":"Cultist","floor":1,"turns":4},{"damage":7,"enemies":"Small Slimes","floor":2,"turns":4},{"damage":2,"enemies":"Jaw Worm","floor":5,"turns":3},{"damage":20,"enemies":"Lagavulin","floor":6,"turns":6},{"damage":16,"enemies":"Gremlin Nob","floor":8,"turns":3},{"damage":15,"enemies":"3 Sentries","floor":10,"turns":5},{"damage":9,"enemies":"Red Slaver","floor":12,"turns":2},{"damage":0,"enemies":"Gremlin Gang","floor":13,"turns":5},{"damage":0,"enemies":"Large Slime","floor":14,"turns":3},{"damage":10,"enemies":"Slime Boss","floor":16,"turns":4},{"damage":36,"enemies":"3 Byrds","floor":18,"turns":5},{"damage":14,"enemies":"Chosen","floor":22,"turns":4},{"damage":21,"enemies":"Book of Stabbing","floor":23,"turns":3},{"damage":21,"enemies":"Slavers","floor":25,"turns":2},{"damage":0,"enemies":"Snake Plant","floor":28,"turns":2},{"damage":4,"enemies":"3 Cultists","floor":29,"turns":3},{"damage":0,"enemies":"Centurion and Healer","floor":31,"turns":1}],"seed_played":"-2101157984508166017","potions_obtained":[{"floor":2,"key":"Weak Potion"},{"floor":4,"key":"Regen Potion"},{"floor":13,"key":"GamblersBrew"},{"floor":14,"key":"Dexterity Potion"},{"floor":16,"key":"SkillPotion"},{"floor":18,"key":"Explosive Potion"},{"floor":22,"key":"Fire Potion"}],"is_trial":false,"path_per_floor":["M","M","?","?","M","E","R","E","T","E","$","M","M","M","R","B",null,"M","T","$","?","M","E","$","E","T","?","M","M","$","M"],"character_chosen":"HIEROPHANT","items_purchased":["Membership Card","hierophant:ThreeLashes","hierophant:FlamingChariot","hierophant:HolyVerse","Finesse","Potion Belt","FairyPotion","Explosive Potion","hierophant:DonationBoxRelic","hierophant:ThreeLashes","hierophant:RustyCrate+1","OrangePellets","SpeedPotion","Molten Egg 2","hierophant:Glossolalia"],"campfire_rested":1,"item_purchase_floors":[11,11,11,20,20,20,20,20,24,24,30,30,30,30,30],"current_hp_per_floor":[62,55,55,55,53,48,48,32,32,19,19,12,14,16,38,30,64,30,30,30,30,18,22,22,3,3,3,5,3,3,5,5],"gold":0,"neow_bonus":"TRANSFORM_CARD","is_daily":false,"chose_seed":false,"campfire_upgraded":1,"win_rate":0.0,"timestamp":1607975571,"path_taken":["M","M","?","?","M","E","R","E","T","E","$","M","M","M","R","BOSS","M","?","$","?","M","E","$","E","T","?","M","?","?","?"],"items_purchased_type":["Relic","Card","Card","Card","Card","Relic","Potion","Potion","Relic","Card","Card","Relic","Potion","Relic","Card"],"build_version":"2020-12-13","purchased_purges":1,"victory":false,"max_hp_per_floor":[75,75,75,75,75,75,75,75,75,75,75,75,75,75,75,75,75,75,75,75,75,75,75,75,75,75,75,75,75,75,75,75],"relic_stats":{"Blood Vial":24,"OrangePellets":[0],"counters":[17,59],"Mummified Hand":[8],"Gambling Chip":[9],"Blue Candle":[1],"Pandora\u0027s Box":["hierophant:Mercenaries","hierophant:Batter","hierophant:ThreeLashes","hierophant:Martyrdom","hierophant:CursedGold","hierophant:Flagellation","hierophant:RustyCrate"],"Art of War":[0],"Whetstone":["hierophant:Mercenaries","hierophant:SealAway"],"Boot":[222],"obtain_stats":[{"Potion Belt":20,"hierophant:PropheticMaskRelic":0,"Blue Candle":23,"Whetstone":26,"Boot":8,"Blood Vial":9,"OrangePellets":30,"Mummified Hand":6,"Gambling Chip":19,"hierophant:DonationBoxRelic":24,"Pandora\u0027s Box":17,"Molten Egg 2":30,"Art of War":10,"Membership Card":11,"Toxic Egg 2":25},{"Potion Belt":11,"hierophant:PropheticMaskRelic":0,"Blue Candle":13,"Whetstone":14,"Boot":5,"Blood Vial":5,"OrangePellets":16,"Mummified Hand":4,"Gambling Chip":11,"hierophant:DonationBoxRelic":13,"Pandora\u0027s Box":10,"Molten Egg 2":16,"Art of War":6,"Membership Card":6,"Toxic Egg 2":14},{"Potion Belt":44,"hierophant:PropheticMaskRelic":0,"Blue Candle":51,"Whetstone":53,"Boot":20,"Blood Vial":20,"OrangePellets":58,"Mummified Hand":17,"Gambling Chip":44,"hierophant:DonationBoxRelic":51,"Pandora\u0027s Box":39,"Molten Egg 2":58,"Art of War":25,"Membership Card":25,"Toxic Egg 2":53}]},"card_choices":[{"not_picked":["hierophant:MirrorShield","hierophant:HammerAndAnvil"],"picked":"hierophant:SealAway","floor":1},{"not_picked":["hierophant:HammerAndAnvil","hierophant:Doubloon"],"picked":"hierophant:ThreeLashes","floor":2},{"not_picked":["hierophant:MintersHammer","hierophant:OrnateBuckler"],"picked":"hierophant:Remorse","floor":5},{"not_picked":["hierophant:Exaltation","hierophant:RecallFunds"],"picked":"hierophant:Doubloon","floor":6},{"not_picked":["hierophant:Exaltation","hierophant:RepressedViolence"],"picked":"hierophant:Doubloon","floor":8},{"not_picked":["hierophant:MorningPrayer","hierophant:Dazzle"],"picked":"hierophant:Endure","floor":10},{"not_picked":["hierophant:Alms","hierophant:HolyVerse"],"picked":"hierophant:Purify","floor":12},{"not_picked":["hierophant:ArchangelShield","hierophant:EyeForCoin","hierophant:HolyVerse"],"picked":"SKIP","floor":13},{"not_picked":["hierophant:Invocation","hierophant:FieryStrike"],"picked":"hierophant:RustyCrate","floor":14},{"not_picked":["hierophant:Invocation","hierophant:WrathOfGod"],"picked":"hierophant:BulkyChest","floor":16},{"not_picked":["hierophant:DisplayOfPower","hierophant:Patience"],"picked":"hierophant:Racketeering","floor":18},{"not_picked":["hierophant:SealAway","hierophant:Community"],"picked":"hierophant:Sermon","floor":22},{"not_picked":["hierophant:CursedGold","hierophant:Invocation"],"picked":"hierophant:Doubloon","floor":23},{"not_picked":["hierophant:Prophecy+1","hierophant:Chorus+1"],"picked":"hierophant:ConvertCurrency+1","floor":25},{"not_picked":["hierophant:Bribe+1","hierophant:Blessing+1"],"picked":"hierophant:FaithHealing+1","floor":28},{"not_picked":["hierophant:Batter","hierophant:DisplayOfPower"],"picked":"hierophant:HammerAndAnvil+1","floor":29}],"player_experience":1837689,"relics_obtained":[{"floor":6,"key":"Mummified Hand"},{"floor":8,"key":"Boot"},{"floor":9,"key":"Blood Vial"},{"floor":10,"key":"Art of War"},{"floor":19,"key":"Gambling Chip"},{"floor":23,"key":"Blue Candle"},{"floor":25,"key":"Toxic Egg 2"},{"floor":26,"key":"Whetstone"}],"event_choices":[{"damage_healed":0,"gold_gain":0,"player_choice":"Ignored","damage_taken":0,"max_hp_gain":0,"max_hp_loss":0,"event_name":"Shining Light","floor":3,"gold_loss":0},{"damage_healed":0,"gold_gain":0,"player_choice":"Bought 1 Potion","damage_taken":0,"max_hp_gain":0,"max_hp_loss":0,"event_name":"The Woman in Blue","floor":4,"gold_loss":0},{"damage_healed":0,"gold_gain":0,"player_choice":"Smashed Altar","damage_taken":0,"max_hp_gain":0,"max_hp_loss":0,"event_name":"Forgotten Altar","floor":21,"gold_loss":0,"cards_obtained":["Decay"]},{"damage_healed":0,"gold_gain":0,"player_choice":"Ignored","damage_taken":0,"max_hp_gain":0,"max_hp_loss":0,"event_name":"Vampires","floor":27,"gold_loss":0}],"is_beta":false,"boss_relics":[{"not_picked":["Snecko Eye","Empty Cage"],"picked":"Pandora\u0027s Box"}],"items_purged_floors":[30],"is_endless":false,"potions_floor_spawned":[2,5,13,14,16,18,22],"killed_by":"Centurion and Healer","ascension_level":15}}