{"host":"dl5mjdlimopbuch5","time":1607987058,"event":{"mods":["AchievementEnabler","BaseMod","Colored Powertips","Googly Eyes","Minty Spire (QoL Compilation)","Quick Restart"],"gold_per_floor":[118,118,118,118,118,159,234,265,318,318,73,73,73,117,117,248,248,266,290,290,145,158,158,189,189,216,216,216,216,216,237,237,360,360,379,379,393,393,249,249,270,293,373,387,387,421,421,444,444,444],"floor_reached":51,"playtime":1173,"items_purged":[],"score":1058,"play_id":"551a00f3-3ee3-4a7f-ac49-8ff47ffe49d2","local_time":"20201214230418","is_ascension_mode":true,"campfire_choices":[{"data":"Spot Weakness","floor":10.0,"key":"SMITH"},{"data":"Flex","floor":12.0,"key":"SMITH"},{"floor":15.0,"key":"REST"},{"floor":23.0,"key":"REST"},{"data":"Metallicize","floor":25.0,"key":"SMITH"},{"floor":30.0,"key":"REST"},{"floor":32.0,"key":"REST"},{"data":"Bash","floor":40.0,"key":"SMITH"},{"floor":45.0,"key":"REST"},{"floor":47.0,"key":"REST"},{"floor":49.0,"key":"REST"}],"circlet_count":0,"master_deck":["Strike_R+1","Strike_R+1","Strike_R+1","Strike_R+1","Strike_R+1","Defend_R+1","Defend_R+1","Defend_R+1","Defend_R+1","Bash+1","Spot Weakness+1","Regret","Metallicize+1","Flex+1","Offering+1","Necronomicurse","Writhe"],"relics":["Black Blood","NeowsBlessing","Torii","Golden Idol","Paper Frog","Centennial Puzzle","Pen Nib","Boot","Vajra","Bottled Tornado","Pocketwatch","Busted Crown","Anchor","War Paint","Oddly Smooth Stone","Necronomicon","Blood Vial","Brimstone","Letter Opener","Omamori"],"acts_visited":["Exordium","TheCity","TheBeyond"],"potions_floor_usage":[50],"damage_taken":[{"damage":0.0,"enemies":"Small Slimes","floor":1.0,"turns":1.0},{"damage":0.0,"enemies":"Lagavulin","floor":6.0,"turns":1.0},{"damage":0.0,"enemies":"Gremlin Nob","floor":8.0,"turns":1.0},{"damage":33.0,"enemies":"Lagavulin","floor":14.0,"turns":5.0},{"damage":21.0,"enemies":"Hexaghost","floor":16.0,"turns":6.0},{"damage":14.0,"enemies":"Shell Parasite","floor":18.0,"turns":2.0},{"damage":19.0,"enemies":"2 Thieves","floor":19.0,"turns":3.0},{"damage":6.0,"enemies":"Snake Plant","floor":22.0,"turns":2.0},{"damage":29.0,"enemies":"Slavers","floor":24.0,"turns":5.0},{"damage":11.0,"enemies":"Chosen and Byrds","floor":31.0,"turns":5.0},{"damage":61.0,"enemies":"Automaton","floor":33.0,"turns":7.0},{"damage":1.0,"enemies":"Orb Walker","floor":35.0,"turns":3.0},{"damage":10.0,"enemies":"3 Shapes","floor":37.0,"turns":5.0},{"damage":12.0,"enemies":"Jaw Worm Horde","floor":41.0,"turns":3.0},{"damage":6.0,"enemies":"Spire Growth","floor":42.0,"turns":2.0},{"damage":13.0,"enemies":"Maw","floor":44.0,"turns":4.0},{"damage":13.0,"enemies":"Giant Head","floor":46.0,"turns":3.0},{"damage":21.0,"enemies":"3 Darklings","floor":48.0,"turns":5.0},{"damage":47,"enemies":"Time Eater","floor":50,"turns":5}],"seed_played":"-3893637737537294025","potions_obtained":[{"floor":1.0,"key":"CultistPotion"},{"floor":6.0,"key":"CultistPotion"},{"floor":18.0,"key":"BlessingOfTheForge"},{"floor":22.0,"key":"PowerPotion"},{"floor":24.0,"key":"BloodPotion"},{"floor":37.0,"key":"Block Potion"}],"is_trial":false,"path_per_floor":["M","?","?","?","?","E","?","E","T","R","$","R","T","E","R","B",null,"M","M","?","$","M","R","E","R","T","?","$","?","R","M","R","B",null,"M","?","M","?","$","R","M","M","T","M","R","E","R","M","R","B",null],"character_chosen":"IRONCLAD","items_purchased":["Vajra","FairyPotion","Anchor","Brimstone"],"campfire_rested":7,"item_purchase_floors":[11,11,21,39],"current_hp_per_floor":[80,80,77,57,57,63,52,58,58,58,58,58,58,31,55,40,80,72,59,59,59,59,80,57,57,57,41,41,41,65,62,80,25,80,80,80,80,80,80,80,80,80,80,79,80,79,80,71,80,45],"gold":444,"neow_bonus":"THREE_ENEMY_KILL","is_daily":false,"chose_seed":false,"campfire_upgraded":4,"win_rate":0.0,"timestamp":1607987058,"path_taken":["M","?","?","?","?","E","?","E","T","R","$","R","?","E","R","BOSS","M","M","?","$","M","R","E","R","T","?","$","?","R","M","R","BOSS","M","?","M","?","$","R","M","?","T","M","R","E","R","M","R","BOSS"],"items_purchased_type":["Relic","Potion","Relic","Relic"],"build_version":"2020-12-13","purchased_purges":0,"victory":true,"max_hp_per_floor":[80,80,80,80,80,80,80,80,80,80,80,80,80,80,80,80,80,80,80,80,80,80,80,80,80,80,80,80,80,80,80,80,80,80,80,80,80,80,80,80,80,80,80,80,80,80,80,80,80,80],"card_choices":[{"not_picked":["Dual Wield","Perfected Strike"],"picked":"Spot Weakness","floor":1.0},{"not_picked":["True Grit","Flame Barrier"],"picked":"Metallicize","floor":6.0},{"not_picked":["Combust","Carnage"],"picked":"Flex","floor":8.0},{"not_picked":["Headbutt","Brutality","Sever Soul"],"picked":"SKIP","floor":14.0},{"not_picked":["Reaper","Berserk"],"picked":"Offering","floor":16.0},{"not_picked":["Clothesline"],"picked":"SKIP","floor":18.0},{"not_picked":["Sentinel"],"picked":"SKIP","floor":19.0},{"not_picked":["Sword Boomerang"],"picked":"SKIP","floor":22.0},{"not_picked":["Sword Boomerang+1"],"picked":"SKIP","floor":24.0},{"not_picked":["Armaments+1"],"picked":"SKIP","floor":31.0},{"not_picked":["Sword Boomerang"],"picked":"SKIP","floor":35.0},{"not_picked":["Burning Pact"],"picked":"SKIP","floor":37.0},{"not_picked":["Body Slam+1"],"picked":"SKIP","floor":41.0},{"not_picked":["Rage"],"picked":"SKIP","floor":42.0},{"not_picked":["Hemokinesis+1"],"picked":"SKIP","floor":44.0},{"not_picked":["Evolve"],"picked":"SKIP","floor":46.0},{"not_picked":["Blood for Blood"],"picked":"SKIP","floor":48.0}],"player_experience":222629,"relics_obtained":[{"floor":6.0,"key":"Centennial Puzzle"},{"floor":8.0,"key":"Pen Nib"},{"floor":9.0,"key":"Boot"},{"floor":13.0,"key":"Bottled Tornado"},{"floor":14.0,"key":"Pocketwatch"},{"floor":24.0,"key":"War Paint"},{"floor":26.0,"key":"Oddly Smooth Stone"},{"floor":27.0,"key":"Necronomicon"},{"floor":43.0,"key":"Letter Opener"},{"floor":46.0,"key":"Omamori"}],"event_choices":[{"damage_healed":0.0,"max_hp_gain":0.0,"max_hp_loss":0.0,"gold_gain":0.0,"event_name":"Golden Wing","player_choice":"Ignored","floor":2.0,"gold_loss":0.0,"damage_taken":0.0},{"damage_healed":0.0,"max_hp_gain":0.0,"max_hp_loss":0.0,"gold_gain":0.0,"event_name":"Scrap Ooze","player_choice":"Success","floor":3.0,"gold_loss":0.0,"damage_taken":3.0,"relics_obtained":["Torii"]},{"damage_healed":0.0,"max_hp_gain":0.0,"max_hp_loss":0.0,"gold_gain":0.0,"event_name":"Golden Idol","player_choice":"Take Damage","floor":4.0,"gold_loss":0.0,"damage_taken":20.0,"relics_obtained":["Golden Idol"]},{"damage_healed":0.0,"max_hp_gain":0.0,"max_hp_loss":0.0,"gold_gain":0.0,"event_name":"Big Fish","player_choice":"Box","floor":5.0,"gold_loss":0.0,"damage_taken":0.0,"relics_obtained":["Paper Frog"],"cards_obtained":["Regret"]},{"damage_healed":0.0,"max_hp_gain":0.0,"max_hp_loss":0.0,"gold_gain":75.0,"event_name":"World of Goop","player_choice":"Gather Gold","floor":7.0,"gold_loss":0.0,"damage_taken":11.0},{"damage_healed":0.0,"max_hp_gain":0.0,"max_hp_loss":0.0,"gold_gain":0.0,"event_name":"Back to Basics","player_choice":"Simplicity","floor":20.0,"gold_loss":0.0,"damage_taken":0.0,"cards_upgraded":["Strike_R","Strike_R","Strike_R","Strike_R","Strike_R","Defend_R","Defend_R","Defend_R","Defend_R"]},{"damage_healed":0.0,"max_hp_gain":0.0,"max_hp_loss":0.0,"gold_gain":0.0,"event_name":"Cursed Tome","player_choice":"Obtained Book","floor":27.0,"gold_loss":0.0,"damage_taken":16.0},{"damage_healed":0.0,"max_hp_gain":0.0,"max_hp_loss":0.0,"gold_gain":0.0,"event_name":"The Mausoleum","player_choice":"Opened","floor":29.0,"gold_loss":0.0,"damage_taken":0.0,"relics_obtained":["Blood Vial"],"cards_obtained":["Writhe"]},{"damage_healed":0.0,"max_hp_gain":0.0,"max_hp_loss":0.0,"gold_gain":0.0,"event_name":"Mysterious Sphere","player_choice":"Ignored","floor":36.0,"gold_loss":0.0,"damage_taken":0.0},{"damage_healed":0.0,"max_hp_gain":0.0,"max_hp_loss":0.0,"gold_gain":0.0,"event_name":"Match and Keep!","player_choice":"0 cards matched","floor":38.0,"gold_loss":0.0,"damage_taken":0.0,"cards_obtained":[]}],"is_beta":false,"boss_relics":[{"not_picked":["Velvet Choker","SlaversCollar"],"picked":"Busted Crown"},{"not_picked":["Runic Dome","Fusion Hammer"],"picked":"Black Blood"}],"items_purged_floors":[],"is_endless":false,"potions_floor_spawned":[1,6,14,18,22,24,31,37,42,46,48],"ascension_level":4}}