{"host":"lck2g1j0kcwr02ez","time":1607944344,"event":{"mods":["BaseMod","CapriCore","Mari Mod (Legacy)","Mari\u0027s V1 Patch","Minty Spire (QoL Compilation)","Rare Cards Sparkle","StSLib","The Hierophant","The Mystic"],"gold_per_floor":[106,106,5478,5497,5497,5497,5527,5486,5559,5559,4427,4412,4412,4412,4412,4054,4054,4070,4060,4060,3502,3515,3515,3195,3195,3268,3256,3256,2202,2162,2152,2152,2182,2194,2195,1725,1744,1566,1418,1418,1378,1378,1378,1378,1255,846,858,883,883,678,678,678,258,289,152],"floor_reached":56,"playtime":2833,"items_purged":["hierophant:Defend_Hierophant","hierophant:Strike_Hierophant","hierophant:Strike_Hierophant","hierophant:Defend_Hierophant","hierophant:Defend_Hierophant"],"score":1666,"play_id":"9b1c5a2c-f64e-4f06-aa61-7c9933530865","local_time":"20201214191224","is_ascension_mode":true,"campfire_choices":[{"data":"hierophant:ArchangelShield","floor":6,"key":"SMITH"},{"data":"Dramatic Entrance","floor":10,"key":"SMITH"},{"floor":15,"key":"DIG"},{"floor":23,"key":"RECALL"},{"floor":25,"key":"DIG"},{"floor":28,"key":"DIG"},{"floor":32,"key":"DIG"},{"floor":40,"key":"DIG"},{"floor":42,"key":"DIG"},{"floor":49,"key":"DIG"},{"floor":52,"key":"DIG"}],"circlet_count":0,"master_deck":["hierophant:Punish+1","hierophant:ChurchCoffers","hierophant:ArchangelShield+1","hierophant:Encroach","hierophant:Kindle","hierophant:Shelter","Master of Strategy","Dramatic Entrance+1","hierophant:Sermon","hierophant:Batter","hierophant:Invocation","hierophant:Shelter","Apotheosis","hierophant:AuricBeam+1","hierophant:FlamingChariot+1","hierophant:DisplayOfPower","hierophant:HammerAndAnvil","hierophant:SealAway","hierophant:WrathOfGod","hierophant:Glossolalia","hierophant:Upheaval","hierophant:Glossolalia+1","hierophant:SolarFlare+1","hierophant:Patience","hierophant:ArchangelShield","Madness","Madness","hierophant:Prophecy","hierophant:ArchangelShield","hierophant:Levitation","hierophant:Community","hierophant:MirrorShield","hierophant:ArchangelShield","hierophant:ThreeLashes","hierophant:Patience","hierophant:Invocation","hierophant:FlamingChariot","hierophant:Chorus+1"],"relics":["hierophant:PropheticMaskRelic","Akabeko","MealTicket","Sling","Omamori","Potion Belt","Shovel","Medical Kit","Lantern","Bronze Scales","Fusion Hammer","Boot","ClockworkSouvenir","Orichalcum","Art of War","Regal Pillow","Gremlin Horn","Whetstone","Oddly Smooth Stone","Nunchaku","Blue Candle","Toolbox","MawBank","Philosopher\u0027s Stone","Membership Card","Anchor","Letter Opener","Unceasing Top","Du-Vu Doll","Bag of Marbles","Smiling Mask","StrikeDummy","Mummified Hand","PreservedInsect","HandDrill","Darkstone Periapt","Strawberry","Bottled Lightning","Toy Ornithopter","CaptainsWheel","Orrery","Vajra"],"acts_visited":["Exordium","TheCity","TheBeyond","TheEnding"],"potions_floor_usage":[3,3,27,27,33,38,39,45,45,50,55,55,55,55,55,55,55,55,55],"damage_taken":[{"damage":0,"enemies":"Small Slimes","floor":1,"turns":2},{"damage":0,"enemies":"2 Louse","floor":4,"turns":1},{"damage":0,"enemies":"3 Sentries","floor":7,"turns":1},{"damage":0,"enemies":"Cultist","floor":8,"turns":2},{"damage":0,"enemies":"Lagavulin","floor":12,"turns":3},{"damage":0,"enemies":"Large Slime","floor":13,"turns":1},{"damage":0,"enemies":"The Guardian","floor":16,"turns":1},{"damage":0,"enemies":"2 Thieves","floor":18,"turns":2},{"damage":0,"enemies":"Shell Parasite","floor":19,"turns":2},{"damage":0,"enemies":"Snake Plant","floor":22,"turns":1},{"damage":0,"enemies":"Book of Stabbing","floor":24,"turns":2},{"damage":16,"enemies":"Slavers","floor":27,"turns":2},{"damage":0,"enemies":"Sentry and Sphere","floor":31,"turns":2},{"damage":32,"enemies":"Champ","floor":33,"turns":4},{"damage":18,"enemies":"3 Shapes","floor":35,"turns":6},{"damage":0,"enemies":"3 Darklings","floor":37,"turns":2},{"damage":0,"enemies":"Mind Bloom Boss Battle","floor":38,"turns":2},{"damage":13,"enemies":"4 Shapes","floor":39,"turns":1},{"damage":0,"enemies":"Nemesis","floor":41,"turns":1},{"damage":0,"enemies":"Maw","floor":45,"turns":3},{"damage":0,"enemies":"Jaw Worm Horde","floor":47,"turns":1},{"damage":0,"enemies":"Reptomancer","floor":48,"turns":1},{"damage":45,"enemies":"Awakened One","floor":50,"turns":5},{"damage":0,"enemies":"Shield and Spear","floor":54,"turns":4},{"damage":34,"enemies":"The Heart","floor":55,"turns":4}],"seed_played":"-2377769867558699416","potions_obtained":[{"floor":1,"key":"Energy Potion"},{"floor":12,"key":"FairyPotion"},{"floor":30,"key":"PowerPotion"},{"floor":30,"key":"CultistPotion"},{"floor":33,"key":"Dexterity Potion"},{"floor":38,"key":"Energy Potion"},{"floor":39,"key":"SpeedPotion"},{"floor":45,"key":"SteroidPotion"}],"is_trial":false,"path_per_floor":["M","?","$","M","?","R","E","M","T","R","$","E","M","?","R","B",null,"M","M","?","$","M","R","E","R","T","E","R","$","?","M","R","B",null,"M","$","M","?","M","R","E","R","T","?","M","$","M","E","R","B",null,"R","$","E","B",null],"character_chosen":"HIEROPHANT","items_purchased":["Dexterity Potion","Akabeko","MealTicket","Sling","Fruit Juice","Fruit Juice","hierophant:Kindle","hierophant:Shelter","Master of Strategy","Dramatic Entrance","Potion Belt","Shovel","Medical Kit","Apotheosis","EntropicBrew","FearPotion","LiquidMemories","Boot","ClockworkSouvenir","Orichalcum","Nunchaku","Blue Candle","Toolbox","hierophant:WrathOfGod","hierophant:Glossolalia","hierophant:Upheaval","SkillPotion","SteroidPotion","Membership Card","hierophant:Patience","Anchor","Letter Opener","Mummified Hand","hierophant:ArchangelShield","hierophant:Levitation","PreservedInsect","HandDrill","AttackPotion","Toy Ornithopter","CaptainsWheel","hierophant:MirrorShield","hierophant:ArchangelShield","hierophant:ThreeLashes","Orrery","Dexterity Potion"],"campfire_rested":0,"item_purchase_floors":[3,3,3,3,3,3,3,3,3,3,11,11,11,11,11,11,11,21,21,21,29,29,29,29,29,29,29,29,36,36,36,36,46,46,46,46,46,46,53,53,53,53,53,53,53],"current_hp_per_floor":[75,75,85,85,85,85,85,85,85,85,85,85,85,85,85,85,85,85,85,85,85,85,85,85,85,85,69,69,84,84,84,84,52,85,67,82,82,82,69,69,69,69,69,58,58,73,73,73,80,35,92,92,92,92,78],"gold":152,"neow_bonus":"THREE_CARDS","is_daily":false,"chose_seed":false,"campfire_upgraded":2,"win_rate":0.0,"timestamp":1607944344,"path_taken":["M","?","$","M","?","R","E","M","T","R","$","E","?","?","R","BOSS","M","M","?","$","?","R","E","R","T","E","R","$","?","M","R","BOSS","M","$","?","?","M","R","E","R","T","?","M","$","M","E","R","BOSS","R","$","E","BOSS"],"items_purchased_type":["Potion","Relic","Relic","Relic","Potion","Potion","Card","Card","Card","Card","Relic","Relic","Relic","Card","Potion","Potion","Potion","Relic","Relic","Relic","Relic","Relic","Relic","Card","Card","Card","Potion","Potion","Relic","Card","Relic","Relic","Relic","Card","Card","Relic","Relic","Potion","Relic","Relic","Card","Card","Card","Relic","Potion"],"build_version":"2020-12-13","purchased_purges":5,"victory":true,"max_hp_per_floor":[75,75,85,85,85,85,85,85,85,85,85,85,85,85,85,85,85,85,85,85,85,85,85,85,85,85,85,85,85,85,85,85,85,85,85,85,85,85,85,85,85,85,85,85,85,85,85,85,92,92,92,92,92,92,92],"card_choices":[{"not_picked":["hierophant:RecallFunds","hierophant:Doubloon"],"picked":"hierophant:ArchangelShield","floor":0},{"not_picked":["hierophant:TollTheBells","hierophant:FaithHealing"],"picked":"hierophant:Encroach","floor":1},{"not_picked":["hierophant:MorningPrayer","hierophant:ThreeLashes"],"picked":"hierophant:Sermon","floor":4},{"not_picked":["hierophant:Charity","hierophant:HolyVerse"],"picked":"hierophant:Invocation","floor":7},{"not_picked":["hierophant:HolyVerse","hierophant:OrnateJavelin"],"picked":"hierophant:Shelter","floor":8},{"not_picked":["hierophant:MorningPrayer","hierophant:Alms","hierophant:MintersHammer"],"picked":"SKIP","floor":12},{"not_picked":["hierophant:ConvertCurrency","hierophant:DisplayOfPower"],"picked":"hierophant:AuricBeam","floor":13},{"not_picked":["hierophant:Smite","hierophant:Sermon"],"picked":"hierophant:FlamingChariot+1","floor":18},{"not_picked":["hierophant:Patience+1","hierophant:CoinFling+1","hierophant:Repentance"],"picked":"SKIP","floor":19},{"not_picked":["hierophant:AuricBeam","hierophant:Shelter"],"picked":"hierophant:DisplayOfPower","floor":22},{"not_picked":["hierophant:Alms","hierophant:RustyCrate"],"picked":"hierophant:HammerAndAnvil","floor":24},{"not_picked":["hierophant:MorningPrayer+1","hierophant:HammerAndAnvil+1"],"picked":"hierophant:SealAway","floor":27},{"not_picked":["hierophant:Bribe","hierophant:Patience+1"],"picked":"hierophant:Glossolalia+1","floor":31},{"not_picked":["hierophant:PristineSoul+1","hierophant:MorningPrayer+1"],"picked":"hierophant:SolarFlare+1","floor":35},{"not_picked":["hierophant:HammerAndAnvil","hierophant:RustyCrate","hierophant:Purify"],"picked":"SKIP","floor":37},{"not_picked":["hierophant:Zeal+1","hierophant:Sermon","hierophant:HolyVerse"],"picked":"SKIP","floor":39},{"not_picked":["hierophant:Sermon+1","hierophant:HammerAndAnvil"],"picked":"hierophant:ArchangelShield","floor":41},{"not_picked":["hierophant:Smite","hierophant:Shelter"],"picked":"hierophant:Prophecy","floor":45},{"not_picked":["hierophant:Batter","hierophant:OrnateJavelin+1"],"picked":"hierophant:Community","floor":47},{"not_picked":["hierophant:Cornucopia","hierophant:HolyVerse+1","hierophant:MintersHammer"],"picked":"SKIP","floor":48},{"not_picked":["hierophant:OrnateBuckler","hierophant:ArchangelShield+1"],"picked":"hierophant:Patience","floor":53},{"not_picked":["hierophant:Mercenaries","hierophant:OrnateBuckler+1"],"picked":"hierophant:Invocation","floor":53},{"not_picked":["hierophant:Zeal+1","hierophant:ConvertCurrency+1"],"picked":"hierophant:FlamingChariot","floor":53},{"not_picked":["hierophant:Remorse","hierophant:RustyCrate+1"],"picked":"hierophant:Chorus+1","floor":54}],"player_experience":148177,"relics_obtained":[{"floor":7,"key":"Omamori"},{"floor":12,"key":"Lantern"},{"floor":15,"key":"Bronze Scales"},{"floor":24,"key":"Art of War"},{"floor":25,"key":"Regal Pillow"},{"floor":26,"key":"Gremlin Horn"},{"floor":27,"key":"Whetstone"},{"floor":28,"key":"Oddly Smooth Stone"},{"floor":32,"key":"MawBank"},{"floor":38,"key":"Unceasing Top"},{"floor":40,"key":"Du-Vu Doll"},{"floor":41,"key":"Bag of Marbles"},{"floor":42,"key":"Smiling Mask"},{"floor":43,"key":"StrikeDummy"},{"floor":48,"key":"Darkstone Periapt"},{"floor":49,"key":"Strawberry"},{"floor":52,"key":"Bottled Lightning"},{"floor":54,"key":"Vajra"}],"event_choices":[{"damage_healed":0,"gold_gain":0,"player_choice":"Ignored","damage_taken":0,"max_hp_gain":0,"max_hp_loss":0,"event_name":"Liars Game","floor":2,"gold_loss":0},{"damage_healed":0,"gold_gain":0,"cards_transformed":["hierophant:Strike_Hierophant"],"player_choice":"Transformed","damage_taken":0,"max_hp_gain":0,"max_hp_loss":0,"event_name":"Transmorgrifier","floor":5,"gold_loss":0,"cards_obtained":["hierophant:Batter"]},{"cards_removed":["hierophant:Defend_Hierophant"],"damage_healed":0,"gold_gain":0,"player_choice":"Card Removal","damage_taken":0,"max_hp_gain":0,"max_hp_loss":0,"event_name":"Wheel of Change","floor":14,"gold_loss":0},{"cards_removed":["hierophant:Strike_Hierophant"],"damage_healed":0,"gold_gain":0,"player_choice":"Purged","damage_taken":0,"max_hp_gain":0,"max_hp_loss":0,"event_name":"Purifier","floor":20,"gold_loss":0},{"damage_healed":0,"gold_gain":0,"player_choice":"Bought 3 Potions","damage_taken":0,"max_hp_gain":0,"max_hp_loss":0,"event_name":"The Woman in Blue","floor":30,"gold_loss":0},{"damage_healed":0,"gold_gain":0,"player_choice":"Fight","damage_taken":0,"max_hp_gain":0,"max_hp_loss":0,"event_name":"MindBloom","floor":38,"gold_loss":0},{"damage_healed":0,"gold_gain":0,"player_choice":"Embrace Madness","damage_taken":11,"max_hp_gain":0,"max_hp_loss":0,"event_name":"Winding Halls","floor":44,"gold_loss":0,"cards_obtained":["Madness","Madness"]}],"is_beta":false,"boss_relics":[{"not_picked":["Snecko Eye","Coffee Dripper"],"picked":"Fusion Hammer"},{"not_picked":["Astrolabe","Black Star"],"picked":"Philosopher\u0027s Stone"}],"items_purged_floors":[3,11,21,29,36],"is_endless":false,"potions_floor_spawned":[1,12,18,22,33,35,38,39,45,48],"ascension_level":2}}