{"host":"y1gy3vaohdji07z5","time":1607983869,"event":{"mods":["BaseMod","Colored Map","Colored Powertips","Hermit","Minty Spire (QoL Compilation)","Random Character Button","Rare Cards Sparkle","StSLib"],"gold_per_floor":[13,27,42,58,68,102,74,74,100,115,40,40,40],"floor_reached":12,"playtime":591,"items_purged":["Strike_G"],"score":98,"play_id":"07dde01a-c6e2-4945-9644-d2027051b0dd","local_time":"20201214231109","is_ascension_mode":true,"campfire_choices":[{"floor":8,"key":"REST"}],"circlet_count":0,"master_deck":["Strike_G","Strike_G","Strike_G","Strike_G","Defend_G","Defend_G","Defend_G","Defend_G","Defend_G","Survivor","Neutralize","Envenom","Poisoned Stab","Bane","After Image","Bouncing Flask","Skewer"],"relics":["Ring of the Snake","Toy Ornithopter","Nunchaku"],"acts_visited":["Exordium"],"potions_floor_usage":[6],"damage_taken":[{"damage":18.0,"enemies":"Jaw Worm","floor":1.0,"turns":11.0},{"damage":0.0,"enemies":"Small Slimes","floor":2.0,"turns":3.0},{"damage":2.0,"enemies":"Cultist","floor":3.0,"turns":4.0},{"damage":5.0,"enemies":"3 Louse","floor":4.0,"turns":5.0},{"damage":3.0,"enemies":"2 Fungi Beasts","floor":5.0,"turns":3.0},{"damage":40,"enemies":"Lagavulin","floor":6,"turns":5},{"damage":14,"enemies":"Large Slime","floor":10,"turns":9},{"damage":9,"enemies":"Gremlin Nob","floor":12,"turns":3}],"seed_played":"5279977364326348792","potions_obtained":[{"floor":1.0,"key":"Ancient Potion"},{"floor":2.0,"key":"SteroidPotion"},{"floor":4.0,"key":"Explosive Potion"},{"floor":10,"key":"CultistPotion"}],"is_trial":false,"path_per_floor":["M","M","M","M","M","E","?","R","T","M","$","E"],"character_chosen":"THE_SILENT","items_purchased":[],"campfire_rested":1,"item_purchase_floors":[],"current_hp_per_floor":[52,52,50,45,42,2,2,23,23,9,9,0,0],"gold":40,"neow_bonus":"THREE_RARE_CARDS","is_daily":false,"chose_seed":false,"campfire_upgraded":0,"win_rate":0.0,"timestamp":1607983869,"path_taken":["M","M","M","M","M","E","?","R","T","M","$","E"],"items_purchased_type":[],"build_version":"2020-12-13","purchased_purges":1,"victory":false,"max_hp_per_floor":[70,70,70,70,70,70,70,70,70,70,70,70,70],"card_choices":[{"not_picked":["Unload","Bullet Time"],"picked":"Envenom","floor":0.0},{"not_picked":["Flying Knee","Infinite Blades","Dodge and Roll"],"picked":"SKIP","floor":1.0},{"not_picked":["Reflex","Blur"],"picked":"Poisoned Stab","floor":2.0},{"not_picked":["Blade Dance","Masterful Stab"],"picked":"Bane","floor":3.0},{"not_picked":["Flying Knee","Reflex"],"picked":"After Image","floor":4.0},{"not_picked":["Deflect","Blade Dance"],"picked":"Bouncing Flask","floor":5.0},{"not_picked":["Predator","Endless Agony","Masterful Stab"],"picked":"SKIP","floor":6},{"not_picked":["Caltrops","Endless Agony"],"picked":"Skewer","floor":10}],"player_experience":322167,"relics_obtained":[{"floor":6,"key":"Toy Ornithopter"},{"floor":9,"key":"Nunchaku"}],"event_choices":[{"damage_healed":0,"gold_gain":0,"player_choice":"Left Gold","damage_taken":0,"max_hp_gain":0,"max_hp_loss":0,"event_name":"World of Goop","floor":7,"gold_loss":28}],"is_beta":false,"boss_relics":[],"items_purged_floors":[11],"is_endless":false,"potions_floor_spawned":[1,2,4,10],"killed_by":"Gremlin Nob","ascension_level":4}}