{"host":"l2821e3dgmq4sghh","time":1607972603,"event":{"mods":["BaseMod","Colored Powertips","Minty Spire (QoL Compilation)","StSLib"],"gold_per_floor":[115,115,115,115,133,168,168,211,235,235,278,38,38,59,59,59,59],"floor_reached":16,"playtime":2051,"items_purged":["Strike_G"],"score":275,"play_id":"89e7de98-c535-46fd-9458-2eb31963e458","local_time":"20201214200323","is_ascension_mode":true,"campfire_choices":[{"data":"Skewer","floor":7.0,"key":"SMITH"},{"floor":10,"key":"REST"},{"data":"1","floor":15,"key":"LIFT"}],"circlet_count":0,"master_deck":["AscendersBane","Strike_G","Strike_G","Strike_G","Strike_G","Defend_G+1","Defend_G","Defend_G+1","Defend_G","Survivor","Neutralize","Crippling Poison","Slice","Skewer+1","After Image","Predator"],"relics":["Ring of the Snake","NeowsBlessing","Lantern","Golden Idol","Tiny Chest","Potion Belt","War Paint","Girya","OrangePellets"],"acts_visited":["Exordium"],"potions_floor_usage":[8,11],"damage_taken":[{"damage":0.0,"enemies":"Small Slimes","floor":1.0,"turns":1.0},{"damage":0.0,"enemies":"Jaw Worm","floor":5.0,"turns":1.0},{"damage":0.0,"enemies":"Lagavulin","floor":6.0,"turns":1.0},{"damage":14,"enemies":"3 Sentries","floor":8,"turns":8},{"damage":2,"enemies":"Lagavulin","floor":11,"turns":7},{"damage":0,"enemies":"2 Louse","floor":14,"turns":4},{"damage":32,"enemies":"Hexaghost","floor":16,"turns":9}],"seed_played":"2321945911961319233","potions_obtained":[{"floor":1.0,"key":"Strength Potion"},{"floor":8,"key":"CultistPotion"}],"is_trial":false,"path_per_floor":["M","?","?","?","M","E","R","E","T","R","E","$","?","M","R","B"],"character_chosen":"THE_SILENT","items_purchased":["OrangePellets"],"campfire_rested":1,"item_purchase_floors":[12],"current_hp_per_floor":[59,54,47,24,24,24,24,10,10,29,27,27,27,27,27,0,0],"gold":59,"neow_bonus":"THREE_ENEMY_KILL","is_daily":false,"chose_seed":false,"campfire_upgraded":1,"win_rate":0.0,"timestamp":1607972603,"path_taken":["M","?","?","?","M","E","R","E","T","R","E","$","?","M","R","BOSS"],"items_purchased_type":["Relic"],"build_version":"2020-12-13","purchased_purges":1,"victory":false,"max_hp_per_floor":[66,66,66,66,66,66,66,66,66,66,66,66,66,66,66,66,66],"card_choices":[{"not_picked":["Flechettes","Underhanded Strike"],"picked":"Crippling Poison","floor":1.0},{"not_picked":["Dodge and Roll","Deadly Poison"],"picked":"Slice","floor":5.0},{"not_picked":["Dash","Distraction"],"picked":"Skewer","floor":6.0},{"not_picked":["Prepared","Dodge and Roll"],"picked":"After Image","floor":8},{"not_picked":["Accuracy","Expertise"],"picked":"Predator","floor":11},{"not_picked":["Quick Slash","Prepared","Dagger Throw"],"picked":"SKIP","floor":14}],"player_experience":5306118,"relics_obtained":[{"floor":6.0,"key":"Tiny Chest"},{"floor":8,"key":"Potion Belt"},{"floor":9,"key":"War Paint"},{"floor":11,"key":"Girya"}],"event_choices":[{"damage_healed":0.0,"max_hp_gain":0.0,"max_hp_loss":0.0,"gold_gain":0.0,"event_name":"Scrap Ooze","player_choice":"Success","floor":2.0,"gold_loss":0.0,"damage_taken":5.0,"relics_obtained":["Lantern"]},{"cards_removed":["Defend_G"],"damage_healed":0.0,"max_hp_gain":0.0,"max_hp_loss":0.0,"gold_gain":0.0,"event_name":"Golden Wing","player_choice":"Card Removal","floor":3.0,"gold_loss":0.0,"damage_taken":7.0},{"damage_healed":0.0,"max_hp_gain":0.0,"max_hp_loss":0.0,"gold_gain":0.0,"event_name":"Golden Idol","player_choice":"Take Damage","floor":4.0,"gold_loss":0.0,"damage_taken":23.0,"relics_obtained":["Golden Idol"]},{"damage_healed":0,"gold_gain":0,"player_choice":"Ignored","damage_taken":0,"max_hp_gain":0,"max_hp_loss":0,"event_name":"Liars Game","floor":13,"gold_loss":0}],"is_beta":false,"boss_relics":[],"items_purged_floors":[12],"is_endless":false,"potions_floor_spawned":[1,8],"killed_by":"Hexaghost","ascension_level":19}}