{"host":"0azimyi6n3ugndj4","time":1607953719,"event":{"mods":["BaseMod","Bestiary","Conspire","Curses Come First","Defuse TimeMaze Blight","Hyrulean Relics","Infinite Spire","Minty Spire (QoL Compilation)","Relic Stats","Replay The Spire","StSLib","SuperFastMode","Uncapped","¡¼?Úª?ø«¡½REMEMod"],"gold_per_floor":[99,387,432,432,492,576,576,576,627,681,681,735,774,822,822,1059,1059,1116,1116,1176,1176,1176,1176,586,664,664,664,664],"floor_reached":27,"playtime":390,"items_purged":[],"score":683,"play_id":"50f705b4-a3bf-48d8-a015-d4bd82d2e58d","local_time":"20201214224839","daily_mods":["Draft","Hoarder","Insanity","Chimera","Specialized","Vintage","ControlledChaos","Allstar","Diverse","Colorless Cards","Heirloom","Time Dilation","Flight","Binary","Elite Swarm","Lethality","Midas","Night Terrors","Binary"],"is_ascension_mode":true,"campfire_choices":[{"floor":7,"key":"REST"},{"floor":15,"key":"REST"},{"floor":23,"key":"REST"}],"circlet_count":0,"master_deck":["Demon Form","Wraith Form v2+1","Echo Form","DevaForm","AscendersBane","Bash","Survivor","Zap","Strike_R","Strike_G","Strike_B","Defend_R","Defend_G","Defend_P","Replay:Vibes","FollowUp","PathToVictory","Run Through","Dark Shackles","Sword Boomerang","ReplaySort","ReplayTheSpireMod:The Works","Replay:Battleflow","CrushJoints","Battle Trance","Sweeping Beam","Combust","Poisoned Stab","Hello World","Dagger Spray","PathToVictory","Stack","ThirdEye","Masterful Stab","ClearTheMind","FlurryOfBlows","Undo","Barrage","Uppercut","Recycle","Protect","Fluid Movement","ReplayTheSpireMod:Trickstab","Whirlwind","Body Slam","EmptyFist","SashWhip","REME_ShortnessOfBreath","Panic Button","Reinforced Body","conspire:Rain","Turbo","Clash","Evolve","Underhanded Strike","All Out Attack","Bane","Barrage","Twin Strike","Sword Boomerang","REME_MagicPocketWatch","FollowUp","Acrobatics","Infernal Blade","ReplayTheSpireMod:Necrogeddon","ReplayTheSpireMod:Necrogeddon","ReplayTheSpireMod:Necrogeddon","ReplayTheSpireMod:Necrogeddon","ReplayTheSpireMod:Necrogeddon","ReplayTheSpireMod:Necrogeddon","ReplayTheSpireMod:Necrogeddon","ReplayTheSpireMod:Necrogeddon","ReplayTheSpireMod:Necrogeddon","ReplayTheSpireMod:Necrogeddon","ReplayTheSpireMod:Necrogeddon","ReplayTheSpireMod:Necrogeddon","ReplayTheSpireMod:Necrogeddon","ReplayTheSpireMod:Necrogeddon","ReplayTheSpireMod:Necrogeddon","ReplayRNGCard","ReplayRNGCard","ReplayRNGCard","Predator","Predator","Predator","Multi-Cast","Multi-Cast","Multi-Cast","Pot Of Greed","Pot Of Greed","Pot Of Greed","Pot Of Greed","Pot Of Greed","Pot Of Greed","Pot Of Greed","Pot Of Greed","Pot Of Greed","Pot Of Greed","Pot Of Greed","Pot Of Greed","Pot Of Greed","Pot Of Greed","Pot Of Greed","Pot Of Greed","Pot Of Greed","Pot Of Greed","Pot Of Greed","Pot Of Greed","Pot Of Greed","Pot Of Greed","Pot Of Greed","Pot Of Greed","WheelKick","WheelKick","WheelKick"],"relics":["Iron Core","Busted Crown","REME_ComplimentaryCards","conspire:GiftBox","Replay:M_SmolderingBlood","infinitespire:FocusingShard","ReplayTheSpireMod:TigerMarble","zeldaRelics:CourageTriforce","infinitespire:Cubic Diamond","Omamori","TeardropLocket","Grinning Jar","zeldaRelics:HylianShield","Dream Catcher","infinitespire:Lucky Rock","Chemical X","Kunai","Pet Ghost","zeldaRelics:WisdomPiece"],"acts_visited":["Exordium","TheCity"],"potions_floor_usage":[6,20,27,27],"damage_taken":[{"damage":0,"enemies":"2 Louse","floor":3,"turns":1},{"damage":0,"enemies":"Small Slimes","floor":5,"turns":2},{"damage":9,"enemies":"Gremlin Nob","floor":6,"turns":3},{"damage":0,"enemies":"Cultist","floor":10,"turns":1},{"damage":0,"enemies":"Looter","floor":12,"turns":1},{"damage":18,"enemies":"2 Fungi Beasts","floor":13,"turns":2},{"damage":2,"enemies":"Slime Boss","floor":16,"turns":7},{"damage":28,"enemies":"2 Thieves","floor":18,"turns":2},{"damage":24,"enemies":"3 Byrds","floor":20,"turns":3},{"damage":0,"enemies":"Nightmare","floor":25,"turns":2},{"damage":64,"enemies":"Book of Stabbing","floor":27,"turns":3}],"seed_played":"3885038642590164627","potions_obtained":[{"floor":3,"key":"Ambrosia"},{"floor":6,"key":"Fire Potion"},{"floor":10,"key":"Elixir"},{"floor":16,"key":"ColorlessPotion"},{"floor":20,"key":"Strength Potion"}],"is_trial":true,"path_per_floor":["?","?","M","?","M","E","R","?","T","M","?","M","M","T","R","B",null,"M","?","M","?","?","R","$","NM","T","E"],"character_chosen":"WATCHER","items_purchased":["Chemical X","Kunai","Pet Ghost"],"campfire_rested":3,"item_purchase_floors":[24,24,24],"current_hp_per_floor":[61,39,39,39,39,30,63,63,63,63,63,63,45,45,58,56,58,30,30,6,6,6,53,53,53,53,0,0],"gold":664,"neow_bonus":"","is_daily":false,"chose_seed":false,"campfire_upgraded":0,"win_rate":0.0,"timestamp":1607953719,"path_taken":["?","?","M","?","?","E","R","?","T","M","?","M","?","?","R","BOSS","M","?","?","?","?","R","$","NM","T","E"],"items_purchased_type":["Relic","Relic","Relic"],"build_version":"2020-12-13","purchased_purges":0,"victory":false,"max_hp_per_floor":[68,68,68,68,68,68,63,63,63,63,63,63,63,63,58,58,58,58,58,58,58,58,53,53,53,53,53,53],"relic_stats":{"Dream Catcher":1,"Busted Crown":20,"counters":[11,27],"Chemical X":[5],"Kunai":[2],"obtain_stats":[{"Iron Core":8,"zeldaRelics:WisdomPiece":25,"infinitespire:FocusingShard":3,"infinitespire:Cubic Diamond":8,"Omamori":10,"TeardropLocket":12,"infinitespire:Lucky Rock":20,"zeldaRelics:CourageTriforce":14,"Pet Ghost":24,"Frozen Eye":0,"conspire:GiftBox":0,"Dream Catcher":18,"Busted Crown":0,"Replay:M_SmolderingBlood":1,"ReplayTheSpireMod:TigerMarble":5,"zeldaRelics:CouragePiece":6,"Chemical X":24,"Kunai":24,"PureWater":0,"Grinning Jar":13,"REME_ComplimentaryCards":0,"zeldaRelics:HylianShield":17},{"Iron Core":3,"zeldaRelics:WisdomPiece":10,"infinitespire:FocusingShard":1,"infinitespire:Cubic Diamond":3,"Omamori":4,"TeardropLocket":5,"infinitespire:Lucky Rock":9,"zeldaRelics:CourageTriforce":6,"Pet Ghost":9,"Frozen Eye":0,"conspire:GiftBox":0,"Dream Catcher":8,"Busted Crown":0,"Replay:M_SmolderingBlood":0,"ReplayTheSpireMod:TigerMarble":2,"zeldaRelics:CouragePiece":3,"Chemical X":9,"Kunai":9,"PureWater":0,"Grinning Jar":6,"REME_ComplimentaryCards":0,"zeldaRelics:HylianShield":7},{"Iron Core":6,"zeldaRelics:WisdomPiece":24,"infinitespire:FocusingShard":1,"infinitespire:Cubic Diamond":6,"Omamori":7,"TeardropLocket":8,"infinitespire:Lucky Rock":22,"zeldaRelics:CourageTriforce":10,"Pet Ghost":22,"Frozen Eye":0,"conspire:GiftBox":0,"Dream Catcher":19,"Busted Crown":0,"Replay:M_SmolderingBlood":0,"ReplayTheSpireMod:TigerMarble":3,"zeldaRelics:CouragePiece":6,"Chemical X":22,"Kunai":22,"PureWater":0,"Grinning Jar":10,"REME_ComplimentaryCards":0,"zeldaRelics:HylianShield":17}]},"card_choices":[],"player_experience":1453121,"relics_obtained":[{"floor":3,"key":"infinitespire:FocusingShard"},{"floor":5,"key":"ReplayTheSpireMod:TigerMarble"},{"floor":6,"key":"zeldaRelics:CouragePiece"},{"floor":9,"key":"zeldaRelics:CouragePiece"},{"floor":10,"key":"Omamori"},{"floor":12,"key":"TeardropLocket"},{"floor":13,"key":"Grinning Jar"},{"floor":14,"key":"zeldaRelics:CouragePiece"},{"floor":18,"key":"Dream Catcher"},{"floor":20,"key":"infinitespire:Lucky Rock"},{"floor":25,"key":"zeldaRelics:WisdomPiece"},{"floor":26,"key":"zeldaRelics:WisdomPiece"}],"event_choices":[{"damage_healed":0,"gold_gain":0,"player_choice":"2 cards matched","damage_taken":0,"max_hp_gain":0,"max_hp_loss":0,"event_name":"Match and Keep!","floor":4,"gold_loss":0,"cards_obtained":["Predator","Multi-Cast"]},{"damage_healed":0,"gold_gain":0,"player_choice":"Upgraded","damage_taken":0,"max_hp_gain":0,"max_hp_loss":0,"event_name":"Upgrade Shrine","floor":11,"gold_loss":0,"cards_upgraded":["Wraith Form v2"]},{"damage_healed":0,"gold_gain":0,"player_choice":"1 cards matched","damage_taken":0,"max_hp_gain":0,"max_hp_loss":0,"event_name":"Match and Keep!","floor":19,"gold_loss":0,"cards_obtained":["WheelKick"]},{"damage_healed":0,"gold_gain":0,"player_choice":"Ignored","damage_taken":0,"max_hp_gain":0,"max_hp_loss":0,"event_name":"Cursed Tome","floor":21,"gold_loss":0},{"cards_removed":["Eruption"],"damage_healed":0,"gold_gain":0,"player_choice":"Elegance","damage_taken":0,"max_hp_gain":0,"max_hp_loss":0,"event_name":"Back to Basics","floor":22,"gold_loss":0}],"is_beta":false,"boss_relics":[{"not_picked":["conspire:SlowCooker","VioletLotus"],"picked":"zeldaRelics:HylianShield"}],"items_purged_floors":[],"is_endless":true,"potions_floor_spawned":[3,6,10,16,20],"killed_by":"Book of Stabbing","ascension_level":20}}