{"host":"uednfislz2ckn57r","time":1607965896,"event":{"mods":["Act Like it!","BaseMod","Colored Powertips","Elementarium","Hallownest","Menagerie","Minty Spire (QoL Compilation)","Quick Restart","StSLib","The Bug Knight","The Jungle","Wandering Minibosses"],"gold_per_floor":[118,168,191,216,216,216,253,253,253,291,291,272,301,301,301,391,391,415,415,55,55,55,55],"floor_reached":22,"playtime":785,"items_purged":["Strike_B"],"score":400,"play_id":"74349839-20a0-4dd5-a378-844b065f7a1f","local_time":"20201214111136","is_ascension_mode":true,"campfire_choices":[{"data":"Static Discharge","floor":6.0,"key":"SMITH"},{"data":"Sunder","floor":8.0,"key":"SMITH"},{"data":"Zap","floor":11.0,"key":"SMITH"},{"data":"Doom and Gloom","floor":15.0,"key":"SMITH"}],"circlet_count":0,"master_deck":["AscendersBane","Strike_B+1","Strike_B","Strike_B","Defend_B","Defend_B","Defend_B","Defend_B","Zap+1","Dualcast","Gash","Static Discharge+1","Go for the Eyes+1","Sunder+1","Reinforced Body+1","Doom and Gloom+1","Double Energy+1","Echo Form","Cold Snap+1","Conserve Battery+1","Shame"],"relics":["Cracked Core","Whetstone","Bottled Tornado","Toxic Egg 2","Pear","Golden Idol","Nuclear Battery","Ninja Scroll","ClockworkSouvenir","theJungle:PaperFaux"],"acts_visited":["Exordium","Exordium"],"potions_floor_usage":[16],"damage_taken":[{"damage":7.0,"enemies":"Jaw Worm","floor":1.0,"turns":4.0},{"damage":1.0,"enemies":"Cultist","floor":3.0,"turns":3.0},{"damage":12.0,"enemies":"Small Slimes","floor":4.0,"turns":4.0},{"damage":15.0,"enemies":"Lagavulin","floor":7.0,"turns":7.0},{"damage":20.0,"enemies":"3 Sentries","floor":10.0,"turns":5.0},{"damage":4.0,"enemies":"Blue Slaver","floor":12.0,"turns":6.0},{"damage":22.0,"enemies":"HollowMod:MossKnight","floor":13.0,"turns":4.0},{"damage":28,"enemies":"Slime Boss","floor":16,"turns":6},{"damage":24,"enemies":"Shell Parasite","floor":18,"turns":4},{"damage":30,"enemies":"JungleHuntersEvent","floor":19,"turns":2},{"damage":7,"enemies":"theJungle:GiantWrat","floor":22,"turns":2}],"seed_played":"-291608021217067385","potions_obtained":[{"floor":3.0,"key":"FocusPotion"},{"floor":10.0,"key":"Explosive Potion"},{"floor":13.0,"key":"FairyPotion"}],"is_trial":false,"path_per_floor":["M","?","M","M","?","R","E","R","T","E","R","M","E","?","R","B",null,"M","?","$","?","M"],"character_chosen":"DEFECT","items_purchased":["ClockworkSouvenir","Energy Potion","Dexterity Potion"],"campfire_rested":0,"item_purchase_floors":[20,20,20],"current_hp_per_floor":[57,57,56,44,67,67,52,52,52,32,32,28,16,16,16,21,60,36,6,6,6,0,0],"gold":55,"neow_bonus":"RANDOM_COMMON_RELIC","is_daily":false,"chose_seed":false,"campfire_upgraded":4,"win_rate":0.0,"timestamp":1607965896,"path_taken":["M","?","M","?","?","R","E","R","T","E","R","M","E","?","R","BOSS","M","?","$","?","M"],"items_purchased_type":["Relic","Potion","Potion"],"build_version":"2020-12-13","purchased_purges":1,"victory":false,"max_hp_per_floor":[71,71,71,71,71,71,71,71,71,71,71,71,81,73,73,73,73,73,73,73,73,73,73],"card_choices":[{"not_picked":["Turbo","Auto Shields"],"picked":"Gash","floor":1.0},{"not_picked":["Coolheaded","Storm"],"picked":"Static Discharge","floor":3.0},{"not_picked":["Redo","Gash"],"picked":"Go for the Eyes","floor":4.0},{"not_picked":["Conserve Battery","Compile Driver"],"picked":"Sunder","floor":7.0},{"not_picked":["Conserve Battery+1","Sweeping Beam"],"picked":"Reinforced Body+1","floor":10.0},{"not_picked":["Rebound","Blizzard"],"picked":"Doom and Gloom","floor":12.0},{"not_picked":["Streamline","Leap+1"],"picked":"Double Energy+1","floor":13.0},{"not_picked":["Core Surge","Hyperbeam"],"picked":"Echo Form","floor":16},{"not_picked":["Beam Cell","Steam+1"],"picked":"Cold Snap+1","floor":18},{"not_picked":["Leap+1","BootSequence+1"],"picked":"Conserve Battery+1","floor":19}],"player_experience":1831088,"relics_obtained":[{"floor":7.0,"key":"Whetstone"},{"floor":9.0,"key":"Bottled Tornado"},{"floor":10.0,"key":"Toxic Egg 2"},{"floor":13.0,"key":"Pear"},{"floor":19,"key":"Ninja Scroll"}],"event_choices":[{"damage_healed":0.0,"max_hp_gain":0.0,"max_hp_loss":0.0,"gold_gain":50.0,"event_name":"Golden Shrine","player_choice":"Pray","floor":2.0,"gold_loss":0.0,"damage_taken":0.0},{"damage_healed":23.0,"max_hp_gain":0.0,"max_hp_loss":0.0,"gold_gain":0.0,"event_name":"Big Fish","player_choice":"Banana","floor":5.0,"gold_loss":0.0,"damage_taken":0.0},{"damage_healed":0.0,"max_hp_gain":0.0,"max_hp_loss":8.0,"gold_gain":0.0,"event_name":"Golden Idol","player_choice":"Lose Max HP","floor":14.0,"gold_loss":0.0,"damage_taken":0.0,"relics_obtained":["Golden Idol"]}],"is_beta":false,"boss_relics":[{"not_picked":["Busted Crown","FrozenCore"],"picked":"Nuclear Battery"}],"items_purged_floors":[20],"is_endless":false,"potions_floor_spawned":[3,10,13],"killed_by":"theJungle:GiantWrat","ascension_level":20}}