{"host":"1c52r9kaxdyo25eq","time":1607946195,"event":{"mods":["AchievementEnabler","BaseMod","Minty Spire (QoL Compilation)","Rare Cards Sparkle","SuperFastMode","everything is the same but u backflip on backflip"],"gold_per_floor":[118,128,128,54,72,72,110,110,158,158,158,158,177,191,191,321,321,341,121,46,46,46,46,87,87,133,177,177,177,213,238,250,393,405,430,442,364,396,429,441,491,248,248,248,123,138,159,9,9,9,9,9,9,48,48],"floor_reached":56,"playtime":1430,"items_purged":["Defend_P","Eruption+1","EmptyMind+1","Vigilance+1"],"score":1536,"play_id":"b258cd48-2855-4b47-a83b-9b3606941a26","local_time":"20201214204315","is_ascension_mode":false,"campfire_choices":[{"data":"Eruption","floor":6.0,"key":"SMITH"},{"floor":10.0,"key":"REST"},{"data":"MentalFortress","floor":12.0,"key":"SMITH"},{"data":"DeusExMachina","floor":15.0,"key":"SMITH"},{"data":"Vigilance","floor":29,"key":"SMITH"},{"floor":32,"key":"REST"},{"data":"Tantrum","floor":40,"key":"SMITH"},{"floor":44,"key":"RECALL"},{"floor":49,"key":"REST"},{"floor":52,"key":"REST"}],"circlet_count":0,"master_deck":["MentalFortress+1","Adaptation+1","InnerPeace+1","Tantrum+1"],"relics":["PureWater","Golden Idol","Orichalcum","Ice Cream","Lantern","Empty Cage","Strawberry","Toy Ornithopter","Red Mask","MawBank","Astrolabe","Ginger","Pen Nib","Shuriken","InkBottle"],"acts_visited":["Exordium","TheCity","TheBeyond","TheEnding"],"potions_floor_usage":[16,16,24,24,27,30,55,55,55],"damage_taken":[{"damage":0.0,"enemies":"2 Louse","floor":1.0,"turns":3.0},{"damage":20.0,"enemies":"Small Slimes","floor":2.0,"turns":2.0},{"damage":2.0,"enemies":"Cultist","floor":5.0,"turns":3.0},{"damage":29.0,"enemies":"Gremlin Nob","floor":7.0,"turns":5.0},{"damage":0.0,"enemies":"Blue Slaver","floor":13.0,"turns":3.0},{"damage":0.0,"enemies":"Large Slime","floor":14.0,"turns":5.0},{"damage":28,"enemies":"The Guardian","floor":16,"turns":13},{"damage":28,"enemies":"Spheric Guardian","floor":18,"turns":5},{"damage":12,"enemies":"2 Thieves","floor":23,"turns":5},{"damage":0,"enemies":"Book of Stabbing","floor":24,"turns":6},{"damage":0,"enemies":"Masked Bandits","floor":27,"turns":3},{"damage":8,"enemies":"Gremlin Leader","floor":30,"turns":5},{"damage":10,"enemies":"Snake Plant","floor":31,"turns":4},{"damage":0,"enemies":"Champ","floor":33,"turns":16},{"damage":0,"enemies":"3 Darklings","floor":35,"turns":2},{"damage":0,"enemies":"3 Shapes","floor":38,"turns":3},{"damage":0,"enemies":"Spire Growth","floor":39,"turns":2},{"damage":0,"enemies":"Giant Head","floor":41,"turns":2},{"damage":0,"enemies":"3 Darklings","floor":46,"turns":1},{"damage":0,"enemies":"Transient","floor":47,"turns":5},{"damage":0,"enemies":"Donu and Deca","floor":50,"turns":1},{"damage":0,"enemies":"Shield and Spear","floor":54,"turns":1},{"damage":1,"enemies":"The Heart","floor":55,"turns":3}],"seed_played":"8918331439750290977","potions_obtained":[{"floor":2.0,"key":"SteroidPotion"},{"floor":7.0,"key":"EssenceOfSteel"},{"floor":14.0,"key":"DuplicationPotion"},{"floor":18,"key":"LiquidMemories"},{"floor":23,"key":"BlessingOfTheForge"},{"floor":27,"key":"Explosive Potion"},{"floor":38,"key":"AttackPotion"},{"floor":39,"key":"StancePotion"},{"floor":46,"key":"Weak Potion"}],"is_trial":false,"path_per_floor":["M","M","?","$","M","R","E","?","T","R","?","R","M","M","R","B",null,"M","$","?","$","?","M","E","$","T","?","?","R","E","M","R","B",null,"M","?","?","M","M","R","E","$","T","R","$","M","M","$","R","B",null,"R","$","E","B",null],"character_chosen":"WATCHER","items_purchased":["MentalFortress","Strawberry","Pen Nib"],"campfire_rested":4,"item_purchase_floors":[4,19,42],"current_hp_per_floor":[72,52,52,52,50,50,21,9,9,29,29,29,29,29,29,1,67,39,46,46,46,46,34,34,34,34,39,39,39,36,26,48,48,74,74,70,70,70,70,70,70,70,70,70,70,70,70,70,70,70,70,70,70,70,70],"gold":48,"neow_bonus":"REMOVE_CARD","is_daily":false,"chose_seed":false,"campfire_upgraded":5,"win_rate":0.0,"timestamp":1607946195,"path_taken":["M","M","?","$","M","R","E","?","T","R","?","R","?","M","R","BOSS","M","$","?","$","?","M","E","?","T","?","?","R","E","M","R","BOSS","M","?","?","M","?","R","E","?","T","R","$","M","M","$","R","BOSS","R","$","E","BOSS"],"items_purchased_type":["Card","Relic","Relic"],"build_version":"2020-12-13","purchased_purges":4,"victory":true,"max_hp_per_floor":[72,72,67,67,67,67,67,67,67,67,67,67,67,67,67,67,67,67,74,74,74,74,74,74,74,74,74,74,74,74,74,74,74,74,74,70,70,70,70,70,70,70,70,70,70,70,70,70,70,70,70,70,70,70,70],"card_choices":[{"not_picked":["FlyingSleeves","Study","ClearTheMind"],"picked":"SKIP","floor":1.0},{"not_picked":["FlyingSleeves","SashWhip","Indignation"],"picked":"SKIP","floor":2.0},{"not_picked":["WreathOfFlame","Crescendo","CutThroughFate"],"picked":"SKIP","floor":5.0},{"not_picked":["ClearTheMind","CrushJoints","Swivel"],"picked":"SKIP","floor":7.0},{"not_picked":["LikeWater","SignatureMove","Perseverance"],"picked":"SKIP","floor":13.0},{"not_picked":["DeceiveReality","FlurryOfBlows","Protect"],"picked":"SKIP","floor":14.0},{"not_picked":["WheelKick","Prostrate","Pray"],"picked":"SKIP","floor":18},{"not_picked":["FearNoEvil+1","Prostrate"],"picked":"Adaptation+1","floor":23},{"not_picked":["ClearTheMind","Evaluate+1","Wallop+1"],"picked":"SKIP","floor":24},{"not_picked":["WindmillStrike","SignatureMove","FollowUp+1"],"picked":"SKIP","floor":30},{"not_picked":["Swivel","EmptyFist","Vengeance+1"],"picked":"SKIP","floor":31},{"not_picked":["FollowUp+1","Crescendo+1","ThirdEye"],"picked":"SKIP","floor":35},{"not_picked":["Evaluate+1","LikeWater+1"],"picked":"Tantrum","floor":38},{"not_picked":["Prostrate+1","BowlingBash","SashWhip"],"picked":"SKIP","floor":39},{"not_picked":["Halt","Evaluate+1","Crescendo"],"picked":"SKIP","floor":41},{"not_picked":["Evaluate","ClearTheMind+1","Prostrate"],"picked":"SKIP","floor":46},{"not_picked":["Evaluate","ClearTheMind+1","Prostrate"],"picked":"SKIP","floor":46},{"not_picked":["BowlingBash","Omniscience","JustLucky"],"picked":"SKIP","floor":47},{"not_picked":["ThirdEye","Conclude","ForeignInfluence"],"picked":"SKIP","floor":54}],"player_experience":474393,"relics_obtained":[{"floor":7.0,"key":"Orichalcum"},{"floor":9.0,"key":"Lantern"},{"floor":24,"key":"Toy Ornithopter"},{"floor":27,"key":"Red Mask"},{"floor":30,"key":"MawBank"},{"floor":41,"key":"Ginger"},{"floor":43,"key":"Shuriken"},{"floor":54,"key":"InkBottle"}],"event_choices":[{"damage_healed":0.0,"max_hp_gain":0.0,"max_hp_loss":5.0,"gold_gain":0.0,"event_name":"Golden Idol","player_choice":"Lose Max HP","floor":3.0,"gold_loss":0.0,"damage_taken":0.0,"relics_obtained":["Golden Idol"]},{"damage_healed":0.0,"max_hp_gain":0.0,"max_hp_loss":0.0,"gold_gain":0.0,"event_name":"Scrap Ooze","player_choice":"Success","floor":8.0,"gold_loss":0.0,"damage_taken":12.0,"relics_obtained":["Ice Cream"]},{"damage_healed":0.0,"max_hp_gain":0.0,"max_hp_loss":0.0,"gold_gain":0.0,"cards_transformed":["Defend_P"],"event_name":"Transmorgrifier","player_choice":"Transformed","floor":11.0,"gold_loss":0.0,"damage_taken":0.0,"cards_obtained":["DeusExMachina"]},{"cards_removed":["Strike_P"],"damage_healed":0,"gold_gain":0,"player_choice":"Gave Gold","damage_taken":0,"max_hp_gain":0,"max_hp_loss":0,"event_name":"Beggar","floor":20,"gold_loss":75},{"damage_healed":0,"gold_gain":0,"player_choice":"Ignored","damage_taken":0,"max_hp_gain":0,"max_hp_loss":0,"event_name":"Ghosts","floor":22,"gold_loss":0},{"damage_healed":0,"gold_gain":0,"player_choice":"Fought Bandits","damage_taken":0,"max_hp_gain":0,"max_hp_loss":0,"event_name":"Masked Bandits","floor":27,"gold_loss":0},{"damage_healed":0,"gold_gain":0,"player_choice":"Ignored","damage_taken":0,"max_hp_gain":0,"max_hp_loss":0,"event_name":"Vampires","floor":28,"gold_loss":0},{"damage_healed":0,"gold_gain":0,"player_choice":"Max HP","damage_taken":0,"max_hp_gain":0,"max_hp_loss":4,"event_name":"Winding Halls","floor":36,"gold_loss":0},{"cards_removed":["Perseverance"],"damage_healed":0,"gold_gain":0,"player_choice":"Removal","damage_taken":0,"max_hp_gain":0,"max_hp_loss":0,"event_name":"Designer","floor":37,"gold_loss":90}],"is_beta":false,"boss_relics":[{"not_picked":["Philosopher\u0027s Stone","SlaversCollar"],"picked":"Empty Cage"},{"not_picked":["HolyWater","Pandora\u0027s Box"],"picked":"Astrolabe"}],"items_purged_floors":[19,42,45,48],"is_endless":false,"potions_floor_spawned":[2,7,14,18,23,27,38,39,46,54],"ascension_level":0}}