{"host":"ow9msrs9p2ctkx99","time":1607917096,"event":{"mods":["AchievementEnabler","BaseMod","Colored Map","Colored Powertips","Minty Spire (QoL Compilation)","Permanent Neow","Quick Restart","SuperFastMode"],"gold_per_floor":[112,112,128,145,156,306,306,320,320,245,259,259,105,130,130,207,207,227,245,256,34,34,34,66,85,167,177,177,177,177],"floor_reached":29,"playtime":1060,"items_purged":["Pain","Regret"],"score":432,"play_id":"8bf0a118-a956-46cc-b5ac-82b7fe0c1d83","local_time":"20201214043816","is_ascension_mode":true,"campfire_choices":[{"data":"Poisoned Stab","floor":7,"key":"SMITH"},{"floor":15,"key":"REST"},{"data":"Well Laid Plans","floor":23,"key":"SMITH"},{"data":"Malaise","floor":28,"key":"SMITH"}],"circlet_count":0,"master_deck":["AscendersBane","Strike_G","Defend_G","Defend_G","Defend_G","Defend_G","Survivor","Neutralize","Poisoned Stab+1","Acrobatics","Infinite Blades","Footwork","Doubt","PiercingWail","Calculated Gamble","Blade Dance","Blur","Burst","Eviscerate+1","Noxious Fumes+1","Deflect+1","Accuracy","Blade Dance","Blur","Well Laid Plans+1","Malaise+1","Backflip+1"],"relics":["Empty Cage","WarpedTongs","Pantograph","Ancient Tea Set","Thread and Needle","Astrolabe","OrangePellets","Bottled Lightning","Toxic Egg 2"],"acts_visited":["Exordium","TheCity"],"potions_floor_usage":[14,14,16,24],"damage_taken":[{"damage":1,"enemies":"2 Louse","floor":1,"turns":4},{"damage":3,"enemies":"Cultist","floor":3,"turns":4},{"damage":5,"enemies":"Jaw Worm","floor":4,"turns":5},{"damage":7,"enemies":"Blue Slaver","floor":5,"turns":4},{"damage":11,"enemies":"3 Louse","floor":8,"turns":6},{"damage":8,"enemies":"Large Slime","floor":11,"turns":8},{"damage":5,"enemies":"3 Sentries","floor":14,"turns":8},{"damage":13,"enemies":"Slime Boss","floor":16,"turns":11},{"damage":0,"enemies":"Chosen","floor":18,"turns":7},{"damage":10,"enemies":"Spheric Guardian","floor":19,"turns":6},{"damage":11,"enemies":"Shelled Parasite and Fungi","floor":20,"turns":6},{"damage":2,"enemies":"Gremlin Leader","floor":24,"turns":8},{"damage":3,"enemies":"Snecko","floor":25,"turns":7},{"damage":11,"enemies":"Cultist and Chosen","floor":27,"turns":10},{"damage":28,"enemies":"3 Cultists","floor":29,"turns":5}],"seed_played":"3050471342991247346","potions_obtained":[{"floor":5,"key":"Weak Potion"},{"floor":8,"key":"SkillPotion"},{"floor":11,"key":"EssenceOfSteel"},{"floor":14,"key":"ColorlessPotion"},{"floor":19,"key":"Dexterity Potion"},{"floor":24,"key":"Poison Potion"}],"is_trial":false,"path_per_floor":["M","?","M","M","M","?","R","M","T","$","M","?","$","E","R","B",null,"M","M","M","$","?","R","E","M","T","M","R","M"],"character_chosen":"THE_SILENT","items_purchased":["Blade Dance","OrangePellets","DistilledChaos"],"campfire_rested":1,"item_purchase_floors":[13,21,21],"current_hp_per_floor":[58,58,55,50,43,43,43,32,32,32,24,24,24,19,38,50,62,62,52,41,41,41,41,39,36,36,25,25,0,0],"gold":177,"neow_bonus":"BOSS_RELIC","is_daily":false,"chose_seed":false,"campfire_upgraded":3,"win_rate":0.0,"timestamp":1607917096,"path_taken":["M","?","M","M","?","?","R","M","T","$","M","?","$","E","R","BOSS","M","M","M","$","?","R","E","M","T","M","R","M"],"items_purchased_type":["Card","Relic","Potion"],"build_version":"2020-12-13","purchased_purges":2,"victory":false,"max_hp_per_floor":[66,66,66,66,66,66,66,66,66,66,66,66,66,66,66,66,66,66,66,66,66,66,66,66,66,66,66,66,66,66],"card_choices":[{"not_picked":["Deadly Poison","Masterful Stab"],"picked":"Poisoned Stab","floor":1},{"not_picked":["Prepared","Deflect"],"picked":"Acrobatics","floor":3},{"not_picked":["Catalyst","Riddle With Holes"],"picked":"Infinite Blades","floor":4},{"not_picked":["Backstab","Deflect"],"picked":"Footwork","floor":5},{"not_picked":["Dodge and Roll","Bane"],"picked":"PiercingWail","floor":8},{"not_picked":["Distraction","Crippling Poison"],"picked":"Calculated Gamble","floor":11},{"not_picked":["PiercingWail","Masterful Stab"],"picked":"Blur","floor":14},{"not_picked":["Corpse Explosion","Venomology"],"picked":"Burst","floor":16},{"not_picked":["Sucker Punch","Flying Knee"],"picked":"Accuracy","floor":18},{"not_picked":["PiercingWail","Heel Hook"],"picked":"Blade Dance","floor":19},{"not_picked":["Masterful Stab+1","Cloak And Dagger"],"picked":"Blur","floor":20},{"not_picked":["Finisher","Backflip"],"picked":"Malaise","floor":24},{"not_picked":["Infinite Blades+1","Bouncing Flask","Finisher"],"picked":"SKIP","floor":25},{"not_picked":["Slice","Heel Hook"],"picked":"Backflip+1","floor":27}],"player_experience":1054527,"relics_obtained":[{"floor":9,"key":"Pantograph"},{"floor":14,"key":"Thread and Needle"},{"floor":24,"key":"Bottled Lightning"},{"floor":26,"key":"Toxic Egg 2"}],"event_choices":[{"damage_healed":0,"gold_gain":0,"player_choice":"Rummage","damage_taken":0,"relics_obtained":["WarpedTongs"],"max_hp_gain":0,"max_hp_loss":0,"event_name":"Accursed Blacksmith","floor":2,"gold_loss":0,"cards_obtained":["Pain"]},{"damage_healed":0,"gold_gain":150,"player_choice":"AGREE","damage_taken":0,"max_hp_gain":0,"max_hp_loss":0,"event_name":"Liars Game","floor":6,"gold_loss":0,"cards_obtained":["Doubt"]},{"damage_healed":0,"gold_gain":0,"player_choice":"Box","damage_taken":0,"relics_obtained":["Ancient Tea Set"],"max_hp_gain":0,"max_hp_loss":0,"event_name":"Big Fish","floor":12,"gold_loss":0,"cards_obtained":["Regret"]},{"damage_healed":0,"gold_gain":0,"player_choice":"Read","damage_taken":0,"max_hp_gain":0,"max_hp_loss":0,"event_name":"The Library","floor":22,"gold_loss":0,"cards_obtained":["Well Laid Plans"]}],"is_beta":false,"boss_relics":[{"not_picked":["Black Star","Busted Crown"],"picked":"Astrolabe"}],"items_purged_floors":[10,13],"is_endless":false,"potions_floor_spawned":[5,8,11,14,19,24],"killed_by":"3 Cultists","ascension_level":15}}