{"host":"3j2m8n0ywf988fwb","time":1607973681,"event":{"mods":["BaseMod","Colored Map","Colored Powertips","Downfall","Highlight Path","Minty Spire (QoL Compilation)","StSLib"],"gold_per_floor":[99,109,209,359,40,40,40,55,55,81,91,111,111,21,39,138,138,138,172,172,172,10,10,10,10,10,25,10,25,41,59,70,173,173,173],"floor_reached":34,"playtime":1778,"items_purged":["Slimebound:Icky","champ:Strike"],"score":370,"play_id":"76ac9f19-0d7b-4b86-a0b7-55e5d1c55e53","local_time":"20201214132121","is_ascension_mode":false,"campfire_choices":[{"data":"champ:Execute","floor":1.0,"key":"SMITH"},{"data":"champ:FalseCounter","floor":9.0,"key":"SMITH"},{"data":"champ:HoldFirm","floor":18.0,"key":"SMITH"},{"data":"champ:Lariat","floor":26.0,"key":"SMITH"}],"circlet_count":0,"master_deck":["champ:Strike","champ:Strike","champ:Defend","champ:Defend","champ:Defend","champ:Defend","champ:Execute+1","champ:Taunt+1","champ:FalseCounter+1","champ:Haymaker","champ:PerfectForm","champ:EnGarde","champ:SkillfulDodge","champ:FlashCut","champ:StanceDance","champ:Lariat+1","champ:Duel","champ:HoldFirm+1","Necronomicurse","champ:BringItOn","champ:TornadoPunch+1","champ:Circumvent","champ:Backstep+1","champ:DefensiveShout+1","champ:Improvising"],"relics":["champ:ChampionCrown","Champion Belt","TungstenRod","Meat on the Bone","champ:ChampionCrownUpgraded","Molten Egg 2","Necronomicon","Bottled Tornado","downfall:RedIOU"],"acts_visited":["Exordium","TheCity"],"potions_floor_usage":[],"damage_taken":[{"damage":13.0,"enemies":"Cultist","floor":2.0,"turns":4.0},{"damage":44.0,"enemies":"Cultist","floor":3.0,"turns":5.0},{"damage":5.0,"enemies":"downfall:FleeingMerchant","floor":5.0,"turns":4.0},{"damage":11.0,"enemies":"Small Slimes","floor":8.0,"turns":4.0},{"damage":38.0,"enemies":"3 Sentries","floor":10.0,"turns":8.0},{"damage":1.0,"enemies":"Jaw Worm","floor":11.0,"turns":4.0},{"damage":5.0,"enemies":"Lots of Slimes","floor":12.0,"turns":4.0},{"damage":6.0,"enemies":"downfall:FleeingMerchant","floor":14.0,"turns":4.0},{"damage":5.0,"enemies":"2 Fungi Beasts","floor":15.0,"turns":4.0},{"damage":48.0,"enemies":"downfall:Watcher","floor":16.0,"turns":16.0},{"damage":79.0,"enemies":"Book of Stabbing","floor":19.0,"turns":10.0},{"damage":4.0,"enemies":"downfall:FleeingMerchant","floor":22.0,"turns":4.0},{"damage":8.0,"enemies":"Shell Parasite","floor":27.0,"turns":3.0},{"damage":18.0,"enemies":"downfall:FleeingMerchant","floor":28.0,"turns":4.0},{"damage":37.0,"enemies":"3 Byrds","floor":29.0,"turns":8.0},{"damage":12.0,"enemies":"Centurion and Healer","floor":30.0,"turns":9.0},{"damage":8.0,"enemies":"Chosen and Byrds","floor":31.0,"turns":4.0},{"damage":8.0,"enemies":"Snake Plant","floor":32.0,"turns":4.0},{"damage":50.0,"enemies":"downfall:Ironclad","floor":33.0,"turns":10.0}],"seed_played":"8750771437168721459","potions_obtained":[{"floor":3.0,"key":"EssenceOfSteel"},{"floor":10.0,"key":"SkillPotion"},{"floor":11.0,"key":"GamblersBrew"},{"floor":13.0,"key":"downfall:CursedFountainPotion"},{"floor":33.0,"key":"CultistPotion"}],"is_trial":false,"path_per_floor":["R","M","?","?","$","?","T","M","R","E","M","M","?","$","M","B",null,"R","E","T","?","$","?","T","?","R","M","$","M","M","M","M","B",null],"character_chosen":"THE_CHAMP","items_purchased":["TungstenRod","champ:TornadoPunch+1"],"campfire_rested":0,"item_purchase_floors":[5,22],"current_hp_per_floor":[90,90,51,51,51,51,51,57,57,36,47,54,54,48,60,34,90,90,34,34,19,32,32,32,32,32,39,55,45,56,60,52,35,35,35],"gold":173,"neow_bonus":"UPGRADE_CARD","is_daily":false,"chose_seed":false,"campfire_upgraded":4,"win_rate":0.0,"timestamp":1607973681,"path_taken":["R","M","?","?","$","?","T","M","R","E","M","?","?","$","M","BOSS","R","E","?","?","$","?","T","?","R","M","?","M","?","M","M","BOSS"],"items_purchased_type":["Relic","Card"],"build_version":"2020-12-13","purchased_purges":2,"victory":false,"max_hp_per_floor":[90,90,90,90,90,90,90,90,90,90,90,90,90,90,90,90,90,90,90,90,90,90,90,90,90,90,90,90,90,90,90,90,90,90,90],"card_choices":[{"not_picked":["champ:BringItOn","champ:RisingSlash"],"picked":"champ:FalseCounter","floor":2.0},{"not_picked":["champ:BladeFlurry","champ:EnragedBash"],"picked":"champ:Haymaker","floor":3.0},{"not_picked":["champ:CrookedStrike","champ:Encircle"],"picked":"champ:PerfectForm","floor":5.0},{"not_picked":["champ:CrookedStrike","champ:CalledShot"],"picked":"champ:SkillfulDodge","floor":8.0},{"not_picked":["champ:FocusedGladiator","champ:CrookedStrike"],"picked":"champ:FlashCut","floor":10.0},{"not_picked":["champ:FaceSlap","champ:DeathBlow"],"picked":"champ:StanceDance","floor":11.0},{"not_picked":["champ:FaceSlap","champ:Haymaker"],"picked":"champ:Lariat","floor":12.0},{"not_picked":["champ:GladiatorsShout","champ:FocusedGladiator","champ:FlashCut"],"picked":"SKIP","floor":14.0},{"not_picked":["champ:AdrenalArmor","champ:FanOfKnives"],"picked":"champ:Duel","floor":15.0},{"not_picked":["champ:PerfectForm","champ:LastStand"],"picked":"champ:HoldFirm","floor":16.0},{"not_picked":["champ:EnragedBash+1","champ:GladiatorStyle","champ:Lariat"],"picked":"SKIP","floor":19.0},{"not_picked":["champ:BerserkersShout","champ:StanceDance"],"picked":"champ:BringItOn","floor":22.0},{"not_picked":["champ:StanceDance","champ:BladeFlurry+1"],"picked":"champ:Circumvent","floor":27.0},{"not_picked":["champ:FlashCut+1","champ:CalledShot","champ:CrookedStrike+1"],"picked":"SKIP","floor":28.0},{"not_picked":["champ:HeavySlash+1","champ:Circumvent+1"],"picked":"champ:Backstep+1","floor":29.0},{"not_picked":["champ:BerserkersShout","champ:CrookedStrike+1","champ:SwordThrow+1"],"picked":"SKIP","floor":30.0},{"not_picked":["champ:Circumvent","champ:FanOfKnives+1","champ:GladiatorsShout"],"picked":"SKIP","floor":31.0},{"not_picked":["champ:EnragedBash+1","champ:TornadoPunch+1"],"picked":"champ:DefensiveShout+1","floor":32.0},{"not_picked":["champ:IgnorePain","champ:SwordThrow+1"],"picked":"champ:Improvising","floor":33.0}],"player_experience":922588,"relics_obtained":[{"floor":3.0,"key":"Champion Belt"},{"floor":7.0,"key":"Meat on the Bone"},{"floor":10.0,"key":"Orichalcum"},{"floor":19.0,"key":"Molten Egg 2"},{"floor":21.0,"key":"Necronomicon"},{"floor":24.0,"key":"Bottled Tornado"}],"event_choices":[{"damage_healed":0.0,"max_hp_gain":0.0,"max_hp_loss":0.0,"gold_gain":0.0,"cards_transformed":["champ:Strike"],"event_name":"Transmorgrifier","player_choice":"Transformed","floor":6.0,"gold_loss":0.0,"damage_taken":0.0,"cards_obtained":["champ:EnGarde"]}],"is_beta":false,"boss_relics":[{"not_picked":["Busted Crown","Snecko Eye"],"picked":"champ:ChampionCrownUpgraded"}],"items_purged_floors":[14,22],"is_endless":false,"potions_floor_spawned":[3,10,11,15,16,19,30,33],"ascension_level":0}}