{"host":"ormi09wwzv7sq47a","time":1607955407,"event":{"mods":["2.2 Compatiblity","AchievementEnabler","Act Like it!","BaseMod","Better Note","Better Vampires","Colored Map","Colored Powertips","DeckTracker","Downfall","Hermit","Highlight Path","Jorbs\u0027s Wanderer Trilogy","Minty Spire (QoL Compilation)","Permanent Neow","Quick Restart","Rare Cards Sparkle","Relic Stats","Shop Mod","StSLib","The Cursed","The Hierophant","The Jungle","The Servant 0.9.4"],"gold_per_floor":[111,111,127,138,63,96,96,111,111,111,126,126,136,153,153,256,256,272,272,371,397,397,397,413,448,448,479,479,22,22,38,38,141,141,157,157,12,22,35,35,55,55,128,479,479,94,125,144,144,144,144,144,144,178,178,178],"floor_reached":55,"playtime":3331,"items_purged":["Slimebound:Tackle","Slimebound:Strike_Slimebound","Parasite"],"score":1017,"play_id":"c3b5a3f9-41e8-49ae-9391-839a0089a5e3","local_time":"20201214111647","is_ascension_mode":true,"campfire_choices":[{"data":"Slimebound:RainOfGoop","floor":7.0,"key":"SMITH"},{"data":"Slimebound:RejuvenatingLick","floor":10.0,"key":"SMITH"},{"data":"Slimebound:CorrosiveSpit","floor":12.0,"key":"SMITH"},{"data":"Slimebound:Equalize","floor":15.0,"key":"SMITH"},{"data":"Slimebound:GrowthPunch","floor":23.0,"key":"SMITH"},{"data":"Slimebound:FormOfPuddle","floor":28.0,"key":"SMITH"},{"data":"Slimebound:WasteNot","floor":30.0,"key":"SMITH"},{"data":"Slimebound:LeechingTouch","floor":32.0,"key":"SMITH"},{"data":"Slimebound:ProtectTheBoss","floor":40.0,"key":"SMITH"},{"data":"Slimebound:WasteNot","floor":42.0,"key":"SMITH"},{"floor":49.0,"key":"RECALL"},{"data":"Slimebound:Nibble","floor":52.0,"key":"SMITH"}],"circlet_count":0,"master_deck":["Slimebound:Defend_Slimebound","Slimebound:Defend_Slimebound","Slimebound:Defend_Slimebound","Slimebound:Split+1","Slimebound:CorrosiveSpit+1","Slimebound:GrowthPunch+1","Slimebound:Nibble","Slimebound:Nibble+1","Slimebound:RainOfGoop+1","Slimebound:RejuvenatingLick+1","Slimebound:LeechingTouch+1","Slimebound:Equalize+1","Slimebound:WasteNot+1","Slimebound:FormOfPuddle+1","Slimebound:LeechingTouch+1","Slimebound:SplitMire+1","Slimebound:LeechEnergy+1","Slimebound:LeechEnergy+1","Slimebound:LeechLife+1","Slimebound:SlimeSpikes+1","Slimebound:FormOfPuddle+1","Slimebound:ProtectTheBoss+1","Slimebound:Repurpose+1","Slimebound:WasteNot+1","Slimebound:GoopSpray+1","Slimebound:LeadByExample+1","Slimebound:RainOfGoop+1","Slimebound:SamplingLick+1"],"relics":["Slimebound:AbsorbEndCombat","NeowsBlessing","Slimebound:AggressiveSlimeRelic","Shuriken","SacredBark","Regal Pillow","Slimebound:SlimedTailRelic","Question Card","Molten Egg 2","Prayer Wheel","Empty Cage","Anchor","Old Coin","Kunai","White Beast Statue","Pear"],"acts_visited":["Exordium","TheCity","TheBeyond","TheEnding"],"potions_floor_usage":[54,55],"damage_taken":[{"damage":0.0,"enemies":"Cultist","floor":1.0,"turns":1.0},{"damage":0.0,"enemies":"Small Slimes","floor":3.0,"turns":1.0},{"damage":0.0,"enemies":"Jaw Worm","floor":4.0,"turns":1.0},{"damage":38.0,"enemies":"Gremlin Nob","floor":6.0,"turns":4.0},{"damage":7.0,"enemies":"Blue Slaver","floor":8.0,"turns":2.0},{"damage":13.0,"enemies":"2 Fungi Beasts","floor":11.0,"turns":3.0},{"damage":13.0,"enemies":"Exordium Thugs","floor":13.0,"turns":3.0},{"damage":18.0,"enemies":"3 Louse","floor":14.0,"turns":2.0},{"damage":52.0,"enemies":"Hexaghost","floor":16.0,"turns":8.0},{"damage":29.0,"enemies":"2 Thieves","floor":18.0,"turns":3.0},{"damage":27.0,"enemies":"Shell Parasite","floor":24.0,"turns":4.0},{"damage":12.0,"enemies":"Gremlin Leader","floor":25.0,"turns":5.0},{"damage":61.0,"enemies":"Slavers","floor":27.0,"turns":4.0},{"damage":40.0,"enemies":"Sentry and Sphere","floor":31.0,"turns":5.0},{"damage":45.0,"enemies":"Collector","floor":33.0,"turns":7.0},{"damage":19.0,"enemies":"Orb Walker","floor":35.0,"turns":3.0},{"damage":35.0,"enemies":"3 Shapes","floor":38.0,"turns":6.0},{"damage":74.0,"enemies":"Spire Growth","floor":39.0,"turns":7.0},{"damage":24.0,"enemies":"Writhing Mass","floor":41.0,"turns":5.0},{"damage":65.0,"enemies":"2 Orb Walkers","floor":44.0,"turns":5.0},{"damage":20.0,"enemies":"2 Orb Walkers","floor":45.0,"turns":3.0},{"damage":16.0,"enemies":"Reptomancer","floor":47.0,"turns":7.0},{"damage":38.0,"enemies":"Sphere and 2 Shapes","floor":48.0,"turns":6.0},{"damage":137.0,"enemies":"Donu and Deca","floor":50.0,"turns":10.0},{"damage":51,"enemies":"Shield and Spear","floor":54,"turns":7},{"damage":152,"enemies":"The Heart","floor":55,"turns":9}],"seed_played":"5273247848460861625","potions_obtained":[{"floor":4.0,"key":"Slimebound:ThreeZeroPotion"},{"floor":6.0,"key":"SmokeBomb"},{"floor":13.0,"key":"Slimebound:SlimedPotion"},{"floor":14.0,"key":"sneckomod:MuddlingPotion"},{"floor":18.0,"key":"Weak Potion"},{"floor":24.0,"key":"DuplicationPotion"},{"floor":31.0,"key":"PowerPotion"},{"floor":35.0,"key":"SpeedPotion"},{"floor":45.0,"key":"Slimebound:SpawnSlimePotion"},{"floor":48.0,"key":"sneckomod:MuddlingPotion"},{"floor":54,"key":"champ:CounterPotion"}],"is_trial":false,"path_per_floor":["M","?","M","M","$","E","R","M","T","R","M","R","M","M","R","B",null,"M","?","?","T","?","R","M","E","T","E","R","$","R","M","R","B",null,"M","?","$","M","M","R","M","R","T","?","?","$","E","M","R","B",null,"R","$","E","B"],"character_chosen":"SLIMEBOUND","items_purchased":["Prayer Wheel","Slimebound:LeechEnergy+1","Anchor","Kunai"],"campfire_rested":0,"item_purchase_floors":[29,29,37,46],"current_hp_per_floor":[54,54,54,54,54,30,30,33,33,33,42,42,47,49,49,36,54,55,55,55,55,45,45,60,65,65,42,42,42,42,46,46,65,65,59,59,59,59,34,34,65,65,65,65,65,62,62,54,54,39,56,56,56,71,0,0],"gold":178,"neow_bonus":"THREE_ENEMY_KILL","is_daily":false,"chose_seed":false,"campfire_upgraded":11,"win_rate":0.0,"timestamp":1607955407,"path_taken":["M","?","M","?","$","E","R","M","T","R","M","R","M","M","R","BOSS","M","?","?","?","?","R","?","E","T","E","R","?","R","M","R","BOSS","M","?","$","M","M","R","?","R","T","?","?","$","E","M","R","BOSS","R","$","E","BOSS"],"items_purchased_type":["Relic","Card","Relic","Relic"],"build_version":"2020-12-13","purchased_purges":3,"victory":false,"max_hp_per_floor":[60,60,60,60,60,60,60,60,60,60,60,60,60,60,60,60,60,60,60,60,60,65,65,65,65,65,65,65,65,65,65,65,65,65,65,65,65,65,65,65,65,65,65,65,65,62,62,62,62,62,62,62,62,72,72,72],"relic_stats":{"Regal Pillow":0,"counters":[26,120],"Shuriken":[35],"Prayer Wheel":6,"Kunai":[10],"Question Card":18,"obtain_stats":[{"Slimebound:AggressiveSlimeRelic":6,"Regal Pillow":21,"Pear":54,"NeowsBlessing":0,"SacredBark":17,"Question Card":26,"Empty Cage":34,"White Beast Statue":47,"Old Coin":44,"Anchor":37,"Shuriken":9,"Molten Egg 2":27,"Prayer Wheel":29,"Slimebound:AbsorbEndCombat":0,"Kunai":46,"Slimebound:SlimedTailRelic":25},{"Slimebound:AggressiveSlimeRelic":4,"Regal Pillow":10,"Pear":25,"NeowsBlessing":0,"SacredBark":9,"Question Card":12,"Empty Cage":15,"White Beast Statue":22,"Old Coin":20,"Anchor":16,"Shuriken":5,"Molten Egg 2":13,"Prayer Wheel":13,"Slimebound:AbsorbEndCombat":0,"Kunai":21,"Slimebound:SlimedTailRelic":12},{"Slimebound:AggressiveSlimeRelic":7,"Regal Pillow":28,"Pear":111,"NeowsBlessing":0,"SacredBark":25,"Question Card":37,"Empty Cage":53,"White Beast Statue":89,"Old Coin":79,"Anchor":56,"Shuriken":9,"Molten Egg 2":41,"Prayer Wheel":41,"Slimebound:AbsorbEndCombat":0,"Kunai":82,"Slimebound:SlimedTailRelic":37}]},"card_choices":[{"not_picked":["Slimebound:ProtectTheBoss","Slimebound:AcidTongue"],"picked":"Slimebound:GrowthPunch","floor":1.0},{"not_picked":["Slimebound:ViciousTackle","Slimebound:LeechingTouch"],"picked":"Slimebound:Nibble","floor":3.0},{"not_picked":["Slimebound:GoopSpray","Slimebound:SplitMire"],"picked":"Slimebound:Nibble","floor":4.0},{"not_picked":["Slimebound:LeechEnergy","Slimebound:Grow"],"picked":"Slimebound:RainOfGoop","floor":6.0},{"not_picked":["Slimebound:FinishingTackle","Slimebound:ComboTackle"],"picked":"Slimebound:RejuvenatingLick","floor":8.0},{"not_picked":["Slimebound:GrowthPunch","Slimebound:AcidTongue"],"picked":"Slimebound:LeechingTouch","floor":11.0},{"not_picked":["Slimebound:SplitMire","Slimebound:RollThrough","Slimebound:GoopTackle"],"picked":"SKIP","floor":13.0},{"not_picked":["Slimebound:Dissolve","Slimebound:GrowthPunch"],"picked":"Slimebound:Equalize","floor":14.0},{"not_picked":["Slimebound:CheckThePlaybook","Slimebound:SlimeSlap"],"picked":"Slimebound:WasteNot","floor":16.0},{"not_picked":["Slimebound:GrowthPunch","Slimebound:RollThrough","Slimebound:ForwardTackle"],"picked":"SKIP","floor":18.0},{"not_picked":["Slimebound:DisruptingSlam+1","Slimebound:ComboTackle"],"picked":"Slimebound:LeechingTouch+1","floor":24.0},{"not_picked":["Slimebound:Schlurp","Slimebound:RollThrough+1"],"picked":"Slimebound:SplitMire+1","floor":25.0},{"not_picked":["Slimebound:ViciousTackle+1","Slimebound:GoopSpray","Slimebound:SplitLeeching","Slimebound:SplitBruiser"],"picked":"SKIP","floor":27.0},{"not_picked":["Slimebound:DuplicatedForm","Slimebound:PressTheAttack+1","Slimebound:SlimeTap"],"picked":"Slimebound:LeechEnergy+1","floor":31.0},{"not_picked":["Slimebound:SplitAcid+1","Slimebound:AcidTongue","Slimebound:Grow","Slimebound:RollThrough+1"],"picked":"SKIP","floor":31.0},{"not_picked":["Slimebound:OneTwoCombo+1","Slimebound:SlimeSlap+1","Slimebound:DouseInSlime"],"picked":"Slimebound:LeechLife+1","floor":33.0},{"not_picked":["Slimebound:GrowthPunch+1","Slimebound:LevelUp+1","Slimebound:SplitBruiser"],"picked":"Slimebound:SlimeSpikes+1","floor":35.0},{"not_picked":["Slimebound:SplitLeeching","Slimebound:SlimeSpikes","Slimebound:ComboTackle+1"],"picked":"Slimebound:FormOfPuddle+1","floor":35.0},{"not_picked":["Slimebound:SplitBruiser","Slimebound:FirmFortitude","Slimebound:Teamwork","Slimebound:FinishingTackle+1"],"picked":"SKIP","floor":38.0},{"not_picked":["Slimebound:GoopSpray","Slimebound:FlameTackle+1","Slimebound:RollThrough+1","Slimebound:PressTheAttack+1"],"picked":"SKIP","floor":38.0},{"not_picked":["Slimebound:SplitBruiser","Slimebound:Grow+1","Slimebound:MegaLick"],"picked":"Slimebound:Repurpose+1","floor":39.0},{"not_picked":["Slimebound:FinishingTackle+1","Slimebound:SplitBruiser+1","Slimebound:ViciousTackle+1"],"picked":"Slimebound:WasteNot","floor":39.0},{"not_picked":["Slimebound:GrowthPunch+1","Slimebound:SplitBruiser","Slimebound:FirmFortitude+1","Slimebound:LeechingTouch+1"],"picked":"SKIP","floor":41.0},{"not_picked":["Slimebound:RollThrough+1","Slimebound:ComboTackle+1","Slimebound:GrowthPunch+1","Slimebound:TongueLash+1"],"picked":"SKIP","floor":41.0},{"not_picked":["Slimebound:BestDefense+1","Slimebound:HungryTackle+1","Slimebound:GrowthPunch+1"],"picked":"Slimebound:GoopSpray+1","floor":44.0},{"not_picked":["Slimebound:RollThrough+1","Slimebound:ItLooksTasty+1","Slimebound:LeechEnergy+1"],"picked":"Slimebound:LeadByExample+1","floor":47.0},{"not_picked":["Slimebound:FinishingTackle+1","Slimebound:DuplicatedForm","Slimebound:SplitBruiser"],"picked":"Slimebound:RainOfGoop+1","floor":48.0},{"not_picked":["Slimebound:ComboTackle+1","Slimebound:GoopSpray","Slimebound:RollThrough+1","Slimebound:SplitLeeching"],"picked":"SKIP","floor":48.0},{"not_picked":["Slimebound:SplitMire+1","Slimebound:LeechingTouch+1","Slimebound:ComboTackle+1"],"picked":"Slimebound:SamplingLick+1","floor":54}],"player_experience":742830,"relics_obtained":[{"floor":6.0,"key":"Slimebound:AggressiveSlimeRelic"},{"floor":9.0,"key":"Shuriken"},{"floor":21.0,"key":"Regal Pillow"},{"floor":25.0,"key":"Slimebound:SlimedTailRelic"},{"floor":26.0,"key":"Question Card"},{"floor":27.0,"key":"Molten Egg 2"},{"floor":44.0,"key":"Old Coin"},{"floor":47.0,"key":"White Beast Statue"},{"floor":54,"key":"Pear"}],"event_choices":[{"damage_healed":0.0,"max_hp_gain":0.0,"max_hp_loss":0.0,"gold_gain":0.0,"event_name":"Accursed Blacksmith","player_choice":"Forge","floor":2.0,"gold_loss":0.0,"damage_taken":0.0,"cards_upgraded":["Slimebound:Split"]},{"damage_healed":0.0,"max_hp_gain":0.0,"max_hp_loss":0.0,"gold_gain":0.0,"event_name":"The Library","player_choice":"Read","floor":19.0,"gold_loss":0.0,"damage_taken":0.0,"cards_obtained":["Slimebound:FormOfPuddle"]},{"damage_healed":0.0,"max_hp_gain":0.0,"max_hp_loss":0.0,"gold_gain":99.0,"event_name":"Nest","player_choice":"Stole From Cult","floor":20.0,"gold_loss":0.0,"damage_taken":0.0},{"damage_healed":0.0,"max_hp_gain":5.0,"max_hp_loss":0.0,"gold_gain":0.0,"event_name":"Forgotten Altar","player_choice":"Shed Blood","floor":22.0,"gold_loss":0.0,"damage_taken":15.0},{"damage_healed":0.0,"max_hp_gain":0.0,"max_hp_loss":0.0,"gold_gain":0.0,"cards_transformed":["Slimebound:Defend_Slimebound"],"event_name":"Transmorgrifier","player_choice":"Transformed","floor":36.0,"gold_loss":0.0,"damage_taken":0.0,"cards_obtained":["Slimebound:ProtectTheBoss"]},{"damage_healed":0.0,"max_hp_gain":0.0,"max_hp_loss":0.0,"gold_gain":0.0,"event_name":"Mysterious Sphere","player_choice":"Fight","floor":44.0,"gold_loss":0.0,"damage_taken":0.0}],"is_beta":false,"boss_relics":[{"not_picked":["Ectoplasm","Busted Crown"],"picked":"SacredBark"},{"not_picked":["Slimebound:TarBlob","Tiny House"],"picked":"Empty Cage"}],"items_purged_floors":[5,29,46],"is_endless":false,"potions_floor_spawned":[4,6,13,14,18,24,31,35,45,48,54],"killed_by":"The Heart","ascension_level":7}}