{"host":"jm9833yuloeli2yd","time":1607990263,"event":{"mods":["AchievementEnabler","BaseMod","Better Altar","Better Match","Better Note","Better Sensory Stone","Better Skull","Better Vampires","Colored Map","Colored Powertips","DeckTracker","Minty Spire (QoL Compilation)","Permanent Neow","Quick Restart","Replay The Spire","StSLib","SuperFastMode"],"gold_per_floor":[210,26,41,41,41,69,87,87,87,97,107,174,201,211,211,316,316,330,343,357,108,158,158,171,184,184,184,209,228,278,278,278],"floor_reached":31,"playtime":793,"items_purged":["Strike_R"],"score":420,"play_id":"b7cb542c-0bd3-40c1-9e73-8f2e58efd3f1","local_time":"20201214185743","is_ascension_mode":true,"campfire_choices":[{"data":"Hemokinesis","floor":8.0,"key":"SMITH"},{"data":"True Grit","floor":15.0,"key":"SMITH"},{"data":"Inflame","floor":23.0,"key":"SMITH"},{"data":"Demonic Infusion","floor":27.0,"key":"SMITH"}],"circlet_count":0,"master_deck":["AscendersBane","Strike_R","Strike_R","Strike_R","Strike_R","Defend_R","Defend_R","Defend_R","Bash","Clothesline","Immolate","Battle Trance","Limit Break+1","True Grit","Hemokinesis+1","True Grit+1","Metallicize","Battle Trance","Fiend Fire","Shrug It Off","Demonic Infusion+1","Shrug It Off","Second Wind","Evolve","Flash of Steel","Inflame+1","Flex","Reaper"],"relics":["Burning Blood","SsserpentHead","HornCleat","Ornamental Fan","Durian","Philosopher\u0027s Stone","Smiling Mask","Toy Ornithopter","Akabeko"],"acts_visited":["Exordium","TheCity"],"potions_floor_usage":[],"damage_taken":[{"damage":2.0,"enemies":"2 Louse","floor":1.0,"turns":3.0},{"damage":0.0,"enemies":"Cultist","floor":3.0,"turns":3.0},{"damage":47.0,"enemies":"3 Sentries","floor":6.0,"turns":8.0},{"damage":9.0,"enemies":"Small Slimes","floor":7.0,"turns":4.0},{"damage":11.0,"enemies":"Blue Slaver","floor":10.0,"turns":4.0},{"damage":0.0,"enemies":"Gremlin Gang","floor":11.0,"turns":1.0},{"damage":0.0,"enemies":"2 Fungi Beasts","floor":12.0,"turns":2.0},{"damage":16.0,"enemies":"Gremlin Nob","floor":13.0,"turns":5.0},{"damage":10.0,"enemies":"Blue Slaver","floor":14.0,"turns":4.0},{"damage":31.0,"enemies":"Hexaghost","floor":16.0,"turns":12.0},{"damage":27.0,"enemies":"2 Thieves","floor":18.0,"turns":4.0},{"damage":9.0,"enemies":"Chosen","floor":19.0,"turns":4.0},{"damage":13.0,"enemies":"Snecko","floor":20.0,"turns":4.0},{"damage":0.0,"enemies":"Snake Plant","floor":24.0,"turns":4.0},{"damage":5.0,"enemies":"Sentry and Sphere","floor":25.0,"turns":6.0},{"damage":33,"enemies":"Gremlin Leader","floor":28,"turns":7},{"damage":12,"enemies":"Centurion and Healer","floor":29,"turns":5},{"damage":9,"enemies":"Book of Stabbing","floor":31,"turns":1}],"seed_played":"2966678726450577965","potions_obtained":[{"floor":3.0,"key":"Energy Potion"},{"floor":6.0,"key":"SpeedPotion"},{"floor":11.0,"key":"Strength Potion"},{"floor":14.0,"key":"Dexterity Potion"},{"floor":29,"key":"ColorlessPotion"}],"is_trial":false,"path_per_floor":["M","$","M","?","?","E","M","R","T","M","M","M","E","M","R","B",null,"M","M","M","$","?","R","M","M","T","R","E","M","?","E"],"character_chosen":"IRONCLAD","items_purchased":["Immolate","Battle Trance","Evolve","Flash of Steel"],"campfire_rested":0,"item_purchase_floors":[2,2,21,21],"current_hp_per_floor":[76,76,80,80,80,39,36,36,36,31,37,43,38,34,34,9,66,45,42,35,35,35,35,41,42,42,42,15,9,9,0,0],"gold":278,"neow_bonus":"HUNDRED_GOLD","is_daily":false,"chose_seed":false,"campfire_upgraded":4,"win_rate":0.0,"timestamp":1607990263,"path_taken":["M","$","M","?","?","E","M","R","T","M","M","?","E","M","R","BOSS","M","M","M","$","?","R","M","M","T","R","E","M","?","E"],"items_purchased_type":["Card","Card","Card","Card"],"build_version":"2020-12-13","purchased_purges":1,"victory":false,"max_hp_per_floor":[80,80,80,80,80,80,80,80,80,80,80,80,85,85,85,85,85,85,85,85,85,85,85,85,85,85,85,85,85,85,85,85],"card_choices":[{"not_picked":["Iron Wave","Clash"],"picked":"Clothesline","floor":1.0},{"not_picked":["Iron Wave","Dark Embrace","Combust"],"picked":"SKIP","floor":3.0},{"not_picked":["Cleave","Massacre"],"picked":"True Grit","floor":6.0},{"not_picked":["Clothesline","ReplayTheSpireMod:LeadingStrike"],"picked":"Hemokinesis","floor":7.0},{"not_picked":["Sword Boomerang","Heavy Blade"],"picked":"True Grit","floor":10.0},{"not_picked":["Sever Soul","ReplayTheSpireMod:Strike From Hell"],"picked":"Metallicize","floor":11.0},{"not_picked":["Infernal Blade","Clothesline"],"picked":"Battle Trance","floor":12.0},{"not_picked":["Headbutt","Uppercut"],"picked":"Fiend Fire","floor":13.0},{"not_picked":["Burning Pact","Iron Wave"],"picked":"Shrug It Off","floor":14.0},{"not_picked":["Berserk","Juggernaut"],"picked":"Demonic Infusion","floor":16.0},{"not_picked":["Whirlwind","Run Through"],"picked":"Shrug It Off","floor":18.0},{"not_picked":["Blood for Blood","Wild Strike+1"],"picked":"Second Wind","floor":19.0},{"not_picked":["Iron Wave","Shrug It Off","Flex"],"picked":"SKIP","floor":20.0},{"not_picked":["Run Through","Thunderclap","Blood for Blood"],"picked":"SKIP","floor":24.0},{"not_picked":["Body Slam","Rupture","ReplayTheSpireMod:LeadingStrike"],"picked":"SKIP","floor":25.0},{"not_picked":["Fiend Fire","Pommel Strike"],"picked":"Flex","floor":28},{"not_picked":["Wild Strike","Abandon"],"picked":"Reaper","floor":29}],"player_experience":1068503,"relics_obtained":[{"floor":6.0,"key":"HornCleat"},{"floor":9.0,"key":"Ornamental Fan"},{"floor":13.0,"key":"Durian"},{"floor":26.0,"key":"Smiling Mask"},{"floor":28,"key":"Toy Ornithopter"}],"event_choices":[{"damage_healed":0.0,"max_hp_gain":0.0,"max_hp_loss":0.0,"gold_gain":0.0,"event_name":"FaceTrader","player_choice":"Trade","floor":5.0,"gold_loss":0.0,"damage_taken":0.0,"relics_obtained":["SsserpentHead"]},{"damage_healed":0.0,"max_hp_gain":0.0,"max_hp_loss":0.0,"gold_gain":0.0,"event_name":"The Library","player_choice":"Read","floor":22.0,"gold_loss":0.0,"damage_taken":0.0,"cards_obtained":["Inflame"]},{"damage_healed":0,"gold_gain":0,"player_choice":"Opened","damage_taken":0,"relics_obtained":["Akabeko"],"max_hp_gain":0,"max_hp_loss":0,"event_name":"The Mausoleum","floor":30,"gold_loss":0}],"is_beta":false,"boss_relics":[{"not_picked":["Black Star","SacredBark"],"picked":"Philosopher\u0027s Stone"}],"items_purged_floors":[21],"is_endless":false,"potions_floor_spawned":[3,6,11,14,29],"killed_by":"Book of Stabbing","ascension_level":11}}