{"host":"plbsiuh3vwan8ocg","time":1607908128,"event":{"mods":["AchievementEnabler","BaseMod","Minty Spire (QoL Compilation)","Permanent Neow","Quick Restart","StSLib"],"gold_per_floor":[11,11,29,42,59,59,86,86,113,139,6,36,52,63,63,138,138,149,149,149,149,9,9,9,9,54,54,54],"floor_reached":27,"playtime":1353,"items_purged":[],"score":412,"play_id":"77e6fdc8-4392-415c-92de-043a7c2c5f8d","local_time":"20201213200848","is_ascension_mode":true,"campfire_choices":[{"data":"Creative AI","floor":6,"key":"SMITH"},{"floor":8,"key":"REST"},{"floor":15,"key":"REST"},{"floor":23,"key":"REST"},{"data":"Blizzard","floor":25,"key":"SMITH"}],"circlet_count":0,"master_deck":["AscendersBane","Zap","Dualcast","Creative AI+1","Sweeping Beam","Beam Cell","Streamline","Go for the Eyes","Conserve Battery","Auto Shields","Streamline","Cold Snap","Coolheaded","Hyperbeam","Biased Cognition","Electrodynamics","Meteor Strike","Rainbow","Barrage","Doom and Gloom","All For One","Blizzard+1","Bite","Bite","Bite","Bite","Bite","Stack","Bandage Up","Shame"],"relics":["Cracked Core","Pen Nib","MawBank","Medical Kit","Bag of Preparation","Pandora\u0027s Box","Lantern","MealTicket"],"acts_visited":["Exordium","TheCity"],"potions_floor_usage":[7,12,16],"damage_taken":[{"damage":1,"enemies":"Cultist","floor":1,"turns":4},{"damage":0,"enemies":"2 Louse","floor":3,"turns":2},{"damage":0,"enemies":"Small Slimes","floor":4,"turns":3},{"damage":9,"enemies":"3 Louse","floor":5,"turns":2},{"damage":31,"enemies":"Lagavulin","floor":7,"turns":6},{"damage":7,"enemies":"Large Slime","floor":10,"turns":4},{"damage":8,"enemies":"Gremlin Nob","floor":12,"turns":5},{"damage":4,"enemies":"Looter","floor":13,"turns":3},{"damage":15,"enemies":"Blue Slaver","floor":14,"turns":5},{"damage":19,"enemies":"The Guardian","floor":16,"turns":15},{"damage":39,"enemies":"2 Thieves","floor":18,"turns":4},{"damage":45,"enemies":"Slavers","floor":27,"turns":2}],"seed_played":"21516220413092455","potions_obtained":[{"floor":3,"key":"SpeedPotion"},{"floor":4,"key":"FearPotion"},{"floor":12,"key":"AttackPotion"}],"is_trial":false,"path_per_floor":["M","$","M","M","M","R","E","R","T","M","$","E","M","M","R","B",null,"M","?","?","?","$","R","?","R","T","E"],"character_chosen":"DEFECT","items_purchased":["Medical Kit","Stack","Bandage Up"],"campfire_rested":3,"item_purchase_floors":[11,22,22],"current_hp_per_floor":[63,63,63,63,54,54,23,44,44,37,37,29,25,10,31,12,56,17,17,17,17,17,31,31,31,31,0,0],"gold":54,"neow_bonus":"THREE_RARE_CARDS","is_daily":false,"chose_seed":false,"campfire_upgraded":2,"win_rate":0.0,"timestamp":1607908128,"path_taken":["M","?","?","M","M","R","E","R","T","M","$","E","M","M","R","BOSS","M","?","?","?","$","R","?","R","T","E"],"items_purchased_type":["Relic","Card","Card"],"build_version":"2020-12-13","purchased_purges":0,"victory":false,"max_hp_per_floor":[71,71,71,71,71,71,71,71,71,71,71,71,71,71,71,71,71,71,71,71,49,49,49,49,49,49,49,49],"card_choices":[{"not_picked":["Core Surge","Fission"],"picked":"Creative AI","floor":0},{"not_picked":["Leap","Beam Cell"],"picked":"Sweeping Beam","floor":1},{"not_picked":["Go for the Eyes","Redo"],"picked":"Beam Cell","floor":3},{"not_picked":["All For One","Go for the Eyes"],"picked":"Streamline","floor":4},{"not_picked":["Streamline","Heatsinks"],"picked":"Go for the Eyes","floor":5},{"not_picked":["Storm","Aggregate"],"picked":"Conserve Battery","floor":7},{"not_picked":["Aggregate","Sweeping Beam"],"picked":"Auto Shields","floor":10},{"not_picked":["Thunder Strike","Auto Shields"],"picked":"Streamline","floor":12},{"not_picked":["Ball Lightning","Tempest"],"picked":"Cold Snap","floor":13},{"not_picked":["Conserve Battery","Beam Cell"],"picked":"Coolheaded","floor":14},{"not_picked":["Thunder Strike","Biased Cognition"],"picked":"Hyperbeam","floor":16},{"not_picked":["Rebound","Hello World"],"picked":"Blizzard","floor":18}],"player_experience":395558,"relics_obtained":[{"floor":7,"key":"Pen Nib"},{"floor":9,"key":"MawBank"},{"floor":12,"key":"Bag of Preparation"},{"floor":26,"key":"MealTicket"}],"event_choices":[{"damage_healed":0,"gold_gain":0,"player_choice":"Ignored","damage_taken":0,"max_hp_gain":0,"max_hp_loss":0,"event_name":"Beggar","floor":19,"gold_loss":0},{"cards_removed":["Doom and Gloom"],"damage_healed":0,"gold_gain":0,"player_choice":"Elegance","damage_taken":0,"max_hp_gain":0,"max_hp_loss":0,"event_name":"Back to Basics","floor":20,"gold_loss":0},{"damage_healed":0,"gold_gain":0,"player_choice":"Became a vampire","damage_taken":0,"max_hp_gain":0,"max_hp_loss":22,"event_name":"Vampires","floor":21,"gold_loss":0,"cards_obtained":["Bite","Bite","Bite","Bite","Bite"]},{"damage_healed":0,"gold_gain":0,"player_choice":"Stole Relic","damage_taken":0,"relics_obtained":["Lantern"],"max_hp_gain":0,"max_hp_loss":0,"event_name":"Addict","floor":24,"gold_loss":0,"cards_obtained":["Shame"]}],"is_beta":false,"boss_relics":[{"not_picked":["Ectoplasm","Philosopher\u0027s Stone"],"picked":"Pandora\u0027s Box"}],"items_purged_floors":[],"is_endless":false,"potions_floor_spawned":[3,4,12],"killed_by":"Slavers","ascension_level":15}}