{"host":"y76clbnovzmw9ubx","time":1607912557,"event":{"mods":["AchievementEnabler","BaseMod","Minty Spire (QoL Compilation)","Permanent Neow","Relic Stats"],"gold_per_floor":[366,1,14,34,49,49,74,74,101,117,145,156,116,133,133,209,209,227,240,254,265,284,319,319,319,319],"floor_reached":25,"playtime":3098,"items_purged":["Strike_G"],"score":478,"play_id":"94bbf485-1bd9-4614-b4eb-123e0eadce1f","local_time":"20201213212237","is_ascension_mode":true,"campfire_choices":[{"data":"Dagger Spray","floor":6,"key":"SMITH"},{"floor":8,"key":"REST"},{"floor":15,"key":"REST"},{"floor":24,"key":"REST"}],"circlet_count":0,"master_deck":["AscendersBane","Strike_G","Strike_G","Strike_G","Strike_G","Defend_G","Defend_G","Defend_G","Defend_G","Defend_G","Survivor","Neutralize","Deflect","Footwork","Dagger Spray+1","Adrenaline","Footwork","Quick Slash","Leg Sweep","Poisoned Stab","Infinite Blades","Skewer","Backflip","Backflip","Corpse Explosion","Cloak And Dagger","Sucker Punch","Backflip+1","Caltrops+1"],"relics":["Ring of the Snake","Bronze Scales","Potion Belt","Runic Pyramid","Bottled Lightning"],"acts_visited":["Exordium","TheCity"],"potions_floor_usage":[7,7,14,16,25,25],"damage_taken":[{"damage":2,"enemies":"Small Slimes","floor":1,"turns":4},{"damage":0,"enemies":"Cultist","floor":3,"turns":4},{"damage":0,"enemies":"2 Louse","floor":4,"turns":3},{"damage":0,"enemies":"2 Fungi Beasts","floor":5,"turns":3},{"damage":26,"enemies":"Gremlin Nob","floor":7,"turns":6},{"damage":4,"enemies":"3 Louse","floor":10,"turns":3},{"damage":15,"enemies":"3 Sentries","floor":11,"turns":7},{"damage":1,"enemies":"Large Slime","floor":12,"turns":5},{"damage":0,"enemies":"Gremlin Gang","floor":14,"turns":2},{"damage":26,"enemies":"Slime Boss","floor":16,"turns":13},{"damage":6,"enemies":"Spheric Guardian","floor":18,"turns":9},{"damage":16,"enemies":"3 Byrds","floor":19,"turns":3},{"damage":13,"enemies":"3 Cultists","floor":20,"turns":4},{"damage":27,"enemies":"Snake Plant","floor":21,"turns":5},{"damage":8,"enemies":"Sentry and Sphere","floor":22,"turns":13},{"damage":12,"enemies":"Book of Stabbing","floor":23,"turns":7},{"damage":58,"enemies":"Slavers","floor":25,"turns":6}],"seed_played":"1928031179442228776","potions_obtained":[{"floor":1,"key":"Poison Potion"},{"floor":4,"key":"GhostInAJar"},{"floor":7,"key":"Strength Potion"},{"floor":13,"key":"AttackPotion"},{"floor":13,"key":"FairyPotion"},{"floor":13,"key":"FairyPotion"},{"floor":16,"key":"FairyPotion"},{"floor":18,"key":"LiquidMemories"},{"floor":22,"key":"Fire Potion"}],"is_trial":false,"path_per_floor":["M","$","M","M","M","R","E","R","T","M","E","M","?","M","R","B",null,"M","M","M","M","M","E","R","E"],"character_chosen":"THE_SILENT","items_purchased":["Footwork","Dagger Spray","Adrenaline"],"campfire_rested":3,"item_purchase_floors":[2,2,2],"current_hp_per_floor":[42,42,42,42,42,42,16,35,35,31,16,15,15,15,34,8,52,46,30,17,11,3,14,33,0,0],"gold":319,"neow_bonus":"TWO_FIFTY_GOLD","is_daily":false,"chose_seed":false,"campfire_upgraded":1,"win_rate":0.0,"timestamp":1607912557,"path_taken":["M","$","M","M","M","R","E","R","T","M","E","M","?","M","R","BOSS","M","M","M","M","M","E","R","E"],"items_purchased_type":["Card","Card","Card"],"build_version":"2020-12-13","purchased_purges":1,"victory":false,"max_hp_per_floor":[66,66,66,66,66,66,66,66,66,66,66,66,66,66,66,66,66,66,66,66,66,66,66,66,66,66],"relic_stats":{"counters":[17,97],"Bronze Scales":[258],"obtain_stats":[{"Potion Belt":11,"Bronze Scales":7,"Bottled Lightning":23,"Ring of the Snake":0,"Runic Pyramid":17},{"Potion Belt":7,"Bronze Scales":5,"Bottled Lightning":16,"Ring of the Snake":0,"Runic Pyramid":10},{"Potion Belt":30,"Bronze Scales":20,"Bottled Lightning":91,"Ring of the Snake":0,"Runic Pyramid":50}],"Ring of the Snake":[34]},"card_choices":[{"not_picked":["Tactician","Dodge and Roll"],"picked":"Deflect","floor":1},{"not_picked":["Leg Sweep","Reflex"],"picked":"Footwork","floor":3},{"not_picked":["Bane","Dagger Spray"],"picked":"Quick Slash","floor":4},{"not_picked":["Dagger Throw","Expertise"],"picked":"Leg Sweep","floor":5},{"not_picked":["Catalyst","Blur"],"picked":"Poisoned Stab","floor":7},{"not_picked":["Heel Hook","Dagger Throw"],"picked":"Infinite Blades","floor":10},{"not_picked":["Unload","Phantasmal Killer"],"picked":"Skewer","floor":11},{"not_picked":["Blade Dance","Deflect"],"picked":"Backflip","floor":12},{"not_picked":["Concentrate","Dagger Spray"],"picked":"Backflip","floor":14},{"not_picked":["Night Terror","Die Die Die"],"picked":"Corpse Explosion","floor":16},{"not_picked":["Bane+1","Concentrate"],"picked":"Cloak And Dagger","floor":18},{"not_picked":["Underhanded Strike","Crippling Poison"],"picked":"Sucker Punch","floor":19},{"not_picked":["Dagger Spray","Catalyst"],"picked":"Backflip+1","floor":20},{"not_picked":["Setup","Sucker Punch","Dagger Spray"],"picked":"SKIP","floor":21},{"not_picked":["Choke","Cloak And Dagger"],"picked":"Caltrops+1","floor":22},{"not_picked":["Flying Knee","Choke","Phantasmal Killer"],"picked":"SKIP","floor":23}],"player_experience":2856036,"relics_obtained":[{"floor":7,"key":"Bronze Scales"},{"floor":11,"key":"Potion Belt"},{"floor":23,"key":"Bottled Lightning"}],"event_choices":[{"damage_healed":0,"gold_gain":0,"player_choice":"Bought 3 Potions","damage_taken":0,"max_hp_gain":0,"max_hp_loss":0,"event_name":"The Woman in Blue","floor":13,"gold_loss":0}],"is_beta":false,"boss_relics":[{"not_picked":["Empty Cage","Tiny House"],"picked":"Runic Pyramid"}],"items_purged_floors":[2],"is_endless":false,"potions_floor_spawned":[1,4,7,16,18,22],"killed_by":"Slavers","ascension_level":20}}