{"host":"z2r87akzpwm9sj6o","time":1607910815,"event":{"mods":["A Magickal Journey","Act Like it!","BaseMod","Downfall","Duelist Mod","Gensokyo","Highlight Path","Infinite Spire","KinomotoSakuraMod(????)","Marisa????????","Minty Spire (QoL Compilation)","Quick Restart","READ ME - Guardian Mod","Reimu??????","StSLib","The Bug Knight","The Cursed","The Druid","The Forsaken","The Necromancer","The Servant 0.9.4","TheBandit"],"gold_per_floor":[199,199,199,299,299,318,343,377,23,23,40,40,67,67,85,180,180,180,180,194,194,194,194,194,194,211,211,221,237,237,256,269,269,269],"floor_reached":33,"playtime":1457,"items_purged":[],"score":243,"play_id":"ed25eab6-9ba6-4f25-867e-34a0a90e95dd","local_time":"20201214015335","is_ascension_mode":false,"campfire_choices":[{"data":"Guardian:CurlUp","floor":1,"key":"SMITH"},{"data":"Guardian:TwinSlam","floor":3,"key":"SMITH"},{"floor":10,"key":"REST"},{"data":"Guardian:SpikerProtocol","floor":18,"key":"SMITH"},{"floor":23,"key":"REST"},{"data":"Guardian:PiercingHide","floor":27,"key":"SMITH"}],"circlet_count":0,"master_deck":["Guardian:Strike_Guardian","Guardian:Strike_Guardian","Guardian:Strike_Guardian","Guardian:Strike_Guardian","Guardian:Defend_Guardian","Guardian:Defend_Guardian","Guardian:Defend_Guardian","Guardian:Defend_Guardian","Guardian:CurlUp+1","Guardian:TwinSlam+1","Guardian:RollAttack","Guardian:SpikerProtocol+1","Guardian:PiercingHide+1","Guardian:StasisField","Shame","Guardian:TimeBomb","sneckomod:Bewildered","RitualDagger+1","Guardian:StasisStrike","Guardian:SpikerProtocol","Guardian:Planning+1","Guardian:SpikerProtocol","Guardian:Orbwalk+1"],"relics":["Guardian:ModeShifter","theForsaken:PlagueMask","The Courier","Happy Flower","MawBank","infinitespire:ShieldingShard","Dream Catcher","theForsaken:PaleLantern","Regal Pillow","infinitespire:Lychee Nut","Bottled Tornado","Guardian:ModeShifterPlus"],"acts_visited":["Exordium","TheCity"],"potions_floor_usage":[32,33],"damage_taken":[{"damage":8,"enemies":"Jaw Worm","floor":6,"turns":4},{"damage":30,"enemies":"3 Sentries","floor":8,"turns":9},{"damage":3,"enemies":"downfall:FleeingMerchant","floor":9,"turns":4},{"damage":0,"enemies":"Cultist","floor":11,"turns":3},{"damage":0,"enemies":"Small Slimes","floor":15,"turns":3},{"damage":60,"enemies":"downfall:Silent","floor":16,"turns":13},{"damage":33,"enemies":"Chosen","floor":20,"turns":8},{"damage":0,"enemies":"Shell Parasite","floor":26,"turns":5},{"damage":12,"enemies":"Snecko","floor":28,"turns":6},{"damage":52,"enemies":"Cultist and Chosen","floor":29,"turns":9},{"damage":14,"enemies":"Sentry and Sphere","floor":31,"turns":5},{"damage":6,"enemies":"Centurion and Healer","floor":32,"turns":6},{"damage":25,"enemies":"downfall:Watcher","floor":33,"turns":4}],"seed_played":"-8314904570296016860","potions_obtained":[{"floor":22,"key":"CultistPotion"},{"floor":26,"key":"FearPotion"},{"floor":28,"key":"Energy Potion"},{"floor":32,"key":"GamblersBrew"}],"is_trial":false,"path_per_floor":["R","?","R","?","T","M","T","E","$","R","M","?","T","?","M","B",null,"R","?","M","?","?","R","T","AVR","M","R","M","M","?","M","M","B"],"character_chosen":"GUARDIAN","items_purchased":["Guardian:Gem_Cyan","Guardian:Gem_Orange","infinitespire:ShieldingShard"],"campfire_rested":2,"item_purchase_floors":[9,9,9],"current_hp_per_floor":[80,80,80,80,80,72,72,42,39,63,63,63,63,63,63,3,80,80,80,47,47,47,80,60,60,60,60,48,2,22,14,14,0,0],"gold":269,"neow_bonus":"HUNDRED_GOLD","is_daily":false,"chose_seed":false,"campfire_upgraded":4,"win_rate":0.0,"timestamp":1607910815,"path_taken":["R","?","R","?","?","M","T","E","$","R","?","?","?","?","M","BOSS","R","?","M","?","?","R","T","AVR","M","R","M","M","?","?","M","BOSS"],"items_purchased_type":["Card","Card","Relic"],"build_version":"2020-12-13","purchased_purges":0,"victory":false,"max_hp_per_floor":[80,80,80,80,80,80,80,80,80,80,80,80,80,80,80,80,80,80,80,80,80,80,80,60,60,60,60,60,60,60,60,60,60,60],"card_choices":[{"not_picked":["Guardian:Clone","Guardian:Gem_Green"],"picked":"Guardian:RollAttack","floor":6},{"not_picked":["Guardian:TemporalStrike","Guardian:PolyBeam"],"picked":"Guardian:TimeCapacitor","floor":8},{"not_picked":["Guardian:TimeBomb","Guardian:PiercingHide"],"picked":"Guardian:SpikerProtocol","floor":9},{"not_picked":["Guardian:Gem_Green","Guardian:CrystalBeam"],"picked":"Guardian:PiercingHide","floor":11},{"not_picked":["Guardian:Planning","Guardian:WalkerClaw"],"picked":"Guardian:Gem_Lightblue","floor":15},{"not_picked":["Guardian:TimeSifter","Guardian:Gem_Orange"],"picked":"Guardian:StasisField","floor":16},{"not_picked":["Guardian:GuardianWhirl","Guardian:ChargeCore+1"],"picked":"Guardian:TimeBomb","floor":20},{"not_picked":["Guardian:Incinerate","Guardian:WalkerClaw"],"picked":"Guardian:StasisStrike","floor":23},{"not_picked":["Guardian:Suspension","Guardian:Recover"],"picked":"Guardian:Gem_Lightblue","floor":26},{"not_picked":["Guardian:MultiBeam+1","Guardian:Gem_Purple"],"picked":"Guardian:SpikerProtocol","floor":28},{"not_picked":["Guardian:TemporalStrike","Guardian:TimeBomb"],"picked":"Guardian:Planning+1","floor":29},{"not_picked":["Guardian:Gem_Lightblue","Guardian:TimeBomb"],"picked":"Guardian:SpikerProtocol","floor":31},{"not_picked":["Guardian:VentSteam","Guardian:TemporalStrike"],"picked":"Guardian:Orbwalk+1","floor":32}],"player_experience":158852,"relics_obtained":[{"floor":5,"key":"The Courier"},{"floor":7,"key":"Happy Flower"},{"floor":8,"key":"MawBank"},{"floor":13,"key":"Dream Catcher"},{"floor":24,"key":"infinitespire:Lychee Nut"}],"event_choices":[{"damage_healed":0,"gold_gain":0,"player_choice":"Obtain Plague Curse","damage_taken":0,"max_hp_gain":0,"max_hp_loss":0,"event_name":"Plague Doctor","floor":2,"gold_loss":0,"cards_obtained":["theForsaken:PlagueCurse"]},{"damage_healed":0,"gold_gain":0,"player_choice":"Stole Relic","damage_taken":0,"relics_obtained":["Regal Pillow"],"max_hp_gain":0,"max_hp_loss":0,"event_name":"Addict","floor":19,"gold_loss":0,"cards_obtained":["Shame"]},{"damage_healed":0,"gold_gain":0,"cards_transformed":["Guardian:TimeCapacitor","theForsaken:PlagueCurse"],"player_choice":"Became Test Subject","damage_taken":0,"max_hp_gain":0,"max_hp_loss":0,"event_name":"Drug Dealer","floor":21,"gold_loss":0,"cards_obtained":["Guardian:Gem_Blue","sneckomod:Bewildered"]},{"damage_healed":20,"gold_gain":0,"player_choice":"Heal","damage_taken":0,"max_hp_gain":0,"max_hp_loss":0,"event_name":"The Library","floor":30,"gold_loss":0}],"is_beta":false,"boss_relics":[{"not_picked":["Cursed Key","infinitespire:Cupcake"],"picked":"theForsaken:PaleLantern"}],"items_purged_floors":[],"is_endless":false,"potions_floor_spawned":[26,28,29,32],"killed_by":"downfall:Watcher","ascension_level":0}}