{"host":"turdyikuxcak11ni","time":1607948515,"event":{"mods":["AchievementEnabler","BaseMod","Better Altar","Better Match","Better Note","Better Sensory Stone","Better Skull","Better Third Choice","Better Vampires","Colored Map","Conspire","Downfall","Hubris","Minty Spire (QoL Compilation)","Quick Restart","Relic Stats","Replay The Spire","Spicy Shops","StSLib","SuperFastMode"],"gold_per_floor":[118,134,108,128,140,166,166,183,206,206,232,230,230,259,259,259,259],"floor_reached":16,"playtime":618,"items_purged":["Overencumbered"],"score":181,"play_id":"3f4e5e1e-70c1-44f5-be24-ccbed30033bc","local_time":"20201214042155","is_ascension_mode":true,"campfire_choices":[{"floor":7,"key":"REST"},{"floor":15,"key":"REST"}],"circlet_count":0,"master_deck":["Strike_R","Strike_R","Strike_R","Strike_R","Strike_R","Defend_R","Defend_R","Defend_R","Defend_R","Bash","Pommel Strike","ReplayTheSpireMod:Strike From Hell","Havoc","Defy Death","Parasite"],"relics":["Burning Blood","betterThird:SlimedRelic","Darkstone Periapt","King of Hearts","Juzu Bracelet","ReplayTheSpireMod:CursedCoin","hubris:ToyBattleship","Replay:Bottled Snecko"],"acts_visited":["Exordium"],"potions_floor_usage":[11,14,16],"damage_taken":[{"damage":3,"enemies":"2 Louse","floor":1,"turns":3},{"damage":0,"enemies":"Small Slimes","floor":2,"turns":3},{"damage":13,"enemies":"Jaw Worm","floor":4,"turns":5},{"damage":1,"enemies":"Looter","floor":5,"turns":4},{"damage":50,"enemies":"3 Sentries","floor":6,"turns":12},{"damage":36,"enemies":"Gremlin Gang","floor":8,"turns":9},{"damage":28,"enemies":"Gremlin Nob","floor":11,"turns":4},{"damage":40,"enemies":"3 Sentries","floor":14,"turns":10},{"damage":12,"enemies":"Fading Forest","floor":16,"turns":4}],"seed_played":"2028607126163573612","potions_obtained":[{"floor":4,"key":"FearPotion"},{"floor":6,"key":"Swift Potion"},{"floor":11,"key":"Venom Potion"}],"is_trial":false,"path_per_floor":["M","M","?","M","M","E","R","M","T","?","E","$","?","E","R","B"],"character_chosen":"IRONCLAD","items_purchased":["ReplayTheSpireMod:CursedCoin","hubris:ToyBattleship"],"campfire_rested":2,"item_purchase_floors":[12,12],"current_hp_per_floor":[83,88,77,70,75,31,57,27,27,30,8,14,44,10,40,28,28],"gold":259,"neow_bonus":"TEN_PERCENT_HP_BONUS","is_daily":false,"chose_seed":false,"campfire_upgraded":0,"win_rate":0.0,"timestamp":1607948515,"path_taken":["M","M","?","M","M","E","R","M","T","?","E","$","?","E","R","BOSS"],"items_purchased_type":["Relic","Relic"],"build_version":"2020-12-13","purchased_purges":1,"victory":false,"max_hp_per_floor":[88,88,88,88,88,88,88,88,88,91,91,97,103,103,103,103,103],"relic_stats":{"Darkstone Periapt":12,"counters":[9,54],"Juzu Bracelet":0,"obtain_stats":[{"Darkstone Periapt":6,"ReplayTheSpireMod:CursedCoin":12,"betterThird:SlimedRelic":3,"King of Hearts":9,"Juzu Bracelet":11,"hubris:ToyBattleship":12,"Replay:Bottled Snecko":14,"Burning Blood":0},{"Darkstone Periapt":5,"ReplayTheSpireMod:CursedCoin":7,"betterThird:SlimedRelic":2,"King of Hearts":6,"Juzu Bracelet":7,"hubris:ToyBattleship":7,"Replay:Bottled Snecko":8,"Burning Blood":0},{"Darkstone Periapt":27,"ReplayTheSpireMod:CursedCoin":40,"betterThird:SlimedRelic":6,"King of Hearts":36,"Juzu Bracelet":40,"hubris:ToyBattleship":40,"Replay:Bottled Snecko":50,"Burning Blood":0}],"Burning Blood":47},"card_choices":[{"not_picked":["Wild Strike","Rage"],"picked":"Pommel Strike","floor":1},{"not_picked":["Warcry","Headbutt"],"picked":"ReplayTheSpireMod:Strike From Hell","floor":2},{"not_picked":["ReplayReversal","Uppercut"],"picked":"Havoc","floor":4},{"not_picked":["ReplayTheSpireMod:Corrosion Curse","Power Through","Anger"],"picked":"SKIP","floor":5},{"not_picked":["Bloodletting","ReplayTheSpireMod:Strike From Hell","ReplayTheSpireMod:LeadingStrike"],"picked":"SKIP","floor":6},{"not_picked":["Shockwave","Twin Strike","Body Slam"],"picked":"SKIP","floor":8},{"not_picked":["Searing Blow","Body Slam"],"picked":"Defy Death","floor":11},{"not_picked":["Life Link","Entrench","ReplayReversal"],"picked":"SKIP","floor":14}],"player_experience":245111,"relics_obtained":[{"floor":6,"key":"Darkstone Periapt"},{"floor":9,"key":"King of Hearts"},{"floor":11,"key":"Juzu Bracelet"},{"floor":14,"key":"Replay:Bottled Snecko"}],"event_choices":[{"damage_healed":0,"gold_gain":0,"player_choice":"Slimed","damage_taken":11,"max_hp_gain":0,"max_hp_loss":0,"event_name":"betterThird:BetterGoop","floor":3,"gold_loss":26},{"damage_healed":24,"gold_gain":0,"player_choice":"Healed and dodged fight","damage_taken":0,"max_hp_gain":0,"max_hp_loss":0,"event_name":"Mushrooms","floor":13,"gold_loss":0,"cards_obtained":["Parasite"]}],"is_beta":false,"boss_relics":[],"items_purged_floors":[12],"is_endless":false,"potions_floor_spawned":[4,6,11,14],"killed_by":"Fading Forest","ascension_level":6}}