{"host":"do5be0rrwzdbe7ng","time":1607933134,"event":{"mods":["AchievementEnabler","BaseMod","Colored Map","Colored Powertips","Custom Start","DeckTracker","Keyboard Shortcuts","Minty Spire (QoL Compilation)","Quick Restart","StSLib","SuperFastMode","everything is the same but u backflip on backflip"],"gold_per_floor":[109,184,184,198,198,198,231,156,156,156,156,175,188,200,200,279,279,289,318,233,233,233,266,266,266,266],"floor_reached":25,"playtime":621,"items_purged":["Strike_B"],"score":460,"play_id":"e7da57c8-3ba1-45a9-9215-a2c2c66a4f7d","local_time":"20201214170534","is_ascension_mode":true,"campfire_choices":[{"data":"Zap","floor":6,"key":"SMITH"},{"data":"Streamline","floor":10,"key":"SMITH"},{"data":"Go for the Eyes","floor":15,"key":"SMITH"},{"floor":24,"key":"REST"}],"circlet_count":0,"master_deck":["AscendersBane","Strike_B","Defend_B+1","Defend_B","Defend_B","Zap+1","Dualcast+1","Turbo","Static Discharge","Streamline+1","Go for the Eyes+1","Hologram","All For One","Self Repair","Fusion","Writhe","Chaos+1"],"relics":["Cracked Core","NeowsBlessing","DataDisk","Toy Ornithopter","Runic Pyramid","Red Mask","Ornamental Fan","Singing Bowl","Toxic Egg 2"],"acts_visited":["Exordium","TheCity"],"potions_floor_usage":[16,25],"damage_taken":[{"damage":0,"enemies":"Small Slimes","floor":1,"turns":1},{"damage":0,"enemies":"2 Louse","floor":4,"turns":2},{"damage":0,"enemies":"3 Sentries","floor":7,"turns":1},{"damage":2,"enemies":"Jaw Worm","floor":12,"turns":2},{"damage":4,"enemies":"2 Fungi Beasts","floor":13,"turns":2},{"damage":3,"enemies":"Looter","floor":14,"turns":2},{"damage":15,"enemies":"The Guardian","floor":16,"turns":11},{"damage":20,"enemies":"2 Thieves","floor":18,"turns":3},{"damage":31,"enemies":"Masked Bandits","floor":19,"turns":4},{"damage":23,"enemies":"Book of Stabbing","floor":23,"turns":4},{"damage":20,"enemies":"Gremlin Leader","floor":25,"turns":4}],"seed_played":"6073932846809457803","potions_obtained":[{"floor":1,"key":"Swift Potion"},{"floor":12,"key":"Weak Potion"},{"floor":16,"key":"FairyPotion"},{"floor":18,"key":"DuplicationPotion"}],"is_trial":false,"path_per_floor":["M","?","?","M","?","R","E","$","T","R","?","M","M","M","R","B",null,"M","?","?","?","?","E","R","E"],"character_chosen":"DEFECT","items_purchased":[],"campfire_rested":1,"item_purchase_floors":[],"current_hp_per_floor":[64,53,46,46,51,51,51,51,51,51,28,26,22,19,19,9,59,39,8,8,8,8,15,37,22,22],"gold":266,"neow_bonus":"THREE_ENEMY_KILL","is_daily":false,"chose_seed":false,"campfire_upgraded":3,"win_rate":0.0,"timestamp":1607933134,"path_taken":["M","?","?","M","?","R","E","$","T","R","?","M","M","?","R","BOSS","M","?","?","?","?","E","R","E"],"items_purchased_type":[],"build_version":"2020-12-13","purchased_purges":1,"victory":false,"max_hp_per_floor":[71,71,71,71,76,76,76,76,76,76,76,76,76,76,76,76,76,76,76,76,76,76,76,76,76,76],"card_choices":[{"not_picked":["Fusion","Redo"],"picked":"Turbo","floor":1},{"not_picked":["Redo","Barrage"],"picked":"Static Discharge","floor":4},{"not_picked":["Heatsinks","Go for the Eyes"],"picked":"Streamline","floor":7},{"not_picked":["Streamline","Stack"],"picked":"Go for the Eyes","floor":12},{"not_picked":["Barrage","Scrape","Tempest"],"picked":"SKIP","floor":13},{"not_picked":["Go for the Eyes","Redo"],"picked":"Hologram","floor":14},{"not_picked":["Core Surge","Biased Cognition"],"picked":"All For One","floor":16},{"not_picked":["Rip and Tear","Compile Driver","Rebound"],"picked":"SKIP","floor":18},{"not_picked":["Barrage","Doom and Gloom"],"picked":"Chaos+1","floor":23}],"player_experience":336087,"relics_obtained":[{"floor":7,"key":"DataDisk"},{"floor":9,"key":"Toy Ornithopter"},{"floor":19,"key":"Red Mask"},{"floor":23,"key":"Toxic Egg 2"}],"event_choices":[{"damage_healed":0,"gold_gain":75,"player_choice":"Gather Gold","damage_taken":11,"max_hp_gain":0,"max_hp_loss":0,"event_name":"World of Goop","floor":2,"gold_loss":0},{"cards_removed":["Strike_B"],"damage_healed":0,"gold_gain":0,"player_choice":"Card Removal","damage_taken":7,"max_hp_gain":0,"max_hp_loss":0,"event_name":"Golden Wing","floor":3,"gold_loss":0},{"damage_healed":0,"gold_gain":0,"player_choice":"Donut","damage_taken":0,"max_hp_gain":5,"max_hp_loss":0,"event_name":"Big Fish","floor":5,"gold_loss":0},{"damage_healed":0,"gold_gain":0,"player_choice":"Entered Light","damage_taken":23,"max_hp_gain":0,"max_hp_loss":0,"event_name":"Shining Light","floor":11,"gold_loss":0,"cards_upgraded":["Defend_B","Dualcast"]},{"damage_healed":0,"gold_gain":0,"player_choice":"Fought Bandits","damage_taken":0,"max_hp_gain":0,"max_hp_loss":0,"event_name":"Masked Bandits","floor":19,"gold_loss":0},{"damage_healed":0,"gold_gain":0,"player_choice":"Obtained Relic","damage_taken":0,"relics_obtained":["Ornamental Fan"],"max_hp_gain":0,"max_hp_loss":0,"event_name":"Addict","floor":20,"gold_loss":85},{"damage_healed":0,"gold_gain":0,"cards_transformed":["Strike_B","Defend_B"],"player_choice":"Became Test Subject","damage_taken":0,"max_hp_gain":0,"max_hp_loss":0,"event_name":"Drug Dealer","floor":21,"gold_loss":0,"cards_obtained":["Self Repair","Fusion"]},{"damage_healed":0,"gold_gain":0,"player_choice":"Opened","damage_taken":0,"relics_obtained":["Singing Bowl"],"max_hp_gain":0,"max_hp_loss":0,"event_name":"The Mausoleum","floor":22,"gold_loss":0,"cards_obtained":["Writhe"]}],"is_beta":false,"boss_relics":[{"not_picked":["Calling Bell","Empty Cage"],"picked":"Runic Pyramid"}],"items_purged_floors":[8],"is_endless":false,"potions_floor_spawned":[1,12,16,18,19],"killed_by":"Gremlin Leader","ascension_level":18}}