{"host":"cxizwatl5v7zq6a5","time":1607925178,"event":{"mods":["AchievementEnabler","Act Like it!","BaseMod","Colored Map","Colored Powertips","Downfall","Friendly Minions","Gensokyo","Hermit","HololiveMod","Hubris","Infinite Spire","Marisa????????","Minty Spire (QoL Compilation)","Quick Restart","READ ME - Guardian Mod","Rare Cards Sparkle","Remilia??????","Replay The Spire","StSLib","The Cursed","The Jungle","The Servant 0.9.4"],"gold_per_floor":[114,114,114,114,114,114,149,161,243,243,274,287,287,362,362,457,457,438,438,457,732,732,732,762,112,112,129,129,129],"floor_reached":28,"playtime":803,"items_purged":[],"score":280,"play_id":"7e10b2ac-1d5f-4ec4-9b5a-93a900e2fdb7","local_time":"20201214135258","is_ascension_mode":true,"campfire_choices":[{"data":"Bash","floor":6.0,"key":"SMITH"},{"data":"Pommel Strike","floor":10.0,"key":"SMITH"},{"floor":15.0,"key":"REST"},{"floor":23.0,"key":"REST"}],"circlet_count":0,"master_deck":["Strike_R","Strike_R","Strike_R","Strike_R","Strike_R","Defend_R","Defend_R","Defend_R","Defend_R","Bash+1","Fire Breathing+1","Intimidate","Pommel Strike+1","True Grit","Demonic Infusion","Life Link","Anger","Regret","Defy Death+1","Sadistic Nature","Combust","ReplayTheSpireMod:Strike From Hell+1"],"relics":["Burning Blood","NeowsBlessing","hubris:CrystalStatue","Singing Bowl","Pantograph","hubris:Towel","Mark of Pain","Nilry\u0027s Codex","Potion Belt","MealTicket","Counterbalance","Molten Egg 2"],"acts_visited":["Exordium","TheCity"],"potions_floor_usage":[28],"damage_taken":[{"damage":0.0,"enemies":"Cultist","floor":1.0,"turns":1.0},{"damage":0.0,"enemies":"Gremlin Nob","floor":7.0,"turns":1.0},{"damage":0.0,"enemies":"Small Slimes","floor":8.0,"turns":1.0},{"damage":20.0,"enemies":"Lagavulin","floor":11.0,"turns":8.0},{"damage":15.0,"enemies":"Jaw Worm","floor":12.0,"turns":3.0},{"damage":54.0,"enemies":"Slime Boss","floor":16.0,"turns":8.0},{"damage":27.0,"enemies":"2 Thieves","floor":18.0,"turns":4.0},{"damage":15.0,"enemies":"Shell Parasite","floor":20.0,"turns":6.0},{"damage":28.0,"enemies":"Book of Stabbing","floor":24.0,"turns":6.0},{"damage":23.0,"enemies":"Chosen and Byrds","floor":27.0,"turns":5.0},{"damage":10,"enemies":"Cultist and Chosen","floor":28,"turns":2}],"seed_played":"3677053873685666679","potions_obtained":[{"floor":8.0,"key":"Block Potion"},{"floor":12.0,"key":"AttackPotion"},{"floor":16.0,"key":"SneckoOil"},{"floor":27.0,"key":"BlessingOfTheForge"}],"is_trial":false,"path_per_floor":["M","?","$","?","$","R","E","M","T","R","E","M","?","?","R","B",null,"M","?","M","?","AVR","R","E","$","T","M","M"],"character_chosen":"IRONCLAD","items_purchased":["Sadistic Nature","MealTicket","Counterbalance","Combust"],"campfire_rested":2,"item_purchase_floors":[25,25,25,25],"current_hp_per_floor":[80,80,80,80,80,80,80,80,80,80,66,59,59,48,72,34,82,61,45,36,36,36,60,38,38,38,21,11,11],"gold":129,"neow_bonus":"THREE_ENEMY_KILL","is_daily":false,"chose_seed":false,"campfire_upgraded":2,"win_rate":0.0,"timestamp":1607925178,"path_taken":["M","?","$","?","$","R","E","M","T","R","E","?","?","?","R","BOSS","M","?","M","?","AVR","R","E","$","T","?","M"],"items_purchased_type":["Card","Relic","Relic","Card"],"build_version":"2020-12-13","purchased_purges":0,"victory":false,"max_hp_per_floor":[80,80,80,80,80,80,80,80,80,80,80,82,82,82,82,82,82,82,82,82,82,82,82,82,82,82,82,82,82],"card_choices":[{"not_picked":["Sword Boomerang","Metallicize"],"picked":"Fire Breathing","floor":1.0},{"not_picked":["Armaments","Warcry"],"picked":"Intimidate","floor":7.0},{"not_picked":["True Grit","Replay:Undeath\u0027s Touch"],"picked":"Pommel Strike","floor":8.0},{"not_picked":["Eclipse","Headbutt"],"picked":"True Grit","floor":11.0},{"not_picked":["Havoc","Abandon","Headbutt"],"picked":"Singing Bowl","floor":12.0},{"not_picked":["Eclipse","Exhume"],"picked":"Demonic Infusion","floor":16.0},{"not_picked":["Twin Strike","Run Through"],"picked":"Life Link","floor":18.0},{"not_picked":["Havoc+1","Twin Strike"],"picked":"Anger","floor":20.0},{"not_picked":["Corruption","Anger"],"picked":"Defy Death+1","floor":24.0},{"not_picked":["Headbutt+1","Heavy Blade+1"],"picked":"ReplayTheSpireMod:Strike From Hell+1","floor":27.0}],"player_experience":106696,"relics_obtained":[{"floor":7.0,"key":"hubris:CrystalStatue"},{"floor":9.0,"key":"Singing Bowl"},{"floor":11.0,"key":"Pantograph"},{"floor":19.0,"key":"Nilry\u0027s Codex"},{"floor":24.0,"key":"Potion Belt"},{"floor":26.0,"key":"Molten Egg 2"}],"event_choices":[{"damage_healed":0.0,"max_hp_gain":0.0,"max_hp_loss":0.0,"gold_gain":0.0,"event_name":"The Woman in Blue","player_choice":"Bought 0 Potions","floor":4.0,"gold_loss":0.0,"damage_taken":0.0},{"damage_healed":0.0,"max_hp_gain":0.0,"max_hp_loss":0.0,"gold_gain":75.0,"event_name":"World of Goop","player_choice":"Gather Gold","floor":14.0,"gold_loss":0.0,"damage_taken":11.0},{"damage_healed":0.0,"max_hp_gain":0.0,"max_hp_loss":0.0,"gold_gain":0.0,"event_name":"Cursed Tome","player_choice":"Obtained Book","floor":19.0,"gold_loss":0.0,"damage_taken":16.0},{"damage_healed":0.0,"max_hp_gain":0.0,"max_hp_loss":0.0,"gold_gain":275.0,"event_name":"Golden Shrine","player_choice":"Desecrate","floor":21.0,"gold_loss":0.0,"damage_taken":0.0,"cards_obtained":["Regret"]}],"is_beta":false,"boss_relics":[{"not_picked":["Replay:Grab Bag","Replay:Wanted Poster"],"picked":"Mark of Pain"}],"items_purged_floors":[],"is_endless":false,"potions_floor_spawned":[8,12,16,27],"killed_by":"Cultist and Chosen","ascension_level":1}}