{"host":"e5vsl4ezcfxwu44d","time":1607961966,"event":{"mods":["BaseMod","Better Note","Colored Powertips","Downfall","Highlight Path","Minty Spire (QoL Compilation)","Spikes Relics","StSLib","Unceasing Turn Reminder"],"gold_per_floor":[99,99,24,24,24,58,134,134,161,86,261,321,321,321,333,432,432,432,465,485,501,518,518,518,518,61,94,110,95,107,122,139,139,139],"floor_reached":33,"playtime":3898,"items_purged":["Guardian:Strike_Guardian","Guardian:Strike_Guardian"],"score":316,"play_id":"f8775765-478b-4a3e-9431-acb5e730dc4f","local_time":"20201214110606","is_ascension_mode":false,"campfire_choices":[{"data":"Guardian:CurlUp","floor":1,"key":"SMITH"},{"data":"Guardian:AncientConstruct","floor":4,"key":"SMITH"},{"data":"Guardian:Suspension","floor":8,"key":"SMITH"},{"floor":10,"key":"REST"},{"data":"Guardian:TwinSlam","floor":18,"key":"SMITH"},{"floor":25,"key":"REST"}],"circlet_count":0,"master_deck":["Guardian:Strike_Guardian","Guardian:Strike_Guardian+1","Guardian:Defend_Guardian+1","Guardian:Defend_Guardian","Guardian:Defend_Guardian","Guardian:Defend_Guardian","Guardian:CurlUp+1","Guardian:TwinSlam+1","Guardian:Suspension+1","Guardian:AncientConstruct+1","Guardian:Emergency","Guardian:BaubleBeam+1","Doubt","Regret","Guardian:ShieldCharger","Guardian:EvasiveProtocol","Guardian:RevengeProtocol","Guardian:Gem_Lightblue","Guardian:PrismaticBeam","Panache","Guardian:Gem_White","Guardian:Gem_Red","Guardian:TimeBomb+1","Guardian:Preprogram","Guardian:RollAttack","Guardian:Gem_Green","Guardian:TemporalStrike"],"relics":["Guardian:ModeShifter","downfall:HeartsMalice","downfall:ShatteredFragment","Art of War","RoseTintedShades","TungstenRod","downfall:HeartBlessingGreen","Darkstone Periapt","Question Card","Snecko Eye","Bird Faced Urn","Rawhide","Guardian:PickAxe"],"acts_visited":["Exordium","TheCity"],"potions_floor_usage":[15,16,27,30,30],"damage_taken":[{"damage":0,"enemies":"2 Louse","floor":2,"turns":1},{"damage":0,"enemies":"downfall:FleeingMerchant","floor":3,"turns":1},{"damage":0,"enemies":"Lagavulin","floor":6,"turns":1},{"damage":26,"enemies":"Gremlin Nob","floor":9,"turns":6},{"damage":29,"enemies":"3 Sentries","floor":12,"turns":9},{"damage":0,"enemies":"Jaw Worm","floor":15,"turns":3},{"damage":17,"enemies":"downfall:Watcher","floor":16,"turns":13},{"damage":35,"enemies":"Book of Stabbing","floor":19,"turns":7},{"damage":5,"enemies":"3 Byrds","floor":20,"turns":4},{"damage":16,"enemies":"Chosen and Byrds","floor":21,"turns":8},{"damage":11,"enemies":"Centurion and Healer","floor":22,"turns":9},{"damage":9,"enemies":"downfall:FleeingMerchant","floor":26,"turns":4},{"damage":23,"enemies":"Slavers","floor":27,"turns":7},{"damage":21,"enemies":"Snecko","floor":28,"turns":6},{"damage":2,"enemies":"downfall:FleeingMerchant","floor":29,"turns":4},{"damage":10,"enemies":"Cultist and Chosen","floor":30,"turns":5},{"damage":11,"enemies":"Snake Plant","floor":31,"turns":4},{"damage":14,"enemies":"3 Cultists","floor":32,"turns":4},{"damage":10,"enemies":"downfall:Ironclad","floor":33,"turns":2}],"seed_played":"-9091999554587277678","potions_obtained":[{"floor":9,"key":"AttackPotion"},{"floor":15,"key":"Strength Potion"},{"floor":21,"key":"Block Potion"},{"floor":27,"key":"PowerPotion"},{"floor":28,"key":"Block Potion"},{"floor":32,"key":"SteroidPotion"}],"is_trial":false,"path_per_floor":["R","M","$","R","?","E","T","R","E","R","?","?","T","?","M","B",null,"R","E","M","M","M","?","T","R","$","E","M","$","M","M","M","B"],"character_chosen":"GUARDIAN","items_purchased":["Guardian:PrismaticBeam","Panache","Guardian:Gem_White"],"campfire_rested":2,"item_purchase_floors":[26,26,26],"current_hp_per_floor":[80,80,80,80,56,56,56,56,30,54,54,25,25,31,31,14,86,86,51,46,34,29,29,29,54,47,32,19,25,23,16,8,0,0],"gold":139,"neow_bonus":"THREE_ENEMY_KILL","is_daily":false,"chose_seed":false,"campfire_upgraded":4,"win_rate":0.0,"timestamp":1607961966,"path_taken":["R","M","$","R","?","E","T","R","E","R","?","?","?","?","M","BOSS","R","E","M","M","M","?","T","R","$","E","M","?","?","M","M","BOSS"],"items_purchased_type":["Card","Card","Card"],"build_version":"2020-12-13","purchased_purges":2,"victory":false,"max_hp_per_floor":[80,80,80,80,80,80,80,80,80,80,80,80,80,86,86,86,86,86,86,86,86,86,86,86,86,86,86,86,86,86,86,86,86,86],"card_choices":[{"not_picked":["Guardian:Incinerate","Guardian:Recover"],"picked":"Guardian:Suspension","floor":2},{"not_picked":["Guardian:CrystalBeam","Guardian:Suspension"],"picked":"Guardian:AncientConstruct","floor":3},{"not_picked":["Guardian:DonusPower","Guardian:TemporalShield"],"picked":"Guardian:Emergency","floor":6},{"not_picked":["Guardian:Gem_White","Guardian:Gem_Green"],"picked":"Guardian:BaubleBeam","floor":9},{"not_picked":["Guardian:Clone","Guardian:TemporalShield"],"picked":"Guardian:Gem_Cyan","floor":12},{"not_picked":["Guardian:ChargeCore","Guardian:Incinerate","Guardian:Gem_White"],"picked":"Guardian:ShieldCharger","floor":15},{"not_picked":["Guardian:HyperBeam_Guardian","Guardian:TimeSifter","Guardian:BaubleBeam"],"picked":"Guardian:Gem_Orange","floor":16},{"not_picked":["Guardian:PiercingHide+1","Guardian:TemporalStrike+1","Guardian:RollAttack"],"picked":"Guardian:Gem_Blue","floor":19},{"not_picked":["Guardian:Gem_Cyan","Guardian:Reroute+1","Guardian:DonusPower"],"picked":"Guardian:EvasiveProtocol","floor":20},{"not_picked":["Guardian:Gem_Crimson","Guardian:TemporalShield","Guardian:PrismaticBeam"],"picked":"Guardian:RevengeProtocol","floor":21},{"not_picked":["Guardian:PiercingHide","Guardian:Suspension","Guardian:EvasiveProtocol"],"picked":"Guardian:Gem_Cyan","floor":22},{"not_picked":["Guardian:Gem_White","Guardian:Planning","Guardian:DecasProtection"],"picked":"Guardian:Gem_Lightblue","floor":26},{"not_picked":["Guardian:Emergency+1","Guardian:ArmoredProtocol","Guardian:Planning"],"picked":"Guardian:Gem_Red","floor":27},{"not_picked":["Guardian:BronzeOrb","Guardian:WalkerClaw","Guardian:Gem_Fragmented"],"picked":"Guardian:TimeBomb+1","floor":28},{"not_picked":["Guardian:VentSteam+1","Guardian:Gem_Blue","Guardian:Gem_Red"],"picked":"Guardian:Preprogram","floor":29},{"not_picked":["Guardian:Gem_Purple","Guardian:VentSteam+1","Guardian:Harden"],"picked":"Guardian:RollAttack","floor":30},{"not_picked":["Guardian:SentryBeam","Guardian:PiercingHide","Guardian:Planning"],"picked":"Guardian:Gem_Green","floor":31},{"not_picked":["Guardian:Suspension","Guardian:VentSteam","Guardian:ConstructionForm"],"picked":"Guardian:TemporalStrike","floor":32}],"player_experience":168330,"relics_obtained":[{"floor":6,"key":"Art of War"},{"floor":7,"key":"RoseTintedShades"},{"floor":9,"key":"TungstenRod"},{"floor":13,"key":"Question Card"},{"floor":19,"key":"Bird Faced Urn"},{"floor":24,"key":"Rawhide"},{"floor":27,"key":"Guardian:PickAxe"}],"event_choices":[],"is_beta":false,"boss_relics":[{"not_picked":["Runic Dome","CosmicIsotope"],"picked":"Snecko Eye"}],"items_purged_floors":[3,26],"is_endless":false,"potions_floor_spawned":[9,15,21,27,28,32],"killed_by":"downfall:Ironclad","ascension_level":0}}