{"host":"z7byfb4bpt09dh7e","time":1607973216,"event":{"mods":["Aspiration","BaseMod","BetterRewards","Displayed Cursed Tome","Downfall","Infinite Spire","Minty Spire (QoL Compilation)","StSLib","The Blue Laboratory","Uncapped"],"gold_per_floor":[156,73,73,124,55,55,142,25,79,118,160,217,256,301,301,610,610,646,186,240,279,27,123,162,219,269,329,372,372,408,456,456,751,751,801,846,894,87,134,226,76,155,180,0,38,38,99,153,153,161],"floor_reached":51,"playtime":2927,"items_purged":[],"score":841,"play_id":"fe24a76a-95bb-47cc-8127-0723efd8e717","local_time":"20201214141336","daily_mods":["Vintage","Allstar","Diverse","Heirloom","Time Dilation","Flight","Midas","Binary"],"is_ascension_mode":false,"campfire_choices":[{"floor":6,"key":"REST"},{"floor":15,"key":"REST"},{"floor":32,"key":"REST"}],"circlet_count":0,"master_deck":["champ:Strike+1","champ:Strike","champ:Strike","champ:Strike+1","champ:Defend","champ:Defend","champ:Defend","champ:Defend","champ:Execute","champ:Taunt","expansioncontent:Collect","Magnetism","Purity","Secret Technique","Magnetism","Discovery","champ:RisingSlash+1","expansioncontent:BronzeBeam+1","Pommel Strike+1","Guardian:ChargeCore+1","expansioncontent:Corrupt","sneckomod:UnknownClassINFINITE_BLACK","Meteor Strike+1","Mayhem","Guardian:Gem_Purple","Discovery"],"relics":["champ:ChampionCrown","Busted Crown","infinitespire:Lychee Nut","PreservedInsect","Happy Flower","Molten Egg 2","Toy Ornithopter","Regal Pillow","Torii","Matryoshka","Bottled Flame","champ:DefensiveTrainingManual","Mercury Hourglass","expansioncontent:StudyCardRelic","infinitespire:FocusingShard","infinitespire:Bottled Soul","hexamod:BolsterEngine","infinitespire:Midas Blood","Letter Opener","Prayer Wheel","Potion Belt","Omamori","infinitespire:Eraser","aspiration:HiddenCompartment","Shuriken","infinitespire:CheckeredPen","aspiration:PoetsPen_weak","aspiration:FetidBarrel","Boot","Nunchaku","Black Star","aspiration:ChemicalBlood","Blood Vial","infinitespire:Joker Card","Mummified Hand","Orrery","Peace Pipe","infinitespire:EmpoweringShard","Oddly Smooth Stone","DollysMirror","Ornamental Fan","Akabeko","Guardian:PocketSentry","champ:FightingForDummies","Red Mask","Whetstone","Sundial","Art of War","Blue Candle"],"acts_visited":["Exordium","TheCity","TheBeyond"],"potions_floor_usage":[16,47],"damage_taken":[{"damage":22,"enemies":"Small Slimes","floor":1,"turns":5},{"damage":5,"enemies":"Cultist","floor":4,"turns":3},{"damage":23,"enemies":"3 Sentries","floor":7,"turns":6},{"damage":5,"enemies":"Jaw Worm","floor":10,"turns":3},{"damage":0,"enemies":"2 Fungi Beasts","floor":11,"turns":1},{"damage":2,"enemies":"3 Louse","floor":12,"turns":2},{"damage":3,"enemies":"Blue Slaver","floor":13,"turns":2},{"damage":3,"enemies":"2 Fungi Beasts","floor":14,"turns":2},{"damage":33,"enemies":"Slime Boss","floor":16,"turns":6},{"damage":2,"enemies":"Spheric Guardian","floor":18,"turns":3},{"damage":0,"enemies":"Shell Parasite","floor":20,"turns":2},{"damage":11,"enemies":"Centurion and Healer","floor":21,"turns":3},{"damage":0,"enemies":"Gremlin Leader","floor":23,"turns":3},{"damage":0,"enemies":"Snecko","floor":24,"turns":3},{"damage":0,"enemies":"Snake Plant","floor":25,"turns":2},{"damage":0,"enemies":"Centurion and Healer","floor":27,"turns":4},{"damage":11,"enemies":"Snecko","floor":28,"turns":3},{"damage":0,"enemies":"Cultist and Chosen","floor":30,"turns":2},{"damage":11,"enemies":"Centurion and Healer","floor":31,"turns":2},{"damage":30,"enemies":"Collector","floor":33,"turns":4},{"damage":3,"enemies":"3 Shapes","floor":35,"turns":3},{"damage":7,"enemies":"3 Darklings","floor":36,"turns":3},{"damage":0,"enemies":"Jaw Worm Horde","floor":37,"turns":2},{"damage":5,"enemies":"4 Shapes","floor":39,"turns":1},{"damage":34,"enemies":"Reptomancer","floor":40,"turns":3},{"damage":7,"enemies":"Giant Head","floor":42,"turns":3},{"damage":5,"enemies":"Maw","floor":45,"turns":4},{"damage":21,"enemies":"Transient","floor":47,"turns":5},{"damage":0,"enemies":"Jaw Worm Horde","floor":48,"turns":1},{"damage":16,"enemies":"Awakened One","floor":50,"turns":5}],"seed_played":"215230724176566656","potions_obtained":[{"floor":10,"key":"FearPotion"},{"floor":12,"key":"SkillPotion"},{"floor":13,"key":"sneckomod:MuddlingPotion"},{"floor":20,"key":"hexamod:EctoCoolerPotion"},{"floor":24,"key":"LiquidMemories"},{"floor":25,"key":"Dexterity Potion"},{"floor":28,"key":"AttackPotion"},{"floor":36,"key":"blueLaboratory:FrostheartPotion"},{"floor":40,"key":"AttackPotion"},{"floor":47,"key":"SteroidPotion"},{"floor":47,"key":"blueLaboratory:ExaltedPotion"}],"is_trial":true,"path_per_floor":["M","$","?","M","$","R","E","$","T","M","M","M","M","M","R","B",null,"M","$","M","M","$","E","M","M","T","M","M","AVR","M","M","R","B",null,"M","M","M","$","M","E","$","E","T","?","M","AVR","M","M","R","B",null],"character_chosen":"THE_CHAMP","items_purchased":["Discovery","champ:RisingSlash+1","expansioncontent:BronzeBeam+1","Pommel Strike+1","infinitespire:Bottled Soul","Guardian:ChargeCore+1","expansioncontent:Corrupt","Letter Opener","Mummified Hand","Orrery","sneckomod:UnknownClassINFINITE_BLACK","Meteor Strike+1","Mayhem","Guardian:Gem_Purple","DollysMirror"],"campfire_rested":3,"item_purchase_floors":[2,5,8,8,19,19,19,22,38,38,38,38,38,38,41],"current_hp_per_floor":[51,51,51,57,57,67,55,55,55,60,60,61,64,67,67,34,67,65,65,67,57,57,62,67,67,67,67,63,63,66,67,67,58,67,66,67,67,67,67,40,40,40,40,40,48,48,55,57,57,64],"gold":161,"neow_bonus":"","is_daily":false,"chose_seed":false,"campfire_upgraded":0,"win_rate":0.0,"timestamp":1607973216,"path_taken":["M","$","?","M","$","R","E","$","T","M","M","M","M","M","R","BOSS","M","$","M","M","$","E","M","M","T","M","M","AVR","M","M","R","BOSS","M","M","M","$","M","E","$","E","T","?","M","AVR","M","M","R","BOSS"],"items_purchased_type":["Card","Card","Card","Card","Relic","Card","Card","Relic","Relic","Relic","Card","Card","Card","Card","Relic"],"build_version":"2020-12-13","purchased_purges":0,"victory":true,"max_hp_per_floor":[67,67,67,67,67,67,67,67,67,67,67,67,67,67,67,67,67,67,67,67,67,67,67,67,67,67,67,67,67,67,67,67,67,67,67,67,67,67,67,67,67,67,67,67,67,67,67,67,67,67],"card_choices":[],"player_experience":260951,"relics_obtained":[{"floor":1,"key":"PreservedInsect"},{"floor":3,"key":"Happy Flower"},{"floor":4,"key":"Molten Egg 2"},{"floor":7,"key":"Toy Ornithopter"},{"floor":9,"key":"Regal Pillow"},{"floor":10,"key":"Torii"},{"floor":11,"key":"Matryoshka"},{"floor":12,"key":"Bottled Flame"},{"floor":13,"key":"champ:DefensiveTrainingManual"},{"floor":14,"key":"Mercury Hourglass"},{"floor":18,"key":"infinitespire:FocusingShard"},{"floor":20,"key":"hexamod:BolsterEngine"},{"floor":21,"key":"infinitespire:Midas Blood"},{"floor":23,"key":"Prayer Wheel"},{"floor":24,"key":"Potion Belt"},{"floor":25,"key":"Omamori"},{"floor":26,"key":"infinitespire:Eraser"},{"floor":26,"key":"aspiration:HiddenCompartment"},{"floor":27,"key":"Shuriken"},{"floor":28,"key":"infinitespire:CheckeredPen"},{"floor":30,"key":"Boot"},{"floor":31,"key":"Nunchaku"},{"floor":35,"key":"aspiration:ChemicalBlood"},{"floor":36,"key":"Blood Vial"},{"floor":37,"key":"infinitespire:Joker Card"},{"floor":39,"key":"Peace Pipe"},{"floor":40,"key":"infinitespire:EmpoweringShard"},{"floor":40,"key":"Oddly Smooth Stone"},{"floor":42,"key":"Ornamental Fan"},{"floor":42,"key":"Akabeko"},{"floor":43,"key":"Guardian:PocketSentry"},{"floor":43,"key":"champ:FightingForDummies"},{"floor":45,"key":"Whetstone"},{"floor":47,"key":"Art of War"},{"floor":48,"key":"Blue Candle"}],"event_choices":[{"damage_healed":0,"gold_gain":0,"player_choice":"Paid","damage_taken":0,"relics_obtained":["Red Mask"],"max_hp_gain":0,"max_hp_loss":0,"event_name":"Tomb of Lord Red Mask","floor":44,"gold_loss":180}],"is_beta":false,"boss_relics":[{"not_picked":["aspiration:SilentSkillbook","infinitespire:Cupcake"],"picked":"expansioncontent:StudyCardRelic"},{"not_picked":["Sozu","Tiny House"],"picked":"Black Star"}],"items_purged_floors":[],"is_endless":false,"potions_floor_spawned":[10,12,13,20,24,25,27,28,35,36,42,47],"ascension_level":0}}