{"host":"j0xplkvqphkjqyt2","time":1607914183,"event":{"mods":["Act Like it!","Ascension Reborn","BaseMod","Decade(王小明)","Downfall","Marisa（F雨　魔理沙）","Minty Spire (QoL Compilation)","MostiFishMod","Replay The Spire","RumiaBox-露米娅的神秘盒子","Spicy Shops","StSLib","TestMod","Waifu the Spire","Youmu（魂魄妖梦）","【遗物卡牌】REMEMod"],"gold_per_floor":[99,133,133,133,53,68,113,148,148,176,276,294,308,477,487,559,559,484,503,523,549,549,549,573,573,585,585,55,70,70,88,105,176,176,176,46,71,71,86,105,105,105,105],"floor_reached":42,"playtime":2798,"items_purged":["hexamod:Strike+1"],"score":1093,"play_id":"8b164e88-0f66-4a62-a096-316ab0c24035","local_time":"20201214104943","is_ascension_mode":true,"campfire_choices":[{"data":"MostiFishMod:WinterMarkForm","floor":1,"key":"SMITH"},{"data":"MostiFishMod:FrostNova","floor":4,"key":"SMITH"},{"data":"hexamod:SpectersWail","floor":9,"key":"SMITH"},{"data":"testmod-Dream","floor":18,"key":"SMITH"},{"floor":25,"key":"REST"},{"floor":27,"key":"REST"},{"data":"hexamod:SpectralSpark","floor":35,"key":"SMITH"}],"circlet_count":0,"master_deck":["AscendersBane","hexamod:Strike+1","hexamod:Strike+1","hexamod:Defend","hexamod:Defend","hexamod:Defend+1","hexamod:Defend","hexamod:Sear","hexamod:Float+1","MostiFishMod:FrostNova+1","MostiFishMod:WinterMarkForm+1","DragClaw","hexamod:ShieldOfDarkness","hexamod:Hexaguard+1","hexamod:SixthSeal","hexamod:HeatCrush+1","hexamod:SpectersWail+1","hexamod:ExtraCrispy+1","hexamod:RainOfEmbers+1","hexamod:NightmareStrike+1","hexamod:RainOfEmbers+1","hexamod:NightmareGuise","testmod-Dream+1","expansioncontent:TimeRipple","MostiFishMod:FantasySummer+1","hexamod:SuperheatedStrike+1","hexamod:HexaLevel+1","hexamod:Incineration","hexamod:ParanormalForm+1","hexamod:VolcanoVisage+1","hexamod:FirstSeal","hexamod:SpectersWail","hexamod:SpectralSpark+1","hexamod:FifthSeal","hexamod:FourthSeal"],"relics":["hexamod:SpiritBrand","DaveBox","testmod-TestBox","REME_ComplimentaryCards","testmod-ArcanaOfDestiny","FrostBlade","downfall:HeartsMalice","Whetstone","Replay:Baseball","Frozen Egg 2","testmod-OneHitWonder","downfall:GremlinWheel","ReplayTheSpireMod:ShopPack","ImportantClient","TimeKeys","downfall:HeartBlessingGreen","Garlic","Enchiridion","Potion Belt","testmod-TurbochargingSystem","SynthV","SlaversCollar","hexamod:MatchstickCase","testmod-ObsoleteBoomerang"],"acts_visited":["Exordium","TheCity","TheBeyond"],"potions_floor_usage":[14,16,16,20,21,33,33,33,37],"damage_taken":[{"damage":0,"enemies":"3 Sentries","floor":2,"turns":1},{"damage":0,"enemies":"Jaw Worm","floor":3,"turns":1},{"damage":0,"enemies":"downfall:FleeingMerchant","floor":5,"turns":1},{"damage":0,"enemies":"Cultist","floor":6,"turns":2},{"damage":0,"enemies":"Gremlin Nob","floor":8,"turns":3},{"damage":0,"enemies":"Replay:BlueRogue","floor":10,"turns":4},{"damage":0,"enemies":"Replay:BlueRogue","floor":11,"turns":3},{"damage":0,"enemies":"2 Louse","floor":12,"turns":2},{"damage":11,"enemies":"Gremlin Gang","floor":13,"turns":2},{"damage":0,"enemies":"downfall:FleeingMerchant","floor":14,"turns":6},{"damage":0,"enemies":"Large Slime","floor":15,"turns":3},{"damage":12,"enemies":"downfall:Silent","floor":16,"turns":4},{"damage":18,"enemies":"Chosen","floor":19,"turns":5},{"damage":13,"enemies":"Shell Parasite","floor":20,"turns":3},{"damage":0,"enemies":"REME_1_Revenger","floor":21,"turns":2},{"damage":4,"enemies":"Snecko","floor":26,"turns":4},{"damage":18,"enemies":"Shelled Parasite and Fungi","floor":29,"turns":5},{"damage":9,"enemies":"Snake Plant","floor":31,"turns":2},{"damage":0,"enemies":"Chosen and Byrds","floor":32,"turns":3},{"damage":3,"enemies":"downfall:Ironclad","floor":33,"turns":4},{"damage":6,"enemies":"Mind Bloom Boss Battle","floor":37,"turns":3},{"damage":12,"enemies":"3 Darklings","floor":39,"turns":3},{"damage":0,"enemies":"Orb Walker","floor":40,"turns":2},{"damage":0,"enemies":"Sphere and 2 Shapes","floor":42,"turns":1}],"seed_played":"4699716859874871534","potions_obtained":[{"floor":6,"key":"Regen Potion"},{"floor":8,"key":"Fire Potion"},{"floor":15,"key":"Adrenaline Potion"},{"floor":16,"key":"DistilledChaos"},{"floor":19,"key":"FearPotion"},{"floor":29,"key":"champ:CounterPotion"},{"floor":30,"key":"CultistPotion"},{"floor":32,"key":"LiquidBronze"},{"floor":33,"key":"SkillPotion"},{"floor":40,"key":"LiquidBronze"},{"floor":40,"key":"DuplicationPotion"}],"is_trial":false,"path_per_floor":["R","E","M","R","$","M","T","E","R","E","?","M","M","$","M","B",null,"R","M","M","E","?","?","T","R","M","R","$","M","?","M","M","B",null,"R","$","?","?","M","M","T","M"],"character_chosen":"THE_SPIRIT","items_purchased":["hexamod:HeatCrush","ReplayTheSpireMod:ShopPack","testmod-TurbochargingSystem","SynthV","hexamod:FirstSeal","hexamod:SpectersWail","hexamod:MatchstickCase"],"campfire_rested":2,"item_purchase_floors":[5,14,28,28,28,28,36],"current_hp_per_floor":[57,57,57,57,57,57,57,57,57,57,57,57,46,46,46,43,58,58,40,27,27,6,6,6,24,20,38,38,27,27,18,18,15,51,51,51,45,45,33,40,40,40,40],"gold":105,"neow_bonus":"THREE_ENEMY_KILL","is_daily":false,"chose_seed":false,"campfire_upgraded":5,"win_rate":0.0,"timestamp":1607914183,"path_taken":["R","E","M","R","$","M","T","E","R","E","?","M","M","?","M","BOSS","R","M","M","E","?","?","T","R","M","R","$","?","?","M","M","BOSS","R","$","?","?","M","M","T","M"],"items_purchased_type":["Card","Relic","Relic","Relic","Card","Card","Relic"],"build_version":"2020-12-13","purchased_purges":1,"victory":false,"max_hp_per_floor":[63,63,63,63,63,63,63,63,63,63,63,63,63,63,63,63,63,63,63,63,63,63,63,63,63,63,63,63,63,63,63,63,63,63,63,63,63,63,63,63,63,63,63],"card_choices":[{"not_picked":["hexamod:GhostShield","hexamod:PhantomCloak"],"picked":"hexamod:ShieldOfDarkness","floor":2},{"not_picked":["hexamod:Haunt","hexamod:Again"],"picked":"hexamod:Hexaguard","floor":3},{"not_picked":["hexamod:ApocalypticArmor","hexamod:GhostOfSpirePresent"],"picked":"hexamod:SixthSeal","floor":5},{"not_picked":["hexamod:Firestarter","hexamod:PhantomFireball"],"picked":"hexamod:SpectersWail","floor":6},{"not_picked":["hexamod:BacktrackSmack","hexamod:SecondSeal"],"picked":"hexamod:ExtraCrispy+1","floor":8},{"not_picked":["hexamod:FourthSeal","hexamod:Firestarter"],"picked":"hexamod:RainOfEmbers","floor":10},{"not_picked":["hexamod:PhantomFireball","hexamod:CatchUp"],"picked":"hexamod:NightmareStrike","floor":12},{"not_picked":["hexamod:SwordOfDarkness","hexamod:GhostflameBarrier"],"picked":"hexamod:RainOfEmbers","floor":13},{"not_picked":["hexamod:ThermalTransfer","hexamod:Rewind"],"picked":"hexamod:NightmareGuise","floor":14},{"not_picked":["Secret Technique","Chrysalis"],"picked":"testmod-Dream","floor":14},{"not_picked":["testmod-SubstituteBySubterfuge","testmod-PerfectCombo"],"picked":"expansioncontent:TimeRipple","floor":14},{"not_picked":["MostiFishMod:ButterFly","testmod-SubstituteBySubterfuge"],"picked":"MostiFishMod:FantasySummer","floor":14},{"not_picked":["hexamod:StepThrough","hexamod:GhostShield"],"picked":"hexamod:SuperheatedStrike","floor":15},{"not_picked":["hexamod:GhostflameInferno","hexamod:SearingWound"],"picked":"hexamod:HexaLevel+1","floor":16},{"not_picked":["hexamod:RainOfEmbers","hexamod:NightmareStrike"],"picked":"hexamod:Incineration","floor":19},{"not_picked":["hexamod:SwordOfDarkness","hexamod:SecondSeal"],"picked":"hexamod:ParanormalForm+1","floor":20},{"not_picked":["hexamod:ThermalTransfer","hexamod:NightmareGuise"],"picked":"hexamod:VolcanoVisage+1","floor":21},{"not_picked":["hexamod:ThermalTransfer","hexamod:Firestarter+1","hexamod:GhostShield+1"],"picked":"SKIP","floor":26},{"not_picked":["hexamod:HauntingEcho","hexamod:ThermalTransfer"],"picked":"hexamod:SpectralSpark","floor":29},{"not_picked":["hexamod:RainOfEmbers","hexamod:GhostShield","hexamod:Haunt"],"picked":"SKIP","floor":31},{"not_picked":["hexamod:BacktrackSmack","hexamod:NightmareGuise"],"picked":"hexamod:FifthSeal","floor":32},{"not_picked":["hexamod:ThirdSeal","hexamod:FifthSeal"],"picked":"hexamod:FourthSeal","floor":33},{"not_picked":["hexamod:ThermalTransfer","hexamod:SpectralSpark+1","hexamod:BurningTouch"],"picked":"SKIP","floor":39},{"not_picked":["hexamod:ShieldOfDarkness","hexamod:SwordOfDarkness+1","hexamod:NightmareStrike"],"picked":"SKIP","floor":40}],"player_experience":167596,"relics_obtained":[{"floor":2,"key":"Whetstone"},{"floor":7,"key":"Replay:Baseball"},{"floor":8,"key":"Frozen Egg 2"},{"floor":10,"key":"testmod-OneHitWonder"},{"floor":11,"key":"downfall:GremlinWheel"},{"floor":16,"key":"ImportantClient"},{"floor":21,"key":"Garlic"},{"floor":22,"key":"Enchiridion"},{"floor":24,"key":"Potion Belt"},{"floor":37,"key":"testmod-ObsoleteBoomerang"}],"event_choices":[{"cards_removed":["hexamod:Strike"],"damage_healed":0,"gold_gain":0,"player_choice":"Purged","damage_taken":0,"max_hp_gain":0,"max_hp_loss":0,"event_name":"Purifier","floor":23,"gold_loss":0}],"is_beta":false,"boss_relics":[{"not_picked":["testmod-Fanaticism","ExusiaiGun"],"picked":"TimeKeys"},{"not_picked":["MostiFishMod:Hod","Black Star"],"picked":"SlaversCollar"}],"items_purged_floors":[28],"is_endless":false,"potions_floor_spawned":[6,8,11,13,15,16,19,29,32,33,40],"killed_by":"Sphere and 2 Shapes","ascension_level":20}}