{"host":"at64dhdf9kc8hjax","time":1607966802,"event":{"mods":["Act Like it!","BaseMod","Dota2Spire","Friendly Minions","Gensokyo","Highlight Path","Minty Spire (QoL Compilation)","Quick Restart","RumiaBox-露米娅的神秘盒子","Spicy Shops","StSLib","SuperFastMode","【遗物卡牌】REMEMod"],"gold_per_floor":[110,110,122,135,0,0,0,0,0,19,50,50,65,75,75,178,178,259,30,59,21,66,110,110,140,140,140,155,155,355,390,390,502,502,527,551,577,677,725,725,762,762,762,802,829,1051,1077,42,42,75],"floor_reached":51,"playtime":5531,"items_purged":["Strike_G","Strike_G"],"score":1139,"play_id":"75f91f86-ebe5-49cc-be87-d1ad3aaf4fc4","local_time":"20201215012642","is_ascension_mode":true,"campfire_choices":[{"data":"Phantasmal Killer","floor":6.0,"key":"SMITH"},{"data":"Prepared","floor":8.0,"key":"SMITH"},{"data":"Neutralize","floor":12.0,"key":"SMITH"},{"data":"Terror","floor":15.0,"key":"SMITH"},{"data":"Prepared","floor":24.0,"key":"SMITH"},{"data":"Burst","floor":27.0,"key":"SMITH"},{"data":"Noxious Fumes","floor":29.0,"key":"SMITH"},{"data":"Concentrate","floor":32.0,"key":"SMITH"},{"data":"Venomology","floor":40.0,"key":"SMITH"},{"data":"Prepared","floor":42.0,"key":"SMITH"},{"data":"Metamorphosis","floor":49,"key":"SMITH"}],"circlet_count":0,"master_deck":["Strike_G","Strike_G","Strike_G","Defend_G","Defend_G","Defend_G","Defend_G","Defend_G","Survivor","Neutralize+1","REME_ForAll","Prepared+1","Underhanded Strike","Noxious Fumes+1","Phantasmal Killer+1","REME_ShadowStrike","Well Laid Plans","Terror+1","Burst+1","CurseOfTheBell","Prepared+1","Footwork","REME_GreenPollution+1","REME_ShadowStrike","Concentrate+1","Venomology+1","Acrobatics+1","Prepared+1","Die Die Die","Prepared","Concentrate+1","Metamorphosis+1"],"relics":["Ring of the Snake","REME_ComplimentaryCards","Mango","Dota2Spire:UrnOfShadows","Tough Bandages","Calling Bell","Mango","REME_ArchaeologicalTools","REME_HandOfSuture","Snake Skull","Red Mask","Bag of Preparation","Meat on the Bone","Oddly Smooth Stone","HoveringKite","Bronze Scales","MagicDraw3","Shuriken","Dota2Spire:AssaultCuirass","Sling","Dota2Spire:EchoSabre"],"acts_visited":["Exordium","TheCity","TheBeyond"],"potions_floor_usage":[45,45,47,50,50,50],"damage_taken":[{"damage":0.0,"enemies":"Gensokyo:Python","floor":1.0,"turns":3.0},{"damage":2.0,"enemies":"Gensokyo:Gryphon","floor":3.0,"turns":4.0},{"damage":1.0,"enemies":"Gensokyo:3_Fairies","floor":4.0,"turns":4.0},{"damage":1.0,"enemies":"Gensokyo:VengefulSpirit","floor":10.0,"turns":5.0},{"damage":12.0,"enemies":"Gensokyo:Aya","floor":11.0,"turns":7.0},{"damage":0.0,"enemies":"Gensokyo:Gryphon_and_Rabbit","floor":13.0,"turns":4.0},{"damage":0.0,"enemies":"Gensokyo:LivingMonolith","floor":14.0,"turns":3.0},{"damage":3.0,"enemies":"Gensokyo:Yukari","floor":16.0,"turns":8.0},{"damage":0.0,"enemies":"3 Byrds","floor":18.0,"turns":5.0},{"damage":2.0,"enemies":"2 Thieves","floor":20.0,"turns":4.0},{"damage":8.0,"enemies":"Masked Bandits","floor":22.0,"turns":4.0},{"damage":19.0,"enemies":"Gremlin Leader","floor":23.0,"turns":6.0},{"damage":12.0,"enemies":"Centurion and Healer","floor":25.0,"turns":5.0},{"damage":4.0,"enemies":"Snecko","floor":28.0,"turns":4.0},{"damage":25.0,"enemies":"Book of Stabbing","floor":31.0,"turns":7.0},{"damage":14.0,"enemies":"Champ","floor":33.0,"turns":6.0},{"damage":0.0,"enemies":"Orb Walker","floor":35.0,"turns":2.0},{"damage":1.0,"enemies":"3 Shapes","floor":36.0,"turns":3.0},{"damage":0.0,"enemies":"3 Darklings","floor":37.0,"turns":3.0},{"damage":0.0,"enemies":"Maw","floor":39.0,"turns":4.0},{"damage":0.0,"enemies":"Reptomancer","floor":41.0,"turns":3.0},{"damage":0.0,"enemies":"Nemesis","floor":44.0,"turns":5.0},{"damage":0,"enemies":"4 Shapes","floor":45,"turns":2},{"damage":0,"enemies":"Spire Growth","floor":47,"turns":2},{"damage":27,"enemies":"Time Eater","floor":50,"turns":8}],"seed_played":"5513911472325965059","potions_obtained":[{"floor":11.0,"key":"EssenceOfSteel"},{"floor":14.0,"key":"SkillPotion"},{"floor":16.0,"key":"SkillPotion"},{"floor":20.0,"key":"EssenceOfSteel"},{"floor":23.0,"key":"CunningPotion"},{"floor":28.0,"key":"SpeedPotion"},{"floor":44.0,"key":"DuplicationPotion"},{"floor":47,"key":"DuplicationPotion"}],"is_trial":false,"path_per_floor":["M","?","M","M","$","R","?","R","T","M","E","R","M","M","R","B",null,"M","$","M","$","?","E","R","M","T","R","M","R","?","E","R","B",null,"M","M","M","?","M","R","E","R","T","E","M","?","M","$","R","B",null],"character_chosen":"THE_SILENT","items_purchased":["Phantasmal Killer","Snake Skull","Footwork","Metamorphosis","Dota2Spire:AssaultCuirass","Sling","Dota2Spire:EchoSabre","FairyPotion"],"campfire_rested":0,"item_purchase_floors":[5,19,21,48,48,48,48,48],"current_hp_per_floor":[70,70,68,67,67,67,60,60,60,59,53,53,53,53,53,50,95,95,95,99,99,97,84,84,78,78,78,74,74,74,55,55,59,94,94,99,99,99,105,105,105,105,105,105,105,105,105,105,105,81],"gold":75,"neow_bonus":"TEN_PERCENT_HP_BONUS","is_daily":false,"chose_seed":false,"campfire_upgraded":11,"win_rate":0.0,"timestamp":1607966802,"path_taken":["M","?","M","M","$","R","?","R","T","M","E","R","?","M","R","BOSS","M","?","M","$","?","E","R","M","T","R","?","R","?","E","R","BOSS","M","M","M","?","?","R","E","R","T","E","M","?","M","$","R","BOSS"],"items_purchased_type":["Card","Relic","Card","Card","Relic","Relic","Relic","Potion"],"build_version":"2020-12-13","purchased_purges":2,"victory":true,"max_hp_per_floor":[77,77,77,77,77,77,91,91,91,91,91,91,91,91,91,91,105,105,105,105,105,105,105,105,105,105,105,105,105,105,105,105,105,105,105,105,105,105,105,105,105,105,105,105,105,105,105,105,105,105],"card_choices":[{"not_picked":["Flechettes","Dagger Spray"],"picked":"Prepared","floor":1.0},{"not_picked":["Dagger Spray","Outmaneuver"],"picked":"Underhanded Strike","floor":3.0},{"not_picked":["Bane","Poisoned Stab"],"picked":"Noxious Fumes","floor":4.0},{"not_picked":["Calculated Gamble","Cloak And Dagger"],"picked":"REME_ShadowStrike","floor":10.0},{"not_picked":["Endless Agony","A Thousand Cuts"],"picked":"Well Laid Plans","floor":11.0},{"not_picked":["Quick Slash","All Out Attack","Eviscerate"],"picked":"SKIP","floor":13.0},{"not_picked":["Sucker Punch","Acrobatics"],"picked":"Terror","floor":14.0},{"not_picked":["REME_ShadowForm","Wraith Form v2"],"picked":"Burst","floor":16.0},{"not_picked":["Caltrops","Expertise","Dagger Spray"],"picked":"SKIP","floor":18.0},{"not_picked":["Poisoned Stab","Flechettes"],"picked":"Prepared","floor":20.0},{"not_picked":["Catalyst+1","Flying Knee"],"picked":"REME_GreenPollution+1","floor":22.0},{"not_picked":["Crippling Poison","Quick Slash","Backflip"],"picked":"SKIP","floor":23.0},{"not_picked":["Distraction","Flechettes"],"picked":"REME_ShadowStrike","floor":25.0},{"not_picked":["Accuracy+1","REME_ShadowStrike","PiercingWail"],"picked":"SKIP","floor":28.0},{"not_picked":["Flechettes+1","Dodge and Roll"],"picked":"Concentrate","floor":31.0},{"not_picked":["A Thousand Cuts","Corpse Explosion"],"picked":"Venomology","floor":33.0},{"not_picked":["Outmaneuver+1","Deflect+1","Sucker Punch"],"picked":"SKIP","floor":35.0},{"not_picked":["Eviscerate","Leg Sweep"],"picked":"Acrobatics+1","floor":36.0},{"not_picked":["Blade Dance","Dagger Throw","Endless Agony"],"picked":"SKIP","floor":37.0},{"not_picked":["Dodge and Roll+1","Distraction","Underhanded Strike+1"],"picked":"SKIP","floor":39.0},{"not_picked":["Quick Slash","Footwork+1"],"picked":"Prepared","floor":41.0},{"not_picked":["Underhanded Strike+1","Phantasmal Killer"],"picked":"Die Die Die","floor":44.0},{"not_picked":["Sucker Punch","Outmaneuver"],"picked":"Prepared","floor":45},{"not_picked":["Sucker Punch","Quick Slash+1"],"picked":"Concentrate+1","floor":47}],"player_experience":195115,"relics_obtained":[{"floor":9.0,"key":"Dota2Spire:UrnOfShadows"},{"floor":11.0,"key":"Tough Bandages"},{"floor":17.0,"key":"Mango"},{"floor":17.0,"key":"REME_ArchaeologicalTools"},{"floor":17.0,"key":"REME_HandOfSuture"},{"floor":22.0,"key":"Red Mask"},{"floor":23.0,"key":"Bag of Preparation"},{"floor":26.0,"key":"Meat on the Bone"},{"floor":31.0,"key":"Oddly Smooth Stone"},{"floor":41.0,"key":"Bronze Scales"},{"floor":43.0,"key":"MagicDraw3"},{"floor":44.0,"key":"Shuriken"}],"event_choices":[{"damage_healed":0.0,"max_hp_gain":0.0,"max_hp_loss":0.0,"gold_gain":0.0,"event_name":"Masked Bandits","player_choice":"Fought Bandits","floor":22.0,"gold_loss":0.0,"damage_taken":0.0},{"damage_healed":0.0,"max_hp_gain":0.0,"max_hp_loss":0.0,"gold_gain":200.0,"event_name":"Wheel of Change","player_choice":"Gold","floor":30.0,"gold_loss":0.0,"damage_taken":0.0},{"damage_healed":0.0,"max_hp_gain":0.0,"max_hp_loss":0.0,"gold_gain":100.0,"event_name":"Golden Shrine","player_choice":"Pray","floor":38.0,"gold_loss":0.0,"damage_taken":0.0},{"damage_healed":0,"gold_gain":222,"player_choice":"Wore Mask","damage_taken":0,"max_hp_gain":0,"max_hp_loss":0,"event_name":"Tomb of Lord Red Mask","floor":46,"gold_loss":0}],"is_beta":false,"boss_relics":[{"not_picked":["Busted Crown","Fusion Hammer"],"picked":"Calling Bell"},{"not_picked":["EasyGame_NEW","Ring of the Serpent"],"picked":"HoveringKite"}],"items_purged_floors":[19,48],"is_endless":false,"potions_floor_spawned":[11,14,16,18,20,23,28,36,44,47],"ascension_level":7}}