{"host":"2fcuechlb8c23yrb","time":1607964116,"event":{"mods":["2.2 Compatiblity","AchievementEnabler","BaseMod","Bestiary","Better Match","Block Reminder","Colored Map","Colored Powertips","DeckTracker","Displayed Cursed Tome","GifTheSpireLib","Highlight Path","Minty Spire (QoL Compilation)","Quick Restart","Rare Cards Sparkle","Relic Sorter","Relic Stats","StSLib"],"gold_per_floor":[110,110,110,123,123,159,173,173,242,19,19,40,40,60,60,186,249,274,274,274,125,125,125,9,50,50,50,50],"floor_reached":27,"playtime":1127,"items_purged":[],"score":229,"play_id":"5b1e2906-1f4f-4f9f-a9c4-c7f4dea45950","local_time":"20201214114156","is_ascension_mode":false,"campfire_choices":[{"floor":8,"key":"REST"},{"floor":13,"key":"REST"},{"floor":15,"key":"REST"},{"floor":23,"key":"RECALL"}],"circlet_count":0,"master_deck":["Strike_B","Strike_B","Strike_B","Strike_B+1","Defend_B","Defend_B","Defend_B","Defend_B","Zap+1","Dualcast","Capacitor","Force Field","Sweeping Beam","Conserve Battery","Go for the Eyes","Electrodynamics","Hyperbeam","Chaos","BootSequence","Storm"],"relics":["Cracked Core","Golden Idol","Omamori","Membership Card","Happy Flower","Tiny House","Necronomicon","Ancient Tea Set","Oddly Smooth Stone","Sling","Toy Ornithopter","Bag of Preparation"],"acts_visited":["Exordium","TheCity"],"potions_floor_usage":[6,7,16,20,20],"damage_taken":[{"damage":0,"enemies":"2 Louse","floor":1,"turns":3},{"damage":6,"enemies":"Jaw Worm","floor":4,"turns":3},{"damage":52,"enemies":"Lagavulin","floor":6,"turns":9},{"damage":0,"enemies":"Small Slimes","floor":7,"turns":3},{"damage":4,"enemies":"Blue Slaver","floor":12,"turns":4},{"damage":9,"enemies":"Lots of Slimes","floor":14,"turns":3},{"damage":30,"enemies":"The Guardian","floor":16,"turns":10},{"damage":5,"enemies":"Chosen","floor":18,"turns":6},{"damage":0,"enemies":"3 Byrds","floor":20,"turns":3},{"damage":57,"enemies":"Gremlin Leader","floor":25,"turns":7},{"damage":12,"enemies":"Shelled Parasite and Fungi","floor":27,"turns":3}],"seed_played":"-2900430733101694223","potions_obtained":[{"floor":1,"key":"ColorlessPotion"},{"floor":6,"key":"Block Potion"},{"floor":14,"key":"LiquidBronze"},{"floor":16,"key":"Explosive Potion"},{"floor":17,"key":"Fire Potion"}],"is_trial":false,"path_per_floor":["M","?","$","M","?","E","M","R","T","$","?","M","R","M","R","B",null,"M","?","M","$","?","R","$","E","T","M"],"character_chosen":"DEFECT","items_purchased":["Membership Card","Happy Flower","Ancient Tea Set","Oddly Smooth Stone","Sling","Storm"],"campfire_rested":3,"item_purchase_floors":[10,10,21,21,24,24],"current_hp_per_floor":[75,80,80,74,54,2,2,26,26,26,26,22,46,37,61,31,85,80,64,64,64,64,64,64,7,7,0,0],"gold":50,"neow_bonus":"UPGRADE_CARD","is_daily":false,"chose_seed":false,"campfire_upgraded":0,"win_rate":0.0,"timestamp":1607964116,"path_taken":["M","?","$","M","?","E","M","R","T","$","?","M","R","M","R","BOSS","M","?","M","$","?","R","$","E","T","M"],"items_purchased_type":["Relic","Relic","Relic","Relic","Relic","Card"],"build_version":"2020-12-13","purchased_purges":0,"victory":false,"max_hp_per_floor":[75,80,80,80,80,80,80,80,80,80,80,80,80,80,80,80,85,85,85,85,85,85,85,85,85,85,85,85],"relic_stats":{"Happy Flower":[12],"counters":[11,54],"Golden Idol":72,"Necronomicon":[3],"Bag of Preparation":[2],"obtain_stats":[{"Tiny House":17,"Happy Flower":10,"Golden Idol":5,"Oddly Smooth Stone":21,"Omamori":6,"Necronomicon":19,"Bag of Preparation":26,"Membership Card":10,"Cracked Core":0,"Ancient Tea Set":21,"Sling":24,"Toy Ornithopter":25},{"Tiny House":7,"Happy Flower":4,"Golden Idol":2,"Oddly Smooth Stone":9,"Omamori":3,"Necronomicon":8,"Bag of Preparation":10,"Membership Card":4,"Cracked Core":0,"Ancient Tea Set":9,"Sling":9,"Toy Ornithopter":10},{"Tiny House":35,"Happy Flower":18,"Golden Idol":6,"Oddly Smooth Stone":44,"Omamori":15,"Necronomicon":41,"Bag of Preparation":51,"Membership Card":18,"Cracked Core":0,"Ancient Tea Set":44,"Sling":44,"Toy Ornithopter":51}],"Toy Ornithopter":0},"card_choices":[{"not_picked":["FTL","Coolheaded"],"picked":"Capacitor","floor":1},{"not_picked":["Darkness","Reprogram"],"picked":"Force Field","floor":4},{"not_picked":["Tempest","Turbo"],"picked":"Sweeping Beam","floor":6},{"not_picked":["Barrage","Sweeping Beam"],"picked":"Conserve Battery","floor":7},{"not_picked":["Sweeping Beam","Steam Power"],"picked":"Go for the Eyes","floor":12},{"not_picked":["Reinforced Body","BootSequence"],"picked":"Electrodynamics","floor":14},{"not_picked":["Meteor Strike","Biased Cognition"],"picked":"Hyperbeam","floor":16},{"not_picked":["Turbo","Gash"],"picked":"Chaos","floor":17},{"not_picked":["Stack","Gash","Barrage"],"picked":"SKIP","floor":18},{"not_picked":["Tempest","Capacitor+1"],"picked":"BootSequence","floor":20},{"not_picked":["Chill","Reinforced Body+1","Fission"],"picked":"SKIP","floor":25}],"player_experience":55914,"relics_obtained":[{"floor":6,"key":"Omamori"},{"floor":25,"key":"Toy Ornithopter"},{"floor":26,"key":"Bag of Preparation"}],"event_choices":[{"damage_healed":0,"gold_gain":0,"player_choice":"Donut","damage_taken":0,"max_hp_gain":5,"max_hp_loss":0,"event_name":"Big Fish","floor":2,"gold_loss":0},{"damage_healed":0,"gold_gain":0,"player_choice":"Take Damage","damage_taken":20,"relics_obtained":["Golden Idol"],"max_hp_gain":0,"max_hp_loss":0,"event_name":"Golden Idol","floor":5,"gold_loss":0},{"damage_healed":0,"gold_gain":0,"player_choice":"Ignored","damage_taken":0,"max_hp_gain":0,"max_hp_loss":0,"event_name":"Shining Light","floor":11,"gold_loss":0},{"damage_healed":0,"gold_gain":0,"player_choice":"Obtained Book","damage_taken":16,"max_hp_gain":0,"max_hp_loss":0,"event_name":"Cursed Tome","floor":19,"gold_loss":0}],"is_beta":false,"boss_relics":[{"not_picked":["Calling Bell","Astrolabe"],"picked":"Tiny House"}],"items_purged_floors":[],"is_endless":false,"potions_floor_spawned":[1,6,14,16],"killed_by":"Shelled Parasite and Fungi","ascension_level":0}}