{"host":"juuoa7vmvqchtaqr","time":1607987375,"event":{"mods":["AchievementEnabler","BaseMod","BetterRewards","Card Forge","Downfall","Friendly Minions","Hero for Fun","Hubris","Infinite Spire","Kiyohime????","Koishi","Mad Scientist","Marisa????????","Minty Spire (QoL Compilation)","Replay The Spire","StSLib","The Bug Knight","The Construct","The Cursed","The Factory","The Jungle","Yohane!","Yuri Mod","[IsaacMod]????"],"gold_per_floor":[11,11,11,11,27,60,75,75,99,116,133,149,174,111,111,206,206,217,317,328,343,363,363,363,363,363,393,393,393,412,431,431,533,533,552,552,569,420,440,440,469,488,561,590,590,619,633,652,652,652,652,652,652,685,685],"floor_reached":56,"playtime":1250,"items_purged":["Serious_Side_Hops","Side_Hop+1"],"score":2271,"play_id":"643c3eaa-9b2d-4d14-a0ef-bea588dff269","local_time":"20201215000935","is_ascension_mode":false,"campfire_choices":[{"data":"infinitespire:Oblivion","floor":8,"key":"SMITH"},{"data":"Slap","floor":8,"key":"SMITH"},{"floor":15,"key":"RECALL"},{"data":"Serious_Punch","floor":23,"key":"SMITH"},{"data":"Oh","floor":23,"key":"SMITH"},{"data":"Consecutive_Normal_Punch","floor":25,"key":"SMITH"},{"data":"Slap","floor":25,"key":"SMITH"},{"floor":29,"key":"REST"},{"data":"Slap","floor":32,"key":"SMITH"},{"data":"Slap","floor":32,"key":"SMITH"},{"floor":40,"key":"REST"},{"floor":49,"key":"REST"},{"data":"ReplayTheSpireMod:Book of Names","floor":52,"key":"SMITH"},{"data":"Anger","floor":52,"key":"SMITH"}],"circlet_count":0,"master_deck":["Strike_Y","EpicFetus+1","Serious_Punch+1","Consecutive_Normal_Punch+1","infinitespire:Oblivion+1","Slap+1","Slap+1","Slap+1","Slap+1","Serious_Punch","Oh+1","ReplayTheSpireMod:Book of Names+1","Anger+1","Consecutive_Normal_Punch","Oh"],"relics":["Cape","Hammer of Thor","Seething Fire","Anvil of the Gods","HushsDoor","KeepersGift","Replay:Arrowhead","Blue Doll","MawBank","Replay:Grab Bag","GuppysHairball","GuppysTail","Replay:Baseball","Eternal Feather","hubris:PeanutButter","hubris:DisguiseKit","Gremlin Horn","hubris:EvacipatedBox","Velvet Choker","Black Star","Astrolabe","MagicMushroom","PrismaticShard","Replay:PocketPolymizer","Toy Ornithopter","Meat on the Bone","Boot","infinitespire:WardingShard","Ancient Tea Set","hubris:MedicalManual","hubris:DeckOfHolding","infinitespire:Beetle Shell","Replay:Rubber Ducky"],"acts_visited":["Exordium","Exordium","TheBeyond","TheEnding"],"potions_floor_usage":[21],"damage_taken":[{"damage":0,"enemies":"2 Louse","floor":1,"turns":1},{"damage":0,"enemies":"Small Slimes","floor":5,"turns":1},{"damage":0,"enemies":"3 Sentries","floor":6,"turns":2},{"damage":0,"enemies":"Jaw Worm","floor":7,"turns":1},{"damage":0,"enemies":"Large Slime","floor":10,"turns":1},{"damage":0,"enemies":"Looter","floor":11,"turns":1},{"damage":0,"enemies":"Exordium Thugs","floor":12,"turns":1},{"damage":0,"enemies":"Gremlin Nob","floor":13,"turns":1},{"damage":0,"enemies":"The Guardian","floor":16,"turns":1},{"damage":0,"enemies":"theJungle:GiantWrat","floor":18,"turns":1},{"damage":0,"enemies":"theJungle:Flameango_and_Byrd","floor":20,"turns":1},{"damage":0,"enemies":"theJungle:JungleHuntersEncounter","floor":21,"turns":1},{"damage":0,"enemies":"theJungle:Lyon","floor":22,"turns":1},{"damage":0,"enemies":"theJungle:2_Phrogs","floor":27,"turns":1},{"damage":0,"enemies":"theJungle:SlimyTreeVines","floor":30,"turns":1},{"damage":0,"enemies":"theJungle:2_Flameangoes","floor":31,"turns":1},{"damage":0,"enemies":"theJungle:FunGuy","floor":33,"turns":1},{"damage":0,"enemies":"3 Darklings","floor":35,"turns":1},{"damage":0,"enemies":"3 Shapes","floor":37,"turns":1},{"damage":0,"enemies":"3 Darklings","floor":39,"turns":1},{"damage":0,"enemies":"Nightmare","floor":41,"turns":1},{"damage":0,"enemies":"Jaw Worm Horde","floor":42,"turns":1},{"damage":0,"enemies":"Reptomancer","floor":44,"turns":1},{"damage":0,"enemies":"Nemesis","floor":46,"turns":1},{"damage":0,"enemies":"Sphere and 2 Shapes","floor":47,"turns":1},{"damage":0,"enemies":"Writhing Mass","floor":48,"turns":1},{"damage":0,"enemies":"Time Eater","floor":50,"turns":1},{"damage":0,"enemies":"Shield and Spear","floor":54,"turns":1},{"damage":0,"enemies":"Delirium","floor":55,"turns":3}],"seed_played":"7595670904434641457","potions_obtained":[{"floor":1,"key":"EssenceOfSteel"},{"floor":5,"key":"DistilledChaos"},{"floor":11,"key":"AttackPotion"},{"floor":18,"key":"Fruit Juice"},{"floor":21,"key":"DistilledChaos"},{"floor":30,"key":"Adrenaline Potion"}],"is_trial":false,"path_per_floor":["M","?","?","?","M","E","M","R","T","M","M","M","E","$","R","B",null,"M","?","M","M","M","R","AVR","R","T","E","$","R","M","M","R","B",null,"M","$","M","$","M","R","NM","M","T","E","AVR","E","M","M","R","B",null,"R","$","E","B",null],"character_chosen":"OPM","items_purchased":["Replay:Arrowhead","Serious_Punch","GuppysHairball","GuppysTail","hubris:DisguiseKit","Gremlin Horn","hubris:EvacipatedBox","PrismaticShard"],"campfire_rested":3,"item_purchase_floors":[0,0,17,17,28,28,28,38],"current_hp_per_floor":[999,999,999,999,999,999,999,999,999,999,999,999,999,999,999,999,979,979,979,979,984,984,984,984,984,984,984,934,984,984,984,984,984,991,991,991,991,991,991,991,991,991,991,991,991,991,991,991,991,991,991,991,991,991,991],"gold":685,"neow_bonus":"","is_daily":false,"chose_seed":false,"campfire_upgraded":10,"win_rate":0.0,"timestamp":1607987375,"path_taken":["M","?","?","?","M","E","M","R","T","M","?","?","E","$","R","BOSS","M","?","M","M","M","R","AVR","R","T","E","?","R","M","?","R","BOSS","M","$","M","$","M","R","NM","M","T","E","AVR","E","M","M","R","BOSS","R","$","E","BOSS"],"items_purchased_type":["Relic","Card","Relic","Relic","Relic","Relic","Relic","Relic"],"build_version":"2020-12-13","purchased_purges":2,"victory":true,"max_hp_per_floor":[999,999,999,999,999,999,999,999,999,999,999,999,999,999,999,999,979,979,979,979,984,984,984,984,984,984,984,984,984,984,984,984,984,991,991,991,991,991,991,991,991,991,991,991,991,991,991,991,991,991,991,991,991,991,991],"card_choices":[{"not_picked":[],"picked":"EpicFetus","floor":0},{"not_picked":["Do_Nothing","Bomb"],"picked":"Consecutive_Normal_Punch","floor":1},{"not_picked":["infinitespire:Starlight","infinitespire:SevenWalls"],"picked":"infinitespire:Oblivion","floor":3},{"not_picked":["Yawn","Ignore","Side_Hop"],"picked":"SKIP","floor":5},{"not_picked":["Side_Hop","Hop"],"picked":"Slap","floor":6},{"not_picked":["Normal_Punch","Bomb","Consecutive_Normal_Punch"],"picked":"SKIP","floor":7},{"not_picked":["Slap","Hop","Consecutive_Normal_Punch"],"picked":"SKIP","floor":10},{"not_picked":["Bomb","Get_Hopes_Up","Do_Nothing"],"picked":"SKIP","floor":11},{"not_picked":["Normal_Punch","Yawn","Side_Hop"],"picked":"SKIP","floor":12},{"not_picked":["Yawn","Consecutive_Normal_Punch","Normal_Punch"],"picked":"SKIP","floor":13},{"not_picked":["Get_Hopes_Up","Terrifying_Presence"],"picked":"Oh","floor":16},{"not_picked":["Yawn+1","Consecutive_Normal_Punch"],"picked":"Slap","floor":18},{"not_picked":["Hop","Side_Hop"],"picked":"Yawn","floor":19},{"not_picked":["Ignore","Slap"],"picked":"Yawn+1","floor":20},{"not_picked":["Ignore+1","Consecutive_Normal_Punch"],"picked":"Side_Hop+1","floor":21},{"not_picked":["Side_Hop","Hop"],"picked":"Yawn+1","floor":22},{"not_picked":["Side_Hop","Serious_Punch"],"picked":"Do_Nothing","floor":27},{"not_picked":["Do_Nothing","Consecutive_Normal_Punch","Burning Pact"],"picked":"Slap","floor":30},{"not_picked":["Consecutive_Normal_Punch","Do_Nothing","hubris:ReadiedAction"],"picked":"Slap","floor":31},{"not_picked":["Get_Hopes_Up","Hip_Strike","Demon Form"],"picked":"Serious_Punch","floor":33},{"not_picked":["Hop+1","Normal_Punch","Slap","Dual Wield"],"picked":"SKIP","floor":35},{"not_picked":["Wear_Disguise+1","Consecutive_Normal_Punch","Yawn","Evolve"],"picked":"SKIP","floor":37},{"not_picked":["champ:FocusedGladiator+1","Yohane:Miracle_Wave+1","Yohane:Impressive_Display+1","Shrug It Off"],"picked":"SKIP","floor":39},{"not_picked":["infinitespire:Oblivion","ReplayTheSpireMod:Chaos Vortex"],"picked":"ReplayTheSpireMod:Book of Names","floor":41},{"not_picked":["TheCursedMod:TroublousMinions","ReplayTheSpireMod:GoodbyeWorld","TheCursedMod:SpitefulStrike"],"picked":"Anger","floor":41},{"not_picked":["construct:ClusterMines","ReplayTheSpireMod:Speed Training","Slimebound:GoopTackle","Thunderclap"],"picked":"SKIP","floor":42},{"not_picked":["Koishi:ReflexRadar","Koishi:JumpScare","sneckomod:UnknownClassMAD_SCIENCE","Headbutt"],"picked":"SKIP","floor":44},{"not_picked":["Madness+1","WitchOfGreed","Guardian:Suspension","Shockwave"],"picked":"SKIP","floor":46},{"not_picked":["Koishi:YoukaiPolygraph+1","Side_Hop+1","hexamod:GhostOfSpireFuture+1","Armaments"],"picked":"SKIP","floor":47},{"not_picked":["GalacticHalo","Sword Boomerang","Slimebound:LeechingTouch","Perfected Strike"],"picked":"SKIP","floor":48},{"not_picked":["Guardian:WalkerClaw","ReplayTheSpireMod:Strike From Hell","Koishi:ParalyzingFear","Replay:Undeath\u0027s Touch"],"picked":"SKIP","floor":54}],"player_experience":766508,"relics_obtained":[{"floor":6,"key":"Blue Doll"},{"floor":13,"key":"MawBank"},{"floor":26,"key":"Eternal Feather"},{"floor":27,"key":"hubris:PeanutButter"},{"floor":41,"key":"Replay:PocketPolymizer"},{"floor":41,"key":"Toy Ornithopter"},{"floor":43,"key":"Meat on the Bone"},{"floor":44,"key":"Boot"},{"floor":44,"key":"infinitespire:WardingShard"},{"floor":46,"key":"hubris:MedicalManual"},{"floor":46,"key":"hubris:DeckOfHolding"},{"floor":54,"key":"infinitespire:Beetle Shell"},{"floor":54,"key":"Replay:Rubber Ducky"}],"event_choices":[{"damage_healed":0,"gold_gain":0,"cards_transformed":["Strike_Y"],"player_choice":"Change","damage_taken":0,"max_hp_gain":0,"max_hp_loss":0,"event_name":"Living Wall","floor":4,"gold_loss":0,"cards_obtained":["Serious_Side_Hops"]}],"is_beta":false,"boss_relics":[{"not_picked":["Runic Pyramid","hubris:BlackHole"],"picked":"Replay:Grab Bag"},{"not_picked":[]},{"not_picked":["ChewingGum","hubris:TerracottaHorce","Calling Bell"],"picked":"Velvet Choker"},{"not_picked":["Ectoplasm","Replay:Bronze Core","Replay:Fungal Core"],"picked":"Black Star"},{"not_picked":["Pandora\u0027s Box","hubris:Stopwatch","Replay:Drink Me"],"picked":"Astrolabe"},{"not_picked":["SlaversCollar","SacredBark","Philosopher\u0027s Stone"],"picked":"MagicMushroom"}],"items_purged_floors":[14,24],"is_endless":false,"potions_floor_spawned":[1,5,11,16,18,21,30,42,46,47],"ascension_level":0}}