{"host":"0azimyi6n3ugndj4","time":1607952663,"event":{"mods":["BaseMod","Bestiary","Conspire","Curses Come First","Defuse TimeMaze Blight","Hyrulean Relics","Infinite Spire","Minty Spire (QoL Compilation)","Relic Stats","Replay The Spire","StSLib","SuperFastMode","Uncapped","¡¼?Úª?ø«¡½REMEMod"],"gold_per_floor":[99,99,99,132,183,183,183],"floor_reached":6,"playtime":86,"items_purged":[],"score":243,"play_id":"9711b59f-f323-4847-a151-fcaf556c5145","local_time":"20201214223103","daily_mods":["Draft","Hoarder","Insanity","Chimera","Specialized","Vintage","ControlledChaos","Allstar","Diverse","Colorless Cards","Heirloom","Time Dilation","Flight","Binary","Elite Swarm","Lethality","Midas","Night Terrors","Binary"],"is_ascension_mode":true,"campfire_choices":[],"circlet_count":0,"master_deck":["Demon Form","Wraith Form v2","Echo Form","DevaForm","AscendersBane","Bash","Survivor","Zap","Strike_R","Strike_G","Strike_B","Defend_R","Defend_G","Defend_P","ReplayTheSpireMod:Strike From Hell","Panic Button","BasicCrystalCard","Dagger Throw","True Grit","Hidden Blade","Perfected Strike","Cloak And Dagger","Underhanded Strike","Outmaneuver","Intimidate","Clash","Deadly Poison","ReplayTheSpireMod:Scrap Shanks","Armaments","Iron Wave","True Grit","Hologram","Halt","Crescendo","Replay:Poison Smokescreen","Run Through","Armaments","Sword Boomerang","Stack","Weave","Twin Strike","Ball Lightning","ReplayTheSpireMod:Tripwire","Double Energy","Chill","SashWhip","Rebound","Beam Cell","All Out Attack","Replay:Vibes","conspire:ExplosiveBarrier","Crescendo","PanicButton","TalkToTheHand","Acrobatics","True Grit","Compile Driver","Heavy Blade","Disarm","Poisoned Stab","Poisoned Stab","ReplayTheSpireMod:Strike From Hell","Loop","Replay:BluntJabs","REME_BuildACard","REME_BuildACard","REME_BuildACard","REME_BuildACard","REME_BuildACard","REME_BuildACard","REME_BuildACard","REME_BuildACard","REME_BuildACard","REME_BuildACard","REME_BuildACard","REME_BuildACard","REME_BuildACard","REME_BuildACard","REME_BuildACard","PiercingWail","PiercingWail","PiercingWail","REME_Compress","REME_Compress","REME_Compress","Redo","Redo","Redo","PathToVictory","PathToVictory","PathToVictory","EmptyFist","EmptyFist","EmptyFist","Underhanded Strike","Underhanded Strike","Underhanded Strike","Body Slam","Body Slam","Body Slam","ReplayTheSpireMod:Calculation Training","ReplayTheSpireMod:Calculation Training","ReplayTheSpireMod:Calculation Training","Rebound","Rebound","Rebound","Thunderclap","Thunderclap","Thunderclap","Genetic Algorithm","Genetic Algorithm","Genetic Algorithm","Defy Death","Defy Death","Defy Death","Sword Boomerang","Sword Boomerang","Sword Boomerang","Weave","Weave","Weave","Well Laid Plans","Well Laid Plans","Well Laid Plans","Berserk","Berserk","Berserk"],"relics":["Frozen Eye","Busted Crown","REME_ComplimentaryCards","Incense Burner","Replay:M_SmolderingBlood","infinitespire:FocusingShard","FossilizedHelix"],"acts_visited":["Exordium"],"potions_floor_usage":[6],"damage_taken":[{"damage":0,"enemies":"2 Louse","floor":4,"turns":1},{"damage":54,"enemies":"Small Slimes","floor":5,"turns":3},{"damage":13,"enemies":"3 Sentries","floor":6,"turns":3}],"seed_played":"-4871376300981424058","potions_obtained":[{"floor":4,"key":"Adrenaline Potion"}],"is_trial":true,"path_per_floor":["?","?","$","M","M","E"],"character_chosen":"WATCHER","items_purchased":[],"campfire_rested":0,"item_purchase_floors":[],"current_hp_per_floor":[61,61,61,61,7,0,0],"gold":183,"neow_bonus":"","is_daily":false,"chose_seed":false,"campfire_upgraded":0,"win_rate":0.0,"timestamp":1607952663,"path_taken":["?","?","?","M","M","E"],"items_purchased_type":[],"build_version":"2020-12-13","purchased_purges":0,"victory":false,"max_hp_per_floor":[68,68,68,68,68,68,68],"relic_stats":{"Busted Crown":0,"counters":[3,7],"obtain_stats":[{"Frozen Eye":0,"Busted Crown":0,"Replay:M_SmolderingBlood":1,"infinitespire:FocusingShard":4,"Incense Burner":0,"PureWater":0,"FossilizedHelix":5,"REME_ComplimentaryCards":0},{"Frozen Eye":0,"Busted Crown":0,"Replay:M_SmolderingBlood":0,"infinitespire:FocusingShard":1,"Incense Burner":0,"PureWater":0,"FossilizedHelix":2,"REME_ComplimentaryCards":0},{"Frozen Eye":0,"Busted Crown":0,"Replay:M_SmolderingBlood":0,"infinitespire:FocusingShard":1,"Incense Burner":0,"PureWater":0,"FossilizedHelix":4,"REME_ComplimentaryCards":0}]},"card_choices":[{"not_picked":["Fire Breathing","Replay:BluntJabs"],"picked":"PiercingWail","floor":0},{"not_picked":["PiercingWail","Uppercut"],"picked":"REME_Compress","floor":0},{"not_picked":["Rebound","Run Through"],"picked":"Redo","floor":0},{"not_picked":["Cloak And Dagger","Gash"],"picked":"PathToVictory","floor":0},{"not_picked":["Dagger Throw","CutThroughFate"],"picked":"EmptyFist","floor":0},{"not_picked":["Sword Boomerang","Calculated Gamble"],"picked":"Underhanded Strike","floor":0},{"not_picked":["Sanctity","Underhanded Strike"],"picked":"Body Slam","floor":0},{"not_picked":["Ball Lightning","True Grit"],"picked":"ReplayTheSpireMod:Calculation Training","floor":0},{"not_picked":["infinitespire:OneForAll","Halt"],"picked":"Rebound","floor":0},{"not_picked":["ReplayTheSpireMod:Corrosion Curse","REME_Repentance"],"picked":"Thunderclap","floor":0},{"not_picked":["Perfected Strike","Rebound"],"picked":"Genetic Algorithm","floor":0},{"not_picked":["PiercingWail","FlyingSleeves"],"picked":"Defy Death","floor":0},{"not_picked":["conspire:DoublingDagger","EmptyFist"],"picked":"Sword Boomerang","floor":0},{"not_picked":["conspire:Rain","Cloak And Dagger"],"picked":"Weave","floor":0},{"not_picked":["Iron Wave","REME_SelfUpgrade"],"picked":"Well Laid Plans","floor":0}],"player_experience":1452607,"relics_obtained":[{"floor":4,"key":"infinitespire:FocusingShard"},{"floor":5,"key":"FossilizedHelix"}],"event_choices":[{"cards_removed":["Eruption"],"damage_healed":0,"gold_gain":0,"player_choice":"Forget","damage_taken":0,"max_hp_gain":0,"max_hp_loss":0,"event_name":"Living Wall","floor":2,"gold_loss":0}],"is_beta":false,"boss_relics":[],"items_purged_floors":[],"is_endless":false,"potions_floor_spawned":[4],"killed_by":"3 Sentries","ascension_level":20}}