{"host":"coame8l8goqx0svj","time":1607962347,"event":{"mods":["BaseMod","Downfall","Minty Spire (QoL Compilation)","StSLib"],"gold_per_floor":[99,110,110,129,141,154,154,188,38,73,58,79,79,98,109,211,211,211,237,237,247,247,259,339,364,289,322,332,432,517,283,300,404,404,404,417,417,476,476,476,476,488,504,504,504,504,504,74,90,90,90,121,33,33,33],"floor_reached":56,"playtime":4745,"items_purged":["champ:Taunt"],"score":1354,"play_id":"8f666513-a125-462b-b475-2470b282fa52","local_time":"20201214171227","is_ascension_mode":true,"campfire_choices":[{"floor":1,"key":"RECALL"},{"data":"champ:VampiricStrike","floor":9,"key":"SMITH"},{"floor":18,"key":"DIG"},{"floor":20,"key":"DIG"},{"floor":22,"key":"DIG"},{"floor":26,"key":"DIG"},{"floor":35,"key":"DIG"},{"floor":37,"key":"DIG"},{"floor":40,"key":"DIG"},{"floor":44,"key":"DIG"},{"floor":54,"key":"DIG"}],"circlet_count":0,"master_deck":["champ:Execute","champ:Backstep","champ:StanceDance","champ:EnGarde","champ:VampiricStrike+1","champ:SteelEdge","champ:TornadoPunch","champ:ShieldThrow","champ:DefensiveShout","champ:Shatter","champ:ShieldWall","champ:Control","champ:RageSigil+1","champ:RapidStrikes","champ:HeartStrike","champ:Circumvent","champ:PerfectForm","CurseOfTheBell","champ:HoldFirm","champ:EndlessRage+1","champ:AdrenalArmor+1","champ:GutPunch","champ:IronFortress","champ:DefensiveStyle","champ:VampiricStrike","champ:ShieldSigil+1","expansioncontent:QuickStudy","champ:RapidStrikes","expansioncontent:ChargeUp+1","expansioncontent:QuickStudy+1","Forethought+1"],"relics":["Pandora\u0027s Box","Bag of Marbles","Shuriken","downfall:HeartBlessingGreen","downfall:HeartBlessingRed","Mercury Hourglass","Odd Mushroom","Calling Bell","Omamori","HornCleat","Shovel","Art of War","Lizard Tail","InkBottle","Regal Pillow","StrikeDummy","downfall:HeartBlessingBlue","Ice Cream","Pocketwatch","Guardian:PocketSentry","Fusion Hammer","MealTicket","War Paint","Toxic Egg 2","Bottled Flame","Ornamental Fan","Bottled Tornado","HandDrill","Nunchaku","Mummified Hand"],"acts_visited":["Exordium","TheCity","TheBeyond","TheEnding"],"potions_floor_usage":[8,19,25,25,33,50],"damage_taken":[{"damage":0,"enemies":"Cultist","floor":2,"turns":3},{"damage":20,"enemies":"2 Louse","floor":4,"turns":2},{"damage":3,"enemies":"Small Slimes","floor":5,"turns":3},{"damage":5,"enemies":"2 Fungi Beasts","floor":6,"turns":3},{"damage":46,"enemies":"3 Sentries","floor":8,"turns":5},{"damage":8,"enemies":"Gremlin Nob","floor":10,"turns":3},{"damage":41,"enemies":"downfall:FleeingMerchant","floor":11,"turns":4},{"damage":33,"enemies":"The Mushroom Lair","floor":12,"turns":2},{"damage":27,"enemies":"Lots of Slimes","floor":14,"turns":3},{"damage":20,"enemies":"3 Louse","floor":15,"turns":1},{"damage":25,"enemies":"downfall:Silent","floor":16,"turns":6},{"damage":64,"enemies":"Book of Stabbing","floor":19,"turns":4},{"damage":0,"enemies":"3 Byrds","floor":21,"turns":3},{"damage":23,"enemies":"Snecko","floor":23,"turns":4},{"damage":59,"enemies":"Gremlin Leader","floor":25,"turns":5},{"damage":33,"enemies":"Book of Stabbing","floor":27,"turns":7},{"damage":34,"enemies":"Centurion and Healer","floor":28,"turns":3},{"damage":31,"enemies":"downfall:FleeingMerchant","floor":31,"turns":4},{"damage":15,"enemies":"Cultist and Chosen","floor":32,"turns":3},{"damage":84,"enemies":"downfall:Watcher","floor":33,"turns":9},{"damage":22,"enemies":"3 Shapes","floor":36,"turns":4},{"damage":8,"enemies":"downfall:FleeingMerchant","floor":38,"turns":3},{"damage":45,"enemies":"3 Darklings","floor":42,"turns":3},{"damage":16,"enemies":"Spire Growth","floor":43,"turns":3},{"damage":4,"enemies":"Sphere and 2 Shapes","floor":49,"turns":3},{"damage":60,"enemies":"downfall:Defect","floor":50,"turns":6},{"damage":49,"enemies":"downfall:CharBossMerchant","floor":52,"turns":7},{"damage":125,"enemies":"downfall:NeowBoss","floor":55,"turns":22}],"seed_played":"-6257646690970361813","potions_obtained":[{"floor":6,"key":"Swift Potion"},{"floor":8,"key":"ColorlessPotion"},{"floor":10,"key":"Swift Potion"},{"floor":14,"key":"hexamod:EctoCoolerPotion"},{"floor":19,"key":"Energy Potion"},{"floor":27,"key":"Fruit Juice"},{"floor":28,"key":"champ:TechniquePotion"},{"floor":33,"key":"sneckomod:MuddlingPotion"},{"floor":36,"key":"EssenceOfSteel"},{"floor":49,"key":"hexamod:EctoCoolerPotion"}],"is_trial":false,"path_per_floor":["R","M","?","M","M","M","T","E","R","E","$","?","?","M","M","B",null,"R","E","R","M","R","M","T","E","R","E","M","?","?","$","M","B",null,"R","M","R","$","?","R","T","M","M","R","?","?","$","$","M","B",null,"E","$","R","B",null],"character_chosen":"THE_CHAMP","items_purchased":["champ:IronFortress","Guardian:PocketSentry","expansioncontent:QuickStudy","expansioncontent:QuickStudy+1","Bottled Tornado","Forethought+1"],"campfire_rested":0,"item_purchase_floors":[31,31,38,48,48,53],"current_hp_per_floor":[90,90,90,90,90,90,90,76,76,81,90,69,69,67,67,79,90,90,90,90,90,90,90,90,85,95,72,100,100,82,100,100,105,105,105,105,105,105,70,70,70,105,105,105,105,105,105,105,105,73,105,105,105,105,105],"gold":33,"neow_bonus":"BOSS_RELIC","is_daily":false,"chose_seed":false,"campfire_upgraded":1,"win_rate":0.0,"timestamp":1607962347,"path_taken":["R","?","?","M","M","?","T","E","R","E","$","?","?","?","M","BOSS","R","E","R","M","R","M","T","E","R","E","M","?","?","$","M","BOSS","R","M","R","$","?","R","T","?","M","R","?","?","$","$","M","BOSS","E","$","R","BOSS"],"items_purchased_type":["Card","Relic","Card","Card","Relic","Card"],"build_version":"2020-12-13","purchased_purges":1,"victory":true,"max_hp_per_floor":[90,90,90,90,90,90,90,90,90,90,90,90,90,90,90,90,90,90,90,90,90,90,90,90,90,100,100,100,100,100,100,100,105,105,105,105,105,105,105,105,105,105,105,105,105,105,105,105,105,105,105,105,105,105,105],"card_choices":[{"not_picked":["champ:BerserkersShout","champ:PreciseThrust"],"picked":"champ:BladeFlurry","floor":2},{"not_picked":["champ:StanceDance","champ:SwordSigil"],"picked":"champ:DefensiveShout","floor":4},{"not_picked":["champ:SwordSigil","champ:DefensiveShout"],"picked":"champ:Shatter","floor":5},{"not_picked":["champ:FalseCounter","champ:FanOfKnives"],"picked":"champ:ShieldWall","floor":6},{"not_picked":["champ:FightOn","champ:ShieldSlam"],"picked":"champ:Control","floor":8},{"not_picked":["champ:CrookedStrike","champ:Haymaker"],"picked":"champ:RageSigil","floor":10},{"not_picked":["champ:RageSigil","champ:EndlessRage"],"picked":"champ:RapidStrikes","floor":11},{"not_picked":["champ:ViciousMockery","champ:Haymaker"],"picked":"champ:HeartStrike","floor":14},{"not_picked":["champ:EnragedBash","champ:FanOfKnives"],"picked":"champ:Circumvent","floor":15},{"not_picked":["champ:Devastate","champ:CrownThrow"],"picked":"champ:PerfectForm","floor":16},{"not_picked":["champ:BringItOn+1","champ:ViciousMockery"],"picked":"champ:HoldFirm","floor":19},{"not_picked":["champ:FlashCut","champ:GladiatorsShout+1"],"picked":"champ:EndlessRage+1","floor":21},{"not_picked":["champ:BladeFlurry","champ:BerserkersShout"],"picked":"champ:AdrenalArmor","floor":23},{"not_picked":["champ:EnragedBash","champ:CheapShot","champ:PreciseThrust+1"],"picked":"SKIP","floor":25},{"not_picked":["champ:TornadoPunch+1","champ:FocusedBerserking"],"picked":"champ:GutPunch","floor":27},{"not_picked":["champ:FlashCut","champ:DefensiveShout","champ:AdrenalArmor+1"],"picked":"SKIP","floor":28},{"not_picked":["champ:FocusedGladiator","champ:FlashCut","champ:PerfectedStrike"],"picked":"SKIP","floor":31},{"not_picked":["champ:HeartStrike+1","champ:EnGarde"],"picked":"champ:DefensiveStyle","floor":32},{"not_picked":["champ:IgnorePain","champ:SteelEdge"],"picked":"champ:VampiricStrike","floor":33},{"not_picked":["champ:GladiatorsShout+1","champ:ViciousMockery+1","champ:PerfectedStrike+1"],"picked":"SKIP","floor":36},{"not_picked":["champ:BringItOn+1","champ:CrookedStrike+1"],"picked":"champ:ShieldSigil+1","floor":38},{"not_picked":["champ:ShieldSigil+1","champ:TornadoPunch","champ:PerfectedStrike"],"picked":"SKIP","floor":42},{"not_picked":["champ:Encircle+1","champ:PerfectedStrike"],"picked":"champ:RapidStrikes","floor":43},{"not_picked":["expansioncontent:DarkVoid","expansioncontent:Torchfire"],"picked":"expansioncontent:ChargeUp+1","floor":46},{"not_picked":["champ:BringItOn+1","champ:PerfectedStrike","champ:TornadoPunch+1"],"picked":"SKIP","floor":49},{"not_picked":["champ:CheapShot","champ:GladiatorsShout+1","champ:FanOfKnives+1"],"picked":"SKIP","floor":52}],"player_experience":1597788,"relics_obtained":[{"floor":7,"key":"Bag of Marbles"},{"floor":8,"key":"Shuriken"},{"floor":10,"key":"Mercury Hourglass"},{"floor":12,"key":"Odd Mushroom"},{"floor":17,"key":"Omamori"},{"floor":17,"key":"HornCleat"},{"floor":17,"key":"Shovel"},{"floor":18,"key":"Art of War"},{"floor":19,"key":"Lizard Tail"},{"floor":20,"key":"InkBottle"},{"floor":22,"key":"Regal Pillow"},{"floor":25,"key":"StrikeDummy"},{"floor":26,"key":"Ice Cream"},{"floor":27,"key":"Pocketwatch"},{"floor":35,"key":"MealTicket"},{"floor":37,"key":"War Paint"},{"floor":40,"key":"Toxic Egg 2"},{"floor":41,"key":"Bottled Flame"},{"floor":44,"key":"Ornamental Fan"},{"floor":52,"key":"HandDrill"},{"floor":52,"key":"Nunchaku"},{"floor":54,"key":"Mummified Hand"}],"event_choices":[{"damage_healed":0,"gold_gain":0,"cards_transformed":["champ:BladeFlurry"],"player_choice":"Transformed","damage_taken":0,"max_hp_gain":0,"max_hp_loss":0,"event_name":"Transmorgrifier","floor":3,"gold_loss":0,"cards_obtained":["champ:ShieldThrow"]},{"damage_healed":0,"gold_gain":0,"player_choice":"Fought Mushrooms","damage_taken":0,"max_hp_gain":0,"max_hp_loss":0,"event_name":"Mushrooms","floor":12,"gold_loss":0},{"cards_removed":["champ:FaceSlap"],"damage_healed":0,"gold_gain":0,"player_choice":"Purged","damage_taken":0,"max_hp_gain":0,"max_hp_loss":0,"event_name":"Purifier","floor":13,"gold_loss":0},{"cards_removed":["champ:DeathBlow"],"damage_healed":0,"gold_gain":0,"player_choice":"Removed Attack","damage_taken":0,"max_hp_gain":0,"max_hp_loss":0,"event_name":"Falling","floor":45,"gold_loss":0}],"is_beta":false,"boss_relics":[{"not_picked":["Black Star","Tiny House"],"picked":"Calling Bell"},{"not_picked":["Astrolabe","Velvet Choker"],"picked":"Fusion Hammer"}],"items_purged_floors":[38],"is_endless":false,"potions_floor_spawned":[6,8,10,14,15,16,19,27,28,33,36,49],"ascension_level":2}}