{"host":"grblgsn3zizbz04e","time":1607963310,"event":{"mods":["BaseMod","BetterRewards","Colored Map","Colored Powertips","Googly Eyes","Minty Spire (QoL Compilation)","Rare Cards Sparkle","Relic Stats","Shop Mod","StSLib"],"gold_per_floor":[113,127,140,151,161,161,186,151,151,151,151,165,165,193,193,270,270,284,284,299,317,98,98,113,113,113,113,130,130,161,178,178,257,257,274,549,566,566,566],"floor_reached":38,"playtime":1511,"items_purged":["Strike_G"],"score":1166,"play_id":"e9ff26a3-d833-4a4a-b4d7-ee51b0afcd5c","local_time":"20201214162830","is_ascension_mode":true,"campfire_choices":[{"data":"Caltrops","floor":6.0,"key":"SMITH"},{"data":"Poisoned Stab","floor":10.0,"key":"SMITH"},{"floor":13.0,"key":"REST"},{"data":"Catalyst","floor":15.0,"key":"SMITH"},{"floor":23.0,"key":"REST"},{"floor":25.0,"key":"DIG"},{"floor":27.0,"key":"DIG"},{"floor":29.0,"key":"DIG"},{"floor":32.0,"key":"REST"}],"circlet_count":0,"master_deck":["AscendersBane","Strike_G","Strike_G","Strike_G","Defend_G","Defend_G","Defend_G","Defend_G","Defend_G","Survivor","Neutralize","Crippling Poison","Caltrops+1","Poisoned Stab+1","Glass Knife","Catalyst+1","Phantasmal Killer","CurseOfTheBell","All Out Attack","Night Terror","Dash","Burst","Regret"],"relics":["Ring of the Snake","Strawberry","Vajra","Pen Nib","Lantern","Calling Bell","Smiling Mask","Ornamental Fan","Shovel","Sling","Mummified Hand","Oddly Smooth Stone","Art of War","Bag of Preparation","MealTicket","Fusion Hammer"],"acts_visited":["Exordium","TheCity","TheBeyond"],"potions_floor_usage":[],"damage_taken":[{"damage":3.0,"enemies":"Cultist","floor":1.0,"turns":5.0},{"damage":0.0,"enemies":"Jaw Worm","floor":2.0,"turns":7.0},{"damage":0.0,"enemies":"2 Louse","floor":3.0,"turns":3.0},{"damage":6.0,"enemies":"Exordium Thugs","floor":4.0,"turns":4.0},{"damage":7.0,"enemies":"Large Slime","floor":5.0,"turns":8.0},{"damage":38.0,"enemies":"Lagavulin","floor":7.0,"turns":9.0},{"damage":0.0,"enemies":"3 Louse","floor":12.0,"turns":2.0},{"damage":27.0,"enemies":"3 Sentries","floor":14.0,"turns":7.0},{"damage":17.0,"enemies":"The Guardian","floor":16.0,"turns":8.0},{"damage":27.0,"enemies":"Spheric Guardian","floor":18.0,"turns":5.0},{"damage":17.0,"enemies":"Chosen","floor":20.0,"turns":5.0},{"damage":6.0,"enemies":"Centurion and Healer","floor":21.0,"turns":5.0},{"damage":47.0,"enemies":"Shelled Parasite and Fungi","floor":24.0,"turns":6.0},{"damage":22.0,"enemies":"Snake Plant","floor":28.0,"turns":4.0},{"damage":15.0,"enemies":"Book of Stabbing","floor":30.0,"turns":2.0},{"damage":0.0,"enemies":"3 Cultists","floor":31.0,"turns":2.0},{"damage":107.0,"enemies":"Automaton","floor":33.0,"turns":11.0},{"damage":7.0,"enemies":"3 Shapes","floor":35.0,"turns":5.0},{"damage":30.0,"enemies":"3 Darklings","floor":37.0,"turns":4.0},{"damage":45,"enemies":"Maw","floor":38,"turns":4}],"seed_played":"-2627697544671493218","potions_obtained":[{"floor":1.0,"key":"Strength Potion"},{"floor":3.0,"key":"BlessingOfTheForge"},{"floor":5.0,"key":"Fruit Juice"},{"floor":7.0,"key":"Ancient Potion"},{"floor":12.0,"key":"LiquidBronze"},{"floor":18.0,"key":"Weak Potion"},{"floor":20.0,"key":"SteroidPotion"},{"floor":24.0,"key":"Energy Potion"},{"floor":30.0,"key":"Swift Potion"},{"floor":35.0,"key":"Explosive Potion"},{"floor":37.0,"key":"Energy Potion"}],"is_trial":false,"path_per_floor":["M","M","M","M","M","R","E","?","T","R","?","M","R","E","R","B",null,"M","?","M","M","$","R","M","R","T","R","M","R","E","M","R","B",null,"M","?","M","M"],"character_chosen":"THE_SILENT","items_purchased":["Strawberry","Crippling Poison","Sling"],"campfire_rested":3,"item_purchase_floors":[0,0,22],"current_hp_per_floor":[63,63,63,57,50,50,17,36,36,36,36,36,59,32,32,15,62,35,35,18,12,12,35,57,57,57,57,35,35,20,20,43,42,69,62,62,32,0,0],"gold":566,"neow_bonus":"","is_daily":false,"chose_seed":false,"campfire_upgraded":3,"win_rate":0.0,"timestamp":1607963310,"path_taken":["M","?","M","M","M","R","E","?","T","R","?","?","R","E","R","BOSS","M","?","M","M","$","R","M","R","T","R","M","R","E","M","R","BOSS","M","?","M","M"],"items_purchased_type":["Relic","Card","Relic"],"build_version":"2020-12-13","purchased_purges":1,"victory":false,"max_hp_per_floor":[73,73,73,73,73,73,78,78,78,78,78,78,78,78,78,78,78,78,78,78,78,78,78,78,78,78,78,78,78,78,78,78,78,78,78,78,78,78,78],"relic_stats":{"Shovel":6,"counters":[34,163],"Ornamental Fan":[28],"Mummified Hand":[105],"MealTicket":0,"Pen Nib":[9],"Art of War":[7],"Bag of Preparation":[16],"Smiling Mask":25,"obtain_stats":[{"Lee\u0027s Waffle":13,"Lantern":14,"NeowsBlessing":0,"Vajra":7,"Oddly Smooth Stone":26,"Pen Nib":9,"Bag of Preparation":29,"Paper Crane":9,"Ancient Tea Set":6,"Smiling Mask":17,"Sling":22,"Calling Bell":17,"Centennial Puzzle":0,"Shovel":17,"Ornamental Fan":17,"Mummified Hand":25,"Strawberry":0,"Tiny Chest":26,"MealTicket":30,"WingedGreaves":2,"Fusion Hammer":34,"Art of War":27,"Ring of the Snake":0,"Runic Pyramid":17},{"Lee\u0027s Waffle":6,"Lantern":22,"NeowsBlessing":0,"Vajra":20,"Oddly Smooth Stone":27,"Pen Nib":20,"Bag of Preparation":28,"Paper Crane":4,"Ancient Tea Set":3,"Smiling Mask":23,"Sling":26,"Calling Bell":23,"Centennial Puzzle":0,"Shovel":23,"Ornamental Fan":23,"Mummified Hand":27,"Strawberry":14,"Tiny Chest":11,"MealTicket":29,"WingedGreaves":1,"Fusion Hammer":31,"Art of War":27,"Ring of the Snake":0,"Runic Pyramid":8},{"Lee\u0027s Waffle":12,"Lantern":102,"NeowsBlessing":0,"Vajra":93,"Oddly Smooth Stone":131,"Pen Nib":93,"Bag of Preparation":135,"Paper Crane":4,"Ancient Tea Set":3,"Smiling Mask":110,"Sling":125,"Calling Bell":110,"Centennial Puzzle":0,"Shovel":110,"Ornamental Fan":110,"Mummified Hand":131,"Strawberry":57,"Tiny Chest":45,"MealTicket":137,"WingedGreaves":1,"Fusion Hammer":150,"Art of War":131,"Ring of the Snake":0,"Runic Pyramid":27}],"Ring of the Snake":[68]},"card_choices":[{"not_picked":["Choke","Sucker Punch"],"picked":"Caltrops","floor":1.0},{"not_picked":["Bane","Expertise"],"picked":"Poisoned Stab","floor":2.0},{"not_picked":["Dagger Throw","Grand Finale","Acrobatics"],"picked":"SKIP","floor":3.0},{"not_picked":["Choke","Dagger Throw","Riddle With Holes"],"picked":"SKIP","floor":4.0},{"not_picked":["Cloak And Dagger","Prepared","Blade Dance"],"picked":"SKIP","floor":5.0},{"not_picked":["Prepared","Reflex","Escape Plan"],"picked":"SKIP","floor":7.0},{"not_picked":["Prepared","Dash"],"picked":"Glass Knife","floor":12.0},{"not_picked":["Choke","Eviscerate"],"picked":"Catalyst","floor":14.0},{"not_picked":["Grand Finale","Adrenaline"],"picked":"Phantasmal Killer","floor":16.0},{"not_picked":["Acrobatics","Cloak And Dagger","Sucker Punch"],"picked":"SKIP","floor":18.0},{"not_picked":["Deadly Poison","Prepared"],"picked":"All Out Attack","floor":20.0},{"not_picked":["Dagger Throw+1","Outmaneuver"],"picked":"Night Terror","floor":21.0},{"not_picked":["Expertise","PiercingWail"],"picked":"Dash","floor":24.0},{"not_picked":["Blade Dance","Concentrate","Acrobatics"],"picked":"SKIP","floor":28.0},{"not_picked":["Heel Hook","Choke","Deadly Poison"],"picked":"SKIP","floor":30.0},{"not_picked":["Infinite Blades","Dodge and Roll","Prepared"],"picked":"SKIP","floor":31.0},{"not_picked":["Unload","Die Die Die"],"picked":"Burst","floor":33.0},{"not_picked":["Predator+1","Bane","Riddle With Holes"],"picked":"SKIP","floor":35.0},{"not_picked":["Poisoned Stab","Quick Slash","Dagger Spray"],"picked":"SKIP","floor":37.0}],"player_experience":720705,"relics_obtained":[{"floor":7.0,"key":"Vajra"},{"floor":9.0,"key":"Pen Nib"},{"floor":14.0,"key":"Lantern"},{"floor":17.0,"key":"Smiling Mask"},{"floor":17.0,"key":"Ornamental Fan"},{"floor":17.0,"key":"Shovel"},{"floor":25.0,"key":"Mummified Hand"},{"floor":26.0,"key":"Oddly Smooth Stone"},{"floor":27.0,"key":"Art of War"},{"floor":29.0,"key":"Bag of Preparation"},{"floor":30.0,"key":"MealTicket"}],"event_choices":[{"damage_healed":19.0,"max_hp_gain":0.0,"max_hp_loss":0.0,"gold_gain":0.0,"event_name":"The Cleric","player_choice":"Healed","floor":8.0,"gold_loss":35.0,"damage_taken":0.0},{"cards_removed":["Strike_G"],"damage_healed":0.0,"max_hp_gain":0.0,"max_hp_loss":0.0,"gold_gain":0.0,"event_name":"Bonfire Elementals","player_choice":"Offered Basic","floor":11.0,"gold_loss":0.0,"damage_taken":0.0},{"damage_healed":0.0,"max_hp_gain":0.0,"max_hp_loss":0.0,"gold_gain":0.0,"event_name":"Ghosts","player_choice":"Ignored","floor":19.0,"gold_loss":0.0,"damage_taken":0.0},{"damage_healed":0.0,"max_hp_gain":0.0,"max_hp_loss":0.0,"gold_gain":275.0,"event_name":"Golden Shrine","player_choice":"Desecrate","floor":36.0,"gold_loss":0.0,"damage_taken":0.0,"cards_obtained":["Regret"]}],"is_beta":false,"boss_relics":[{"not_picked":["Velvet Choker","HoveringKite"],"picked":"Calling Bell"},{"not_picked":["Snecko Eye","Runic Pyramid"],"picked":"Fusion Hammer"}],"items_purged_floors":[22],"is_endless":false,"potions_floor_spawned":[1,3,5,7,12,14,18,20,24,30,35,37],"killed_by":"Maw","ascension_level":20}}