{"host":"nmjik3bzoelmmajy","time":1607952465,"event":{"mods":["BaseMod","Better Third Choice","Colored Map","DeckTracker","Minty Spire (QoL Compilation)","Quick Restart","Say the Spire","StSLib","SuperFastMode"],"gold_per_floor":[117,117,127,127,139,465,465,494,563,578,578,578,612,632,632,632,632],"floor_reached":16,"playtime":625,"items_purged":[],"score":216,"play_id":"f68e24a9-ac55-4fea-84e3-73cc2521450d","local_time":"20201214222745","is_ascension_mode":true,"campfire_choices":[{"data":"Glass Knife","floor":7,"key":"SMITH"},{"data":"Leg Sweep","floor":12,"key":"SMITH"},{"data":"Tools of the Trade","floor":15,"key":"SMITH"}],"circlet_count":0,"master_deck":["AscendersBane","Strike_G","Strike_G","Strike_G","Defend_G","Defend_G","Defend_G","Defend_G","Defend_G","Survivor","Neutralize","Glass Knife+1","Leg Sweep+1","Blade Dance+1","Noxious Fumes","PiercingWail","Tools of the Trade+1","Finisher"],"relics":["Ring of the Snake","Old Coin","Art of War","Shuriken","Juzu Bracelet"],"acts_visited":["Exordium"],"potions_floor_usage":[6,8,13,16],"damage_taken":[{"damage":0,"enemies":"Cultist","floor":1,"turns":4},{"damage":0,"enemies":"Small Slimes","floor":3,"turns":4},{"damage":0,"enemies":"Jaw Worm","floor":5,"turns":6},{"damage":13,"enemies":"Lagavulin","floor":6,"turns":9},{"damage":2,"enemies":"3 Sentries","floor":8,"turns":7},{"damage":3,"enemies":"Lots of Slimes","floor":10,"turns":5},{"damage":11,"enemies":"Lagavulin","floor":13,"turns":7},{"damage":0,"enemies":"2 Fungi Beasts","floor":14,"turns":2},{"damage":28,"enemies":"Slime Boss","floor":16,"turns":8}],"seed_played":"6545710033051210326","potions_obtained":[{"floor":3,"key":"Dexterity Potion"},{"floor":6,"key":"Energy Potion"},{"floor":8,"key":"Ancient Potion"},{"floor":14,"key":"CunningPotion"}],"is_trial":false,"path_per_floor":["M","?","M","?","M","E","R","E","T","M","?","R","E","M","R","B"],"character_chosen":"THE_SILENT","items_purchased":[],"campfire_rested":0,"item_purchase_floors":[],"current_hp_per_floor":[59,52,52,52,52,39,39,37,37,34,34,34,23,23,23,0,0],"gold":632,"neow_bonus":"ONE_RANDOM_RARE_CARD","is_daily":false,"chose_seed":false,"campfire_upgraded":3,"win_rate":0.0,"timestamp":1607952465,"path_taken":["M","?","M","?","M","E","R","E","T","M","?","R","E","M","R","BOSS"],"items_purchased_type":[],"build_version":"2020-12-13","purchased_purges":0,"victory":false,"max_hp_per_floor":[66,66,66,66,66,66,66,66,66,66,66,66,66,66,66,66,66],"card_choices":[{"not_picked":["Flying Knee","Deadly Poison"],"picked":"Leg Sweep","floor":1},{"not_picked":["Underhanded Strike","Dodge and Roll"],"picked":"Blade Dance","floor":3},{"not_picked":["Deadly Poison","Outmaneuver"],"picked":"Noxious Fumes","floor":5},{"not_picked":["Slice","Deflect","Predator"],"picked":"SKIP","floor":6},{"not_picked":["Deflect","Dagger Throw"],"picked":"PiercingWail","floor":8},{"not_picked":["Outmaneuver","Deadly Poison","PiercingWail"],"picked":"SKIP","floor":10},{"not_picked":["Outmaneuver","Masterful Stab"],"picked":"Tools of the Trade","floor":13},{"not_picked":["Deadly Poison","Slice"],"picked":"Finisher","floor":14}],"player_experience":805928,"relics_obtained":[{"floor":6,"key":"Old Coin"},{"floor":8,"key":"Art of War"},{"floor":9,"key":"Shuriken"},{"floor":13,"key":"Juzu Bracelet"}],"event_choices":[{"cards_removed":["Strike_G"],"damage_healed":0,"gold_gain":0,"player_choice":"Card Removal","damage_taken":7,"max_hp_gain":0,"max_hp_loss":0,"event_name":"Golden Wing","floor":2,"gold_loss":0},{"cards_removed":["Strike_G"],"damage_healed":0,"gold_gain":0,"player_choice":"Forget","damage_taken":0,"max_hp_gain":0,"max_hp_loss":0,"event_name":"Living Wall","floor":4,"gold_loss":0},{"damage_healed":0,"gold_gain":0,"player_choice":"Upgraded","damage_taken":0,"max_hp_gain":0,"max_hp_loss":0,"event_name":"Upgrade Shrine","floor":11,"gold_loss":0,"cards_upgraded":["Blade Dance"]}],"is_beta":false,"boss_relics":[],"items_purged_floors":[],"is_endless":false,"potions_floor_spawned":[3,6,8,14],"killed_by":"Slime Boss","ascension_level":16}}