{"host":"08sn1703g14rasc1","time":1607986326,"event":{"mods":["AchievementEnabler","BaseMod","Colored Map","Colored Powertips","Hermit","Minty Spire (QoL Compilation)","StSLib"],"gold_per_floor":[115,115,40,40,65,65,99,274,323,30,105,119,134,148,148,267,267,286,6,25,25,25,63,63,63,63,63,88,88,38,74,74,74,74],"floor_reached":33,"playtime":1004,"items_purged":["Defend_B","Doubt","Strike_B","Defend_B"],"score":413,"play_id":"ad9757dc-3f09-43a4-8593-74748842e87b","local_time":"20201214145206","is_ascension_mode":true,"campfire_choices":[{"data":"Sunder","floor":6,"key":"SMITH"},{"floor":15,"key":"REST"},{"data":"Scrape","floor":27,"key":"SMITH"},{"floor":29,"key":"REST"},{"data":"Rainbow","floor":32,"key":"SMITH"}],"circlet_count":0,"master_deck":["Strike_B","Strike_B","Defend_B","Defend_B","Zap","Dualcast","Glacier","Sunder+1","Auto Shields","Gash","Chill","Beam Cell+1","Doom and Gloom","Scrape+1","Core Surge","Capacitor+1","Gash+1","Go for the Eyes","Gash","Go for the Eyes+1","Rainbow+1"],"relics":["SacredBark","MealTicket","Golden Idol","PreservedInsect","Smiling Mask","Boot","Nuclear Battery","Blood Vial","Enchiridion","Bottled Flame","Whetstone","Molten Egg 2"],"acts_visited":["Exordium","TheCity"],"potions_floor_usage":[7,16,16,23,33,33],"damage_taken":[{"damage":2,"enemies":"Jaw Worm","floor":1,"turns":3},{"damage":1,"enemies":"Small Slimes","floor":5,"turns":4},{"damage":30,"enemies":"Lagavulin","floor":7,"turns":9},{"damage":0,"enemies":"2 Louse","floor":12,"turns":2},{"damage":9,"enemies":"Lots of Slimes","floor":13,"turns":4},{"damage":5,"enemies":"2 Fungi Beasts","floor":14,"turns":3},{"damage":24,"enemies":"Hexaghost","floor":16,"turns":10},{"damage":5,"enemies":"Chosen","floor":18,"turns":4},{"damage":11,"enemies":"2 Thieves","floor":20,"turns":4},{"damage":0,"enemies":"Slavers","floor":23,"turns":3},{"damage":16,"enemies":"Sentry and Sphere","floor":28,"turns":5},{"damage":12,"enemies":"Gremlin Leader","floor":31,"turns":4},{"damage":67,"enemies":"Champ","floor":33,"turns":8}],"seed_played":"2964985801257748250","potions_obtained":[{"floor":5,"key":"LiquidMemories"},{"floor":12,"key":"SkillPotion"},{"floor":13,"key":"Weak Potion"},{"floor":18,"key":"FearPotion"},{"floor":23,"key":"PotionOfCapacity"}],"is_trial":false,"path_per_floor":["M","?","$","?","M","R","E","?","T","$","?","M","M","M","R","B",null,"M","$","M","$","?","E","?","?","T","R","M","R","$","E","R","B"],"character_chosen":"DEFECT","items_purchased":["Boot","Gash","Chill","Blood Vial","DistilledChaos"],"campfire_rested":2,"item_purchase_floors":[10,10,10,19,19],"current_hp_per_floor":[66,63,75,57,56,56,26,26,26,41,30,30,21,16,38,14,60,55,70,61,75,59,61,61,61,61,61,47,69,75,63,63,0,0],"gold":74,"neow_bonus":"BOSS_RELIC","is_daily":false,"chose_seed":false,"campfire_upgraded":3,"win_rate":0.0,"timestamp":1607986326,"path_taken":["M","?","$","?","M","R","E","?","T","?","?","M","M","M","R","BOSS","M","$","M","$","?","E","?","?","T","R","M","R","$","E","R","BOSS"],"items_purchased_type":["Relic","Card","Card","Relic","Potion"],"build_version":"2020-12-13","purchased_purges":4,"victory":false,"max_hp_per_floor":[75,75,75,75,75,75,75,75,75,75,75,75,75,75,75,75,75,75,75,75,75,75,75,75,75,75,75,75,75,75,75,75,75,75],"card_choices":[{"not_picked":["Go for the Eyes","Cold Snap"],"picked":"Glacier","floor":1},{"not_picked":["Tempest","Cold Snap"],"picked":"Sunder","floor":5},{"not_picked":["Rebound","Stack"],"picked":"Auto Shields","floor":7},{"not_picked":["Streamline","Tempest"],"picked":"Beam Cell","floor":12},{"not_picked":["Static Discharge","Glacier"],"picked":"Doom and Gloom","floor":13},{"not_picked":["Aggregate","Conserve Battery"],"picked":"Scrape","floor":14},{"not_picked":["Hyperbeam","Creative AI"],"picked":"Core Surge","floor":16},{"not_picked":["Hello World","Glacier"],"picked":"Capacitor+1","floor":18},{"not_picked":["Steam+1","Go for the Eyes"],"picked":"Gash","floor":20},{"not_picked":["Coolheaded","Defragment"],"picked":"Go for the Eyes","floor":23},{"not_picked":["Conserve Battery","Loop"],"picked":"Go for the Eyes+1","floor":28},{"not_picked":["Steam+1","Static Discharge"],"picked":"Rainbow","floor":31}],"player_experience":398309,"relics_obtained":[{"floor":7,"key":"PreservedInsect"},{"floor":9,"key":"Smiling Mask"},{"floor":22,"key":"Enchiridion"},{"floor":23,"key":"Bottled Flame"},{"floor":26,"key":"Whetstone"},{"floor":31,"key":"Molten Egg 2"}],"event_choices":[{"damage_healed":0,"gold_gain":0,"player_choice":"Success","damage_taken":3,"relics_obtained":["MealTicket"],"max_hp_gain":0,"max_hp_loss":0,"event_name":"Scrap Ooze","floor":2,"gold_loss":0},{"damage_healed":0,"gold_gain":0,"player_choice":"Take Damage","damage_taken":18,"relics_obtained":["Golden Idol"],"max_hp_gain":0,"max_hp_loss":0,"event_name":"Golden Idol","floor":4,"gold_loss":0},{"damage_healed":0,"gold_gain":175,"player_choice":"AGREE","damage_taken":0,"max_hp_gain":0,"max_hp_loss":0,"event_name":"Liars Game","floor":8,"gold_loss":0,"cards_obtained":["Doubt"]},{"damage_healed":0,"gold_gain":75,"player_choice":"Gather Gold","damage_taken":11,"max_hp_gain":0,"max_hp_loss":0,"event_name":"World of Goop","floor":11,"gold_loss":0},{"damage_healed":0,"gold_gain":0,"player_choice":"Obtained Book","damage_taken":16,"max_hp_gain":0,"max_hp_loss":0,"event_name":"Cursed Tome","floor":22,"gold_loss":0},{"damage_healed":0,"gold_gain":0,"player_choice":"Read","damage_taken":0,"max_hp_gain":0,"max_hp_loss":0,"event_name":"The Library","floor":24,"gold_loss":0,"cards_obtained":["Gash"]},{"cards_removed":["Strike_B"],"damage_healed":0,"gold_gain":0,"player_choice":"Elegance","damage_taken":0,"max_hp_gain":0,"max_hp_loss":0,"event_name":"Back to Basics","floor":25,"gold_loss":0}],"is_beta":false,"boss_relics":[{"not_picked":["Black Star","Tiny House"],"picked":"Nuclear Battery"}],"items_purged_floors":[3,10,19,30],"is_endless":false,"potions_floor_spawned":[5,12,13,18,23],"killed_by":"Champ","ascension_level":7}}