{"host":"kda2p2afd6bvz6qo","time":1607985436,"event":{"mods":["BaseMod","Colored Map","Minty Spire (QoL Compilation)","Relic Stats"],"gold_per_floor":[119,44,219,238,238,238,33,68,120,132,158,158,172,202,202,303,303,316,120,45,144,144,144,175,195,195,195,195,213,243,49,49,154,204,217,217,237,287,306,306,306],"floor_reached":40,"playtime":3458,"items_purged":["Strike_G","Strike_G","Strike_G"],"score":701,"play_id":"bc7a9412-1a93-4ea4-bd63-ca6e16607019","local_time":"20201214223716","is_ascension_mode":true,"campfire_choices":[{"data":"Endless Agony","floor":6,"key":"SMITH"},{"data":"Blade Dance","floor":12,"key":"SMITH"},{"data":"Cloak And Dagger","floor":15,"key":"SMITH"},{"data":"Adrenaline","floor":23,"key":"SMITH"},{"data":"Cloak And Dagger","floor":27,"key":"SMITH"},{"data":"Noxious Fumes","floor":32,"key":"SMITH"}],"circlet_count":0,"master_deck":["Strike_G","Defend_G","Defend_G","Defend_G","Defend_G","Defend_G","Survivor","Neutralize","PiercingWail","Endless Agony+1","Blade Dance+1","Adrenaline+1","PiercingWail","Prepared","Cloak And Dagger+1","Cloak And Dagger+1","Bouncing Flask","Acrobatics","After Image","PiercingWail+1","Infinite Blades+1","Blade Dance","Backstab","Crippling Poison","Backstab","Noxious Fumes+1","Burst","Madness","Madness","Backstab+1","Prepared+1"],"relics":["WristBlade","Orrery","Regal Pillow","Strawberry","Mango","MealTicket","Black Star","Ornamental Fan","Tingsha","Bottled Tornado","Bag of Preparation","Ancient Tea Set","Boot","Tiny House","The Specimen"],"acts_visited":["Exordium","TheCity","TheBeyond"],"potions_floor_usage":[8,16,24,33,35,40],"damage_taken":[{"damage":3,"enemies":"2 Louse","floor":1,"turns":3},{"damage":2,"enemies":"Small Slimes","floor":4,"turns":7},{"damage":15,"enemies":"Lagavulin","floor":8,"turns":6},{"damage":0,"enemies":"Jaw Worm","floor":10,"turns":2},{"damage":11,"enemies":"3 Sentries","floor":11,"turns":8},{"damage":0,"enemies":"Blue Slaver","floor":13,"turns":2},{"damage":4,"enemies":"Lagavulin","floor":14,"turns":5},{"damage":11,"enemies":"Slime Boss","floor":16,"turns":7},{"damage":3,"enemies":"Spheric Guardian","floor":18,"turns":4},{"damage":24,"enemies":"Gremlin Leader","floor":24,"turns":8},{"damage":0,"enemies":"3 Byrds","floor":25,"turns":4},{"damage":0,"enemies":"Shelled Parasite and Fungi","floor":29,"turns":4},{"damage":14,"enemies":"Slavers","floor":30,"turns":5},{"damage":3,"enemies":"Champ","floor":33,"turns":9},{"damage":6,"enemies":"Orb Walker","floor":35,"turns":4},{"damage":7,"enemies":"3 Shapes","floor":37,"turns":6},{"damage":4,"enemies":"Mind Bloom Boss Battle","floor":38,"turns":7},{"damage":11,"enemies":"3 Darklings","floor":39,"turns":4},{"damage":53,"enemies":"Giant Head","floor":40,"turns":8}],"seed_played":"842171824350913205","potions_obtained":[{"floor":4,"key":"FearPotion"},{"floor":8,"key":"Swift Potion"},{"floor":10,"key":"Dexterity Potion"},{"floor":14,"key":"Ancient Potion"},{"floor":16,"key":"CultistPotion"},{"floor":18,"key":"AttackPotion"},{"floor":25,"key":"Energy Potion"},{"floor":33,"key":"SpeedPotion"},{"floor":39,"key":"SkillPotion"}],"is_trial":false,"path_per_floor":["M","$","?","M","?","R","$","E","T","M","E","R","M","E","R","B",null,"M","$","?","?","?","R","E","M","T","R","?","M","E","$","R","B",null,"M","?","M","?","M","E"],"character_chosen":"THE_SILENT","items_purchased":["Orrery","Cloak And Dagger","Infinite Blades","Blade Dance","Noxious Fumes"],"campfire_rested":0,"item_purchase_floors":[7,7,19,19,31],"current_hp_per_floor":[60,60,60,58,51,51,51,36,43,43,46,46,46,42,42,31,76,73,88,88,88,70,70,46,46,46,46,46,46,32,47,47,44,88,82,69,62,58,47,0,0],"gold":306,"neow_bonus":"BOSS_RELIC","is_daily":false,"chose_seed":false,"campfire_upgraded":6,"win_rate":0.0,"timestamp":1607985436,"path_taken":["M","$","?","M","?","R","$","E","T","M","E","R","M","E","R","BOSS","M","$","?","?","?","R","E","M","T","R","?","M","E","$","R","BOSS","M","?","M","?","M","E"],"items_purchased_type":["Relic","Card","Card","Card","Card"],"build_version":"2020-12-13","purchased_purges":3,"victory":false,"max_hp_per_floor":[70,70,70,70,70,70,70,70,77,77,91,91,91,91,91,91,91,91,91,91,91,96,96,96,96,96,96,96,96,96,96,96,96,101,101,101,101,101,101,101,101],"relic_stats":{"Regal Pillow":0,"counters":[19,103],"Ornamental Fan":[180],"MealTicket":30,"Tingsha":[54],"Black Star":2,"Bag of Preparation":[17],"Boot":[0],"obtain_stats":[{"Regal Pillow":8,"Tiny House":34,"The Specimen":38,"Mango":11,"Tingsha":24,"Bag of Preparation":28,"Bottled Tornado":26,"Ancient Tea Set":30,"Boot":30,"WristBlade":0,"Ornamental Fan":24,"Strawberry":9,"Orrery":7,"MealTicket":14,"Black Star":17,"Ring of the Snake":0},{"Regal Pillow":3,"Tiny House":14,"The Specimen":17,"Mango":5,"Tingsha":10,"Bag of Preparation":11,"Bottled Tornado":11,"Ancient Tea Set":13,"Boot":13,"WristBlade":0,"Ornamental Fan":10,"Strawberry":3,"Orrery":2,"MealTicket":7,"Black Star":8,"Ring of the Snake":0},{"Regal Pillow":16,"Tiny House":74,"The Specimen":91,"Mango":26,"Tingsha":52,"Bag of Preparation":56,"Bottled Tornado":56,"Ancient Tea Set":65,"Boot":65,"WristBlade":0,"Ornamental Fan":52,"Strawberry":16,"Orrery":10,"MealTicket":33,"Black Star":40,"Ring of the Snake":0}]},"card_choices":[{"not_picked":["Poisoned Stab","Footwork"],"picked":"PiercingWail","floor":1},{"not_picked":["Dodge and Roll","Backstab"],"picked":"Endless Agony","floor":4},{"not_picked":["PiercingWail","Deadly Poison"],"picked":"Blade Dance","floor":7},{"not_picked":["Terror","Cloak And Dagger"],"picked":"Adrenaline","floor":7},{"not_picked":["Prepared","Eviscerate"],"picked":"PiercingWail","floor":7},{"not_picked":["Quick Slash","Deflect"],"picked":"Prepared","floor":7},{"not_picked":["Backstab","Distraction"],"picked":"Cloak And Dagger","floor":8},{"not_picked":["Setup","Bane","PiercingWail"],"picked":"SKIP","floor":10},{"not_picked":["Underhanded Strike","Backflip"],"picked":"Bouncing Flask","floor":11},{"not_picked":["Setup","Quick Slash","Heel Hook"],"picked":"SKIP","floor":13},{"not_picked":["Heel Hook","Poisoned Stab"],"picked":"Acrobatics","floor":14},{"not_picked":["Glass Knife","Grand Finale"],"picked":"After Image","floor":16},{"not_picked":["Dagger Throw","Sucker Punch+1"],"picked":"PiercingWail+1","floor":18},{"not_picked":["Acrobatics","Quick Slash"],"picked":"Backstab","floor":24},{"not_picked":["Dagger Spray","Sucker Punch","Acrobatics"],"picked":"SKIP","floor":25},{"not_picked":["Well Laid Plans","Poisoned Stab"],"picked":"Crippling Poison","floor":29},{"not_picked":["Sucker Punch","Dash"],"picked":"Backstab","floor":30},{"not_picked":["Night Terror","Bullet Time"],"picked":"Burst","floor":33},{"not_picked":["Bane+1","Dagger Spray","Flying Knee+1"],"picked":"SKIP","floor":35},{"not_picked":["Cloak And Dagger","PiercingWail+1"],"picked":"Backstab+1","floor":37},{"not_picked":["Bane","Dodge and Roll"],"picked":"Prepared+1","floor":39}],"player_experience":53374,"relics_obtained":[{"floor":8,"key":"Regal Pillow"},{"floor":9,"key":"Strawberry"},{"floor":11,"key":"Mango"},{"floor":14,"key":"MealTicket"},{"floor":24,"key":"Ornamental Fan"},{"floor":24,"key":"Tingsha"},{"floor":26,"key":"Bottled Tornado"},{"floor":30,"key":"Ancient Tea Set"},{"floor":30,"key":"Boot"},{"floor":38,"key":"The Specimen"}],"event_choices":[{"damage_healed":0,"gold_gain":175,"player_choice":"AGREE","damage_taken":0,"max_hp_gain":0,"max_hp_loss":0,"event_name":"Liars Game","floor":3,"gold_loss":0,"cards_obtained":["Doubt"]},{"cards_removed":["Doubt"],"damage_healed":0,"gold_gain":0,"player_choice":"Card Removal","damage_taken":7,"max_hp_gain":0,"max_hp_loss":0,"event_name":"Golden Wing","floor":5,"gold_loss":0},{"cards_removed":["Strike_G"],"damage_healed":0,"gold_gain":0,"player_choice":"Gave Gold","damage_taken":0,"max_hp_gain":0,"max_hp_loss":0,"event_name":"Beggar","floor":20,"gold_loss":75},{"damage_healed":0,"gold_gain":99,"player_choice":"Stole From Cult","damage_taken":0,"max_hp_gain":0,"max_hp_loss":0,"event_name":"Nest","floor":21,"gold_loss":0},{"damage_healed":0,"gold_gain":0,"player_choice":"Shed Blood","damage_taken":23,"max_hp_gain":5,"max_hp_loss":0,"event_name":"Forgotten Altar","floor":22,"gold_loss":0},{"damage_healed":0,"gold_gain":0,"player_choice":"Opened","damage_taken":0,"relics_obtained":["Bag of Preparation"],"max_hp_gain":0,"max_hp_loss":0,"event_name":"The Mausoleum","floor":28,"gold_loss":0},{"damage_healed":0,"gold_gain":0,"player_choice":"Embrace Madness","damage_taken":13,"max_hp_gain":0,"max_hp_loss":0,"event_name":"Winding Halls","floor":36,"gold_loss":0,"cards_obtained":["Madness","Madness"]},{"damage_healed":0,"gold_gain":0,"player_choice":"Fight","damage_taken":0,"max_hp_gain":0,"max_hp_loss":0,"event_name":"MindBloom","floor":38,"gold_loss":0}],"is_beta":false,"boss_relics":[{"not_picked":["SacredBark","Runic Pyramid"],"picked":"Black Star"},{"not_picked":["Snecko Eye","Pandora\u0027s Box"],"picked":"Tiny House"}],"items_purged_floors":[2,19,31],"is_endless":false,"potions_floor_spawned":[4,8,10,14,16,18,25,33,39],"killed_by":"Giant Head","ascension_level":8}}