{"host":"jm9833yuloeli2yd","time":1607979813,"event":{"mods":["AchievementEnabler","BaseMod","Better Altar","Better Match","Better Note","Better Sensory Stone","Better Skull","Better Vampires","Colored Map","Colored Powertips","DeckTracker","Minty Spire (QoL Compilation)","Permanent Neow","Quick Restart","Replay The Spire","StSLib","SuperFastMode"],"gold_per_floor":[116,116,266,4,59,85,85,114,139,139,167,231,231,256,256,333,333,353,353,117,117,128,128,128,128],"floor_reached":24,"playtime":474,"items_purged":["Doubt","Zap"],"score":515,"play_id":"ae8a34c3-8849-4c4e-be41-3b7cb5aa2e20","local_time":"20201214160333","is_ascension_mode":true,"campfire_choices":[{"data":"Defragment","floor":7,"key":"SMITH"},{"floor":10,"key":"REST"},{"floor":13,"key":"REST"},{"floor":15,"key":"REST"},{"data":"Consume","floor":23,"key":"SMITH"}],"circlet_count":0,"master_deck":["AscendersBane","Defend_B","Defend_B","Defend_B","Defend_B","Dualcast","Reinforced Body","Defragment+1","Doom and Gloom+1","Capacitor","Barrage","Compile Driver","BootSequence","Echo Form","Biased Cognition","Bite","Bite","Bite","Bite","Consume+1","Cold Snap","Undo"],"relics":["Cracked Core","NeowsBlessing","Ring of Hypnosis","ReplayTheSpireMod:Ring of Challenge","Vajra","Replay:Rubber Ducky","ReplayTheSpireMod:TigerMarble","Cables","Meat on the Bone","Painkiller Herb","Oddly Smooth Stone"],"acts_visited":["Exordium","TheCity"],"potions_floor_usage":[8,11,12,16],"damage_taken":[{"damage":0,"enemies":"Jaw Worm","floor":1,"turns":1},{"damage":0,"enemies":"2 Louse","floor":5,"turns":1},{"damage":0,"enemies":"3 Sentries","floor":6,"turns":1},{"damage":55,"enemies":"Gremlin Nob","floor":8,"turns":5},{"damage":22,"enemies":"3 Sentries","floor":11,"turns":6},{"damage":0,"enemies":"Small Slimes","floor":12,"turns":3},{"damage":23,"enemies":"Gremlin Nob","floor":14,"turns":4},{"damage":8,"enemies":"Slime Boss","floor":16,"turns":7},{"damage":14,"enemies":"3 Byrds","floor":18,"turns":4},{"damage":0,"enemies":"2 Thieves","floor":22,"turns":3},{"damage":50,"enemies":"Book of Stabbing","floor":24,"turns":7}],"seed_played":"-2967138721665512128","potions_obtained":[{"floor":8,"key":"Fire Potion"},{"floor":11,"key":"ColorlessPotion"},{"floor":14,"key":"AttackPotion"},{"floor":22,"key":"Death Potion"}],"is_trial":false,"path_per_floor":["M","?","?","$","M","E","R","E","T","R","E","M","R","E","R","B",null,"?","?","T","?","?","T","E"],"character_chosen":"DEFECT","items_purchased":["Defragment","Doom and Gloom+1","SteroidPotion","Consume","Cold Snap"],"campfire_rested":3,"item_purchase_floors":[4,4,4,20,20],"current_hp_per_floor":[64,64,64,64,64,64,64,9,9,30,8,8,29,6,27,31,61,47,47,47,33,37,37,0,0],"gold":128,"neow_bonus":"THREE_ENEMY_KILL","is_daily":false,"chose_seed":false,"campfire_upgraded":2,"win_rate":0.0,"timestamp":1607979813,"path_taken":["M","?","?","$","M","E","R","E","T","R","E","M","R","E","R","BOSS","?","?","T","?","?","T","E"],"items_purchased_type":["Card","Card","Potion","Card","Card"],"build_version":"2020-12-13","purchased_purges":2,"victory":false,"max_hp_per_floor":[71,71,71,71,71,71,71,71,71,71,71,71,71,71,71,71,71,71,53,53,53,53,53,53,53],"card_choices":[{"not_picked":["Hologram","White Noise"],"picked":"Reinforced Body","floor":1},{"not_picked":["Redo","Blizzard"],"picked":"Capacitor","floor":5},{"not_picked":["Crystallizer","Amplify"],"picked":"Barrage","floor":6},{"not_picked":["Sweeping Beam","Beam Cell"],"picked":"Compile Driver","floor":8},{"not_picked":["ReplayTheSpireMod:Repulse","Storm","BasicCrystalCard"],"picked":"SKIP","floor":11},{"not_picked":["Sweeping Beam","Heatsinks"],"picked":"BootSequence","floor":12},{"not_picked":["Darkness","Go for the Eyes"],"picked":"Echo Form","floor":14},{"not_picked":["Rainbow","Buffer"],"picked":"Biased Cognition","floor":16},{"not_picked":["Panic Button","Crystallizer","Streamline"],"picked":"SKIP","floor":18},{"not_picked":["FIFO Queue","BootSequence"],"picked":"Undo","floor":22}],"player_experience":1057534,"relics_obtained":[{"floor":2,"key":"Ring of Hypnosis"},{"floor":2,"key":"ReplayTheSpireMod:Ring of Challenge"},{"floor":6,"key":"Vajra"},{"floor":8,"key":"Replay:Rubber Ducky"},{"floor":9,"key":"ReplayTheSpireMod:TigerMarble"},{"floor":11,"key":"Cables"},{"floor":14,"key":"Meat on the Bone"}],"event_choices":[{"damage_healed":0,"gold_gain":150,"player_choice":"AGREE","damage_taken":0,"max_hp_gain":0,"max_hp_loss":0,"event_name":"Liars Game","floor":3,"gold_loss":0,"cards_obtained":["Doubt"]},{"damage_healed":0,"gold_gain":0,"player_choice":"Became a vampire","damage_taken":0,"max_hp_gain":0,"max_hp_loss":18,"event_name":"Vampires","floor":19,"gold_loss":0,"cards_obtained":["Bite","Bite","Bite","Bite"]},{"damage_healed":0,"gold_gain":0,"player_choice":"RE ","damage_taken":16,"relics_obtained":["Oddly Smooth Stone"],"max_hp_gain":0,"max_hp_loss":0,"event_name":"betterSkull:BetterSkull","floor":21,"gold_loss":0,"cards_upgraded":[]}],"is_beta":false,"boss_relics":[{"not_picked":["Kintsugi","Philosopher\u0027s Stone"],"picked":"Painkiller Herb"}],"items_purged_floors":[4,20],"is_endless":false,"potions_floor_spawned":[8,11,14,22],"killed_by":"Book of Stabbing","ascension_level":20}}