{"host":"mvlqq966zh3ccmv5","time":1607961540,"event":{"mods":["AchievementEnabler","BaseMod","DeckTracker","Minty Spire (QoL Compilation)","SuperFastMode"],"gold_per_floor":[368,468,480,179,193,193,193,206,206,225,236,262,277,292,292,292,292],"floor_reached":16,"playtime":227,"items_purged":[],"score":96,"play_id":"a8aaa1e4-51a6-43c9-9ecb-50bad2756fea","local_time":"20201215005900","is_ascension_mode":false,"campfire_choices":[{"data":"Dual Wield","floor":6,"key":"SMITH"},{"data":"Bash","floor":15,"key":"SMITH"}],"circlet_count":0,"master_deck":["Strike_R","Strike_R","Strike_R","Strike_R","Defend_R","Defend_R","Defend_R","Defend_R","Bash+1","Dual Wield+1"],"relics":["Burning Blood","Vajra","Orichalcum","Centennial Puzzle","MealTicket"],"acts_visited":["Exordium"],"potions_floor_usage":[],"damage_taken":[{"damage":6,"enemies":"Jaw Worm","floor":1,"turns":3},{"damage":6,"enemies":"Cultist","floor":3,"turns":3},{"damage":4,"enemies":"Small Slimes","floor":5,"turns":3},{"damage":3,"enemies":"Exordium Wildlife","floor":8,"turns":4},{"damage":9,"enemies":"Red Slaver","floor":10,"turns":3},{"damage":12,"enemies":"Blue Slaver","floor":11,"turns":3},{"damage":15,"enemies":"Lots of Slimes","floor":13,"turns":5},{"damage":0,"enemies":"Large Slime","floor":14,"turns":5},{"damage":29,"enemies":"Slime Boss","floor":16,"turns":7}],"seed_played":"4634333667453820689","potions_obtained":[{"floor":5,"key":"SneckoOil"},{"floor":8,"key":"EntropicBrew"},{"floor":10,"key":"FearPotion"},{"floor":13,"key":"Dexterity Potion"}],"is_trial":false,"path_per_floor":["M","?","M","$","M","R","?","M","T","M","M","T","M","M","R","B"],"character_chosen":"IRONCLAD","items_purchased":["Vajra","Orichalcum"],"campfire_rested":0,"item_purchase_floors":[4,4],"current_hp_per_floor":[72,72,72,72,72,72,72,72,72,69,63,63,54,60,60,31,31],"gold":292,"neow_bonus":"TWO_FIFTY_GOLD","is_daily":false,"chose_seed":false,"campfire_upgraded":2,"win_rate":0.0,"timestamp":1607961540,"path_taken":["M","?","M","$","?","R","?","M","T","M","M","?","M","M","R","BOSS"],"items_purchased_type":["Relic","Relic"],"build_version":"2020-12-13","purchased_purges":0,"victory":false,"max_hp_per_floor":[72,72,72,72,72,72,72,72,72,72,72,72,72,72,72,72,72],"card_choices":[{"not_picked":["Clothesline","Iron Wave","Armaments"],"picked":"SKIP","floor":1},{"not_picked":["Bloodletting","Havoc","Metallicize"],"picked":"SKIP","floor":3},{"not_picked":["Dual Wield","Perfected Strike","Clothesline"],"picked":"SKIP","floor":5},{"not_picked":["Perfected Strike","Clothesline"],"picked":"Dual Wield","floor":5},{"not_picked":["Flame Barrier","Metallicize","Pommel Strike"],"picked":"SKIP","floor":8},{"not_picked":["Battle Trance","Shrug It Off","Iron Wave"],"picked":"SKIP","floor":10},{"not_picked":["Exhume","Armaments","Wild Strike"],"picked":"SKIP","floor":11},{"not_picked":["Shockwave","Wild Strike","Pummel"],"picked":"SKIP","floor":13},{"not_picked":["Flex","Warcry","Sever Soul"],"picked":"SKIP","floor":14}],"player_experience":205888,"relics_obtained":[{"floor":9,"key":"Centennial Puzzle"},{"floor":12,"key":"MealTicket"}],"event_choices":[{"damage_healed":0,"gold_gain":100,"player_choice":"Gold","damage_taken":0,"max_hp_gain":0,"max_hp_loss":0,"event_name":"Wheel of Change","floor":2,"gold_loss":0},{"cards_removed":["Strike_R"],"damage_healed":0,"gold_gain":0,"player_choice":"Forget","damage_taken":0,"max_hp_gain":0,"max_hp_loss":0,"event_name":"Living Wall","floor":7,"gold_loss":0}],"is_beta":false,"boss_relics":[],"items_purged_floors":[],"is_endless":false,"potions_floor_spawned":[5,8,10,11,13],"killed_by":"Slime Boss","ascension_level":0}}