{"host":"y9jgkjnf95sujozk","time":1607982178,"event":{"mods":["2.2 Compatiblity","AchievementEnabler","BaseMod","Block Reminder","Colored Map","Colored Powertips","Downfall","Friendly Minions","GifTheSpireLib","Hermit","Highlight Path","MarisaÅiñ∂âJÅ@ñÇóùçπÅj","Minty Spire (QoL Compilation)","Random Character Button","Rare Cards Sparkle","Replay The Spire","StSLib","SuperFastMode","The Animator","The Bug Knight","The Cursed","The Servant 0.9.4"],"gold_per_floor":[99,99,99,116,131,131,154,154,168,188,188,30,47,57,57,161,161,174,194,194,194],"floor_reached":20,"playtime":614,"items_purged":[],"score":166,"play_id":"45cb7209-5e24-4bd4-bdc1-cd501ce51554","local_time":"20201214224258","is_ascension_mode":false,"campfire_choices":[{"floor":6,"key":"REST"},{"floor":11,"key":"REST"},{"floor":15,"key":"REST"}],"circlet_count":0,"master_deck":["hexamod:Defend","hexamod:Defend","hexamod:Sear+1","hexamod:Float+1","hexamod:PhantomFireball+1","hexamod:RainOfEmbers","hexamod:SpectersWail","hexamod:NecessarySacrifice","hexamod:HeatMetal+1","hexamod:SixthSeal","hexamod:ThermalTransfer","hexamod:HauntingEcho","hexamod:WildfireWeapon","hexamod:ThermalTransfer","hexamod:DynamicBlow+1","hexamod:BurningTouch","hexamod:Hexaguard","hexamod:Firestarter","hexamod:WildfireWeapon","Injury","TheCursedMod:Dregs","hexamod:AdvancingGuard","hexamod:Hexaguard"],"relics":["hexamod:SpiritBrand","downfall:HeartsMalice","Strawberry","Kintsugi"],"acts_visited":["Exordium","TheCity"],"potions_floor_usage":[12,12,16,19,20],"damage_taken":[{"damage":0,"enemies":"Jaw Worm","floor":1,"turns":1},{"damage":0,"enemies":"Cultist","floor":2,"turns":1},{"damage":0,"enemies":"Small Slimes","floor":3,"turns":1},{"damage":43,"enemies":"Gremlin Gang","floor":4,"turns":4},{"damage":0,"enemies":"3 Louse","floor":5,"turns":2},{"damage":10,"enemies":"Large Slime","floor":9,"turns":5},{"damage":2,"enemies":"2 Fungi Beasts","floor":10,"turns":3},{"damage":0,"enemies":"downfall:FleeingMerchant","floor":12,"turns":4},{"damage":7,"enemies":"Red Slaver","floor":13,"turns":3},{"damage":5,"enemies":"Large Slime","floor":14,"turns":6},{"damage":11,"enemies":"downfall:Ironclad","floor":16,"turns":6},{"damage":18,"enemies":"Spheric Guardian","floor":18,"turns":4},{"damage":49,"enemies":"3 Cultists","floor":19,"turns":6},{"damage":14,"enemies":"Snake Plant","floor":20,"turns":3}],"seed_played":"-3265399048129958791","potions_obtained":[{"floor":4,"key":"Weak Potion"},{"floor":5,"key":"AttackPotion"},{"floor":13,"key":"Reflective Coating"},{"floor":16,"key":"Fire Potion"},{"floor":19,"key":"Energy Potion"}],"is_trial":false,"path_per_floor":["R_BF","M","M","M","M","R","T","?","M","M","R","$","M","M","R","B",null,"R_BF","M","M"],"character_chosen":"THE_SPIRIT","items_purchased":["hexamod:ThermalTransfer","hexamod:DynamicBlow","hexamod:BurningTouch"],"campfire_rested":3,"item_purchase_floors":[12,12,12],"current_hp_per_floor":[70,70,70,27,27,48,55,55,45,43,66,66,59,54,77,66,77,59,10,0,0],"gold":194,"neow_bonus":"THREE_ENEMY_KILL","is_daily":false,"chose_seed":false,"campfire_upgraded":0,"win_rate":0.0,"timestamp":1607982178,"path_taken":["R_BF","M","M","M","M","R","T","?","M","M","R","?","M","M","R","BOSS","R_BF","M","M"],"items_purchased_type":["Card","Card","Card"],"build_version":"2020-12-13","purchased_purges":0,"victory":false,"max_hp_per_floor":[70,70,70,70,70,70,77,77,77,77,77,77,77,77,77,77,77,77,77,77,77],"card_choices":[{"not_picked":["hexamod:ShieldOfDarkness","hexamod:RetreatToShadows"],"picked":"hexamod:PhantomFireball","floor":1},{"not_picked":["hexamod:Again","hexamod:NightmareGuise"],"picked":"hexamod:RainOfEmbers","floor":2},{"not_picked":["hexamod:GhostOfSpirePresent","hexamod:BacktrackSmack"],"picked":"hexamod:SpectersWail","floor":3},{"not_picked":["hexamod:SwordOfDarkness","hexamod:GhostShield"],"picked":"hexamod:NecessarySacrifice","floor":4},{"not_picked":["hexamod:AdvancingGuard","hexamod:GhostOfSpireFuture"],"picked":"hexamod:HeatMetal","floor":5},{"not_picked":["hexamod:TurnItUp","hexamod:ShieldOfDarkness"],"picked":"hexamod:ThermalTransfer","floor":9},{"not_picked":["hexamod:ShieldOfDarkness","hexamod:RetreatToShadows"],"picked":"hexamod:HauntingEcho","floor":10},{"not_picked":["hexamod:RecurringNightmare","hexamod:BacktrackSmack"],"picked":"hexamod:WildfireWeapon","floor":12},{"not_picked":["hexamod:HauntingEcho","hexamod:InspiringFlames"],"picked":"hexamod:Hexaguard","floor":13},{"not_picked":["hexamod:GhostflameBarrier","hexamod:ShieldOfDarkness"],"picked":"hexamod:Firestarter","floor":14},{"not_picked":["hexamod:TimeWarp","hexamod:FifthSeal"],"picked":"hexamod:WildfireWeapon","floor":16},{"not_picked":["hexamod:NightmareStrike","hexamod:SwordOfDarkness"],"picked":"hexamod:AdvancingGuard","floor":18},{"not_picked":["hexamod:StepThrough+1","hexamod:GhostLash"],"picked":"hexamod:Hexaguard","floor":19}],"player_experience":91756,"relics_obtained":[{"floor":7,"key":"Strawberry"}],"event_choices":[{"damage_healed":0,"gold_gain":0,"cards_transformed":["hexamod:Strike"],"player_choice":"Transformed","damage_taken":0,"max_hp_gain":0,"max_hp_loss":0,"event_name":"Transmorgrifier","floor":8,"gold_loss":0,"cards_obtained":["hexamod:SixthSeal"]}],"is_beta":false,"boss_relics":[{"not_picked":["expansioncontent:StudyCardRelic","Runic Dome"],"picked":"Kintsugi"}],"items_purged_floors":[],"is_endless":false,"potions_floor_spawned":[4,5,13,16,19],"killed_by":"Snake Plant","ascension_level":0}}