{"host":"qwttrqaysb380yri","time":1607978892,"event":{"mods":["BaseMod","Custom Start","Minty Spire (QoL Compilation)","Puzzle Mod","Relic Stats","StSLib","The Cursed","The Hierophant"],"gold_per_floor":[114,137,137,167,138,138,177,177,177,177,202,245,249,280,292,361,373,420,401,3,3,3,3,53,103,129,117,117],"floor_reached":27,"playtime":1033,"items_purged":["hierophant:Strike_Hierophant"],"score":457,"play_id":"6e1d6b65-78f3-4692-8d38-263b9c46f48b","local_time":"20201214214812","is_ascension_mode":true,"campfire_choices":[{"data":"hierophant:Remorse","floor":6,"key":"SMITH"},{"data":"hierophant:HammerAndAnvil","floor":8,"key":"SMITH"},{"floor":15,"key":"REST"},{"floor":23,"key":"REST"}],"circlet_count":0,"master_deck":["AscendersBane","hierophant:Strike_Hierophant+1","hierophant:Strike_Hierophant+1","hierophant:Strike_Hierophant+1","hierophant:Punish","hierophant:Defend_Hierophant+1","hierophant:Defend_Hierophant+1","hierophant:Defend_Hierophant+1","hierophant:Defend_Hierophant+1","hierophant:ChurchCoffers+1","hierophant:Doubloon","hierophant:Doubloon","hierophant:Dazzle","hierophant:HammerAndAnvil+1","hierophant:Doubloon","hierophant:Remorse+1","hierophant:SealAway","hierophant:OrnateBuckler","hierophant:Purify","hierophant:Martyrdom","hierophant:Empathy","hierophant:SecretStash","hierophant:Zeal","Panacea","Decay","hierophant:Encroach+1"],"relics":["hierophant:PropheticMaskRelic","Kunai","Gremlin Horn","Singing Bowl","Letter Opener","MawBank","Philosopher\u0027s Stone","Molten Egg 2","Mango","MealTicket"],"acts_visited":["Exordium","TheCity"],"potions_floor_usage":[11,14,19,27],"damage_taken":[{"damage":0,"enemies":"2 Louse","floor":1,"turns":2},{"damage":7,"enemies":"Jaw Worm","floor":2,"turns":3},{"damage":0,"enemies":"Small Slimes","floor":4,"turns":5},{"damage":4,"enemies":"Looter","floor":5,"turns":5},{"damage":22,"enemies":"3 Sentries","floor":7,"turns":9},{"damage":10,"enemies":"Gremlin Nob","floor":11,"turns":3},{"damage":3,"enemies":"3 Louse","floor":12,"turns":4},{"damage":5,"enemies":"Lagavulin","floor":13,"turns":5},{"damage":24,"enemies":"Gremlin Nob","floor":14,"turns":3},{"damage":31,"enemies":"The Guardian","floor":16,"turns":12},{"damage":22,"enemies":"Spheric Guardian","floor":18,"turns":4},{"damage":24,"enemies":"3 Byrds","floor":19,"turns":5},{"damage":21,"enemies":"Gremlin Leader","floor":24,"turns":7},{"damage":24,"enemies":"Book of Stabbing","floor":27,"turns":5}],"seed_played":"3835732307826553643","potions_obtained":[{"floor":2,"key":"GamblersBrew"},{"floor":7,"key":"Fire Potion"},{"floor":11,"key":"FairyPotion"},{"floor":12,"key":"Explosive Potion"},{"floor":16,"key":"Fire Potion"},{"floor":24,"key":"Block Potion"}],"is_trial":false,"path_per_floor":["M","M","?","M","M","R","E","R","T","?","E","M","E","?","R","B",null,"M","M","$","?","?","R","E","?","T","E"],"character_chosen":"HIEROPHANT","items_purchased":["Molten Egg 2","Panacea"],"campfire_rested":2,"item_purchase_floors":[20,20],"current_hp_per_floor":[68,61,61,61,57,57,35,35,35,35,25,22,17,22,44,15,62,40,16,16,16,16,39,32,32,32,8,8],"gold":117,"neow_bonus":"UPGRADE_CARD","is_daily":false,"chose_seed":false,"campfire_upgraded":2,"win_rate":0.0,"timestamp":1607978892,"path_taken":["M","M","?","M","M","R","E","R","T","?","E","M","E","?","R","BOSS","M","M","$","?","?","R","E","?","T","E"],"items_purchased_type":["Relic","Card"],"build_version":"2020-12-13","purchased_purges":1,"victory":false,"max_hp_per_floor":[75,75,75,75,75,75,75,75,75,75,75,75,75,75,75,77,77,77,77,77,77,77,77,91,91,91,91,91],"relic_stats":{"Gremlin Horn":[11,11],"Singing Bowl":2,"counters":[14,72],"MealTicket":0,"Kunai":[9],"Letter Opener":[100],"MawBank":72,"obtain_stats":[{"Gremlin Horn":9,"Singing Bowl":11,"hierophant:PropheticMaskRelic":0,"Philosopher\u0027s Stone":17,"Molten Egg 2":20,"Mango":24,"MealTicket":26,"Kunai":7,"Letter Opener":13,"MawBank":14},{"Gremlin Horn":5,"Singing Bowl":6,"hierophant:PropheticMaskRelic":0,"Philosopher\u0027s Stone":10,"Molten Egg 2":12,"Mango":13,"MealTicket":13,"Kunai":5,"Letter Opener":8,"MawBank":9},{"Gremlin Horn":24,"Singing Bowl":27,"hierophant:PropheticMaskRelic":0,"Philosopher\u0027s Stone":51,"Molten Egg 2":60,"Mango":67,"MealTicket":67,"Kunai":24,"Letter Opener":36,"MawBank":39}]},"card_choices":[{"not_picked":["hierophant:AuricBeam","hierophant:Shelter"],"picked":"hierophant:Doubloon","floor":1},{"not_picked":["hierophant:Remorse","hierophant:FlamingChariot"],"picked":"hierophant:Dazzle","floor":2},{"not_picked":["hierophant:Doubloon","hierophant:Exaltation"],"picked":"hierophant:HammerAndAnvil","floor":4},{"not_picked":["hierophant:PassingBell","hierophant:AuricBeam"],"picked":"hierophant:Remorse","floor":5},{"not_picked":["hierophant:AuricBeam","hierophant:Dazzle"],"picked":"hierophant:SealAway","floor":7},{"not_picked":["hierophant:PassingBell","hierophant:FlamingChariot"],"picked":"hierophant:OrnateBuckler","floor":11},{"not_picked":["hierophant:Generosity","hierophant:FlamingChariot"],"picked":"hierophant:Purify","floor":12},{"not_picked":["hierophant:CursedGold","hierophant:Purify"],"picked":"hierophant:Martyrdom","floor":13},{"not_picked":["hierophant:Chorus","hierophant:Mercenaries"],"picked":"hierophant:Empathy","floor":14},{"not_picked":["hierophant:Generosity","hierophant:Anathema","hierophant:LocustPlague"],"picked":"Singing Bowl","floor":16},{"not_picked":["hierophant:Encroach","hierophant:Remorse"],"picked":"hierophant:SecretStash","floor":18},{"not_picked":["hierophant:Prophecy","hierophant:PassingBell"],"picked":"hierophant:Zeal","floor":19},{"not_picked":["hierophant:DisplayOfPower+1","hierophant:HammerAndAnvil"],"picked":"hierophant:Encroach+1","floor":24}],"player_experience":1841084,"relics_obtained":[{"floor":7,"key":"Kunai"},{"floor":9,"key":"Gremlin Horn"},{"floor":11,"key":"Singing Bowl"},{"floor":13,"key":"Letter Opener"},{"floor":14,"key":"MawBank"},{"floor":24,"key":"Mango"},{"floor":26,"key":"MealTicket"}],"event_choices":[{"damage_healed":0,"gold_gain":0,"player_choice":"Leave","damage_taken":0,"max_hp_gain":0,"max_hp_loss":0,"event_name":"The Cleric","floor":3,"gold_loss":0},{"damage_healed":0,"gold_gain":0,"player_choice":"Ignored","damage_taken":0,"max_hp_gain":0,"max_hp_loss":0,"event_name":"Shining Light","floor":10,"gold_loss":0},{"damage_healed":0,"gold_gain":30,"player_choice":"Searched \u00272\u0027 times","damage_taken":0,"max_hp_gain":0,"max_hp_loss":0,"event_name":"Dead Adventurer","floor":14,"gold_loss":0},{"damage_healed":0,"gold_gain":0,"player_choice":"Simplicity","damage_taken":0,"max_hp_gain":0,"max_hp_loss":0,"event_name":"Back to Basics","floor":21,"gold_loss":0,"cards_upgraded":["hierophant:Strike_Hierophant","hierophant:Strike_Hierophant","hierophant:Strike_Hierophant","hierophant:Defend_Hierophant","hierophant:Defend_Hierophant","hierophant:Defend_Hierophant","hierophant:Defend_Hierophant"]},{"damage_healed":0,"gold_gain":0,"player_choice":"Smashed Altar","damage_taken":0,"max_hp_gain":0,"max_hp_loss":0,"event_name":"Forgotten Altar","floor":22,"gold_loss":0,"cards_obtained":["Decay"]},{"damage_healed":0,"gold_gain":50,"player_choice":"Stole From Cult","damage_taken":0,"max_hp_gain":0,"max_hp_loss":0,"event_name":"Nest","floor":25,"gold_loss":0}],"is_beta":false,"boss_relics":[{"not_picked":["Black Star","Coffee Dripper"],"picked":"Philosopher\u0027s Stone"}],"items_purged_floors":[20],"is_endless":false,"potions_floor_spawned":[2,7,11,12,16,24],"killed_by":"Book of Stabbing","ascension_level":15}}