{"host":"wghdsg8ym2wc7ov9","time":1607909844,"event":{"mods":["AchievementEnabler","BaseMod","Better Altar","Better Note","Colored Map","Highlight Path","Minty Spire (QoL Compilation)","Random Character Button","Relic Stats","Shop Mod","StSLib"],"gold_per_floor":[114,129,129,144,159,159,189,189,214,229,229,22,37,52,52,152,152,167,182,197,197,212,212,242,257,307,28,28,58,333,348,348,348,348],"floor_reached":33,"playtime":11663,"items_purged":[],"score":341,"play_id":"243a542d-a84b-4897-bf7e-a90b14923b9f","local_time":"20201213173724","daily_mods":["Specialized","Colorless Cards","Binary"],"is_ascension_mode":false,"campfire_choices":[{"data":"Eruption","floor":6,"key":"SMITH"},{"floor":8,"key":"REST"},{"data":"BattleHymn","floor":15,"key":"SMITH"},{"data":"Panache","floor":23,"key":"SMITH"},{"data":"ForeignInfluence","floor":28,"key":"SMITH"},{"floor":32,"key":"REST"}],"circlet_count":0,"master_deck":["Strike_P","Strike_P","Strike_P","Strike_P","Defend_P","Defend_P","Defend_P","Defend_P","Eruption+1","Vigilance","ThirdEye","ThirdEye","ThirdEye","ThirdEye","Halt","FollowUp","Pray","Indignation","Finesse","PathToVictory+1","BattleHymn+1","Good Instincts","PathToVictory","Panache+1","Evaluate+1","CrushJoints+1","LikeWater+1","ClearTheMind","WindmillStrike","Swivel","ForeignInfluence+1","LikeWater","BattleHymn","Regret","JustLucky+1","Protect"],"relics":["HolyWater","Akabeko","Membership Card","MerchantsRug","Pantograph","Dream Catcher","TeardropLocket","OrangePellets","InkBottle"],"acts_visited":["TheCity"],"potions_floor_usage":[20,22,25,33,33,33],"damage_taken":[{"damage":0,"enemies":"Small Slimes","floor":1,"turns":4},{"damage":0,"enemies":"Cultist","floor":2,"turns":3},{"damage":0,"enemies":"2 Louse","floor":4,"turns":3},{"damage":20,"enemies":"Exordium Thugs","floor":5,"turns":4},{"damage":27,"enemies":"Lagavulin","floor":7,"turns":5},{"damage":2,"enemies":"Lots of Slimes","floor":10,"turns":4},{"damage":0,"enemies":"Looter","floor":13,"turns":2},{"damage":3,"enemies":"Exordium Thugs","floor":14,"turns":4},{"damage":15,"enemies":"Slime Boss","floor":16,"turns":5},{"damage":0,"enemies":"Chosen","floor":18,"turns":3},{"damage":0,"enemies":"Shell Parasite","floor":19,"turns":4},{"damage":4,"enemies":"Shelled Parasite and Fungi","floor":20,"turns":4},{"damage":5,"enemies":"Chosen and Byrds","floor":22,"turns":3},{"damage":12,"enemies":"Gremlin Leader","floor":24,"turns":6},{"damage":8,"enemies":"Centurion and Healer","floor":25,"turns":6},{"damage":19,"enemies":"Book of Stabbing","floor":29,"turns":6},{"damage":28,"enemies":"3 Cultists","floor":31,"turns":5},{"damage":59,"enemies":"Automaton","floor":33,"turns":8}],"seed_played":"4834798368356638827","potions_obtained":[{"floor":1,"key":"SpeedPotion"},{"floor":4,"key":"Strength Potion"},{"floor":7,"key":"EssenceOfSteel"},{"floor":13,"key":"BlessingOfTheForge"},{"floor":20,"key":"AttackPotion"},{"floor":22,"key":"SteroidPotion"},{"floor":31,"key":"Block Potion"}],"is_trial":false,"path_per_floor":["M","M","?","M","M","R","E","R","T","M","?","$","M","M","R","B",null,"M","M","M","?","M","R","E","M","T","$","R","E","?","M","R","B"],"character_chosen":"WATCHER","items_purchased":["Membership Card","MerchantsRug","BattleHymn","TeardropLocket","ForeignInfluence","LikeWater","OrangePellets"],"campfire_rested":2,"item_purchase_floors":[12,12,12,27,27,27,27],"current_hp_per_floor":[72,72,72,72,52,52,32,55,55,53,53,53,53,50,50,35,79,79,79,75,75,70,70,58,50,50,50,50,31,31,3,26,0,0],"gold":348,"neow_bonus":"","is_daily":true,"chose_seed":false,"campfire_upgraded":4,"win_rate":0.0,"timestamp":1607909844,"path_taken":["M","M","?","M","M","R","E","R","T","?","?","$","M","M","R","BOSS","M","M","M","?","?","R","E","M","T","$","R","E","?","M","R","BOSS"],"items_purchased_type":["Relic","Relic","Card","Relic","Card","Card","Relic"],"build_version":"2020-11-30","purchased_purges":0,"victory":false,"max_hp_per_floor":[72,72,72,72,72,72,79,79,79,79,79,79,79,79,79,79,79,79,79,79,79,79,79,79,79,79,79,79,79,79,79,79,79,79],"relic_stats":{"OrangePellets":[0],"Dream Catcher":1,"counters":[18,79],"Pantograph":25,"obtain_stats":[{"MerchantsRug":12,"OrangePellets":27,"Dream Catcher":26,"Strawberry":7,"Pantograph":24,"HolyWater":17,"Membership Card":12,"TeardropLocket":27,"PureWater":0,"Akabeko":9,"InkBottle":29},{"MerchantsRug":6,"OrangePellets":15,"Dream Catcher":15,"Strawberry":5,"Pantograph":14,"HolyWater":9,"Membership Card":6,"TeardropLocket":15,"PureWater":0,"Akabeko":5,"InkBottle":16},{"MerchantsRug":23,"OrangePellets":60,"Dream Catcher":60,"Strawberry":19,"Pantograph":54,"HolyWater":34,"Membership Card":23,"TeardropLocket":60,"PureWater":0,"Akabeko":19,"InkBottle":66}],"InkBottle":[6]},"card_choices":[{"not_picked":["EmptyFist"],"picked":"Halt","floor":1},{"not_picked":["CrushJoints"],"picked":"FollowUp","floor":2},{"not_picked":["Evaluate"],"picked":"Pray","floor":4},{"not_picked":["FlyingSleeves"],"picked":"Indignation","floor":5},{"not_picked":["Flash of Steel"],"picked":"Finesse","floor":7},{"not_picked":["SashWhip"],"picked":"PathToVictory","floor":10},{"not_picked":["PathToVictory"],"picked":"Good Instincts","floor":13},{"not_picked":["Crescendo"],"picked":"PathToVictory","floor":14},{"not_picked":["Scrawl"],"picked":"Panache","floor":16},{"not_picked":["Consecrate+1"],"picked":"Evaluate+1","floor":18},{"not_picked":["MentalFortress"],"picked":"CrushJoints+1","floor":19},{"not_picked":["Conclude"],"picked":"LikeWater","floor":20},{"not_picked":["FollowUp+1"],"picked":"ClearTheMind","floor":22},{"not_picked":["Crescendo"],"picked":"WindmillStrike","floor":24},{"not_picked":["CutThroughFate+1"],"picked":"Swivel","floor":25},{"not_picked":["Evaluate"],"picked":"BattleHymn","floor":29},{"not_picked":["SashWhip"],"picked":"JustLucky+1","floor":31},{"not_picked":["SashWhip"],"picked":"Protect","floor":32}],"player_experience":370694,"relics_obtained":[{"floor":7,"key":"Strawberry"},{"floor":9,"key":"Akabeko"},{"floor":24,"key":"Pantograph"},{"floor":26,"key":"Dream Catcher"},{"floor":29,"key":"InkBottle"}],"event_choices":[{"cards_removed":["ThirdEye"],"damage_healed":5,"gold_gain":0,"player_choice":"Offered Common","damage_taken":0,"max_hp_gain":0,"max_hp_loss":0,"event_name":"Bonfire Elementals","floor":3,"gold_loss":0},{"cards_removed":["ThirdEye"],"damage_healed":5,"gold_gain":0,"player_choice":"Offered Special","damage_taken":0,"max_hp_gain":0,"max_hp_loss":0,"event_name":"Bonfire Elementals","floor":3,"gold_loss":0},{"damage_healed":0,"gold_gain":0,"player_choice":"Forge","damage_taken":0,"max_hp_gain":0,"max_hp_loss":0,"event_name":"Accursed Blacksmith","floor":11,"gold_loss":0,"cards_upgraded":["PathToVictory"]},{"damage_healed":0,"gold_gain":0,"player_choice":"Upgraded","damage_taken":0,"max_hp_gain":0,"max_hp_loss":0,"event_name":"Upgrade Shrine","floor":21,"gold_loss":0,"cards_upgraded":["LikeWater"]},{"damage_healed":0,"gold_gain":275,"player_choice":"Desecrate","damage_taken":0,"max_hp_gain":0,"max_hp_loss":0,"event_name":"Golden Shrine","floor":30,"gold_loss":0,"cards_obtained":["Regret"]}],"is_beta":false,"boss_relics":[{"not_picked":["Tiny House","Empty Cage"],"picked":"HolyWater"}],"items_purged_floors":[],"is_endless":false,"potions_floor_spawned":[1,4,7,10,13,20,22,31],"killed_by":"Automaton","ascension_level":0}}