{"host":"ks12kfi5c4d9hdxy","time":1607984867,"event":{"mods":["BaseMod","Conspire","GifTheSpireLib","Koishi","LagranYue(拉格朗・月)","Marisa（F雨　魔理沙）","Minty Spire (QoL Compilation)","Reimu（博丽灵梦）","Remilia（蕾米莉亚）","Replay The Spire","RumiaBox-露米娅的神秘盒子","StSLib","SuperFastMode","The Administrix","The Servant 0.9.4","Youmu（魂魄妖梦）","Yuyuko","【功能Mod】混沌之环修复补丁","【功能Mod】聪明的最终Boss","篝火指南"],"gold_per_floor":[111,36,52,52,52,83,83,126,152,171,2,43,56,95,45,155,218,231,15,53,68,68,129,191,247,259,319,355,403,415,473,485,353,353],"floor_reached":33,"playtime":892,"items_purged":[],"score":899,"play_id":"6a556f62-0e08-4998-b157-51b0abc93b4c","local_time":"20201215062747","is_ascension_mode":true,"campfire_choices":[{"data":"UpSweep","floor":7.0,"key":"SMITH"},{"floor":32.0,"key":"REST"}],"circlet_count":0,"master_deck":["AscendersBane","Strike_MRS","Strike_MRS","Strike_MRS","Defend_MRS","Defend_MRS","Defend_MRS+1","Defend_MRS","MasterSpark","UpSweep+1","ShootTheMoon","MilkyWay","DarkMatter","MeteoricShower","UnstableBomb","UnstableBomb+1","PowerUp","conspire:SpireCoStock","MilkyWay","Parasite","Parasite","MilkyWay","PowerUp","OpenUniverse","UnstableBomb"],"relics":["MiniHakkero","LagranYue:RandomDrawCardRelic","NeowsBlessing","Baka2","Golden Idol","Vajra","ChaoDraw","Replay:Mystery Machine","Toolbox","Bag of Preparation","RuthlessExorcism:ReiMu","Tiny House","ShroomBag","Pear","MawBank","Snack Pack","HornCleat","Toy Ornithopter","Replay:Ringing Soul"],"acts_visited":["Exordium","TheCity"],"potions_floor_usage":[33],"damage_taken":[{"damage":0.0,"enemies":"2 Louse","floor":1.0,"turns":1.0},{"damage":0.0,"enemies":"Small Slimes","floor":3.0,"turns":1.0},{"damage":0.0,"enemies":"3 Sentries","floor":6.0,"turns":2.0},{"damage":11.0,"enemies":"Lagavulin","floor":8.0,"turns":5.0},{"damage":0.0,"enemies":"Jaw Worm","floor":10.0,"turns":4.0},{"damage":0.0,"enemies":"3 Sentries","floor":12.0,"turns":5.0},{"damage":0.0,"enemies":"Blue Slaver","floor":13.0,"turns":2.0},{"damage":0.0,"enemies":"Gremlin Nob","floor":14.0,"turns":2.0},{"damage":0.0,"enemies":"Slime Boss","floor":16.0,"turns":2.0},{"damage":0.0,"enemies":"Shell Parasite","floor":18.0,"turns":1.0},{"damage":0.0,"enemies":"2 Thieves","floor":20.0,"turns":2.0},{"damage":12.0,"enemies":"Centurion and Healer","floor":21.0,"turns":3.0},{"damage":13.0,"enemies":"Gremlin Leader","floor":23.0,"turns":4.0},{"damage":25.0,"enemies":"Slavers","floor":25.0,"turns":3.0},{"damage":24.0,"enemies":"Gremlin Leader","floor":27.0,"turns":4.0},{"damage":0.0,"enemies":"Chosen and Byrds","floor":28.0,"turns":2.0},{"damage":2.0,"enemies":"Snake Plant","floor":29.0,"turns":1.0},{"damage":26.0,"enemies":"Cultist and Chosen","floor":31.0,"turns":5.0},{"damage":79,"enemies":"Collector","floor":33,"turns":6}],"seed_played":"-6790419977185172472","potions_obtained":[{"floor":1.0,"key":"FearPotion"},{"floor":6.0,"key":"SteroidPotion"},{"floor":12.0,"key":"Fire Potion"},{"floor":14.0,"key":"Swift Potion"},{"floor":27.0,"key":"SteroidPotion"},{"floor":31.0,"key":"Languid Potion"}],"is_trial":false,"path_per_floor":["M","?","M","?","$","E","R","E","T","M","$","E","M","E","R","B",null,"M","$","M","M","?","E","?","E","T","E","M","M","T","M","R","B"],"character_chosen":"MARISA","items_purchased":["Toolbox","ShroomBag","MilkyWay"],"campfire_rested":1,"item_purchase_floors":[11,19,19],"current_hp_per_floor":[63,63,63,63,63,63,63,52,52,52,52,52,52,52,52,52,65,65,65,78,78,78,68,68,47,47,41,52,52,52,35,59,0,0],"gold":353,"neow_bonus":"THREE_ENEMY_KILL","is_daily":false,"chose_seed":false,"campfire_upgraded":1,"win_rate":0.0,"timestamp":1607984867,"path_taken":["M","?","M","?","?","E","R","E","T","M","$","E","M","E","R","BOSS","M","$","M","M","?","E","?","E","T","E","M","M","?","M","R","BOSS"],"items_purchased_type":["Relic","Relic","Card"],"build_version":"2020-12-13","purchased_purges":0,"victory":false,"max_hp_per_floor":[70,70,70,63,63,63,63,63,63,63,63,63,63,63,63,63,68,68,68,78,78,78,78,78,78,78,78,78,78,78,81,81,81,81],"card_choices":[{"not_picked":["Occultation","LuminesStrike","SporeBomb"],"picked":"SKIP","floor":1.0},{"not_picked":["EnergyRecoil","OortCloud"],"picked":"ShootTheMoon","floor":3.0},{"not_picked":["AlicesGift","OrrerysSun","MysteriousBeam"],"picked":"SKIP","floor":6.0},{"not_picked":["IllusionStar","Orbital"],"picked":"MilkyWay","floor":8.0},{"not_picked":["DoubleSpark","LuminesStrike"],"picked":"MeteoricShower","floor":10.0},{"not_picked":["DC","MagicChant"],"picked":"UnstableBomb","floor":12.0},{"not_picked":["DarkSpark","NonDirectionalLaser"],"picked":"PowerUp","floor":13.0},{"not_picked":["ChargingUp","IllusionStar","CasketOfStar"],"picked":"SKIP","floor":14.0},{"not_picked":["EventHorizon","Occultation"],"picked":"MilkyWay","floor":17.0},{"not_picked":["ShootTheMoon","MysteriousBeam","GalacticHalo"],"picked":"SKIP","floor":18.0},{"not_picked":["WitchLeyline+1","GalacticHalo","GravityBeat"],"picked":"SKIP","floor":20.0},{"not_picked":["TreasureHunter","DragonMeteor","IllusionStar"],"picked":"SKIP","floor":21.0},{"not_picked":["TreasureHunter","DragonMeteor","IllusionStar"],"picked":"SKIP","floor":21.0},{"not_picked":["TreasureHunter","DragonMeteor","IllusionStar"],"picked":"SKIP","floor":21.0},{"not_picked":["DoubleSpark+1","MilkyWay","MagicChant"],"picked":"SKIP","floor":23.0},{"not_picked":["ShootingEcho","ShootTheMoon","StarlightTyphoon"],"picked":"SKIP","floor":25.0},{"not_picked":["UnstableBomb","DarkSpark"],"picked":"PowerUp","floor":27.0},{"not_picked":["OpenUniverse","IllusionStar+1","ShootingEcho"],"picked":"SKIP","floor":28.0},{"not_picked":["IllusionStar+1","ShootingEcho"],"picked":"OpenUniverse","floor":28.0},{"not_picked":["ShootTheMoon","SporeBomb","AsteroidBelt"],"picked":"SKIP","floor":29.0},{"not_picked":["DarkSpark","FairyDestructionRay","GalacticHalo"],"picked":"SKIP","floor":31.0}],"player_experience":494480,"relics_obtained":[{"floor":1.0,"key":"Baka"},{"floor":3.0,"key":"Baka2"},{"floor":6.0,"key":"Vajra"},{"floor":8.0,"key":"ChaoDraw"},{"floor":9.0,"key":"Replay:Mystery Machine"},{"floor":12.0,"key":"Bag of Preparation"},{"floor":14.0,"key":"RuthlessExorcism:ReiMu"},{"floor":20.0,"key":"Pear"},{"floor":23.0,"key":"MawBank"},{"floor":25.0,"key":"Snack Pack"},{"floor":26.0,"key":"HornCleat"},{"floor":27.0,"key":"Toy Ornithopter"},{"floor":30.0,"key":"Replay:Ringing Soul"}],"event_choices":[{"cards_removed":["Strike_MRS"],"damage_healed":0.0,"max_hp_gain":0.0,"max_hp_loss":0.0,"gold_gain":0.0,"event_name":"The Cleric","player_choice":"Card Removal","floor":2.0,"gold_loss":75.0,"damage_taken":0.0},{"damage_healed":0.0,"max_hp_gain":0.0,"max_hp_loss":7.0,"gold_gain":0.0,"event_name":"Golden Idol","player_choice":"Lose Max HP","floor":4.0,"gold_loss":0.0,"damage_taken":0.0,"relics_obtained":["Golden Idol"]},{"damage_healed":0.0,"max_hp_gain":0.0,"max_hp_loss":0.0,"gold_gain":0.0,"event_name":"conspire:Investor","player_choice":"Invest 1","floor":15.0,"gold_loss":0.0,"damage_taken":0.0},{"damage_healed":0.0,"max_hp_gain":0.0,"max_hp_loss":0.0,"gold_gain":50.0,"event_name":"Nest","player_choice":"Stole From Cult","floor":24.0,"gold_loss":0.0,"damage_taken":0.0}],"is_beta":false,"boss_relics":[{"not_picked":["Ring of Chaos","Pandora\u0027s Box"],"picked":"Tiny House"}],"items_purged_floors":[],"is_endless":false,"potions_floor_spawned":[1,6,12,14,20,21,27,31],"killed_by":"Collector","ascension_level":18}}