{"host":"Justin","time":1607961224,"event":{"mods":["Act Like it!","Ascension Reborn","BaseMod","BetterRewards","Colored Map","Colored Powertips","DeckTracker","Duelist Mod","GifTheSpireLib","Hermit","Highlight Path","Hubris","Infinite Spire","Minty Spire (QoL Compilation)","Rare Cards Sparkle","Replay The Spire","Shop Mod","StSLib","The Animator","The Cursed","The Forsaken","The Gatherer","The Jungle","The Necromancer"],"gold_per_floor":[119,129,139,139,139,173,183,193,220,220,238,238,266,276,276,276,276],"floor_reached":16,"playtime":905,"items_purged":[],"score":114,"play_id":"22d4aa7a-487c-481b-a853-7ba7d17378d0","local_time":"20201214165344","is_ascension_mode":true,"campfire_choices":[{"data":"Strike_R+1","floor":10.0,"key":"SMITH"},{"data":"Strike_R+2","floor":12.0,"key":"SMITH"},{"data":"Strike_R+1","floor":15,"key":"SMITH"}],"circlet_count":0,"master_deck":["Strike_R+2","Strike_R","Strike_R","Strike_R","Strike_R","Defend_R","Defend_R+1","Defend_R","Defend_R","Bash","Sword Boomerang","Flex","Twin Strike","Pommel Strike","Perfected Strike","Thunderclap","Flex"],"relics":["Burning Blood","hubris:Spice","hubris:Towel","King of Hearts","Simple Rune","infinitespire:CheckeredPen"],"acts_visited":["Exordium"],"potions_floor_usage":[],"damage_taken":[{"damage":4.0,"enemies":"infinitespire:Voidling","floor":1.0,"turns":3.0},{"damage":6.0,"enemies":"Jaw Worm","floor":2.0,"turns":3.0},{"damage":1.0,"enemies":"Cultist","floor":3.0,"turns":3.0},{"damage":33.0,"enemies":"Replay:BlueRogue","floor":6.0,"turns":5.0},{"damage":10.0,"enemies":"Looter","floor":7.0,"turns":2.0},{"damage":18.0,"enemies":"Lots of Slimes","floor":8.0,"turns":4.0},{"damage":0.0,"enemies":"Exordium Wildlife","floor":11.0,"turns":2.0},{"damage":14.0,"enemies":"Gremlin Nob","floor":13.0,"turns":3.0},{"damage":0,"enemies":"3 Louse","floor":14,"turns":3},{"damage":49,"enemies":"The Guardian","floor":16,"turns":8}],"seed_played":"4818566030369992136","potions_obtained":[{"floor":1.0,"key":"construct:ShiftPotion"},{"floor":6.0,"key":"DuplicationPotion"},{"floor":7.0,"key":"PowerPotion"},{"floor":8.0,"key":"Swift Potion"}],"is_trial":false,"path_per_floor":["M","M","M","?","?","E","M","M","T","R","M","R","E","M","R_BF","B"],"character_chosen":"IRONCLAD","items_purchased":[],"campfire_rested":0,"item_purchase_floors":[],"current_hp_per_floor":[88,88,88,88,88,61,57,45,45,45,51,51,43,49,49,0,0],"gold":276,"neow_bonus":"ONE_RARE_RELIC","is_daily":false,"chose_seed":false,"campfire_upgraded":3,"win_rate":0.0,"timestamp":1607961224,"path_taken":["M","?","M","?","?","E","?","M","T","R","M","R","E","M","R_BF","BOSS"],"items_purchased_type":[],"build_version":"2020-11-17","purchased_purges":0,"victory":false,"max_hp_per_floor":[88,88,88,88,88,88,88,88,88,88,88,88,88,88,88,88,88],"card_choices":[{"not_picked":["Feel No Pain","Headbutt"],"picked":"Sword Boomerang","floor":1.0},{"not_picked":["Infernal Blade","Cleave"],"picked":"Flex","floor":2.0},{"not_picked":["Armaments","Warcry"],"picked":"Twin Strike","floor":3.0},{"not_picked":["Anger","Warcry"],"picked":"Pommel Strike","floor":6.0},{"not_picked":["Defy Death","Clothesline"],"picked":"Perfected Strike","floor":7.0},{"not_picked":["Feel No Pain","Abandon"],"picked":"Thunderclap","floor":8.0},{"not_picked":["Cleave","Perfected Strike","Searing Blow"],"picked":"SKIP","floor":11.0},{"not_picked":["Armaments","Reckless Charge"],"picked":"Flex","floor":13},{"not_picked":["Armaments","Replay:Undeath\u0027s Touch","Run Through"],"picked":"SKIP","floor":14}],"player_experience":944,"relics_obtained":[{"floor":6.0,"key":"King of Hearts"},{"floor":9.0,"key":"Simple Rune"},{"floor":13,"key":"infinitespire:CheckeredPen"}],"event_choices":[{"cards_removed":["Writhe"],"damage_healed":0.0,"max_hp_gain":0.0,"max_hp_loss":0.0,"gold_gain":0.0,"event_name":"Purifier","player_choice":"Purged","floor":5.0,"gold_loss":0.0,"damage_taken":0.0}],"is_beta":true,"boss_relics":[],"items_purged_floors":[],"is_endless":false,"potions_floor_spawned":[1,6,7,8],"killed_by":"The Guardian","ascension_level":0}}