{"host":"turdyikuxcak11ni","time":1607941193,"event":{"mods":["AchievementEnabler","BaseMod","Better Altar","Better Match","Better Note","Better Sensory Stone","Better Skull","Better Third Choice","Better Vampires","Colored Map","Conspire","Downfall","Hubris","Minty Spire (QoL Compilation)","Quick Restart","Relic Stats","Replay The Spire","Spicy Shops","StSLib","SuperFastMode"],"gold_per_floor":[109,120,63,113,132,132,158,176,255,255,282,302,302,218,218,320,320,338,338,338,108,24,24,54,54,102,30,45,65,65,78,78,177,177,95,95,107,107,107,36,36,62,134,54,71,105,105,105,105,105],"floor_reached":51,"playtime":2912,"items_purged":["Pain","conspire:Blindness"],"score":1255,"play_id":"e92c120b-83c7-4f61-a835-e6a9f70fe024","local_time":"20201214021953","is_ascension_mode":true,"campfire_choices":[{"data":"Cloak And Dagger","floor":6.0,"key":"SMITH"},{"data":"Blade Dance","floor":10.0,"key":"SMITH"},{"floor":13.0,"key":"REST"},{"data":"ReplayTheSpireMod:Shiv Toss","floor":15.0,"key":"SMITH"},{"floor":23.0,"key":"REST"},{"floor":30,"key":"REST"},{"data":"Replay:Hysterical Blindness","floor":32,"key":"PURGE"},{"floor":41,"key":"REST"},{"data":"Amnesia","floor":47,"key":"PURGE"},{"data":"Infinite Blades","floor":49,"key":"SMITH"}],"circlet_count":0,"master_deck":["Strike_G","Strike_G","Strike_G","Strike_G","Strike_G","Defend_G","Defend_G","Defend_G","Defend_G","Defend_G","Survivor","Neutralize","Cloak And Dagger+1","hubris:SlightOfHand","Doubt","Dagger Spray","Blade Dance+1","ReplayTheSpireMod:Shiv Toss+1","ReplayTheSpireMod:Scrap Shanks","CommonCold","A Thousand Cuts","expansioncontent:Chronoboost+1","Languid","Storm of Steel","conspire:DoublingDagger","hubris:Despair","hubris:Wrath","Blade Dance","Accuracy","Injury","Blade Dance","Quick Slash","Burst","hubris:Sniper","hubris:Compulsion","AscendersBane","Infinite Blades+1","Decay","Cloak And Dagger+1","Shame","Writhe"],"relics":["Ring of the Snake","Sling","Ring of Greed","Blue Doll","Smiling Mask","Ring of Misfortune","Mummified Hand","Quantum Egg","Dream Catcher","ReplayTheSpireMod:CursedCoin","Prayer Wheel","Tingsha","Replay:Wax Seal","hubris:Stopwatch","Bloody Idol","Blood Vial","hubris:Towel","Cauldron","Iron Hammer","conspire:TopHat","Peace Pipe","Ancient Tea Set","hubris:Spice","InkBottle","Vampiric Spirits","Paper Crane"],"acts_visited":["Exordium","TheCity","TheBeyond"],"potions_floor_usage":[27,28,29,31,33,40,42,44,46],"damage_taken":[{"damage":13.0,"enemies":"Jaw Worm","floor":1.0,"turns":6.0},{"damage":0.0,"enemies":"2 Louse","floor":2.0,"turns":2.0},{"damage":3.0,"enemies":"Small Slimes","floor":5.0,"turns":7.0},{"damage":4.0,"enemies":"3 Sentries","floor":7.0,"turns":12.0},{"damage":1.0,"enemies":"3 Louse","floor":8.0,"turns":3.0},{"damage":0.0,"enemies":"Gremlin Nob","floor":11.0,"turns":2.0},{"damage":2.0,"enemies":"Looter","floor":12.0,"turns":3.0},{"damage":46.0,"enemies":"The Guardian","floor":16.0,"turns":10.0},{"damage":10.0,"enemies":"Shell Parasite","floor":18.0,"turns":5.0},{"damage":5.0,"enemies":"2 Thieves","floor":22.0,"turns":2.0},{"damage":0.0,"enemies":"Gremlin Leader","floor":24.0,"turns":5.0},{"damage":30,"enemies":"Book of Stabbing","floor":27,"turns":3},{"damage":27,"enemies":"Snecko","floor":28,"turns":5},{"damage":4,"enemies":"3 Cultists","floor":29,"turns":5},{"damage":0,"enemies":"Shelled Parasite and Fungi","floor":31,"turns":4},{"damage":36,"enemies":"Champ","floor":33,"turns":6},{"damage":0,"enemies":"Orb Walker","floor":35,"turns":2},{"damage":19,"enemies":"3 Shapes","floor":37,"turns":1},{"damage":60,"enemies":"R_Hoarder","floor":40,"turns":7},{"damage":34,"enemies":"Nemesis","floor":42,"turns":7},{"damage":0,"enemies":"Transient","floor":44,"turns":5},{"damage":8,"enemies":"Writhing Mass","floor":45,"turns":4},{"damage":0,"enemies":"Reptomancer","floor":46,"turns":2},{"damage":0,"enemies":"hubris:GrandSnecko","floor":50,"turns":10}],"seed_played":"2766162269485335007","potions_obtained":[{"floor":2.0,"key":"Explosive Potion"},{"floor":5.0,"key":"Dexterity Potion"},{"floor":7.0,"key":"Toxic Potion"},{"floor":12.0,"key":"Block Potion"},{"floor":21.0,"key":"Venom Potion"},{"floor":21.0,"key":"LiquidBronze"},{"floor":24.0,"key":"sneckomod:MuddlingPotion"},{"floor":28,"key":"Regen Potion"},{"floor":29,"key":"EssenceOfSteel"},{"floor":31,"key":"Block Potion"},{"floor":33,"key":"LifebloodPotion"},{"floor":35,"key":"Reflective Coating"},{"floor":42,"key":"Weak Potion"},{"floor":45,"key":"Strength Potion"}],"is_trial":false,"path_per_floor":["M","M","$","?","M","R","E","M","T","R","E","M","R","$","R","B",null,"M","?","?","$","M","R","E","?","T","E","M","M","R","M","R","B",null,"M","?","M","?","?","E","R","E","T","M","M","E","R","?","R","B",null],"character_chosen":"THE_SILENT","items_purchased":["Sling","ReplayTheSpireMod:CursedCoin","Prayer Wheel","Tingsha","Replay:Wax Seal","A Thousand Cuts","expansioncontent:Chronoboost+1","Cauldron","Iron Hammer","conspire:TopHat"],"campfire_rested":4,"item_purchase_floors":[3,14,14,14,14,14,14,21,21,21],"current_hp_per_floor":[64,64,64,64,61,61,57,56,56,56,56,54,77,77,77,31,77,67,8,8,23,30,53,60,60,65,50,30,47,72,79,79,50,85,85,85,71,71,71,26,53,26,31,56,61,77,77,77,77,77],"gold":105,"neow_bonus":"TEN_PERCENT_HP_BONUS","is_daily":false,"chose_seed":false,"campfire_upgraded":4,"win_rate":0.0,"timestamp":1607941193,"path_taken":["M","M","$","?","M","R","E","M","T","R","E","M","R","$","R","BOSS","M","?","?","$","M","R","E","?","T","E","M","M","R","M","R","BOSS","M","?","?","?","?","E","R","E","T","?","M","E","R","?","R","BOSS"],"items_purchased_type":["Relic","Relic","Relic","Relic","Relic","Card","Card","Relic","Relic","Relic"],"build_version":"2020-12-13","purchased_purges":2,"victory":true,"max_hp_per_floor":[77,77,77,77,77,77,77,77,77,77,77,77,77,77,77,77,77,77,77,77,77,77,77,77,77,77,85,85,85,85,85,85,85,85,85,85,85,85,85,93,85,77,77,77,77,77,77,77,77,77],"relic_stats":{"Blood Vial":24,"Peace Pipe":2,"Dream Catcher":4,"counters":[18,84],"Mummified Hand":[57],"Bloody Idol":90,"Prayer Wheel":17,"Tingsha":[325],"Smiling Mask":75,"obtain_stats":[{"Nunchaku":9,"conspire:TreasureMap":13,"Iron Core":14,"hubris:Icosahedron":8,"hubris:Spice":13,"Vampiric Spirits":43,"Iron Hammer":7,"Paper Crane":46,"Cracked Core":0,"InkBottle":42},{"Nunchaku":6,"conspire:TreasureMap":8,"Iron Core":8,"hubris:Icosahedron":6,"hubris:Spice":8,"Vampiric Spirits":14,"Iron Hammer":6,"Paper Crane":17,"Cracked Core":0,"InkBottle":14},{"Nunchaku":24,"conspire:TreasureMap":33,"Iron Core":33,"hubris:Icosahedron":24,"hubris:Spice":33,"Vampiric Spirits":63,"Iron Hammer":24,"Paper Crane":74,"Cracked Core":0,"InkBottle":63}],"InkBottle":[16],"Ring of the Snake":[49]},"card_choices":[{"not_picked":["Outmaneuver","Sucker Punch"],"picked":"Cloak And Dagger","floor":1.0},{"not_picked":["Deadly Poison","Skewer"],"picked":"hubris:SlightOfHand","floor":2.0},{"not_picked":["Leg Sweep","Slice","Glass Knife"],"picked":"SKIP","floor":5.0},{"not_picked":["Dagger Throw","Eviscerate"],"picked":"Dagger Spray","floor":7.0},{"not_picked":["Underhanded Strike","Dagger Throw"],"picked":"Blade Dance","floor":8.0},{"not_picked":["Tactician","Poisoned Stab"],"picked":"ReplayTheSpireMod:Shiv Toss","floor":11.0},{"not_picked":["Hidden Blade","PiercingWail"],"picked":"ReplayTheSpireMod:Scrap Shanks","floor":12.0},{"not_picked":["Replay:Bag of Tricks","Die Die Die"],"picked":"Storm of Steel","floor":16.0},{"not_picked":["Dagger Throw","Cloak And Dagger"],"picked":"conspire:DoublingDagger","floor":18.0},{"not_picked":["conspire:PoisonWeapons+1","Dagger Spray","Predator"],"picked":"SKIP","floor":18.0},{"not_picked":["conspire:DoublingDagger+1","Unload","ReplayTheSpireMod:Tripwire"],"picked":"SKIP","floor":22.0},{"not_picked":["Leg Sweep+1","hubris:Sniper","ReplayTheSpireMod:Shiv Toss"],"picked":"SKIP","floor":22.0},{"not_picked":["ReplayTheSpireMod:Speed Training","Outmaneuver"],"picked":"Blade Dance","floor":23.0},{"not_picked":["Deflect+1","Flying Knee","Toxin Wave"],"picked":"SKIP","floor":24.0},{"not_picked":["Noxious Fumes","Finisher","Poisoned Stab"],"picked":"SKIP","floor":27},{"not_picked":["Replay:Bag of Tricks","Sucker Punch+1"],"picked":"Blade Dance","floor":28},{"not_picked":["Cloak And Dagger+1","Distraction","Bane+1"],"picked":"SKIP","floor":28},{"not_picked":["Sucker Punch+1","hubris:SlightOfHand","Deflect"],"picked":"SKIP","floor":29},{"not_picked":["Deflect","Atom Bomb","Backflip"],"picked":"SKIP","floor":29},{"not_picked":["Deadly Poison","Distraction"],"picked":"Quick Slash","floor":31},{"not_picked":["Calculated Gamble","Flying Knee","Acrobatics"],"picked":"SKIP","floor":31},{"not_picked":["Venomology","Storm of Steel"],"picked":"Burst","floor":33},{"not_picked":["Choke","hubris:SlightOfHand"],"picked":"hubris:Sniper","floor":35},{"not_picked":["Blur+1","Deflect","Quick Slash"],"picked":"SKIP","floor":35},{"not_picked":["Poisoned Stab","Wraith Form v2","hubris:SlightOfHand"],"picked":"SKIP","floor":37},{"not_picked":["Prepared+1","Dodge and Roll","Deadly Poison+1"],"picked":"SKIP","floor":37},{"not_picked":["Choke","Dodge and Roll+1","Poison Darts"],"picked":"SKIP","floor":40},{"not_picked":["Flying Knee+1","Prepared+1"],"picked":"hubris:SpiceAddiction","floor":41},{"not_picked":["Backflip+1","Poison Darts"],"picked":"hubris:SpiceAddiction","floor":42},{"not_picked":["Dagger Spray+1","Backflip","hubris:SpiceAddiction"],"picked":"SKIP","floor":44},{"not_picked":["hubris:SpiceAddiction","Slice+1","hubris:SpiceAddiction"],"picked":"SKIP","floor":44},{"not_picked":["Bullet Time","Caltrops+1"],"picked":"Cloak And Dagger+1","floor":45},{"not_picked":["ReplayTheSpireMod:The Works","Dagger Throw+1","Acrobatics"],"picked":"SKIP","floor":45},{"not_picked":["Expertise","Toxin Wave","Dagger Throw+1"],"picked":"SKIP","floor":46}],"player_experience":236131,"relics_obtained":[{"floor":4.0,"key":"Ring of Greed"},{"floor":4.0,"key":"Blue Doll"},{"floor":4.0,"key":"Smiling Mask"},{"floor":4.0,"key":"Ring of Misfortune"},{"floor":7.0,"key":"Mummified Hand"},{"floor":9.0,"key":"Quantum Egg"},{"floor":11.0,"key":"Dream Catcher"},{"floor":24.0,"key":"Peace Pipe"},{"floor":26.0,"key":"Ancient Tea Set"},{"floor":27,"key":"hubris:Spice"},{"floor":40,"key":"hubris:Spice"},{"floor":42,"key":"InkBottle"},{"floor":43,"key":"Vampiric Spirits"},{"floor":46,"key":"Paper Crane"}],"event_choices":[{"damage_healed":0.0,"max_hp_gain":67.0,"max_hp_loss":8.0,"gold_gain":0.0,"event_name":"betterAltar:BetterAltar","player_choice":" Idol Vial ","floor":19.0,"potions_obtained":[],"relics_lost":[],"gold_loss":0.0,"damage_taken":59.0,"relics_obtained":["Bloody Idol","Blood Vial"]},{"damage_healed":0.0,"max_hp_gain":0.0,"max_hp_loss":0.0,"gold_gain":0.0,"event_name":"The Library","player_choice":"Read","floor":25.0,"gold_loss":0.0,"damage_taken":0.0,"cards_obtained":["Accuracy"]},{"cards_removed":["hexamod:Haunted"],"damage_healed":0,"gold_gain":0,"player_choice":"Purged","damage_taken":0,"max_hp_gain":0,"max_hp_loss":0,"event_name":"Purifier","floor":36,"gold_loss":0},{"damage_healed":0,"gold_gain":3,"player_choice":"3","damage_taken":0,"max_hp_gain":0,"max_hp_loss":0,"event_name":"betterStone:BetterStone","floor":38,"gold_loss":0,"cards_obtained":["Infinite Blades"]},{"damage_healed":0,"gold_gain":0,"player_choice":"Cursed","damage_taken":0,"max_hp_gain":0,"max_hp_loss":0,"event_name":"Wheel of Change","floor":39,"gold_loss":0,"cards_obtained":["Decay"]},{"damage_healed":19,"gold_gain":0,"player_choice":"Writhe","damage_taken":0,"max_hp_gain":0,"max_hp_loss":0,"event_name":"Winding Halls","floor":48,"gold_loss":0,"cards_obtained":["Writhe"]}],"is_beta":false,"boss_relics":[{"not_picked":["hubris:GrandSneckoEye","hubris:TerracottaHorce"],"picked":"hubris:Stopwatch"},{"not_picked":["conspire:RoyalGoblet","hubris:VirtuousBlindfold","Velvet Choker"]}],"items_purged_floors":[14,21],"is_endless":false,"potions_floor_spawned":[2,5,7,12,24,28,29,31,33,35,42,45],"ascension_level":4}}