{"host":"utqe55yv0jihe4d6","time":1607908499,"event":{"mods":["2.2 Compatiblity","AchievementEnabler","BaseMod","Block Reminder","Colored Map","Colored Powertips","Minty Spire (QoL Compilation)","Quick Restart","Rare Cards Sparkle","Relic Stats","SuperFastMode"],"gold_per_floor":[110,185,195,295,306,306,323,348,422,447,447,467,97,117,117,194,194,204,204,217,230,42,77,97,97,121,121,121,146,158,191,191,263,263,283,303,253,281,347,359,402,430,466,488,500,538,565,28,28,28,28,28,28,28,57,57],"floor_reached":57,"playtime":4093,"items_purged":["Strike_G","Strike_G","Strike_G"],"score":2818,"play_id":"28670c1c-a5cd-4957-af04-84c25a6a2d94","local_time":"20201213201459","is_ascension_mode":true,"campfire_choices":[{"data":"Neutralize","floor":6.0,"key":"SMITH"},{"floor":11.0,"key":"REST"},{"data":"Well Laid Plans","floor":15.0,"key":"SMITH"},{"data":"Footwork","floor":25.0,"key":"SMITH"},{"floor":28.0,"key":"REST"},{"floor":32.0,"key":"REST"},{"data":"Night Terror","floor":40.0,"key":"SMITH"},{"data":"After Image","floor":45.0,"key":"SMITH"},{"floor":49.0,"key":"RECALL"},{"data":"Calculated Gamble","floor":53.0,"key":"SMITH"}],"circlet_count":0,"master_deck":["AscendersBane","Strike_G","Strike_G","Defend_G","Defend_G","Defend_G","Defend_G","Defend_G","Survivor","Neutralize+1","Dagger Throw","Eviscerate","Dash","Prepared","Poisoned Stab","Night Terror+1","Underhanded Strike","Well Laid Plans+1","Underhanded Strike","Venomology","PiercingWail+1","Dagger Throw","Infinite Blades+1","Footwork+1","Backstab","Dodge and Roll+1","Necronomicurse","Dagger Throw+1","After Image+1","Blade Dance+1","Tactician","Calculated Gamble+1","Acrobatics","Sadistic Nature"],"relics":["Ring of the Snake","Dead Branch","Eternal Feather","Lantern","Centennial Puzzle","SlaversCollar","Letter Opener","Oddly Smooth Stone","Necronomicon","Gremlin Horn","Singing Bowl","HoveringKite","MawBank","Tingsha","Vajra","Boot","Bronze Scales","Toy Ornithopter"],"acts_visited":["Exordium","TheCity","TheBeyond","TheEnding"],"potions_floor_usage":[55,56,56],"damage_taken":[{"damage":2.0,"enemies":"2 Louse","floor":1.0,"turns":5.0},{"damage":0.0,"enemies":"Cultist","floor":3.0,"turns":4.0},{"damage":7.0,"enemies":"Jaw Worm","floor":5.0,"turns":8.0},{"damage":6.0,"enemies":"Blue Slaver","floor":7.0,"turns":3.0},{"damage":8.0,"enemies":"Gremlin Nob","floor":8.0,"turns":3.0},{"damage":15.0,"enemies":"Lagavulin","floor":10.0,"turns":8.0},{"damage":5.0,"enemies":"Gremlin Gang","floor":12.0,"turns":4.0},{"damage":0.0,"enemies":"Large Slime","floor":14.0,"turns":5.0},{"damage":34.0,"enemies":"The Guardian","floor":16.0,"turns":11.0},{"damage":1.0,"enemies":"Shell Parasite","floor":18.0,"turns":7.0},{"damage":10.0,"enemies":"3 Byrds","floor":20.0,"turns":6.0},{"damage":0.0,"enemies":"Cultist and Chosen","floor":21.0,"turns":6.0},{"damage":19.0,"enemies":"Book of Stabbing","floor":23.0,"turns":5.0},{"damage":0.0,"enemies":"Centurion and Healer","floor":24.0,"turns":6.0},{"damage":9.0,"enemies":"Slavers","floor":29.0,"turns":4.0},{"damage":22.0,"enemies":"Snecko","floor":30.0,"turns":4.0},{"damage":10.0,"enemies":"Book of Stabbing","floor":31.0,"turns":4.0},{"damage":30.0,"enemies":"Automaton","floor":33.0,"turns":11.0},{"damage":3.0,"enemies":"Orb Walker","floor":35.0,"turns":4.0},{"damage":0.0,"enemies":"3 Shapes","floor":36.0,"turns":8.0},{"damage":0.0,"enemies":"Jaw Worm Horde","floor":38.0,"turns":2.0},{"damage":15.0,"enemies":"2 Orb Walkers","floor":39.0,"turns":6.0},{"damage":0.0,"enemies":"Nemesis","floor":41.0,"turns":7.0},{"damage":23.0,"enemies":"Sphere and 2 Shapes","floor":42.0,"turns":7.0},{"damage":11.0,"enemies":"Maw","floor":44.0,"turns":8.0},{"damage":35.0,"enemies":"Giant Head","floor":46.0,"turns":7.0},{"damage":0.0,"enemies":"4 Shapes","floor":47.0,"turns":2.0},{"damage":13.0,"enemies":"Donu and Deca","floor":50.0,"turns":10.0},{"damage":17.0,"enemies":"Time Eater","floor":51.0,"turns":10.0},{"damage":67,"enemies":"Shield and Spear","floor":55,"turns":5},{"damage":6,"enemies":"The Heart","floor":56,"turns":9}],"seed_played":"-3179531535011052640","potions_obtained":[{"floor":3.0,"key":"Poison Potion"},{"floor":7.0,"key":"Poison Potion"},{"floor":10.0,"key":"Block Potion"},{"floor":12.0,"key":"EntropicBrew"},{"floor":23.0,"key":"Fire Potion"},{"floor":31.0,"key":"SneckoOil"},{"floor":35.0,"key":"SteroidPotion"},{"floor":38.0,"key":"GhostInAJar"},{"floor":41.0,"key":"Poison Potion"},{"floor":42.0,"key":"DuplicationPotion"},{"floor":55,"key":"DistilledChaos"}],"is_trial":false,"path_per_floor":["M","?","M","?","M","R","M","E","T","E","R","M","$","M","R","B",null,"M","?","M","M","$","E","M","R","T","?","R","E","M","E","R","B",null,"M","M","?","M","?","R","E","M","T","M","R","E","M","$","R","B","B",null,"R","$","E","B",null],"character_chosen":"THE_SILENT","items_purchased":["Well Laid Plans","Centennial Puzzle","Underhanded Strike","Footwork","Bronze Scales","Acrobatics","Sadistic Nature"],"campfire_rested":3,"item_purchase_floors":[13,13,13,22,48,48,48],"current_hp_per_floor":[63,52,52,52,45,45,39,31,31,16,46,41,41,41,53,19,59,58,58,48,48,48,29,29,44,44,23,59,50,28,20,57,27,62,59,61,61,63,48,66,68,47,47,38,56,21,23,23,41,28,11,67,85,85,20,24],"gold":57,"neow_bonus":"TEN_PERCENT_HP_BONUS","is_daily":false,"chose_seed":false,"campfire_upgraded":6,"win_rate":0.0,"timestamp":1607908499,"path_taken":["M","?","M","?","M","R","?","E","T","E","R","M","$","M","R","BOSS","M","?","M","M","$","E","M","R","T","?","R","E","M","E","R","BOSS","M","M","?","?","?","R","E","M","T","M","R","E","M","$","R","BOSS","BOSS","R","$","E","BOSS"],"items_purchased_type":["Card","Relic","Card","Card","Relic","Card","Card"],"build_version":"2020-11-30","purchased_purges":3,"victory":true,"max_hp_per_floor":[72,72,72,72,72,72,72,72,72,72,72,72,72,72,72,72,72,72,72,72,72,72,72,72,72,72,72,72,72,72,74,74,74,74,74,76,76,78,78,78,80,82,82,84,84,84,86,86,86,86,86,86,86,86,88,88],"relic_stats":{"Gremlin Horn":[14,14],"Singing Bowl":16,"counters":[31,189],"Dead Branch":[304],"HoveringKite":[54],"Eternal Feather":138,"Tingsha":[346],"Letter Opener":[280],"MawBank":132,"Boot":[43],"Centennial Puzzle":[51],"Bronze Scales":[186],"Necronomicon":[56],"obtain_stats":[{"Lantern":10,"Gremlin Horn":29,"Singing Bowl":31,"Dead Branch":8,"Oddly Smooth Stone":26,"HoveringKite":34,"Vajra":41,"Eternal Feather":9,"Tingsha":39,"Letter Opener":23,"MawBank":37,"Boot":46,"SlaversCollar":17,"Centennial Puzzle":13,"Bronze Scales":48,"Necronomicon":27,"Toy Ornithopter":55,"Ring of the Snake":0},{"Lantern":6,"Gremlin Horn":15,"Singing Bowl":17,"Dead Branch":5,"Oddly Smooth Stone":14,"HoveringKite":18,"Vajra":23,"Eternal Feather":5,"Tingsha":22,"Letter Opener":13,"MawBank":20,"Boot":26,"SlaversCollar":9,"Centennial Puzzle":7,"Bronze Scales":27,"Necronomicon":14,"Toy Ornithopter":30,"Ring of the Snake":0},{"Lantern":31,"Gremlin Horn":85,"Singing Bowl":93,"Dead Branch":23,"Oddly Smooth Stone":81,"HoveringKite":104,"Vajra":131,"Eternal Feather":23,"Tingsha":124,"Letter Opener":75,"MawBank":116,"Boot":153,"SlaversCollar":51,"Centennial Puzzle":35,"Bronze Scales":155,"Necronomicon":81,"Toy Ornithopter":180,"Ring of the Snake":0}],"Toy Ornithopter":10,"Ring of the Snake":[62]},"card_choices":[{"not_picked":["Footwork","Blur"],"picked":"Dagger Throw","floor":1.0},{"not_picked":["PiercingWail","Concentrate"],"picked":"Eviscerate","floor":3.0},{"not_picked":["Flying Knee","Quick Slash"],"picked":"Dash","floor":5.0},{"not_picked":["Sucker Punch","Underhanded Strike"],"picked":"Prepared","floor":7.0},{"not_picked":["Caltrops","Dagger Spray"],"picked":"Poisoned Stab","floor":8.0},{"not_picked":["Backstab","Underhanded Strike"],"picked":"Night Terror","floor":10.0},{"not_picked":["Accuracy","Outmaneuver"],"picked":"Underhanded Strike","floor":12.0},{"not_picked":["Bane","Finisher","Acrobatics"],"picked":"SKIP","floor":14.0},{"not_picked":["Night Terror","Envenom"],"picked":"Venomology","floor":16.0},{"not_picked":["Underhanded Strike","Concentrate"],"picked":"PiercingWail+1","floor":18.0},{"not_picked":["Slice+1","Heel Hook"],"picked":"Dagger Throw","floor":20.0},{"not_picked":["Dagger Throw","Dagger Spray"],"picked":"Infinite Blades+1","floor":21.0},{"not_picked":["Dodge and Roll","Endless Agony"],"picked":"Backstab","floor":23.0},{"not_picked":["Venomology","Predator"],"picked":"Dodge and Roll+1","floor":24.0},{"not_picked":["Expertise","Concentrate","Quick Slash"],"picked":"SKIP","floor":29.0},{"not_picked":["Bane","Backflip"],"picked":"Dagger Throw+1","floor":30.0},{"not_picked":["Caltrops","Grand Finale","Riddle With Holes+1"],"picked":"Singing Bowl","floor":31.0},{"not_picked":["Unload","Wraith Form v2"],"picked":"After Image","floor":33.0},{"not_picked":["Accuracy","Noxious Fumes"],"picked":"Blade Dance+1","floor":35.0},{"not_picked":["Heel Hook","Backflip","Underhanded Strike"],"picked":"Singing Bowl","floor":36.0},{"not_picked":["Dagger Spray","Deadly Poison","Bane+1"],"picked":"Singing Bowl","floor":38.0},{"not_picked":["PiercingWail","Choke"],"picked":"Tactician","floor":39.0},{"not_picked":["Prepared","Flechettes","Accuracy+1"],"picked":"Singing Bowl","floor":41.0},{"not_picked":["Accuracy","Backflip","Well Laid Plans"],"picked":"Singing Bowl","floor":42.0},{"not_picked":["Slice","Backflip","Heel Hook"],"picked":"Singing Bowl","floor":44.0},{"not_picked":["Escape Plan","Backstab"],"picked":"Calculated Gamble","floor":46.0},{"not_picked":["Deadly Poison","Expertise","Cloak And Dagger"],"picked":"Singing Bowl","floor":47.0},{"not_picked":["Blade Dance","Dagger Throw+1","Riddle With Holes"],"picked":"Singing Bowl","floor":55}],"player_experience":2748379,"relics_obtained":[{"floor":8.0,"key":"Dead Branch"},{"floor":9.0,"key":"Eternal Feather"},{"floor":10.0,"key":"Lantern"},{"floor":23.0,"key":"Letter Opener"},{"floor":26.0,"key":"Oddly Smooth Stone"},{"floor":27.0,"key":"Necronomicon"},{"floor":29.0,"key":"Gremlin Horn"},{"floor":31.0,"key":"Singing Bowl"},{"floor":39.0,"key":"Tingsha"},{"floor":41.0,"key":"Vajra"},{"floor":46.0,"key":"Boot"},{"floor":55,"key":"Toy Ornithopter"}],"event_choices":[{"damage_healed":0.0,"max_hp_gain":0.0,"max_hp_loss":0.0,"gold_gain":75.0,"event_name":"World of Goop","player_choice":"Gather Gold","floor":2.0,"gold_loss":0.0,"damage_taken":11.0},{"damage_healed":0.0,"max_hp_gain":0.0,"max_hp_loss":0.0,"gold_gain":100.0,"event_name":"Wheel of Change","player_choice":"Gold","floor":4.0,"gold_loss":0.0,"damage_taken":0.0},{"damage_healed":0.0,"max_hp_gain":0.0,"max_hp_loss":0.0,"gold_gain":0.0,"event_name":"The Mausoleum","player_choice":"Ignored","floor":19.0,"gold_loss":0.0,"damage_taken":0.0},{"damage_healed":0.0,"max_hp_gain":0.0,"max_hp_loss":0.0,"gold_gain":0.0,"event_name":"Cursed Tome","player_choice":"Obtained Book","floor":27.0,"gold_loss":0.0,"damage_taken":21.0},{"damage_healed":0.0,"max_hp_gain":0.0,"max_hp_loss":0.0,"gold_gain":0.0,"event_name":"WeMeetAgain","player_choice":"Paid Gold","floor":37.0,"gold_loss":50.0,"damage_taken":0.0,"relics_obtained":["MawBank"]},{"damage_healed":0.0,"max_hp_gain":0.0,"max_hp_loss":0.0,"gold_gain":0.0,"event_name":"Mysterious Sphere","player_choice":"Fight","floor":39.0,"gold_loss":0.0,"damage_taken":0.0}],"is_beta":false,"boss_relics":[{"not_picked":["Tiny House","WristBlade"],"picked":"SlaversCollar"},{"not_picked":["Calling Bell","Black Star"],"picked":"HoveringKite"}],"items_purged_floors":[13,22,48],"is_endless":false,"potions_floor_spawned":[3,7,10,12,23,24,30,31,35,38,41,42,47,55],"ascension_level":20}}