{"host":"3rixevx6n8b56xaj","time":1607960520,"event":{"mods":["2.2 Compatiblity","AchievementEnabler","BaseMod","Better Third Choice","Colored Map","DeckTracker","Friendly Minions","Minty Spire (QoL Compilation)","StSLib","SuperFastMode"],"gold_per_floor":[110,125,50,50,70,104,104,104,153,163,178,178,205,155,155,258,258,272,272,17,27,27,53,53,53,53,53,63,63,76,76,76,179,179,199,254,50,62,62,96,96,112,112,75,87,117,117,117,117,117,117,117,44,75,75],"floor_reached":56,"playtime":2085,"items_purged":["Defend_B","Strike_B","Shame","Cold Snap"],"score":1306,"play_id":"fd2475ac-896b-4c38-807c-13b5160cf908","local_time":"20201215004200","is_ascension_mode":false,"campfire_choices":[{"data":"Dualcast","floor":7,"key":"SMITH"},{"data":"Barrage","floor":12,"key":"SMITH"},{"data":"Zap","floor":15,"key":"SMITH"},{"data":"Creative AI","floor":24,"key":"SMITH"},{"data":"Fusion","floor":32,"key":"SMITH"},{"data":"Seek","floor":41,"key":"SMITH"},{"floor":49,"key":"RECALL"},{"data":"Multi-Cast","floor":52,"key":"SMITH"}],"circlet_count":0,"master_deck":["Defend_B+1","Defend_B+1","Defend_B","Zap+1","Dualcast+1","Self Repair","Barrage+1","Creative AI+1","Ball Lightning+1","Compile Driver","Coolheaded+1","Fusion+1","Seek+1","Electrodynamics","Sweeping Beam","Conserve Battery","Storm","Cold Snap+1","Consume+1","Glacier+1","Multi-Cast+1","Loop","Compile Driver+1","Fusion+1","Deep Breath","Heatsinks"],"relics":["FrozenCore","War Paint","Emotion Chip","Juzu Bracelet","Letter Opener","Philosopher\u0027s Stone","OrangePellets","DataDisk","Kunai","Pantograph","Sundial","Prayer Wheel","Akabeko","Bottled Lightning","Runic Capacitor","Orichalcum","Lantern"],"acts_visited":["Exordium","TheCity","TheBeyond","TheEnding"],"potions_floor_usage":[13,33,33,36,42,46,55,55],"damage_taken":[{"damage":0,"enemies":"Cultist","floor":1,"turns":3},{"damage":0,"enemies":"Small Slimes","floor":2,"turns":3},{"damage":0,"enemies":"2 Louse","floor":5,"turns":2},{"damage":21,"enemies":"3 Sentries","floor":6,"turns":7},{"damage":12,"enemies":"Looter","floor":10,"turns":3},{"damage":7,"enemies":"Exordium Thugs","floor":11,"turns":4},{"damage":28,"enemies":"Lagavulin","floor":13,"turns":5},{"damage":44,"enemies":"Hexaghost","floor":16,"turns":10},{"damage":20,"enemies":"2 Thieves","floor":18,"turns":4},{"damage":15,"enemies":"3 Byrds","floor":21,"turns":3},{"damage":29,"enemies":"Gremlin Leader","floor":23,"turns":6},{"damage":5,"enemies":"Cultist and Chosen","floor":28,"turns":4},{"damage":22,"enemies":"Centurion and Healer","floor":30,"turns":4},{"damage":25,"enemies":"Collector","floor":33,"turns":8},{"damage":12,"enemies":"3 Darklings","floor":35,"turns":3},{"damage":43,"enemies":"2 Orb Walkers","floor":36,"turns":4},{"damage":1,"enemies":"Orb Walker","floor":38,"turns":3},{"damage":0,"enemies":"Giant Head","floor":40,"turns":7},{"damage":18,"enemies":"Writhing Mass","floor":42,"turns":6},{"damage":0,"enemies":"Transient","floor":45,"turns":5},{"damage":30,"enemies":"Reptomancer","floor":46,"turns":4},{"damage":39,"enemies":"Awakened One","floor":50,"turns":15},{"damage":31,"enemies":"Shield and Spear","floor":54,"turns":6},{"damage":23,"enemies":"The Heart","floor":55,"turns":7}],"seed_played":"5936850828083088147","potions_obtained":[{"floor":5,"key":"Swift Potion"},{"floor":10,"key":"Fruit Juice"},{"floor":11,"key":"Ancient Potion"},{"floor":30,"key":"ColorlessPotion"},{"floor":33,"key":"Block Potion"},{"floor":35,"key":"EssenceOfSteel"},{"floor":36,"key":"AttackPotion"},{"floor":45,"key":"Explosive Potion"},{"floor":46,"key":"Fruit Juice"},{"floor":54,"key":"Dexterity Potion"}],"is_trial":false,"path_per_floor":["M","M","$","T","M","E","R","?","T","M","M","R","E","?","R","B",null,"M","?","$","M","?","E","R","?","T","?","M","?","M","?","R","B",null,"M","?","$","M","?","E","R","M","T","$","M","E","?","?","R","B",null,"R","$","E","B",null],"character_chosen":"DEFECT","items_purchased":["OrangePellets","Storm","Loop","Runic Capacitor","Heatsinks"],"campfire_rested":0,"item_purchase_floors":[20,37,44,44,53],"current_hp_per_floor":[75,75,75,75,75,61,61,66,66,61,61,61,45,45,45,8,85,72,72,72,64,64,42,42,42,42,42,44,44,29,29,29,36,85,73,37,37,43,43,50,50,32,32,32,39,21,21,21,21,14,90,90,90,66,67],"gold":75,"neow_bonus":"RANDOM_COMMON_RELIC","is_daily":false,"chose_seed":false,"campfire_upgraded":7,"win_rate":0.0,"timestamp":1607960520,"path_taken":["M","M","$","?","M","E","R","?","T","M","M","R","E","?","R","BOSS","M","?","?","M","?","E","R","?","T","?","M","?","M","?","R","BOSS","M","?","$","M","?","E","R","M","T","?","M","E","?","?","R","BOSS","R","$","E","BOSS"],"items_purchased_type":["Relic","Card","Card","Relic","Card"],"build_version":"2020-12-13","purchased_purges":4,"victory":true,"max_hp_per_floor":[75,75,75,75,75,75,75,80,80,80,80,80,85,85,85,85,85,85,85,85,85,85,85,85,85,85,85,85,85,85,85,85,85,85,85,85,85,85,85,85,85,85,85,85,85,90,90,90,90,90,90,90,90,90,90],"card_choices":[{"not_picked":["Go for the Eyes","Chill"],"picked":"Self Repair","floor":1},{"not_picked":["Streamline","Chill","Aggregate"],"picked":"SKIP","floor":2},{"not_picked":["Hologram","Rebound"],"picked":"Ball Lightning","floor":5},{"not_picked":["Fission","Gash"],"picked":"Barrage","floor":6},{"not_picked":["Double Energy","Rebound","Melter"],"picked":"SKIP","floor":10},{"not_picked":["Gash","Beam Cell","Melter"],"picked":"SKIP","floor":11},{"not_picked":["Coolheaded","Turbo"],"picked":"Cold Snap","floor":13},{"not_picked":["Multi-Cast","Machine Learning"],"picked":"Creative AI","floor":16},{"not_picked":["Doom and Gloom","Steam","Static Discharge"],"picked":"SKIP","floor":18},{"not_picked":["Consume","Go for the Eyes"],"picked":"Ball Lightning+1","floor":21},{"not_picked":["Gash","Rip and Tear"],"picked":"Compile Driver","floor":23},{"not_picked":["Capacitor","Go for the Eyes"],"picked":"Coolheaded+1","floor":28},{"not_picked":["Aggregate+1","Auto Shields","Compile Driver"],"picked":"SKIP","floor":30},{"not_picked":["Buffer","Machine Learning"],"picked":"Electrodynamics","floor":33},{"not_picked":["Cold Snap","Recycle"],"picked":"Sweeping Beam","floor":35},{"not_picked":["Stack","Hello World+1"],"picked":"Conserve Battery","floor":36},{"not_picked":["Recycle","Steam Power"],"picked":"Cold Snap+1","floor":38},{"not_picked":["Barrage+1","Redo+1","Steam"],"picked":"SKIP","floor":38},{"not_picked":["White Noise+1","Genetic Algorithm+1"],"picked":"Consume+1","floor":40},{"not_picked":["Auto Shields+1","Coolheaded+1"],"picked":"Glacier+1","floor":42},{"not_picked":["Genetic Algorithm","Barrage"],"picked":"Multi-Cast","floor":42},{"not_picked":["Fusion","Stack+1"],"picked":"Compile Driver+1","floor":45},{"not_picked":["Streamline","Redo"],"picked":"Fusion+1","floor":45},{"not_picked":["Redo","Storm","Rip and Tear+1"],"picked":"SKIP","floor":46},{"not_picked":["HandOfGreed","Mayhem"],"picked":"Deep Breath","floor":48},{"not_picked":["Compile Driver+1","Redo+1","Stack"],"picked":"SKIP","floor":54}],"player_experience":524227,"relics_obtained":[{"floor":6,"key":"Emotion Chip"},{"floor":9,"key":"Juzu Bracelet"},{"floor":13,"key":"Letter Opener"},{"floor":23,"key":"Kunai"},{"floor":26,"key":"Pantograph"},{"floor":36,"key":"Prayer Wheel"},{"floor":40,"key":"Akabeko"},{"floor":43,"key":"Bottled Lightning"},{"floor":46,"key":"Orichalcum"},{"floor":54,"key":"Lantern"}],"event_choices":[{"damage_healed":0,"gold_gain":0,"player_choice":"Donut","damage_taken":0,"max_hp_gain":5,"max_hp_loss":0,"event_name":"Big Fish","floor":8,"gold_loss":0},{"cards_removed":["Strike_B"],"damage_healed":0,"gold_gain":0,"player_choice":"Card Removal","damage_taken":0,"max_hp_gain":0,"max_hp_loss":0,"event_name":"The Cleric","floor":14,"gold_loss":50},{"damage_healed":0,"gold_gain":0,"player_choice":"Ignored","damage_taken":0,"max_hp_gain":0,"max_hp_loss":0,"event_name":"NoteForYourself","floor":19,"gold_loss":0},{"damage_healed":0,"gold_gain":0,"player_choice":"Opened","damage_taken":0,"relics_obtained":["DataDisk"],"max_hp_gain":0,"max_hp_loss":0,"event_name":"The Mausoleum","floor":22,"gold_loss":0},{"cards_removed":["Strike_B"],"damage_healed":0,"gold_gain":0,"player_choice":"Purged","damage_taken":0,"max_hp_gain":0,"max_hp_loss":0,"event_name":"Purifier","floor":25,"gold_loss":0},{"damage_healed":0,"gold_gain":0,"player_choice":"Stole Relic","damage_taken":0,"relics_obtained":["Sundial"],"max_hp_gain":0,"max_hp_loss":0,"event_name":"Addict","floor":27,"gold_loss":0,"cards_obtained":["Shame"]},{"damage_healed":0,"gold_gain":0,"player_choice":"Read","damage_taken":0,"max_hp_gain":0,"max_hp_loss":0,"event_name":"The Library","floor":29,"gold_loss":0,"cards_obtained":["Fusion"]},{"damage_healed":0,"gold_gain":0,"player_choice":"1 cards matched","damage_taken":0,"max_hp_gain":0,"max_hp_loss":0,"event_name":"Match and Keep!","floor":31,"gold_loss":0,"cards_obtained":["Seek"]},{"damage_healed":0,"gold_gain":0,"player_choice":"Fight","damage_taken":0,"max_hp_gain":0,"max_hp_loss":0,"event_name":"Mysterious Sphere","floor":36,"gold_loss":0},{"cards_removed":["Strike_B"],"damage_healed":0,"gold_gain":0,"player_choice":"Removed Attack","damage_taken":0,"max_hp_gain":0,"max_hp_loss":0,"event_name":"Falling","floor":39,"gold_loss":0},{"cards_removed":["Ball Lightning"],"damage_healed":0,"gold_gain":0,"player_choice":"Card Removal","damage_taken":0,"max_hp_gain":0,"max_hp_loss":0,"event_name":"Wheel of Change","floor":47,"gold_loss":0},{"damage_healed":0,"gold_gain":0,"player_choice":"Memory 1","damage_taken":0,"max_hp_gain":0,"max_hp_loss":0,"event_name":"SensoryStone","floor":48,"gold_loss":0}],"is_beta":false,"boss_relics":[{"not_picked":["Fusion Hammer","Snecko Eye"],"picked":"Philosopher\u0027s Stone"},{"not_picked":["Busted Crown","Coffee Dripper"],"picked":"FrozenCore"}],"items_purged_floors":[3,20,37,44],"is_endless":false,"potions_floor_spawned":[5,10,11,30,33,35,36,45,46,54],"ascension_level":0}}