{"host":"otf1z5955ddlv5pq","time":1607918104,"event":{"mods":["BaseMod","Beaked The Cultist","Better Altar","Better Match","Better Note","Better Sensory Stone","Better Skull","Better Third Choice","Colored Map","Colored Powertips","Downfall","Minty Spire (QoL Compilation)","Rare Cards Sparkle","Replay The Spire","StSLib"],"gold_per_floor":[111,111,123,143,157,157,483,496,496,496,496],"floor_reached":10,"playtime":1526,"items_purged":[],"score":81,"play_id":"713b6c8e-cd66-4d2f-bd47-b54ba4a4b51d","local_time":"20201213195504","is_ascension_mode":true,"campfire_choices":[{"floor":6,"key":"REST"}],"circlet_count":0,"master_deck":["Strike_B","Strike_B","Strike_B","Strike_B","Defend_B","Defend_B","Defend_B","Defend_B","Zap","Dualcast","Tempest+1","Steam","Conserve Battery","Tempest"],"relics":["Cracked Core","Gambling Chip","Old Coin","Shovel"],"acts_visited":["Exordium"],"potions_floor_usage":[10],"damage_taken":[{"damage":5,"enemies":"2 Louse","floor":1,"turns":3},{"damage":0,"enemies":"Cultist","floor":3,"turns":3},{"damage":0,"enemies":"Small Slimes","floor":4,"turns":3},{"damage":22,"enemies":"Exordium Thugs","floor":5,"turns":5},{"damage":23,"enemies":"Lagavulin","floor":7,"turns":5},{"damage":2,"enemies":"Blue Slaver","floor":8,"turns":3},{"damage":33,"enemies":"Gremlin Nob","floor":10,"turns":3}],"seed_played":"1871080159439876377","potions_obtained":[{"floor":3,"key":"champ:CounterPotion"}],"is_trial":false,"path_per_floor":["M","?","M","M","M","R","E","M","T","E"],"character_chosen":"DEFECT","items_purchased":[],"campfire_rested":1,"item_purchase_floors":[],"current_hp_per_floor":[49,49,49,49,27,49,26,24,24,0,0],"gold":496,"neow_bonus":"ONE_RARE_RELIC","is_daily":false,"chose_seed":false,"campfire_upgraded":0,"win_rate":0.0,"timestamp":1607918104,"path_taken":["M","?","M","M","M","R","E","M","T","E"],"items_purchased_type":[],"build_version":"2020-12-13","purchased_purges":0,"victory":false,"max_hp_per_floor":[75,75,75,75,75,75,75,75,75,75,75],"card_choices":[{"not_picked":["Barrage","Turbo"],"picked":"Tempest","floor":1},{"not_picked":["Barrage","Undo"],"picked":"Steam","floor":3},{"not_picked":["Lockon","Compile Driver"],"picked":"Conserve Battery","floor":4},{"not_picked":["Hello World","Redo"],"picked":"Tempest","floor":5},{"not_picked":["Rebound","Compile Driver","Double Energy"],"picked":"SKIP","floor":7},{"not_picked":["Biased Cognition","Cold Snap","Redo"],"picked":"SKIP","floor":8}],"player_experience":886474,"relics_obtained":[{"floor":7,"key":"Old Coin"},{"floor":9,"key":"Shovel"}],"event_choices":[],"is_beta":false,"boss_relics":[],"items_purged_floors":[],"is_endless":false,"potions_floor_spawned":[3],"killed_by":"Gremlin Nob","ascension_level":3}}