{"host":"m4fnx6uo9ridxuy8","time":1607940343,"event":{"mods":["BaseMod","KOR Keyword Fix","Minty Spire (QoL Compilation)","StSLib"],"gold_per_floor":[99999,98886,98886,98900,98900,97664,97694,97112,97112,97128,97128,97139,96752,96764,96764,96863,96863,96880,96897,96907,96926,96495,96495,96495,96506,96506,96540,96540,96063,96090,95631,95631,95731,95731,95750,95192,95207,95207,94809,94844,94869,94884,94910,94922,94934,94946,94958,94659,94659,94659],"floor_reached":51,"playtime":2925,"items_purged":["Strike_R","Strike_R","Defend_R","Defend_R","Armaments","Defend_R","Defend_R","Bash"],"score":1166,"play_id":"3bbd07bf-5112-47c1-847f-bb9fc257ef8c","local_time":"20201214190543","is_ascension_mode":false,"campfire_choices":[{"data":"Apotheosis","floor":11,"key":"SMITH"},{"data":"Dark Embrace","floor":15,"key":"SMITH"},{"floor":23,"key":"REST"},{"data":"True Grit","floor":28,"key":"SMITH"},{"floor":32,"key":"REST"},{"floor":45,"key":"REST"},{"floor":47,"key":"REST"},{"floor":49,"key":"REST"}],"circlet_count":0,"master_deck":["True Grit+1","Warcry","Thunderclap+1","Entrench","Apotheosis+1","Feed","Shrug It Off","Dark Embrace+1","Seeing Red","Warcry","Impatience","Body Slam+1","Inflame","Reaper","Juggernaut","Headbutt+1","Seeing Red","Reckless Charge+1","Pommel Strike+1","Seeing Red+1","Madness+1","Metallicize","Seeing Red+1","Flash of Steel","Warcry+1","Flame Barrier+1","Thinking Ahead+1","Warcry+1","Feel No Pain","Thinking Ahead+1","Seeing Red+1","Impatience+1","Thinking Ahead+1","Power Through+1"],"relics":["Burning Blood","HandDrill","Kunai","Ginger","Calipers","Lee\u0027s Waffle","Dream Catcher","Lizard Tail","Mango","Membership Card","Nunchaku","Strawberry","Ancient Tea Set","TheAbacus","HornCleat","Whetstone","Mark of Pain","StoneCalendar","MealTicket","DollysMirror","Unceasing Top","Bottled Flame","OrangePellets","Toxic Egg 2","Bag of Marbles","CaptainsWheel","ClockworkSouvenir","Lantern","Bottled Lightning","SacredBark","Toolbox","WingedGreaves","Centennial Puzzle","Chemical X","Torii","PreservedInsect","Incense Burner","Bottled Tornado","MawBank","Medical Kit","Blood Vial","Bag of Preparation"],"acts_visited":["Exordium","TheCity","TheBeyond"],"potions_floor_usage":[8,14,16,19,27,27,30,50,50,50],"damage_taken":[{"damage":0,"enemies":"2 Louse","floor":1,"turns":3},{"damage":0,"enemies":"Small Slimes","floor":4,"turns":4},{"damage":36,"enemies":"Lagavulin","floor":7,"turns":10},{"damage":0,"enemies":"Jaw Worm","floor":10,"turns":8},{"damage":0,"enemies":"Blue Slaver","floor":12,"turns":8},{"damage":12,"enemies":"Lots of Slimes","floor":14,"turns":4},{"damage":0,"enemies":"The Guardian","floor":16,"turns":6},{"damage":3,"enemies":"Chosen","floor":18,"turns":5},{"damage":4,"enemies":"3 Byrds","floor":19,"turns":3},{"damage":10,"enemies":"Cultist and Chosen","floor":20,"turns":6},{"damage":25,"enemies":"Snecko","floor":21,"turns":8},{"damage":0,"enemies":"Centurion and Healer","floor":25,"turns":4},{"damage":19,"enemies":"Slavers","floor":27,"turns":3},{"damage":17,"enemies":"Book of Stabbing","floor":30,"turns":7},{"damage":0,"enemies":"Collector","floor":33,"turns":3},{"damage":7,"enemies":"3 Darklings","floor":35,"turns":3},{"damage":0,"enemies":"Orb Walker","floor":37,"turns":1},{"damage":0,"enemies":"Giant Head","floor":40,"turns":5},{"damage":0,"enemies":"Reptomancer","floor":41,"turns":3},{"damage":0,"enemies":"Maw","floor":42,"turns":2},{"damage":0,"enemies":"Time Eater","floor":50,"turns":4}],"seed_played":"1468489265698078216","potions_obtained":[{"floor":14,"key":"GamblersBrew"},{"floor":16,"key":"Strength Potion"},{"floor":27,"key":"SpeedPotion"}],"is_trial":false,"path_per_floor":["M","$","?","M","?","$","E","$","T","M","R","M","$","M","R","B",null,"M","M","M","M","$","R","?","M","T","E","R","$","E","$","R","B",null,"M","$","M","?","$","E","E","M","T","?","R","?","R","$","R","B",null],"character_chosen":"IRONCLAD","items_purchased":["HandDrill","Kunai","Ginger","True Grit","Warcry","Thunderclap","GamblersBrew","SpeedPotion","SteroidPotion","Lee\u0027s Waffle","Dream Catcher","Lizard Tail","Apotheosis","Feed","HeartOfIron","CultistPotion","Membership Card","Nunchaku","Strawberry","Dark Embrace","Seeing Red","Warcry","Impatience","Fruit Juice","ElixirPotion","TheAbacus","HornCleat","Inflame","Whetstone","StoneCalendar","MealTicket","Power Through","DollysMirror","Energy Potion","OrangePellets","Toxic Egg 2","Bag of Marbles","Madness+1","Metallicize","SkillPotion","ClockworkSouvenir","Lantern","Bottled Lightning","Flash of Steel","Warcry+1","ColorlessPotion","Toolbox","WingedGreaves","Centennial Puzzle","Thinking Ahead+1","Warcry+1","Feel No Pain","Chemical X","Torii","PreservedInsect","Thinking Ahead+1","Medical Kit","Blood Vial","Bag of Preparation","Thinking Ahead+1"],"campfire_rested":5,"item_purchase_floors":[2,2,2,2,2,2,2,2,2,6,6,6,6,6,6,6,8,8,8,8,8,8,8,8,8,13,13,13,13,22,22,22,22,22,29,29,29,29,29,29,31,31,31,31,31,31,36,36,36,36,36,36,39,39,39,39,48,48,48,48],"current_hp_per_floor":[62,62,55,61,61,87,75,87,87,97,97,107,107,105,105,115,133,137,137,137,118,118,141,141,145,145,136,136,149,138,149,149,149,149,149,149,149,149,149,153,153,153,153,153,153,145,145,145,145,145],"gold":94659,"neow_bonus":"REMOVE_TWO","is_daily":false,"chose_seed":false,"campfire_upgraded":3,"win_rate":0.0,"timestamp":1607940343,"path_taken":["M","$","?","M","?","$","E","?","T","?","R","M","$","?","R","BOSS","M","?","M","M","$","R","?","?","T","E","R","$","E","?","R","BOSS","M","$","M","?","$","E","E","?","T","?","R","?","R","$","R","BOSS"],"items_purchased_type":["Relic","Relic","Relic","Card","Card","Card","Potion","Potion","Potion","Relic","Relic","Relic","Card","Card","Potion","Potion","Relic","Relic","Relic","Card","Card","Card","Card","Potion","Potion","Relic","Relic","Card","Relic","Relic","Relic","Card","Relic","Potion","Relic","Relic","Relic","Card","Card","Potion","Relic","Relic","Relic","Card","Card","Potion","Relic","Relic","Relic","Card","Card","Card","Relic","Relic","Relic","Card","Relic","Relic","Relic","Card"],"build_version":"2020-12-13","purchased_purges":8,"victory":true,"max_hp_per_floor":[80,80,80,80,80,87,105,117,117,121,121,125,125,129,129,133,133,137,137,141,141,141,141,141,145,145,149,149,149,149,149,149,149,149,149,149,149,149,149,153,153,153,153,153,153,145,145,145,145,145],"card_choices":[{"not_picked":["Body Slam","Clash"],"picked":"Armaments","floor":1},{"not_picked":["Infernal Blade","Anger"],"picked":"Entrench","floor":4},{"not_picked":["Blood for Blood","Twin Strike"],"picked":"Shrug It Off","floor":7},{"not_picked":["Thunderclap","Iron Wave","Sword Boomerang"],"picked":"SKIP","floor":10},{"not_picked":["Pummel","Hemokinesis"],"picked":"Body Slam","floor":12},{"not_picked":["Cleave","Perfected Strike"],"picked":"Reaper","floor":14},{"not_picked":["Barricade","Double Tap"],"picked":"Juggernaut","floor":16},{"not_picked":["Sword Boomerang","Cleave","Clash+1"],"picked":"SKIP","floor":18},{"not_picked":["Clothesline","Barricade","Twin Strike"],"picked":"SKIP","floor":19},{"not_picked":["True Grit","Ghostly Armor"],"picked":"Headbutt+1","floor":20},{"not_picked":["Cleave+1","Armaments","Twin Strike"],"picked":"SKIP","floor":21},{"not_picked":["Cleave","Headbutt+1"],"picked":"Reckless Charge+1","floor":23},{"not_picked":["Brutality","Thunderclap+1"],"picked":"Pommel Strike+1","floor":25},{"not_picked":["Carnage","Burning Pact"],"picked":"Seeing Red+1","floor":27},{"not_picked":["Headbutt","Clothesline"],"picked":"Seeing Red+1","floor":30},{"not_picked":["Twin Strike+1","Iron Wave+1"],"picked":"Flame Barrier+1","floor":35},{"not_picked":["Twin Strike","Power Through+1","Shrug It Off+1"],"picked":"SKIP","floor":37},{"not_picked":["Sword Boomerang","Iron Wave","Anger"],"picked":"SKIP","floor":40},{"not_picked":["True Grit+1","Dark Embrace+1"],"picked":"Seeing Red+1","floor":41},{"not_picked":["Rampage+1","Armaments+1","True Grit+1"],"picked":"SKIP","floor":42},{"not_picked":["Transmutation+1","Apotheosis+1"],"picked":"Impatience+1","floor":44},{"not_picked":["Searing Blow+1","Clash"],"picked":"Power Through+1","floor":49}],"player_experience":5646,"relics_obtained":[{"floor":7,"key":"Mango"},{"floor":9,"key":"Ancient Tea Set"},{"floor":26,"key":"Unceasing Top"},{"floor":27,"key":"Bottled Flame"},{"floor":30,"key":"CaptainsWheel"},{"floor":40,"key":"Incense Burner"},{"floor":41,"key":"Bottled Tornado"},{"floor":43,"key":"MawBank"}],"event_choices":[{"damage_healed":0,"gold_gain":0,"player_choice":"Success","damage_taken":7,"relics_obtained":["Calipers"],"max_hp_gain":0,"max_hp_loss":0,"event_name":"Scrap Ooze","floor":3,"gold_loss":0},{"cards_removed":["Strike_R"],"damage_healed":0,"gold_gain":0,"player_choice":"Forget","damage_taken":0,"max_hp_gain":0,"max_hp_loss":0,"event_name":"Living Wall","floor":5,"gold_loss":0},{"damage_healed":0,"gold_gain":0,"player_choice":"Ignored","damage_taken":0,"max_hp_gain":0,"max_hp_loss":0,"event_name":"NoteForYourself","floor":24,"gold_loss":0},{"cards_removed":["Power Through"],"damage_healed":0,"gold_gain":0,"player_choice":"Purged","damage_taken":0,"max_hp_gain":0,"max_hp_loss":0,"event_name":"Purifier","floor":38,"gold_loss":0},{"damage_healed":0,"gold_gain":0,"player_choice":"Memory 1","damage_taken":0,"max_hp_gain":0,"max_hp_loss":0,"event_name":"SensoryStone","floor":44,"gold_loss":0},{"damage_healed":0,"gold_gain":0,"player_choice":"Max HP","damage_taken":0,"max_hp_gain":0,"max_hp_loss":8,"event_name":"Winding Halls","floor":46,"gold_loss":0}],"is_beta":false,"boss_relics":[{"not_picked":["Tiny House","Empty Cage"],"picked":"Mark of Pain"},{"not_picked":["Cursed Key","Sozu"],"picked":"SacredBark"}],"items_purged_floors":[2,6,8,13,22,29,31,36],"is_endless":false,"potions_floor_spawned":[10,14,16,25,27,30,37,40],"ascension_level":0}}