{"host":"2uu78764idqc8x2u","time":1607926756,"event":{"mods":["BaseMod","Better Altar","Better Note","Better Skull","Better Third Choice","Downfall","Energized Spire","Minty Spire (QoL Compilation)","Spicy Shops","StSLib"],"gold_per_floor":[116,38,38,51,51,64,84,84,84,102,119,119,173,173,173,277,277,290,290,306,318,332,361,361,50,74,74,92,92,92,58,58,58,58],"floor_reached":33,"playtime":1996,"items_purged":[],"score":257,"play_id":"8b8b4417-406a-4f6d-a714-800246866a36","local_time":"20201214011916","is_ascension_mode":false,"campfire_choices":[{"data":"Zap","floor":8,"key":"SMITH"},{"data":"Dualcast","floor":12,"key":"SMITH"},{"data":"Aggregate","floor":15,"key":"SMITH"},{"data":"Rainbow","floor":24,"key":"SMITH"},{"floor":27,"key":"REST"},{"data":"Doom and Gloom","floor":29,"key":"SMITH"},{"data":"Consume","floor":32,"key":"SMITH"}],"circlet_count":0,"master_deck":["Strike_B","Strike_B","Defend_B","Defend_B","Defend_B","Zap+1","Dualcast+1","Doom and Gloom+1","Leap","Consume+1","Ball Lightning","Aggregate+1","Rainbow+1","Leap+1","Coolheaded","Self Repair"],"relics":["Cracked Core","Ancient Tea Set","Centennial Puzzle","energizedSpire:CursedPentagram","Singing Bowl","Bag of Preparation","Molten Egg 2","PrismaticShard","Juzu Bracelet"],"acts_visited":["Exordium","TheCity"],"potions_floor_usage":[4,6,6,7,16,20,23,28,33],"damage_taken":[{"damage":0,"enemies":"Small Slimes","floor":1,"turns":4},{"damage":0,"enemies":"Cultist","floor":4,"turns":3},{"damage":0,"enemies":"Jaw Worm","floor":6,"turns":3},{"damage":3,"enemies":"Red Slaver","floor":7,"turns":4},{"damage":6,"enemies":"Exordium Wildlife","floor":10,"turns":2},{"damage":12,"enemies":"2 Fungi Beasts","floor":11,"turns":2},{"damage":22,"enemies":"Slime Boss","floor":16,"turns":8},{"damage":1,"enemies":"Spheric Guardian","floor":18,"turns":3},{"damage":5,"enemies":"Shell Parasite","floor":20,"turns":2},{"damage":4,"enemies":"Snake Plant","floor":21,"turns":3},{"damage":18,"enemies":"3 Cultists","floor":22,"turns":5},{"damage":58,"enemies":"Slavers","floor":23,"turns":7},{"damage":9,"enemies":"Sentry and Sphere","floor":28,"turns":4},{"damage":45,"enemies":"Champ","floor":33,"turns":8}],"seed_played":"6047659529301628194","potions_obtained":[{"floor":1,"key":"EssenceOfSteel"},{"floor":3,"key":"EssenceOfDarkness"},{"floor":3,"key":"FocusPotion"},{"floor":4,"key":"sneckomod:MuddlingPotion"},{"floor":10,"key":"SteroidPotion"},{"floor":11,"key":"Slimebound:ThreeZeroPotion"},{"floor":18,"key":"SkillPotion"},{"floor":22,"key":"Regen Potion"},{"floor":23,"key":"GamblersBrew"},{"floor":28,"key":"SkillPotion"}],"is_trial":false,"path_per_floor":["M","$","?","M","?","M","M","R","T","M","M","R","T","?","R","B",null,"M","?","M","M","M","E","R","$","T","R","M","R","?","$","R","B"],"character_chosen":"DEFECT","items_purchased":["Ancient Tea Set","Molten Egg 2","PrismaticShard","Self Repair"],"campfire_rested":1,"item_purchase_floors":[2,25,25,31],"current_hp_per_floor":[75,75,75,75,75,75,72,72,72,66,54,54,54,54,54,32,75,74,74,71,69,53,10,10,10,10,34,27,27,27,27,27,0,0],"gold":58,"neow_bonus":"REMOVE_CARD","is_daily":false,"chose_seed":false,"campfire_upgraded":6,"win_rate":0.0,"timestamp":1607926756,"path_taken":["M","$","?","?","?","M","M","R","T","M","?","R","?","?","R","BOSS","M","?","?","M","M","E","R","$","T","R","M","R","?","?","R","BOSS"],"items_purchased_type":["Relic","Relic","Relic","Card"],"build_version":"2020-11-30","purchased_purges":0,"victory":false,"max_hp_per_floor":[75,75,75,75,75,75,75,75,75,75,75,75,75,75,75,75,75,75,75,77,79,81,81,81,81,81,81,83,83,83,83,83,83,83],"card_choices":[{"not_picked":["Reprogram","Compile Driver"],"picked":"Doom and Gloom","floor":1},{"not_picked":["Lockon","Blizzard"],"picked":"Leap","floor":4},{"not_picked":["Blizzard","Hologram","Stack"],"picked":"SKIP","floor":6},{"not_picked":["Steam","Go for the Eyes"],"picked":"Consume","floor":7},{"not_picked":["BootSequence","Streamline"],"picked":"Ball Lightning","floor":10},{"not_picked":["Turbo","Hologram","Streamline"],"picked":"SKIP","floor":11},{"not_picked":["All For One","Amplify"],"picked":"Rainbow","floor":16},{"not_picked":["Double Energy","Sweeping Beam+1"],"picked":"Leap+1","floor":18},{"not_picked":["Genetic Algorithm","Turbo+1","Rebound"],"picked":"Singing Bowl","floor":20},{"not_picked":["Turbo","Rip and Tear","Stack"],"picked":"Singing Bowl","floor":21},{"not_picked":["Beam Cell","Hologram+1","Go for the Eyes"],"picked":"Singing Bowl","floor":22},{"not_picked":["Storm","Force Field"],"picked":"Coolheaded","floor":23},{"not_picked":["Guardian:FastForward","Slimebound:GrowthPunch+1","hexamod:HauntingEcho+1"],"picked":"Singing Bowl","floor":28}],"player_experience":416025,"relics_obtained":[{"floor":9,"key":"Centennial Puzzle"},{"floor":23,"key":"Bag of Preparation"},{"floor":26,"key":"Juzu Bracelet"}],"event_choices":[{"damage_healed":0,"gold_gain":0,"player_choice":"Got Potions","damage_taken":0,"max_hp_gain":0,"max_hp_loss":0,"event_name":"Lab","floor":3,"gold_loss":0},{"cards_removed":["Defend_B"],"damage_healed":0,"gold_gain":0,"player_choice":"Offered Basic","damage_taken":0,"max_hp_gain":0,"max_hp_loss":0,"event_name":"Bonfire Elementals","floor":5,"gold_loss":0},{"damage_healed":0,"gold_gain":0,"cards_transformed":["Strike_B"],"player_choice":"Transformed","damage_taken":0,"max_hp_gain":0,"max_hp_loss":0,"event_name":"Transmorgrifier","floor":14,"gold_loss":0,"cards_obtained":["Aggregate"]},{"damage_healed":0,"gold_gain":0,"player_choice":"Gave Potion","damage_taken":0,"relics_obtained":["Singing Bowl"],"max_hp_gain":0,"max_hp_loss":0,"event_name":"WeMeetAgain","floor":19,"gold_loss":0},{"cards_removed":["Zap"],"damage_healed":0,"gold_gain":0,"player_choice":"Give","damage_taken":0,"max_hp_gain":0,"max_hp_loss":0,"event_name":"betterNote:BetterNote","floor":30,"gold_loss":0,"cards_obtained":["Poisoned Stab"]}],"is_beta":false,"boss_relics":[{"not_picked":["Sozu","Cursed Key"],"picked":"energizedSpire:CursedPentagram"}],"items_purged_floors":[],"is_endless":false,"potions_floor_spawned":[1,4,10,11,18,22,23,28],"killed_by":"Champ","ascension_level":0}}