{"host":"ryuep8ewa00k39z9","time":1607989474,"event":{"mods":["AchievementEnabler","BaseMod","Best Route Mod","Colored Map","Colored Powertips","Displayed Cursed Tome","Highlight Path","Minty Spire (QoL Compilation)","Quick Restart","SuperFastMode"],"gold_per_floor":[111,126,144,155,175,201,201,231,231,261,186,186,186,198,198,276,276,290,310,328,328,328,356,356,368,368,386,420,4,36,67,67,144,144,161,383,383,48,48,78,89,89,89,121,121,134,162,177,177,177,177],"floor_reached":50,"playtime":9769,"items_purged":["Strike_R"],"score":1129,"play_id":"fa803cef-6b34-4f6e-820d-aec41674eaf9","local_time":"20201214174434","is_ascension_mode":true,"campfire_choices":[{"floor":7.0,"key":"REST"},{"data":"Reaper","floor":13.0,"key":"SMITH"},{"floor":15.0,"key":"REST"},{"floor":24.0,"key":"REST"},{"data":"Whirlwind","floor":32.0,"key":"SMITH"},{"data":"Reaper","floor":45.0,"key":"SMITH"},{"data":"Bludgeon","floor":49.0,"key":"SMITH"}],"circlet_count":0,"master_deck":["AscendersBane","Defend_R","Defend_R","Defend_R+1","Bash","Spot Weakness","Thunderclap","Infernal Blade+1","Headbutt","Double Tap+1","Twin Strike","Reaper+1","Metallicize","Barricade","Shrug It Off","Sever Soul","Whirlwind+1","Shockwave","Heavy Blade","Shockwave","Bludgeon+1","Exhume+1","Whirlwind+1","Pummel+1","Madness","Madness","Body Slam+1","Twin Strike+1","Reaper+1","Immolate","Parasite"],"relics":["Cursed Key","Bag of Preparation","Pen Nib","PreservedInsect","Snecko Eye","War Paint","Ornamental Fan","Lee\u0027s Waffle","MealTicket","Red Mask","Astrolabe","Bag of Marbles","Happy Flower","Pocketwatch","Ice Cream","Blood Vial"],"acts_visited":["Exordium","TheCity","TheBeyond"],"potions_floor_usage":[50],"damage_taken":[{"damage":0.0,"enemies":"Cultist","floor":1.0,"turns":3.0},{"damage":0.0,"enemies":"2 Louse","floor":2.0,"turns":2.0},{"damage":6.0,"enemies":"Small Slimes","floor":3.0,"turns":3.0},{"damage":2.0,"enemies":"2 Fungi Beasts","floor":4.0,"turns":2.0},{"damage":14.0,"enemies":"Lots of Slimes","floor":5.0,"turns":3.0},{"damage":18.0,"enemies":"Gremlin Nob","floor":6.0,"turns":3.0},{"damage":35.0,"enemies":"Lagavulin","floor":8.0,"turns":5.0},{"damage":20.0,"enemies":"3 Sentries","floor":10.0,"turns":4.0},{"damage":5.0,"enemies":"3 Louse","floor":14.0,"turns":2.0},{"damage":37.0,"enemies":"The Guardian","floor":16.0,"turns":6.0},{"damage":43.0,"enemies":"3 Byrds","floor":18.0,"turns":5.0},{"damage":0.0,"enemies":"Chosen","floor":19.0,"turns":3.0},{"damage":28.0,"enemies":"Centurion and Healer","floor":20.0,"turns":6.0},{"damage":21.0,"enemies":"Slavers","floor":23.0,"turns":4.0},{"damage":0.0,"enemies":"3 Cultists","floor":25.0,"turns":3.0},{"damage":6.0,"enemies":"Shelled Parasite and Fungi","floor":27.0,"turns":2.0},{"damage":14.0,"enemies":"Book of Stabbing","floor":28.0,"turns":4.0},{"damage":46.0,"enemies":"Gremlin Leader","floor":30.0,"turns":3.0},{"damage":0.0,"enemies":"Masked Bandits","floor":31.0,"turns":2.0},{"damage":27.0,"enemies":"Collector","floor":33.0,"turns":7.0},{"damage":0.0,"enemies":"3 Shapes","floor":35.0,"turns":1.0},{"damage":38.0,"enemies":"Nemesis","floor":40.0,"turns":5.0},{"damage":0.0,"enemies":"Orb Walker","floor":41.0,"turns":1.0},{"damage":39.0,"enemies":"Reptomancer","floor":44.0,"turns":5.0},{"damage":0.0,"enemies":"Transient","floor":46.0,"turns":6.0},{"damage":8.0,"enemies":"Nemesis","floor":47.0,"turns":3.0},{"damage":25.0,"enemies":"Writhing Mass","floor":48.0,"turns":4.0},{"damage":108,"enemies":"Awakened One","floor":50,"turns":8}],"seed_played":"8115104165297955992","potions_obtained":[{"floor":1.0,"key":"Strength Potion"},{"floor":2.0,"key":"BlessingOfTheForge"},{"floor":4.0,"key":"SmokeBomb"},{"floor":5.0,"key":"Energy Potion"},{"floor":14.0,"key":"Fruit Juice"},{"floor":19.0,"key":"SteroidPotion"},{"floor":25.0,"key":"Block Potion"},{"floor":27.0,"key":"HeartOfIron"},{"floor":30.0,"key":"Dexterity Potion"},{"floor":31.0,"key":"SteroidPotion"},{"floor":40.0,"key":"Weak Potion"},{"floor":44.0,"key":"Strength Potion"},{"floor":47.0,"key":"EssenceOfSteel"}],"is_trial":false,"path_per_floor":["M","M","M","M","M","E","R","E","T","E","?","?","R","M","R","B",null,"M","M","M","?","?","E","R","M","T","M","E","$","E","?","R","B",null,"M","?","?","$","?","E","M","?","T","E","R","M","E","M","R","B"],"character_chosen":"IRONCLAD","items_purchased":["Lee\u0027s Waffle","Impervious","Bag of Marbles","Happy Flower"],"campfire_rested":3,"item_purchase_floors":[29,29,38,38],"current_hp_per_floor":[68,68,62,60,46,28,50,15,15,31,31,31,31,46,70,33,68,41,41,33,33,33,29,53,68,68,62,60,87,41,71,71,44,76,76,76,60,75,75,49,63,63,63,45,45,71,83,69,69,0,0],"gold":177,"neow_bonus":"BOSS_RELIC","is_daily":false,"chose_seed":false,"campfire_upgraded":4,"win_rate":0.0,"timestamp":1607989474,"path_taken":["M","?","M","M","M","E","R","E","T","E","?","?","R","M","R","BOSS","M","M","M","?","?","E","R","?","T","M","E","$","E","?","R","BOSS","M","?","?","$","?","E","M","?","T","E","R","M","E","M","R","BOSS"],"items_purchased_type":["Relic","Card","Relic","Relic"],"build_version":"2020-12-13","purchased_purges":1,"victory":false,"max_hp_per_floor":[75,75,75,75,75,75,75,75,75,75,75,75,75,80,80,80,80,80,80,80,80,80,80,80,80,80,80,80,87,87,87,87,87,87,87,87,87,87,87,87,87,87,87,87,87,87,87,87,87,87,87],"card_choices":[{"not_picked":["Clothesline","Havoc"],"picked":"Spot Weakness","floor":1.0},{"not_picked":["Perfected Strike","Infernal Blade"],"picked":"Thunderclap","floor":2.0},{"not_picked":["Intimidate","Clothesline"],"picked":"Infernal Blade","floor":3.0},{"not_picked":["Perfected Strike","Twin Strike"],"picked":"Headbutt","floor":4.0},{"not_picked":["Armaments","Thunderclap"],"picked":"Double Tap","floor":5.0},{"not_picked":["Headbutt","Warcry"],"picked":"Twin Strike","floor":6.0},{"not_picked":["Iron Wave","Thunderclap"],"picked":"Reaper","floor":8.0},{"not_picked":["Rupture","Disarm"],"picked":"Metallicize","floor":10.0},{"not_picked":["Flex","Feel No Pain","Wild Strike"],"picked":"SKIP","floor":14.0},{"not_picked":["Corruption","Impervious"],"picked":"Barricade","floor":16.0},{"not_picked":["Wild Strike","Perfected Strike","Ghostly Armor"],"picked":"SKIP","floor":18.0},{"not_picked":["Perfected Strike","Barricade"],"picked":"Shrug It Off","floor":19.0},{"not_picked":["Disarm","Entrench"],"picked":"Sever Soul","floor":20.0},{"not_picked":["Perfected Strike","Sword Boomerang+1"],"picked":"Whirlwind","floor":23.0},{"not_picked":["Dropkick","Hemokinesis"],"picked":"Shockwave","floor":25.0},{"not_picked":["Dropkick+1","Ghostly Armor"],"picked":"Heavy Blade","floor":27.0},{"not_picked":["Sword Boomerang","Armaments","Cleave"],"picked":"SKIP","floor":28.0},{"not_picked":["Sword Boomerang","Flex"],"picked":"Shockwave","floor":30.0},{"not_picked":["Exhume","Corruption"],"picked":"Bludgeon","floor":33.0},{"not_picked":["Intimidate","Sword Boomerang+1","Combust"],"picked":"SKIP","floor":35.0},{"not_picked":["Twin Strike","Headbutt"],"picked":"Body Slam","floor":40.0},{"not_picked":["Reckless Charge","Body Slam"],"picked":"Twin Strike+1","floor":41.0},{"not_picked":["Wild Strike+1","Dark Embrace"],"picked":"Reaper","floor":44.0},{"not_picked":["Clothesline","Twin Strike","Rampage"],"picked":"SKIP","floor":46.0},{"not_picked":["Headbutt","Twin Strike"],"picked":"Immolate","floor":47.0},{"not_picked":["Perfected Strike","Cleave","Body Slam+1"],"picked":"SKIP","floor":48.0}],"player_experience":3158609,"relics_obtained":[{"floor":6.0,"key":"Bag of Preparation"},{"floor":8.0,"key":"Pen Nib"},{"floor":10.0,"key":"PreservedInsect"},{"floor":23.0,"key":"War Paint"},{"floor":28.0,"key":"Ornamental Fan"},{"floor":30.0,"key":"MealTicket"},{"floor":31.0,"key":"Red Mask"},{"floor":40.0,"key":"Pocketwatch"},{"floor":44.0,"key":"Ice Cream"},{"floor":47.0,"key":"Blood Vial"}],"event_choices":[{"cards_removed":["Strike_R"],"damage_healed":0.0,"max_hp_gain":0.0,"max_hp_loss":0.0,"gold_gain":0.0,"event_name":"The Cleric","player_choice":"Card Removal","floor":11.0,"gold_loss":75.0,"damage_taken":0.0},{"damage_healed":0.0,"max_hp_gain":0.0,"max_hp_loss":0.0,"gold_gain":0.0,"event_name":"Living Wall","player_choice":"Grow","floor":12.0,"gold_loss":0.0,"damage_taken":0.0,"cards_upgraded":["Double Tap"]},{"damage_healed":0.0,"max_hp_gain":0.0,"max_hp_loss":0.0,"gold_gain":0.0,"event_name":"The Mausoleum","player_choice":"Ignored","floor":21.0,"gold_loss":0.0,"damage_taken":0.0},{"cards_removed":["Strike_R"],"damage_healed":0.0,"max_hp_gain":0.0,"max_hp_loss":0.0,"gold_gain":0.0,"event_name":"Purifier","player_choice":"Purged","floor":22.0,"gold_loss":0.0,"damage_taken":0.0},{"damage_healed":0.0,"max_hp_gain":0.0,"max_hp_loss":0.0,"gold_gain":0.0,"event_name":"Masked Bandits","player_choice":"Fought Bandits","floor":31.0,"gold_loss":0.0,"damage_taken":0.0},{"damage_healed":0.0,"max_hp_gain":0.0,"max_hp_loss":0.0,"gold_gain":222.0,"event_name":"Tomb of Lord Red Mask","player_choice":"Wore Mask","floor":36.0,"gold_loss":0.0,"damage_taken":0.0},{"damage_healed":0.0,"max_hp_gain":0.0,"max_hp_loss":0.0,"gold_gain":0.0,"event_name":"Winding Halls","player_choice":"Embrace Madness","floor":37.0,"gold_loss":0.0,"damage_taken":16.0,"cards_obtained":["Madness","Madness"]},{"cards_removed":["Impervious"],"damage_healed":0.0,"max_hp_gain":0.0,"max_hp_loss":0.0,"gold_gain":0.0,"event_name":"Falling","player_choice":"Removed Skill","floor":39.0,"gold_loss":0.0,"damage_taken":0.0},{"damage_healed":0.0,"max_hp_gain":0.0,"max_hp_loss":0.0,"gold_gain":0.0,"event_name":"Accursed Blacksmith","player_choice":"Forge","floor":42.0,"gold_loss":0.0,"damage_taken":0.0,"cards_upgraded":["Body Slam"]}],"is_beta":false,"boss_relics":[{"not_picked":["Ectoplasm","Empty Cage"],"picked":"Snecko Eye"},{"not_picked":["SlaversCollar","Coffee Dripper"],"picked":"Astrolabe"}],"items_purged_floors":[29],"is_endless":false,"potions_floor_spawned":[1,2,4,5,14,19,25,27,30,31,40,44,47],"killed_by":"Awakened One","ascension_level":17}}