{"host":"s4klbi5zf1bej8mm","time":1607939283,"event":{"mods":["2.2 Compatiblity","Act Like it!","BaseMod","Block Reminder","Colored Map","Colored Powertips","DeckTracker","Downfall","Highlight Path","Jorbs\u0027s Wanderer Trilogy","Minty Spire (QoL Compilation)","Permanent Neow","Quick Restart","Random Character Button","Relic Sorter","Relic Stats","Replay The Spire","Shade Mod","Spicy Shops","StSLib","The Blackbeard","The Cursed","The Hierophant","The Necromancer","Unknown Chances"],"gold_per_floor":[116,159,14,14,31,31,66,81,81,81,101,119,145,32,32,136,136,152,152,152,64,84,117,117,117,117],"floor_reached":25,"playtime":1576,"items_purged":["Defend_W"],"score":231,"play_id":"193acabb-9740-4a5a-81b0-34d16193a012","local_time":"20201214034803","is_ascension_mode":false,"campfire_choices":[{"data":"Summon_Undead_Army","floor":6,"key":"SMITH"},{"data":"Cloudkill","floor":10,"key":"SMITH"},{"data":"Summon_Undead","floor":15,"key":"SMITH"},{"data":"Summon_Vampire_Lady","floor":24,"key":"SMITH"}],"circlet_count":0,"master_deck":["Defend_W","Negative_Energy_Arrows","Bone_Wall","Grasp_Heart","Spectral_Armor","Negative_Energy_Javelin","Vampiric_Strike","Summon_Undead_Army+1","Bone_Shift","Stop_Heart","Cloudkill+1","Summon_Undead+1","Finger_Of_Death","Pot Of Greed","Pot Of Greed","Vampiric_Strike","Bone_Armory","Bone_Armory","Normality","Summon_Vampire_Lady+1","Clumsy","Pot Of Greed","Bone_Armory","Summon_Undead_Army","Pandemic+1","Bones_to_Steel","Bones_to_Steel"],"relics":["Vampire_Amulet","Question Card","Letter Opener","Orichalcum","Grinning Jar","Lee\u0027s Waffle","Kintsugi","Quantum Egg","Nunchaku"],"acts_visited":["Exordium","TheCity"],"potions_floor_usage":[7,13,13,23],"damage_taken":[{"damage":0,"enemies":"2 Louse","floor":1,"turns":2},{"damage":3,"enemies":"Jaw Worm","floor":5,"turns":3},{"damage":26,"enemies":"Gremlin Nob","floor":7,"turns":4},{"damage":0,"enemies":"Cultist","floor":8,"turns":2},{"damage":0,"enemies":"2 Fungi Beasts","floor":11,"turns":2},{"damage":4,"enemies":"Exordium Thugs","floor":12,"turns":3},{"damage":11,"enemies":"Lagavulin","floor":13,"turns":3},{"damage":17,"enemies":"Fading Forest","floor":16,"turns":11},{"damage":26,"enemies":"2 Thieves","floor":18,"turns":4},{"damage":2,"enemies":"Shell Parasite","floor":21,"turns":6},{"damage":16,"enemies":"Cultist and Chosen","floor":22,"turns":5},{"damage":61,"enemies":"Gremlin Leader","floor":23,"turns":7},{"damage":24,"enemies":"Slavers","floor":25,"turns":1}],"seed_played":"-2526473341824070338","potions_obtained":[{"floor":1,"key":"PowerPotion"},{"floor":11,"key":"ColorlessPotion"},{"floor":12,"key":"Fire Potion"},{"floor":16,"key":"Languid Potion"},{"floor":23,"key":"Strength Potion"}],"is_trial":false,"path_per_floor":["M","?","$","?","M","R","E","M","T","R","M","M","E","$","R","B",null,"M","T","?","M","M","E","R","E"],"character_chosen":"NECROMANCER","items_purchased":["Summon_Undead_Army","Bone_Armory","Lee\u0027s Waffle"],"campfire_rested":0,"item_purchase_floors":[3,14,14],"current_hp_per_floor":[68,51,51,51,50,50,28,30,30,30,36,36,27,75,75,70,75,59,59,59,72,63,24,24,0,0],"gold":117,"neow_bonus":"THREE_RARE_CARDS","is_daily":false,"chose_seed":false,"campfire_upgraded":4,"win_rate":0.0,"timestamp":1607939283,"path_taken":["M","?","?","?","?","R","E","M","T","R","?","M","E","$","R","BOSS","M","?","?","M","M","E","R","E"],"items_purchased_type":["Card","Card","Relic"],"build_version":"2020-12-13","purchased_purges":1,"victory":false,"max_hp_per_floor":[68,68,68,68,68,68,68,68,68,68,68,68,68,75,75,75,75,75,75,75,75,75,75,75,75,75],"relic_stats":{"Lee\u0027s Waffle":48,"Nunchaku":[0],"counters":[13,53],"Letter Opener":[30],"Orichalcum":[162],"Question Card":11,"obtain_stats":[{"Lee\u0027s Waffle":14,"Nunchaku":23,"Quantum Egg":19,"Vampire_Amulet":0,"Letter Opener":7,"Orichalcum":9,"Grinning Jar":13,"Kintsugi":17,"Question Card":2},{"Lee\u0027s Waffle":7,"Nunchaku":12,"Quantum Egg":9,"Vampire_Amulet":0,"Letter Opener":3,"Orichalcum":4,"Grinning Jar":7,"Kintsugi":8,"Question Card":1},{"Lee\u0027s Waffle":19,"Nunchaku":52,"Quantum Egg":34,"Vampire_Amulet":0,"Letter Opener":9,"Orichalcum":11,"Grinning Jar":19,"Kintsugi":30,"Question Card":2}]},"card_choices":[{"not_picked":["Blood_Magic","Negative_Energy_Bomb"],"picked":"Grasp_Heart","floor":0},{"not_picked":["Shackles_Of_Pain","Negative_Energy_Burst"],"picked":"Spectral_Armor","floor":1},{"not_picked":["Stop_Heart","Shade_Step"],"picked":"Negative_Energy_Javelin","floor":2},{"not_picked":["Scare","Negative_Energy_Burst"],"picked":"Vampiric_Strike","floor":2},{"not_picked":["Negative_Energy_Sphere","Exploit","Negative_Energy_Mist"],"picked":"Bone_Shift","floor":5},{"not_picked":["Death_Coil","Shackles_Of_Pain","Life_Drain"],"picked":"Stop_Heart","floor":7},{"not_picked":["Scare","Bone_Shift","Death_March_Dance"],"picked":"Cloudkill","floor":8},{"not_picked":["Whirlwind_of_Bones","Toxic_Smoke_Screen","Life_Drain"],"picked":"Summon_Undead","floor":11},{"not_picked":["Toxic_Smoke_Screen","Death_March_Dance","Flesh_Made_Foul"],"picked":"Finger_Of_Death","floor":12},{"not_picked":["Bone_Shift","Exploit","Necromantic_Selection"],"picked":"Vampiric_Strike","floor":13},{"not_picked":["Summon_Death_Knight","Requiem","Blood_Wake"],"picked":"Summon_Vampire_Lady","floor":16},{"not_picked":["Bone_Bullets","Bone_Spikes","Bone_Shift"],"picked":"Bone_Armory","floor":18},{"not_picked":["Death_Knell","Life_Drain","Death_March_Dance"],"picked":"Pandemic+1","floor":21},{"not_picked":["Bone_Bullets","Detonate_Bones","Negative_Energy_Javelin+1"],"picked":"Bones_to_Steel","floor":22},{"not_picked":["Shackles_Of_Pain","Bone_Shift","Negative_Energy_Shield+1"],"picked":"Bones_to_Steel","floor":23}],"player_experience":120880,"relics_obtained":[{"floor":2,"key":"Question Card"},{"floor":7,"key":"Letter Opener"},{"floor":9,"key":"Orichalcum"},{"floor":13,"key":"Grinning Jar"},{"floor":19,"key":"Quantum Egg"},{"floor":23,"key":"Nunchaku"}],"event_choices":[{"cards_removed":["Strike_W"],"damage_healed":0,"gold_gain":0,"player_choice":"Purged","damage_taken":0,"max_hp_gain":0,"max_hp_loss":0,"event_name":"Purifier","floor":4,"gold_loss":0},{"damage_healed":0,"gold_gain":0,"player_choice":"Read","damage_taken":0,"max_hp_gain":0,"max_hp_loss":0,"event_name":"The Library","floor":20,"gold_loss":0,"cards_obtained":["Summon_Undead_Army"]}],"is_beta":false,"boss_relics":[{"not_picked":["Replay:Wanted Poster","ReplayTheSpireMod:DimensionalGlitch"],"picked":"Kintsugi"}],"items_purged_floors":[3],"is_endless":false,"potions_floor_spawned":[1,11,12,16,23],"killed_by":"Slavers","ascension_level":0}}