{"host":"4c7oxphrh4ok8x7u","time":1607968830,"event":{"mods":["2.2 Compatiblity","Act Like it!","Aspiration","BaseMod","Better Skull","Better Vampires","BetterRewards","Challenge The Spire","Conjunction","Conspire","Custom Start","Dota2Spire","Friendly Minions","FruityMod","GifTheSpireLib","Halation","Hermit","HololiveMod","Hubris","Hyrulean Relics","Jedi Mod","Kratos Character Expansion","Minty Spire (QoL Compilation)","MostiFishMod","Permanent Neow","Prisma Mod","Quarter Circle Forward PUNCH!","RatMod","Replay The Spire","Robot Space Explorer","SCP261 Mod","Shade Mod","Slay the Relics Exporter","Small Relic Pack","Spicy Shops","Spikes Relics","Spires And Sneckos","StSLib","Stuff the Spire","The Animator","The Blue Laboratory","The Death Knight","The Edgeheg","The Exalted","The Fake Hero","The Trickster","TheWitcher","Wandering Minibosses"],"gold_per_floor":[124,124,142,162,337,381,396,206,230,230,275,275,275,286,286,384,384,399,411,431,69,84,103,118,11,85,85,99,117,117,137,137,240,240,258,258,271,271,287,316,326,339,414,446,6,6,23,52,52,52,52,52,616,666,733,801,828,828,927,927,927],"floor_reached":60,"playtime":3750,"items_purged":["Regret","animator:Strike","animator:Defend"],"score":1006,"play_id":"3a65d5c1-1589-4bbd-9cb2-a04025a26a2c","local_time":"20201214210030","is_ascension_mode":false,"campfire_choices":[{"data":"animator:Biyorigo","floor":10,"key":"SMITH"},{"data":"animator:FielNirvalen","floor":12,"key":"SMITH"},{"data":"animator:Sonic","floor":15,"key":"SMITH"},{"floor":27,"key":"RECALL"},{"data":"animator:Strike","floor":32,"key":"PURGE"},{"data":"animator:Sora","floor":46,"key":"SMITH"},{"data":"animator:DwarfShaman","floor":52,"key":"SMITH"},{"floor":58,"key":"REST"}],"circlet_count":0,"master_deck":["animator:Strike_NoGameNoLife","animator:Defend_NoGameNoLife","animator:Defend","animator:Defend+1","animator:DolaCouronne","SpiresAndSneckos:Offense","SpiresAndSneckos:Defense","animator:Konayuki","animator:FeridBathory","animator:Witch","animator:Biyorigo+1","Doubt","animator:Emonzaemon","animator:DwarfShaman","animator:DwarfShaman+1","animator:FielNirvalen+1","animator:Sonic+1","animator:AcuraShin","animator:Spearman","animator:Tatsumaki+1","animator:Sonic","animator:Shigure","animator:HigakiRinne+1","animator:Shigure","animator:FielNirvalen","animator:AcuraAkari+1","animator:Sora+1","animator:MetalKnight+1","animator:Azekura+1","animator:Melzalgald+1","animator:Viivi+1","Injury","animator:Yoichi","animator:SilverFang","animator:Sonic+1","animator:Jibril+1","animator:Spearman+1","animator:ZankiKiguchi+1"],"relics":["animator:TheEruzaStone","animator:AncientMedallion"],"acts_visited":["Exordium","TheCity","TheBeyond","TheEnding","EYB:TheUnnamedReign"],"potions_floor_usage":[11,19,55,59],"damage_taken":[{"damage":0,"enemies":"2 Louse","floor":1,"turns":2},{"damage":0,"enemies":"Cultist","floor":3,"turns":6},{"damage":0,"enemies":"Small Slimes","floor":4,"turns":3},{"damage":3,"enemies":"3 Sentries","floor":6,"turns":8},{"damage":0,"enemies":"Exordium Wildlife","floor":7,"turns":3},{"damage":0,"enemies":"Gremlin Nob","floor":11,"turns":4},{"damage":0,"enemies":"Blue Slaver","floor":14,"turns":3},{"damage":19,"enemies":"The Guardian","floor":16,"turns":8},{"damage":0,"enemies":"Shell Parasite","floor":18,"turns":4},{"damage":4,"enemies":"2 Thieves","floor":19,"turns":5},{"damage":0,"enemies":"Snecko","floor":20,"turns":4},{"damage":0,"enemies":"Snake Plant","floor":22,"turns":2},{"damage":0,"enemies":"Shelled Parasite and Fungi","floor":23,"turns":4},{"damage":0,"enemies":"Centurion and Healer","floor":24,"turns":5},{"damage":0,"enemies":"Sentry and Sphere","floor":28,"turns":2},{"damage":0,"enemies":"Snecko","floor":29,"turns":2},{"damage":0,"enemies":"Snake Plant","floor":31,"turns":3},{"damage":0,"enemies":"conspire:MysteriousRune","floor":33,"turns":4},{"damage":0,"enemies":"Orb Walker","floor":35,"turns":2},{"damage":0,"enemies":"3 Shapes","floor":37,"turns":2},{"damage":8,"enemies":"Jaw Worm Horde","floor":39,"turns":2},{"damage":0,"enemies":"Nemesis","floor":40,"turns":3},{"damage":0,"enemies":"4 Shapes","floor":41,"turns":2},{"damage":0,"enemies":"Transient","floor":42,"turns":5},{"damage":0,"enemies":"Giant Head","floor":44,"turns":3},{"damage":0,"enemies":"Spire Growth","floor":47,"turns":2},{"damage":0,"enemies":"Nemesis","floor":48,"turns":1},{"damage":6,"enemies":"conspire:OrnateMirror","floor":50,"turns":5},{"damage":87,"enemies":"animator:TRIPLE_SHAPES_WEAK","floor":54,"turns":8},{"damage":0,"enemies":"animator:UNNAMED_HAT","floor":55,"turns":12},{"damage":9,"enemies":"conspire:MimicChest","floor":57,"turns":3},{"damage":53,"enemies":"animator:UNNAMED_CULTIST_2","floor":59,"turns":9},{"damage":28,"enemies":"animator:LARGE_CUBE","floor":60,"turns":2}],"seed_played":"-6297706654229365456","potions_obtained":[{"floor":4,"key":"Languid Potion"},{"floor":6,"key":"SkillPotion"},{"floor":11,"key":"GamblersBrew"},{"floor":14,"key":"jedi:holywater"},{"floor":19,"key":"LiquidBronze"},{"floor":44,"key":"animator:FalseLifePotion"},{"floor":54,"key":"animator:FalseLifePotion"},{"floor":55,"key":"animator:FalseLifePotion"},{"floor":59,"key":"animator:FalseLifePotion"}],"is_trial":false,"path_per_floor":["M","?","M","M","?","E","M","$","T","R","E","R","?","M","R","B",null,"M","M","M","$","M","M","M","$","T","R","M","M","?","M","R","B",null,"M","?","M","?","M","E","M","M","T","E","$","R","M","E","R","B",null,"R","??","M","M","T","?","R","M","M"],"character_chosen":"THE_ANIMATOR","items_purchased":["hubris:OldNail","animator:DwarfShaman","Nunchaku","Oddly Smooth Stone","qcfpunch:Wrestler\u0027s_Cloak","halation:Sosunser","SnailShell","Brimstone","Membership Card"],"campfire_rested":1,"item_purchase_floors":[8,8,21,21,21,25,45,45,45],"current_hp_per_floor":[66,66,66,67,67,64,64,64,64,64,64,64,61,61,61,42,67,67,63,63,63,63,63,63,63,63,63,63,63,63,63,63,64,68,68,68,68,48,40,41,41,41,41,41,41,42,42,42,42,36,69,69,98,23,27,27,26,55,14,0,0],"gold":927,"neow_bonus":"ADVENTURE","is_daily":false,"chose_seed":false,"campfire_upgraded":5,"win_rate":0.0,"timestamp":1607968830,"path_taken":["M","?","?","M","?","E","M","?","T","R","E","R","?","M","R","BOSS","M","M","M","$","M","M","M","$","T","R","M","M","?","M","R","BOSS","M","?","M","?","M","E","M","M","T","E","$","R","M","E","R","BOSS","R","??","M","M","T","?","R","M","M"],"items_purchased_type":["Relic","Card","Relic","Relic","Relic","Relic","Relic","Relic","Relic"],"build_version":"2020-12-13","purchased_purges":3,"victory":false,"max_hp_per_floor":[66,66,66,67,67,67,67,67,67,67,67,67,67,67,67,67,67,67,67,67,67,67,67,67,67,67,67,67,67,67,67,67,68,68,68,68,68,68,68,69,69,69,69,69,69,69,69,69,69,69,69,69,98,98,98,98,98,98,98,98,98],"card_choices":[{"not_picked":["animator:GuildGirl","animator:Priestess"],"picked":"animator:Konayuki","floor":1},{"not_picked":["animator:Priestess","animator:UneriGinkaku","animator:ChaikaBohdan"],"picked":"animator:Witch","floor":3},{"not_picked":["animator:ElricAlphonse","animator:MumenRider","animator:MaesHughes"],"picked":"animator:Biyorigo","floor":4},{"not_picked":["animator:UneriGinkaku","animator:ZankiKiguchi","animator:Togame"],"picked":"animator:Emonzaemon","floor":6},{"not_picked":["animator:Fredrika","animator:DolaRiku","animator:LizardPriest","animator:MaesHughes"],"picked":"SKIP","floor":7},{"not_picked":["animator:CowGirl","animator:Genos","animator:Nanami"],"picked":"animator:FielNirvalen","floor":11},{"not_picked":["animator:MumenRider","animator:Guy","animator:DwarfShaman"],"picked":"animator:Sonic","floor":14},{"not_picked":["animator:Sora","animator:Greed","animator:Envy"],"picked":"animator:AcuraShin","floor":16},{"not_picked":["animator:Azekura+1","animator:FielNirvalen","animator:Jibril"],"picked":"animator:Spearman+1","floor":19},{"not_picked":["animator:DolaCouronne","animator:DolaSchwi+1","animator:Fredrika"],"picked":"animator:Tatsumaki","floor":20},{"not_picked":["animator:MaesHughes+1","animator:Tatsumaki+1","animator:ChaikaBohdan"],"picked":"animator:Sonic+1","floor":22},{"not_picked":["animator:DolaRiku","animator:DolaCouronne","animator:DolaStephanie"],"picked":"animator:DolaSchwi","floor":23},{"not_picked":["animator:UneriGinkaku","animator:DolaSchwi","animator:Saitama"],"picked":"animator:Shigure","floor":24},{"not_picked":["animator:MumenRider+1","animator:HiiragiShinya","animator:DwarfShaman+1"],"picked":"animator:Shigure+1","floor":28},{"not_picked":["animator:Shigure+1","animator:Mitsuba","animator:MumenRider"],"picked":"animator:FielNirvalen","floor":29},{"not_picked":["animator:Priestess+1","animator:ChaikaBohdan+1","animator:Spearman"],"picked":"animator:AcuraAkari+1","floor":31},{"not_picked":["animator:GoblinSlayer","animator:Envy","animator:Boros"],"picked":"animator:Sora","floor":33},{"not_picked":["animator:Gluttony","animator:LizardPriest+1","animator:Shigure+1","animator:ZankiKiguchi+1"],"picked":"SKIP","floor":35},{"not_picked":["animator:WinryRockbell","animator:AcuraTooru+1","animator:Viivi+1"],"picked":"animator:MetalKnight","floor":37},{"not_picked":["animator:Konayuki","animator:Jibril+1","animator:DwarfShaman","animator:DolaSchwi"],"picked":"SKIP","floor":39},{"not_picked":["animator:Sloth","animator:DolaCouronne+1","animator:Witch+1"],"picked":"animator:Azekura+1","floor":40},{"not_picked":["animator:Togame","animator:Konayuki","animator:Guy","animator:Shigure"],"picked":"SKIP","floor":41},{"not_picked":["animator:Envy","animator:Azekura","animator:Viivi"],"picked":"animator:Melzalgald+1","floor":42},{"not_picked":["animator:Azekura+1","animator:LizardPriest+1","animator:Konayuki"],"picked":"animator:Viivi+1","floor":44},{"not_picked":["animator:DolaRiku+1","animator:ElricEdward","animator:DwarfShaman"],"picked":"animator:Yoichi","floor":47},{"not_picked":["animator:MetalKnight+1","animator:AcuraAkari+1","animator:GoblinSlayer"],"picked":"animator:SilverFang+1","floor":48},{"not_picked":["animator:Shinoa","animator:ZankiKiguchi"],"picked":"animator:Sonic+1","floor":54},{"not_picked":["animator:ElricEdward","animator:Mitsuba"],"picked":"animator:Jibril+1","floor":55},{"not_picked":["animator:ElricEdward+1","animator:Geryuganshoop"],"picked":"animator:Spearman+1","floor":57},{"not_picked":["animator:Shigure","animator:Hitei"],"picked":"animator:ZankiKiguchi+1","floor":59}],"player_experience":618411,"relics_obtained":[{"floor":1,"key":"Question Card"},{"floor":6,"key":"Dota2Spire:ShadowBlade"},{"floor":11,"key":"Turnip"},{"floor":16,"key":"ImportantClient"},{"floor":26,"key":"hubris:DuctTape"},{"floor":31,"key":"wanderingMiniBosses:OtherGremlinHorn"},{"floor":40,"key":"PreservedInsect"},{"floor":43,"key":"aspiration:SeaSaltIceCream"},{"floor":44,"key":"jedi:purplefairy"},{"floor":48,"key":"conspire:DeflatedDodgeball"},{"floor":53,"key":"animator:TheEruzaStone"},{"floor":53,"key":"animator:AncientMedallion"},{"floor":56,"key":"animator:AncientMedallion"},{"floor":57,"key":"animator:AncientMedallion"}],"event_choices":[{"damage_healed":0,"gold_gain":0,"cards_transformed":["animator:Strike"],"player_choice":"Transformed","damage_taken":0,"max_hp_gain":0,"max_hp_loss":0,"event_name":"Transmorgrifier","floor":2,"gold_loss":0,"cards_obtained":["animator:FeridBathory"]},{"damage_healed":0,"gold_gain":175,"player_choice":"AGREE","damage_taken":0,"max_hp_gain":0,"max_hp_loss":0,"event_name":"Liars Game","floor":5,"gold_loss":0,"cards_obtained":["Doubt"]},{"damage_healed":0,"gold_gain":0,"player_choice":"Leave","damage_taken":0,"max_hp_gain":0,"max_hp_loss":0,"event_name":"conspire:Investor","floor":49,"gold_loss":0}],"is_beta":false,"boss_relics":[{"not_picked":["Coffee Dripper","Dota2Spire:RefresherOrb"],"picked":"FeatherPendant"},{"not_picked":["Bromod:ArcaneBarrier","hubris:BlackHole"],"picked":"SlaversCollar"}],"items_purged_floors":[25,45,45],"is_endless":false,"potions_floor_spawned":[4,6,11,14,16,19,20,24,28,31,35,37,41,44,47,59],"killed_by":"animator:LARGE_CUBE","ascension_level":0}}