{"host":"8zzc9mdnfkdiyxma","time":1607933565,"event":{"mods":["2.2 Compatiblity","BaseMod","Better Altar","Better Match","Better Note","Better Sensory Stone","Better Skull","Better Third Choice","Better Vampires","Colored Map","Colored Powertips","Emptier Cage","Energized Spire","Halation","Minty Spire (QoL Compilation)","Permanent Neow","Rare Cards Sparkle","Relic Filter","SacredBarkPlus","StSLib","Waifu the Spire"],"gold_per_floor":[119,132,132,73,73,106,106,139,139,156,156,166,166,180,180,254,254,271,289,339,339,357,357,382,402,425,460,470,489,489,516,516,516,516],"floor_reached":33,"playtime":1942,"items_purged":[],"score":634,"play_id":"061b8199-add9-411e-9036-0d2c888e24f5","local_time":"20201214031245","is_ascension_mode":true,"campfire_choices":[{"floor":7,"key":"REST"},{"data":"Doppelganger","floor":13,"key":"SMITH"},{"data":"Neutralize","floor":15,"key":"SMITH"},{"floor":23,"key":"REST"},{"floor":30,"key":"REST"},{"data":"Backflip","floor":32,"key":"SMITH"}],"circlet_count":0,"master_deck":["AscendersBane","Strike_G","Strike_G","Strike_G","Strike_G","Strike_G","Defend_G","Defend_G","Defend_G","Defend_G","Survivor","Neutralize+1","Bandage Up+1","Dagger Spray","Bouncing Flask+1","Sucker Punch","Deadly Poison+1","Adrenaline","Deadly Poison","Doppelganger+1","Caltrops+1","After Image+1","PiercingWail","Backflip+1","Protect+1","Backflip+1","Backstab","Backflip","Poisoned Stab","After Image+1","After Image+1"],"relics":["Ring of the Snake","Regal Pillow","War Paint","Frozen Egg 2","energizedSpire:OgreHead","Akabeko","Happy Flower","Du-Vu Doll","Blood Vial"],"acts_visited":["Exordium","TheCity"],"potions_floor_usage":[8,16,16,27,27],"damage_taken":[{"damage":6,"enemies":"Cultist","floor":1,"turns":4},{"damage":1,"enemies":"Small Slimes","floor":2,"turns":3},{"damage":58,"enemies":"Gremlin Nob","floor":6,"turns":5},{"damage":24,"enemies":"3 Sentries","floor":8,"turns":8},{"damage":6,"enemies":"2 Louse","floor":10,"turns":3},{"damage":12,"enemies":"Gremlin Gang","floor":12,"turns":3},{"damage":8,"enemies":"Looter","floor":14,"turns":2},{"damage":13,"enemies":"Hexaghost","floor":16,"turns":7},{"damage":17,"enemies":"3 Byrds","floor":18,"turns":5},{"damage":20,"enemies":"Chosen","floor":19,"turns":4},{"damage":26,"enemies":"Shelled Parasite and Fungi","floor":22,"turns":4},{"damage":13,"enemies":"Book of Stabbing","floor":24,"turns":5},{"damage":0,"enemies":"Snake Plant","floor":25,"turns":4},{"damage":22,"enemies":"Slavers","floor":27,"turns":6},{"damage":13,"enemies":"Centurion and Healer","floor":28,"turns":7},{"damage":0,"enemies":"3 Cultists","floor":29,"turns":3},{"damage":7,"enemies":"Book of Stabbing","floor":31,"turns":4},{"damage":69,"enemies":"Champ","floor":33,"turns":13}],"seed_played":"1557467411449602797","potions_obtained":[{"floor":6,"key":"SpeedPotion"},{"floor":8,"key":"FearPotion"},{"floor":10,"key":"LiquidBronze"},{"floor":19,"key":"Ancient Potion"},{"floor":24,"key":"Block Potion"}],"is_trial":false,"path_per_floor":["M","M","?","$","?","E","R","E","T","M","?","M","R","M","R","B",null,"M","M","?","?","M","R","E","M","T","E","M","M","R","E","R","B"],"character_chosen":"THE_SILENT","items_purchased":["Sucker Punch"],"campfire_rested":3,"item_purchase_floors":[4],"current_hp_per_floor":[57,60,60,60,60,6,40,20,20,20,66,54,54,52,52,45,61,50,36,36,36,16,50,43,49,49,33,26,32,66,65,65,0,0],"gold":516,"neow_bonus":"RANDOM_COLORLESS","is_daily":false,"chose_seed":false,"campfire_upgraded":3,"win_rate":0.0,"timestamp":1607933565,"path_taken":["M","M","?","$","?","E","R","E","T","?","?","M","R","?","R","BOSS","M","M","?","?","M","R","E","M","T","E","M","M","R","E","R","BOSS"],"items_purchased_type":["Card"],"build_version":"2020-12-13","purchased_purges":0,"victory":false,"max_hp_per_floor":[66,66,66,66,66,66,66,66,66,66,66,66,66,66,66,66,66,66,66,66,66,66,66,66,66,66,66,66,66,66,66,66,66,66],"card_choices":[{"not_picked":["Blind","Enlightenment"],"picked":"Bandage Up","floor":0},{"not_picked":["Deflect","Outmaneuver"],"picked":"Dagger Spray","floor":1},{"not_picked":["Deadly Poison","PiercingWail"],"picked":"Bouncing Flask","floor":2},{"not_picked":["Storm of Steel","Backflip"],"picked":"Deadly Poison","floor":6},{"not_picked":["Poisoned Stab","Concentrate"],"picked":"Adrenaline","floor":8},{"not_picked":["Slice","Backflip"],"picked":"Deadly Poison","floor":10},{"not_picked":["Acrobatics","Cloak And Dagger"],"picked":"Doppelganger","floor":12},{"not_picked":["Dagger Spray","Finisher"],"picked":"Caltrops+1","floor":14},{"not_picked":["Wraith Form v2+1","Grand Finale"],"picked":"After Image+1","floor":16},{"not_picked":["Dagger Spray","Blade Dance"],"picked":"PiercingWail","floor":18},{"not_picked":["Dagger Spray","Cloak And Dagger"],"picked":"Backflip+1","floor":19},{"not_picked":["Sucker Punch","Deadly Poison"],"picked":"Backflip","floor":22},{"not_picked":["Endless Agony","Grand Finale","Slice"],"picked":"SKIP","floor":24},{"not_picked":["Slice","Sucker Punch"],"picked":"Backstab","floor":25},{"not_picked":["Dagger Spray","Reflex"],"picked":"Backflip","floor":27},{"not_picked":["Tactician","Quick Slash"],"picked":"Poisoned Stab","floor":28},{"not_picked":["Backflip","Caltrops+1"],"picked":"After Image+1","floor":29},{"not_picked":["Deadly Poison","Slice+1"],"picked":"After Image+1","floor":31}],"player_experience":994679,"relics_obtained":[{"floor":6,"key":"Regal Pillow"},{"floor":8,"key":"War Paint"},{"floor":9,"key":"Frozen Egg 2"},{"floor":24,"key":"Akabeko"},{"floor":26,"key":"Happy Flower"},{"floor":27,"key":"Du-Vu Doll"},{"floor":31,"key":"Blood Vial"}],"event_choices":[{"damage_healed":0,"gold_gain":0,"cards_transformed":["Defend_G"],"player_choice":"Change","damage_taken":0,"max_hp_gain":0,"max_hp_loss":0,"event_name":"Living Wall","floor":3,"gold_loss":0,"cards_obtained":["Tactician"]},{"damage_healed":0,"gold_gain":0,"player_choice":"Upgraded","damage_taken":0,"max_hp_gain":0,"max_hp_loss":0,"event_name":"Upgrade Shrine","floor":5,"gold_loss":0,"cards_upgraded":["Bouncing Flask"]},{"cards_removed":["Tactician"],"damage_healed":46,"gold_gain":0,"player_choice":"Offered Uncommon","damage_taken":0,"max_hp_gain":0,"max_hp_loss":0,"event_name":"Bonfire Elementals","floor":11,"gold_loss":0},{"damage_healed":0,"gold_gain":50,"player_choice":"Pray","damage_taken":0,"max_hp_gain":0,"max_hp_loss":0,"event_name":"Golden Shrine","floor":20,"gold_loss":0},{"cards_removed":["After Image"],"damage_healed":0,"gold_gain":0,"player_choice":"Take \u0026 Give","damage_taken":0,"max_hp_gain":0,"max_hp_loss":0,"event_name":"betterNote:BetterNote","floor":21,"gold_loss":0,"cards_obtained":["Protect"]}],"is_beta":false,"boss_relics":[{"not_picked":["Snecko Eye","SacredBark"],"picked":"energizedSpire:OgreHead"}],"items_purged_floors":[],"is_endless":false,"potions_floor_spawned":[6,8,10,14,19,24,25],"killed_by":"Champ","ascension_level":20}}