{"host":"mq7pyadb5kndcn8l","time":1607990332,"event":{"mods":["AchievementEnabler","Act Like it!","Aspiration","BaseMod","Better Altar","Better Match","Better Note","Better Sensory Stone","Better Skull","Better Third Choice","BetterRewards","Block Reminder","CCEM","Challenge The Spire","ChefMod","Colored Map","Colored Powertips","Conspire","Defuse TimeMaze Blight","Dio Mod","Displayed Cursed Tome","Dota2Spire","Downfall","Duelist Mod","Energized Spire","Friendly Minions","GifTheSpireLib","Gremlin Skip","Highlight Path","Hubris","Ironclad Rager","Jedi Mod","Mad Scientist","Marked Mod","Mimic Mod","Minty Spire (QoL Compilation)","Permanent Neow","QueenMod","Quick Restart","Random Character Button","Rare Cards Sparkle","Relic Filter","Relic Sorter","Replay The Spire","Reworked Bosses","Shade Mod","Shop Mod","Spicy Shops","Spikes Relics","StSLib","Stuff the Spire","SuperFastMode","The Blue Laboratory","The Death Knight","The Exalted","The Necromancer","The Poker Player","TheBandit","Thieving Mod","Thrall Mod","Trackpad","Transform Curses","Unceasing Turn Reminder","Wandering Minibosses","vexMod"],"gold_per_floor":[99,99,99,32,32,32,32,32,32,32,32,32,32,32,32,32,32,32,32,0,36,52,82,82,108,178,178,205,205,221,253,253,351,351,369,382,102,121,157,157,167,177,216,245,245,58,78,93,93,93,93,93,14,44,44],"floor_reached":56,"playtime":4270,"items_purged":["Shade:CarefulCut","Shade:Strike_Shade","Shade:Defend_Shade","Shade:Strike_Shade"],"score":2140,"play_id":"87510b3e-2c42-4a6c-94c0-4624144f0e38","local_time":"20201214185852","is_ascension_mode":true,"campfire_choices":[{"floor":6,"key":"REST"},{"data":"Shade:Putrefaction","floor":8,"key":"SMITH"},{"data":"Shade:Brains","floor":15,"key":"SMITH"},{"data":"Shade:FreshBones","floor":24,"key":"SMITH"},{"data":"Shade:Carnophage","floor":27,"key":"SMITH"},{"data":"Shade:Carnophage","floor":29,"key":"SMITH"},{"data":"Shade:AuraOfUnlife","floor":32,"key":"SMITH"},{"data":"Shade:Coordination","floor":40,"key":"SMITH"},{"data":"Shade:AnimateDead","floor":45,"key":"SMITH"},{"floor":49,"key":"RECALL"},{"data":"Shade:FreshBones","floor":52,"key":"SMITH"}],"circlet_count":0,"master_deck":["Shade:Strike_Shade","Shade:Defend_Shade","Shade:Defend_Shade","Shade:Defend_Shade","Shade:AnimateDead+1","Shade:Carnophage+1","Shade:FreshBones+1","Shade:FreshBones+1","Shade:Carnophage+1","Shade:AblativeArmor","Shade:FleshToFlesh+1","Shade:Putrefaction+1","Shade:WallOfFlesh","Shade:Brains+1","Shade:Brains+1","Shade:Coordination+1","Shade:AuraOfUnlife+1","Shade:Carnophage+1","Shade:OpenGraves+1","Shade:LoseControl","Shade:FleshToFlesh+1"],"relics":["Shade:YorickSkull","MerchantsRug","vexMod:Dragonfruit","WizardHat","ClockworkSouvenir","jedi:ominousloannote","Tiny Chest","Torii","Bromod:ArcaneUltimatum","conspire:Dentures","hubris:ToyBattleship","Potion Belt","Gremlin Horn","SpikesRelics:DaevaFist","Bromod:ArcaneNullifier","trackpad:WritersBlock","energizedSpire:SpiderWeb","ReplayTheSpireMod:Shallot","CCEMRelics:JestersCrown","aspiration:ChemicalBlood","StuffTheSpire:OldFever","StoneCalendar","Replay:Accelerometer","Durian"],"acts_visited":["Exordium","TheCity","TheBeyond","TheEnding"],"potions_floor_usage":[23,28,28,28,35,54],"damage_taken":[{"damage":7,"enemies":"Cultist","floor":1,"turns":4},{"damage":11,"enemies":"Small Slimes","floor":2,"turns":4},{"damage":0,"enemies":"conspire:RoseBush","floor":3,"turns":4},{"damage":0,"enemies":"Replay:BlueRogue","floor":10,"turns":6},{"damage":0,"enemies":"Large Slime","floor":11,"turns":5},{"damage":0,"enemies":"Lagavulin","floor":12,"turns":6},{"damage":13,"enemies":"Gremlin Nob","floor":14,"turns":5},{"damage":0,"enemies":"Fading Forest","floor":16,"turns":11},{"damage":0,"enemies":"Spheric Guardian","floor":18,"turns":6},{"damage":17,"enemies":"2 Thieves","floor":20,"turns":5},{"damage":9,"enemies":"Shelled Parasite and Fungi","floor":22,"turns":7},{"damage":0,"enemies":"conspire:Head Lice","floor":23,"turns":9},{"damage":0,"enemies":"theDuelist:KaibaA2","floor":25,"turns":8},{"damage":0,"enemies":"conspire:SneckoGhost","floor":28,"turns":6},{"damage":0,"enemies":"Sentry and Sphere","floor":30,"turns":5},{"damage":0,"enemies":"theDuelist:KaibaA2","floor":31,"turns":6},{"damage":0,"enemies":"bossMod:newChamp","floor":33,"turns":10},{"damage":1,"enemies":"3 Darklings","floor":35,"turns":4},{"damage":1,"enemies":"3 Shapes","floor":36,"turns":2},{"damage":0,"enemies":"Maw","floor":38,"turns":7},{"damage":0,"enemies":"Sphere and 2 Shapes","floor":39,"turns":8},{"damage":0,"enemies":"Sphere and 2 Shapes","floor":41,"turns":4},{"damage":0,"enemies":"Writhing Mass","floor":42,"turns":5},{"damage":0,"enemies":"4 Shapes","floor":43,"turns":7},{"damage":0,"enemies":"Reptomancer","floor":44,"turns":7},{"damage":0,"enemies":"4 Shapes","floor":47,"turns":2},{"damage":0,"enemies":"3 Darklings","floor":48,"turns":3},{"damage":0,"enemies":"bossMod:newAwakened","floor":50,"turns":10},{"damage":31,"enemies":"Shield and Spear","floor":54,"turns":5},{"damage":0,"enemies":"Kars","floor":55,"turns":10}],"seed_played":"9201014304696253177","potions_obtained":[{"floor":2,"key":"Weak Potion"},{"floor":10,"key":"blueLaboratory:BubblePotion"},{"floor":12,"key":"Milkshake"},{"floor":20,"key":"blueLaboratory:EmptyBottle"},{"floor":23,"key":"champ:CounterPotion"},{"floor":28,"key":"Adrenaline Potion"},{"floor":33,"key":"blueLaboratory:CorrosionFlask"},{"floor":36,"key":"Milkshake"},{"floor":38,"key":"AttackPotion"},{"floor":41,"key":"Dota2Spire:HealingSalve"},{"floor":47,"key":"Swift Potion"}],"is_trial":false,"path_per_floor":["M","M","M","$","$","R","$","R","T","E","M","E","?","E","R","B",null,"M","?","M","$","M","E","R","E","T","R","E","R","M","E","R","B",null,"M","M","$","M","MIM","R","M","M","MIM","E","R","$","M","M","R","B",null,"R","$","E","B",null],"character_chosen":"SHADE","items_purchased":["Nunchaku","MerchantsRug","vexMod:Dragonfruit","Shade:Carnophage","StuffTheSpire:Rhapsscallions","Shade:FreshBones","WizardHat","ClockworkSouvenir","Shade:Carnophage","Shade:AblativeArmor","Shade:FleshToFlesh+1","jedi:ominousloannote","conspire:GiftBox","Shade:Brains","ReplayTheSpireMod:Shallot","CCEMRelics:WrappedPresent","Shade:LoseControl","Replay:Accelerometer"],"campfire_rested":1,"item_purchase_floors":[0,0,0,0,0,0,0,0,0,0,0,0,0,4,37,46,53,53],"current_hp_per_floor":[29,18,18,18,18,41,41,41,41,41,41,41,41,28,28,36,77,77,77,60,60,51,51,51,51,51,51,51,51,51,51,51,51,77,76,75,75,75,75,75,75,75,75,75,75,75,75,75,75,75,77,77,77,60,60],"gold":44,"neow_bonus":"","is_daily":false,"chose_seed":false,"campfire_upgraded":9,"win_rate":0.0,"timestamp":1607990332,"path_taken":["M","M","M","?","$","R","$","R","T","E","M","E","?","E","R","BOSS","M","?","M","?","M","E","R","E","T","R","E","R","M","E","R","BOSS","M","M","$","M","?","R","M","M","MIM","E","R","$","M","M","R","BOSS","R","$","E","BOSS"],"items_purchased_type":["Relic","Relic","Relic","Card","Relic","Card","Relic","Relic","Card","Card","Card","Relic","Relic","Card","Relic","Relic","Card","Relic"],"build_version":"2020-12-13","purchased_purges":4,"victory":true,"max_hp_per_floor":[77,77,77,77,77,77,77,77,77,77,77,77,77,77,77,77,77,77,77,77,77,77,77,77,77,77,77,77,77,77,77,77,77,77,77,77,77,77,77,77,77,77,77,77,77,77,77,77,77,77,77,77,77,82,82],"card_choices":[{"not_picked":["Shade:Consume","Shade:LoseControl"],"picked":"Shade:Putrefaction","floor":0},{"not_picked":["Shade:SensePrey","Shade:ClawBack","Shade:CloudOfShrapnel"],"picked":"SKIP","floor":1},{"not_picked":["Shade:GreyBargain","Shade:CommandSoldier"],"picked":"Shade:WallOfFlesh","floor":2},{"not_picked":["Shade:GreyBargain","Shade:Haruspicy","Shade:FingerOfDeath"],"picked":"SKIP","floor":3},{"not_picked":["Shade:Bite_Shade","Shade:BoneShards","Shade:SoulPierce"],"picked":"SKIP","floor":10},{"not_picked":["Shade:GraveStillness","Shade:SensePrey"],"picked":"Shade:Brains","floor":11},{"not_picked":["Shade:BoneShards","Shade:SkeletonHug"],"picked":"Shade:Coordination","floor":12},{"not_picked":["Shade:CoffinDance","Shade:AncientSpear","Shade:ClawBack"],"picked":"SKIP","floor":14},{"not_picked":["Shade:ClawBack","Shade:ExtraLimbs","Shade:Frenzy"],"picked":"SKIP","floor":18},{"not_picked":["Shade:FuneraryArmor+1","Shade:FeralStrike","Shade:ExtraLimbs+1"],"picked":"SKIP","floor":20},{"not_picked":["Shade:SkeletonArmy","Shade:CoffinDance","Shade:Excise+1"],"picked":"SKIP","floor":22},{"not_picked":["Shade:FingerOfDeath","Shade:Asphyxiate+1"],"picked":"Shade:AuraOfUnlife","floor":23},{"not_picked":["Shade:CoffinDance","Shade:GreyBargain+1","Shade:SkeletonArmy"],"picked":"SKIP","floor":25},{"not_picked":["Shade:DarkOfNight","Shade:SkeletonHug"],"picked":"Shade:Carnophage+1","floor":28},{"not_picked":["Shade:Carnophage","Shade:RavenousHorde+1","Shade:AncientSpear"],"picked":"SKIP","floor":30},{"not_picked":["Shade:Frenzy+1","Shade:Brains+1","Shade:FleshLikeOak"],"picked":"SKIP","floor":31},{"not_picked":["Shade:SkeletonHug+1","Shade:CallOfTheGrave","Shade:BoneShards+1"],"picked":"SKIP","floor":35},{"not_picked":["Shade:RavenousHorde","Shade:Doomsay","Shade:GreyBargain"],"picked":"SKIP","floor":36},{"not_picked":["Shade:FuneraryJewels+1","Shade:ExtraLimbs","Shade:Bonestorm"],"picked":"SKIP","floor":38},{"not_picked":["Shade:GoDigging+1","Shade:Carnophage","Shade:Frenzy+1"],"picked":"SKIP","floor":41},{"not_picked":["Shade:Premonition","Shade:RitualOffering+1","Shade:Bonestorm+1"],"picked":"SKIP","floor":42},{"not_picked":["Shade:Asphyxiate+1","Shade:RitualOffering"],"picked":"Shade:OpenGraves+1","floor":44},{"not_picked":["Shade:SpontaneousRitual","Shade:Premonition+1","Shade:WallOfFlesh+1"],"picked":"SKIP","floor":47},{"not_picked":["Shade:AuraOfUnlife","Shade:SpectralStrikes+1","Shade:FeralStrike"],"picked":"SKIP","floor":48},{"not_picked":["Shade:GreaterAnimation","Shade:ClawBack"],"picked":"Shade:FleshToFlesh+1","floor":54}],"player_experience":851066,"relics_obtained":[{"floor":9,"key":"Tiny Chest"},{"floor":10,"key":"Torii"},{"floor":12,"key":"Bromod:ArcaneUltimatum"},{"floor":14,"key":"Matryoshka"},{"floor":19,"key":"hubris:ToyBattleship"},{"floor":23,"key":"Potion Belt"},{"floor":25,"key":"Gremlin Horn"},{"floor":26,"key":"SpikesRelics:DaevaFist"},{"floor":28,"key":"Bromod:ArcaneNullifier"},{"floor":31,"key":"trackpad:WritersBlock"},{"floor":39,"key":"SuspiciousGoo"},{"floor":39,"key":"Dota2Spire:OrchidMalevolence"},{"floor":43,"key":"CCEMRelics:JestersCrown"},{"floor":44,"key":"aspiration:ChemicalBlood"},{"floor":46,"key":"StuffTheSpire:OldFever"},{"floor":46,"key":"StoneCalendar"},{"floor":54,"key":"Durian"}],"event_choices":[{"damage_healed":0,"gold_gain":0,"player_choice":"Grow","damage_taken":0,"max_hp_gain":0,"max_hp_loss":0,"event_name":"Living Wall","floor":13,"gold_loss":0,"cards_upgraded":["Shade:Brains"]}],"is_beta":false,"boss_relics":[{"not_picked":["vexMod:EndlessSickness","hubris:HollowSoul"],"picked":"hubris:Backtick"},{"not_picked":["StuffTheSpire:RunicHypercube","energizedSpire:DeadBattery"],"picked":"energizedSpire:SpiderWeb"}],"items_purged_floors":[0,0,0,37],"is_endless":false,"potions_floor_spawned":[2,10,12,20,22,23,28,33,36,38,41,47],"ascension_level":3}}