{"host":"k8gerrcpv9xe1nxe","time":1607970894,"event":{"mods":["2.2 Compatiblity","AchievementEnabler","BaseMod","Bestiary","Minty Spire (QoL Compilation)","Relic Stats","StSLib"],"gold_per_floor":[110,129,144,144,25,55,55,90,90,119,119,161,203,278,278,403,403,447,447,483,110,110,110],"floor_reached":22,"playtime":813,"items_purged":["WreathOfFlame"],"score":235,"play_id":"b348676a-f80d-4b73-82fb-b76a85855ca5","local_time":"20201214133454","is_ascension_mode":true,"campfire_choices":[{"data":"Tantrum","floor":7,"key":"SMITH"},{"floor":11,"key":"REST"},{"floor":15,"key":"REST"}],"circlet_count":0,"master_deck":["Strike_P+1","Strike_P+1","Strike_P+1","Defend_P+1","Defend_P+1","Defend_P+1","Eruption","Vigilance","FearNoEvil","EmptyBody","Eruption","Evaluate","Tantrum+1","CrushJoints","EmptyMind","Wish","ThirdEye","SandsOfTime","Wish","Wallop"],"relics":["Empty Cage","Smiling Mask","Matryoshka","Damaru","Orichalcum","Fusion Hammer","Pear"],"acts_visited":["Exordium","TheCity"],"potions_floor_usage":[8,16,16,18],"damage_taken":[{"damage":4,"enemies":"Jaw Worm","floor":1,"turns":4},{"damage":12,"enemies":"Cultist","floor":2,"turns":3},{"damage":0,"enemies":"Small Slimes","floor":3,"turns":3},{"damage":26,"enemies":"Lagavulin","floor":6,"turns":6},{"damage":10,"enemies":"Gremlin Nob","floor":8,"turns":3},{"damage":18,"enemies":"Lagavulin","floor":10,"turns":7},{"damage":10,"enemies":"Looter","floor":12,"turns":5},{"damage":0,"enemies":"2 Fungi Beasts","floor":13,"turns":7},{"damage":16,"enemies":"The Guardian","floor":16,"turns":10},{"damage":24,"enemies":"3 Byrds","floor":18,"turns":3},{"damage":27,"enemies":"Shell Parasite","floor":20,"turns":5},{"damage":32,"enemies":"3 Cultists","floor":22,"turns":4}],"seed_played":"-1723143640068957857","potions_obtained":[{"floor":2,"key":"Energy Potion"},{"floor":6,"key":"EssenceOfSteel"},{"floor":10,"key":"EssenceOfSteel"},{"floor":13,"key":"DuplicationPotion"},{"floor":16,"key":"LiquidBronze"},{"floor":18,"key":"SmokeBomb"}],"is_trial":false,"path_per_floor":["M","M","M","?","$","E","R","E","T","E","R","M","M","?","R","B",null,"M","?","M","$","M"],"character_chosen":"WATCHER","items_purchased":["Tantrum","CrushJoints","Pear","Regen Potion"],"campfire_rested":2,"item_purchase_floors":[5,5,21,21],"current_hp_per_floor":[68,56,56,56,56,30,30,20,20,2,23,13,13,2,23,7,72,48,48,21,31,0,0],"gold":110,"neow_bonus":"BOSS_RELIC","is_daily":false,"chose_seed":false,"campfire_upgraded":1,"win_rate":0.0,"timestamp":1607970894,"path_taken":["M","M","M","?","$","E","R","E","T","E","R","?","?","?","R","BOSS","M","?","M","$","M"],"items_purchased_type":["Card","Card","Relic","Potion"],"build_version":"2020-12-13","purchased_purges":1,"victory":false,"max_hp_per_floor":[72,72,72,72,72,72,72,72,72,72,72,72,72,72,72,72,72,72,72,72,82,82,82],"relic_stats":{"counters":[12,60],"Orichalcum":[78],"Smiling Mask":25,"obtain_stats":[{"Matryoshka":8,"Pear":21,"Damaru":9,"Fusion Hammer":17,"PureWater":0,"Orichalcum":9,"Empty Cage":0,"Smiling Mask":6},{"Matryoshka":5,"Pear":11,"Damaru":5,"Fusion Hammer":9,"PureWater":0,"Orichalcum":5,"Empty Cage":0,"Smiling Mask":4},{"Matryoshka":19,"Pear":56,"Damaru":19,"Fusion Hammer":48,"PureWater":0,"Orichalcum":19,"Empty Cage":0,"Smiling Mask":16}]},"card_choices":[{"not_picked":["CutThroughFate","JustLucky"],"picked":"FearNoEvil","floor":1},{"not_picked":["DeceiveReality","Swivel","Pray"],"picked":"SKIP","floor":2},{"not_picked":["Protect","WreathOfFlame"],"picked":"EmptyBody","floor":3},{"not_picked":["Prostrate","BowlingBash"],"picked":"EmptyMind","floor":6},{"not_picked":["Wireheading","Evaluate"],"picked":"Wish","floor":8},{"not_picked":["FollowUp","FlurryOfBlows"],"picked":"ThirdEye","floor":10},{"not_picked":["Consecrate","Evaluate","WaveOfTheHand"],"picked":"SKIP","floor":12},{"not_picked":["Protect","Prostrate"],"picked":"SandsOfTime","floor":13},{"not_picked":["Establishment","DeusExMachina"],"picked":"Wish","floor":16},{"not_picked":["EmptyMind","FlyingSleeves","Sanctity"],"picked":"SKIP","floor":18},{"not_picked":["ClearTheMind","Weave"],"picked":"Wallop","floor":20}],"player_experience":55580,"relics_obtained":[{"floor":6,"key":"Smiling Mask"},{"floor":8,"key":"Matryoshka"},{"floor":9,"key":"Damaru"},{"floor":9,"key":"Orichalcum"}],"event_choices":[{"damage_healed":0,"gold_gain":0,"player_choice":"3 cards matched","damage_taken":0,"max_hp_gain":0,"max_hp_loss":0,"event_name":"Match and Keep!","floor":4,"gold_loss":0,"cards_obtained":["Eruption","WreathOfFlame","Evaluate"]},{"damage_healed":0,"gold_gain":75,"player_choice":"Gather Gold","damage_taken":11,"max_hp_gain":0,"max_hp_loss":0,"event_name":"World of Goop","floor":14,"gold_loss":0},{"damage_healed":0,"gold_gain":0,"player_choice":"Simplicity","damage_taken":0,"max_hp_gain":0,"max_hp_loss":0,"event_name":"Back to Basics","floor":19,"gold_loss":0,"cards_upgraded":["Strike_P","Strike_P","Strike_P","Defend_P","Defend_P","Defend_P"]}],"is_beta":false,"boss_relics":[{"not_picked":["SlaversCollar","VioletLotus"],"picked":"Fusion Hammer"}],"items_purged_floors":[21],"is_endless":false,"potions_floor_spawned":[2,6,10,13,16,18],"killed_by":"3 Cultists","ascension_level":3}}