{"host":"udzsrhbqdxqtlypj","time":1607988200,"event":{"mods":["BaseMod","Minty Spire (QoL Compilation)","Relic Stats"],"gold_per_floor":[116,131,150,168,14,14,32,57,57,75,75,102,102,131,131,226,226,238,238,153,163,173,201,201,227,251,286,286,286,297,317,317,413,413,428,478,492,510,525,559,559,559,559,577,165,198,198,216,216,216,216,216,34,64,64,64],"floor_reached":55,"playtime":4963,"items_purged":["Parasite","Defend_G"],"score":1249,"play_id":"3b1e9d4c-d7c9-48eb-a20b-a4be6ad5bb65","local_time":"20201214172320","is_ascension_mode":true,"campfire_choices":[{"data":"Noxious Fumes","floor":6.0,"key":"SMITH"},{"data":"Adrenaline","floor":11,"key":"SMITH"},{"floor":13,"key":"REST"},{"data":"Crippling Poison","floor":15,"key":"SMITH"},{"data":"Footwork","floor":24,"key":"SMITH"},{"data":"Burst","floor":29,"key":"SMITH"},{"floor":32,"key":"RECALL"},{"data":"Wraith Form v2","floor":42,"key":"SMITH"},{"data":"Crippling Poison","floor":47,"key":"SMITH"},{"data":"Calculated Gamble","floor":49,"key":"SMITH"},{"data":"Tactician","floor":52,"key":"SMITH"}],"circlet_count":0,"master_deck":["AscendersBane","Defend_G","Defend_G","Defend_G","Defend_G","Survivor","Neutralize","Adrenaline+1","Quick Slash+1","Crippling Poison+1","Masterful Stab","Noxious Fumes+1","Dagger Throw","Footwork+1","Bane+1","Crippling Poison+1","Tools of the Trade","Heel Hook+1","Bite+1","Bite+1","Bite+1","Bite+1","Bite+1","Backflip+1","Reflex+1","Burst+1","Reflex+1","Quick Slash+1","Leg Sweep+1","Wraith Form v2+1","Eviscerate+1","Tactician+1","Madness","Madness","Underhanded Strike+1","Calculated Gamble+1","Underhanded Strike+1","Eviscerate+1","Footwork"],"relics":["Ring of the Snake","Toy Ornithopter","Whetstone","Molten Egg 2","Odd Mushroom","StoneCalendar","Coffee Dripper","Mummified Hand","Du-Vu Doll","Ancient Tea Set","MealTicket","Snecko Eye","Calipers","Dead Branch","Smiling Mask","TwistedFunnel","Lantern","Vajra","Orichalcum"],"acts_visited":["Exordium","TheCity","TheBeyond","TheEnding"],"potions_floor_usage":[14,18,21,23,25,33,40,50,55,55,55],"damage_taken":[{"damage":1.0,"enemies":"Cultist","floor":1.0,"turns":4.0},{"damage":11.0,"enemies":"Jaw Worm","floor":2.0,"turns":6.0},{"damage":1.0,"enemies":"Small Slimes","floor":3.0,"turns":4.0},{"damage":1.0,"enemies":"Looter","floor":4.0,"turns":4.0},{"damage":6.0,"enemies":"3 Louse","floor":7.0,"turns":3.0},{"damage":15,"enemies":"Lagavulin","floor":8,"turns":7},{"damage":0,"enemies":"2 Fungi Beasts","floor":10,"turns":3},{"damage":15,"enemies":"The Mushroom Lair","floor":12,"turns":4},{"damage":5,"enemies":"3 Sentries","floor":14,"turns":6},{"damage":5,"enemies":"The Guardian","floor":16,"turns":8},{"damage":10,"enemies":"Shell Parasite","floor":18,"turns":3},{"damage":9,"enemies":"Chosen","floor":21,"turns":4},{"damage":20,"enemies":"Snecko","floor":22,"turns":4},{"damage":30,"enemies":"Book of Stabbing","floor":23,"turns":7},{"damage":22,"enemies":"Slavers","floor":25,"turns":5},{"damage":0,"enemies":"Gremlin Leader","floor":27,"turns":4},{"damage":2,"enemies":"Cultist and Chosen","floor":30,"turns":5},{"damage":18,"enemies":"Snake Plant","floor":31,"turns":3},{"damage":32,"enemies":"Collector","floor":33,"turns":7},{"damage":0,"enemies":"3 Darklings","floor":35,"turns":3},{"damage":0,"enemies":"Mind Bloom Boss Battle","floor":36,"turns":5},{"damage":0,"enemies":"Orb Walker","floor":37,"turns":2},{"damage":9,"enemies":"Writhing Mass","floor":38,"turns":5},{"damage":2,"enemies":"Transient","floor":39,"turns":5},{"damage":3,"enemies":"Nemesis","floor":40,"turns":5},{"damage":11,"enemies":"3 Darklings","floor":44,"turns":4},{"damage":1,"enemies":"Reptomancer","floor":46,"turns":4},{"damage":0,"enemies":"Sphere and 2 Shapes","floor":48,"turns":3},{"damage":19,"enemies":"Awakened One","floor":50,"turns":10},{"damage":3,"enemies":"Shield and Spear","floor":54,"turns":4},{"damage":90,"enemies":"The Heart","floor":55,"turns":8}],"seed_played":"8576147811691304696","potions_obtained":[{"floor":1.0,"key":"Strength Potion"},{"floor":3.0,"key":"Fruit Juice"},{"floor":12,"key":"EssenceOfSteel"},{"floor":16,"key":"Fire Potion"},{"floor":18,"key":"Regen Potion"},{"floor":27,"key":"Strength Potion"},{"floor":31,"key":"SkillPotion"},{"floor":35,"key":"Explosive Potion"},{"floor":38,"key":"DuplicationPotion"},{"floor":46,"key":"SkillPotion"}],"is_trial":false,"path_per_floor":["M","M","M","M","$","R","M","E","T","M","R","?","R","E","R","B",null,"M","?","?","M","M","E","R","E","T","E","?","R","M","M","R","B",null,"M","?","M","M","M","E","?","R","T","M","$","E","R","M","R","B",null,"R","$","E","B"],"character_chosen":"THE_SILENT","items_purchased":["Toy Ornithopter","TwistedFunnel","Lantern","Calculated Gamble","Footwork","AttackPotion"],"campfire_rested":1,"item_purchase_floors":[5,45,45,45,53,53],"current_hp_per_floor":[62,51,50,49,49,49,43,28,28,28,28,13,34,34,34,29,60,55,49,49,50,40,46,46,44,44,54,54,54,54,39,39,31,48,54,54,54,54,54,54,47,47,47,51,51,51,51,51,51,51,51,51,51,51,0,0],"gold":64,"neow_bonus":"THREE_RARE_CARDS","is_daily":false,"chose_seed":false,"campfire_upgraded":9,"win_rate":0.0,"timestamp":1607988200,"path_taken":["M","M","?","M","$","R","M","E","T","M","R","?","R","E","R","BOSS","M","?","?","M","M","E","R","E","T","E","?","R","M","M","R","BOSS","M","?","M","M","M","E","?","R","T","M","$","E","R","M","R","BOSS","R","$","E","BOSS"],"items_purchased_type":["Relic","Relic","Relic","Card","Card","Potion"],"build_version":"2020-12-13","purchased_purges":2,"victory":false,"max_hp_per_floor":[70,70,70,70,70,70,70,70,70,70,70,70,70,70,70,70,70,70,49,49,54,54,54,54,54,54,54,54,54,54,54,54,54,54,54,54,54,54,54,54,54,54,54,54,51,51,51,51,51,51,51,51,51,51,51,51],"relic_stats":{"counters":[31,149],"Mummified Hand":[132],"Dead Branch":[59],"Snecko Eye":[160,148,133,148],"StoneCalendar":[278],"MealTicket":3,"Whetstone":["Strike_G","Quick Slash"],"Orichalcum":[18],"Smiling Mask":75,"obtain_stats":[{"TwistedFunnel":45,"Lantern":45,"Calipers":36,"Dead Branch":40,"Vajra":46,"StoneCalendar":14,"Whetstone":8,"Odd Mushroom":12,"Orichalcum":54,"Ancient Tea Set":25,"Smiling Mask":43,"Du-Vu Doll":23,"Mummified Hand":20,"Snecko Eye":34,"Molten Egg 2":9,"MealTicket":27,"Coffee Dripper":17,"Toy Ornithopter":5,"Ring of the Snake":0},{"TwistedFunnel":26,"Lantern":26,"Calipers":21,"Dead Branch":25,"Vajra":27,"StoneCalendar":9,"Whetstone":6,"Odd Mushroom":8,"Orichalcum":30,"Ancient Tea Set":15,"Smiling Mask":25,"Du-Vu Doll":14,"Mummified Hand":11,"Snecko Eye":19,"Molten Egg 2":6,"MealTicket":16,"Coffee Dripper":10,"Toy Ornithopter":4,"Ring of the Snake":0},{"TwistedFunnel":120,"Lantern":120,"Calipers":99,"Dead Branch":116,"Vajra":124,"StoneCalendar":41,"Whetstone":28,"Odd Mushroom":35,"Orichalcum":141,"Ancient Tea Set":72,"Smiling Mask":116,"Du-Vu Doll":67,"Mummified Hand":52,"Snecko Eye":91,"Molten Egg 2":28,"MealTicket":76,"Coffee Dripper":49,"Toy Ornithopter":18,"Ring of the Snake":0}],"Toy Ornithopter":35,"Ring of the Snake":[62]},"card_choices":[{"not_picked":["Malaise","After Image"],"picked":"Adrenaline","floor":0.0},{"not_picked":["Poisoned Stab","Concentrate"],"picked":"Quick Slash","floor":1.0},{"not_picked":["Sucker Punch","Prepared"],"picked":"Crippling Poison","floor":2.0},{"not_picked":["PiercingWail","Expertise"],"picked":"Masterful Stab","floor":3.0},{"not_picked":["Prepared","Poisoned Stab"],"picked":"Noxious Fumes","floor":4.0},{"not_picked":["Flying Knee","Underhanded Strike"],"picked":"Dagger Throw","floor":7.0},{"not_picked":["Masterful Stab","Distraction"],"picked":"Footwork","floor":8},{"not_picked":["Backflip","Dagger Throw+1"],"picked":"Bane+1","floor":10},{"not_picked":["Envenom","Dodge and Roll"],"picked":"Crippling Poison","floor":14},{"not_picked":["Envenom","Bullet Time"],"picked":"Tools of the Trade","floor":16},{"not_picked":["Predator+1","Bane+1"],"picked":"Heel Hook+1","floor":18},{"not_picked":["Sucker Punch+1","Outmaneuver","Quick Slash+1"],"picked":"SKIP","floor":21},{"not_picked":["Footwork","Deflect"],"picked":"Backflip+1","floor":22},{"not_picked":["Deflect","Tools of the Trade"],"picked":"Reflex+1","floor":23},{"not_picked":["Distraction","Outmaneuver"],"picked":"Burst","floor":25},{"not_picked":["Bane+1","Cloak And Dagger"],"picked":"Reflex+1","floor":27},{"not_picked":["Outmaneuver+1","Backstab+1"],"picked":"Quick Slash+1","floor":30},{"not_picked":["PiercingWail","Deadly Poison"],"picked":"Leg Sweep+1","floor":31},{"not_picked":["After Image","Grand Finale+1"],"picked":"Wraith Form v2","floor":33},{"not_picked":["Prepared+1","Flying Knee+1"],"picked":"Eviscerate+1","floor":35},{"not_picked":["Dagger Spray+1","Dodge and Roll+1","Outmaneuver"],"picked":"SKIP","floor":37},{"not_picked":["Setup+1","Reflex+1"],"picked":"Tactician","floor":38},{"not_picked":["Setup","PiercingWail","Blur"],"picked":"SKIP","floor":39},{"not_picked":["Poisoned Stab+1","Sucker Punch+1","Unload+1"],"picked":"SKIP","floor":40},{"not_picked":["Bane+1","Prepared"],"picked":"Underhanded Strike+1","floor":44},{"not_picked":["Backflip","Terror+1"],"picked":"Underhanded Strike+1","floor":46},{"not_picked":["Flying Knee+1","Quick Slash+1"],"picked":"Eviscerate+1","floor":48},{"not_picked":["Cloak And Dagger","Flying Knee+1","Bane+1"],"picked":"SKIP","floor":54}],"player_experience":2625360,"relics_obtained":[{"floor":8,"key":"Whetstone"},{"floor":9,"key":"Molten Egg 2"},{"floor":12,"key":"Odd Mushroom"},{"floor":14,"key":"StoneCalendar"},{"floor":23,"key":"Du-Vu Doll"},{"floor":25,"key":"Ancient Tea Set"},{"floor":27,"key":"MealTicket"},{"floor":36,"key":"Calipers"},{"floor":40,"key":"Dead Branch"},{"floor":43,"key":"Smiling Mask"},{"floor":46,"key":"Vajra"},{"floor":54,"key":"Orichalcum"}],"event_choices":[{"damage_healed":0,"gold_gain":0,"player_choice":"Fought Mushrooms","damage_taken":0,"max_hp_gain":0,"max_hp_loss":0,"event_name":"Mushrooms","floor":12,"gold_loss":0},{"damage_healed":0,"gold_gain":0,"player_choice":"Became a vampire","damage_taken":0,"max_hp_gain":0,"max_hp_loss":21,"event_name":"Vampires","floor":19,"gold_loss":0,"cards_obtained":["Bite","Bite","Bite","Bite","Bite"]},{"damage_healed":0,"gold_gain":0,"player_choice":"Obtained Relic","damage_taken":0,"relics_obtained":["Mummified Hand"],"max_hp_gain":0,"max_hp_loss":0,"event_name":"Addict","floor":20,"gold_loss":85},{"damage_healed":0,"gold_gain":0,"player_choice":"Ignored","damage_taken":0,"max_hp_gain":0,"max_hp_loss":0,"event_name":"Cursed Tome","floor":28,"gold_loss":0},{"damage_healed":0,"gold_gain":0,"player_choice":"Fight","damage_taken":0,"max_hp_gain":0,"max_hp_loss":0,"event_name":"MindBloom","floor":36,"gold_loss":0},{"damage_healed":0,"gold_gain":0,"player_choice":"Embrace Madness","damage_taken":7,"max_hp_gain":0,"max_hp_loss":0,"event_name":"Winding Halls","floor":41,"gold_loss":0,"cards_obtained":["Madness","Madness"]}],"is_beta":false,"boss_relics":[{"not_picked":["Cursed Key","Philosopher\u0027s Stone"],"picked":"Coffee Dripper"},{"not_picked":["Black Star","WristBlade"],"picked":"Snecko Eye"}],"items_purged_floors":[45,53],"is_endless":false,"potions_floor_spawned":[1,3,12,16,18,27,31,35,38,46,48],"killed_by":"The Heart","ascension_level":10}}