{"host":"vh33hu3wddwn6yt6","time":1607971191,"event":{"mods":["AchievementEnabler","Act Like it!","Aspiration","BaseMod","Better Altar","Better Match","Better Note","Better Sensory Stone","Better Skull","Better Third Choice","BetterRewards","Downfall","Hubris","Minty Spire (QoL Compilation)","Permanent Neow","Replay The Spire","Shade Mod","Shop Mod","Spicy Shops","StSLib","SuperFastMode","The Blackbeard","The Necromancer","The Poker Player","The Servant 0.9.4","Wandering Minibosses"],"gold_per_floor":[99,111,128,161,181,209,209,224,74,103,103,114,108,108,121,211,211,136,147,170,174,164,164],"floor_reached":22,"playtime":848,"items_purged":[],"score":264,"play_id":"c332473e-214e-4328-84bd-6f7f4f388d97","local_time":"20201214193951","is_ascension_mode":true,"campfire_choices":[{"floor":1,"key":"RECALL"},{"data":"Slimebound:Schlurp","floor":9,"key":"SMITH"},{"data":"Slimebound:OozeBath","floor":18,"key":"SMITH"}],"circlet_count":0,"master_deck":["Slimebound:Strike_Slimebound","Slimebound:Strike_Slimebound","Slimebound:Strike_Slimebound","Slimebound:Tackle","Slimebound:Defend_Slimebound","Slimebound:Defend_Slimebound","Slimebound:Defend_Slimebound","Slimebound:Defend_Slimebound","Slimebound:Split","Slimebound:CorrosiveSpit","Slimebound:SplitLeeching","Slimebound:Schlurp+1","Slimebound:LeechEnergy","Slimebound:SamplingLick","Slimebound:LeechEnergy","Slimebound:GoopSpray","Slimebound:RejuvenatingLick","Slimebound:OozeBath+1","Slimebound:SplitMire","Slimebound:LeadByExample","Slimebound:RainOfGoop"],"relics":["Slimebound:AbsorbEndCombat","Gremlin Horn","Boot","downfall:HeartBlessingRed","downfall:HeartBlessingGreen","The Courier","Toy Ornithopter","Sozu","downfall:HeartBlessingBlue","hubris:DeckOfHolding"],"acts_visited":["Exordium","TheCity"],"potions_floor_usage":[6,13,16,16],"damage_taken":[{"damage":8,"enemies":"Cultist","floor":2,"turns":4},{"damage":14,"enemies":"Jaw Worm","floor":3,"turns":5},{"damage":36,"enemies":"Lagavulin","floor":4,"turns":5},{"damage":8,"enemies":"2 Louse","floor":5,"turns":3},{"damage":43,"enemies":"3 Sentries","floor":6,"turns":9},{"damage":13,"enemies":"Blue Slaver","floor":8,"turns":3},{"damage":33,"enemies":"Lagavulin","floor":10,"turns":6},{"damage":9,"enemies":"Large Slime","floor":12,"turns":5},{"damage":14,"enemies":"Exordium Wildlife","floor":13,"turns":5},{"damage":6,"enemies":"Red Slaver","floor":15,"turns":3},{"damage":88,"enemies":"downfall:Defect","floor":16,"turns":9},{"damage":16,"enemies":"Chosen","floor":19,"turns":4},{"damage":48,"enemies":"Book of Stabbing","floor":20,"turns":5},{"damage":43,"enemies":"3 Byrds","floor":21,"turns":4},{"damage":62,"enemies":"Slavers","floor":22,"turns":3}],"seed_played":"-4537356856499947130","potions_obtained":[{"floor":2,"key":"Block Potion"},{"floor":5,"key":"Guardian:BlockOnCardUsePotion"},{"floor":6,"key":"AttackPotion"},{"floor":12,"key":"Guardian:BlockOnCardUsePotion"},{"floor":15,"key":"FearPotion"},{"floor":16,"key":"FearPotion"}],"is_trial":false,"path_per_floor":["R","M","M","E","M","E","T","M","R","E","?","M","M","T","M","B",null,"R","M","E","M","E"],"character_chosen":"SLIMEBOUND","items_purchased":[],"campfire_rested":0,"item_purchase_floors":[],"current_hp_per_floor":[66,66,65,57,61,54,54,66,66,65,66,66,66,66,66,24,66,76,72,54,49,0,0],"gold":164,"neow_bonus":"TEN_PERCENT_HP_BONUS","is_daily":false,"chose_seed":false,"campfire_upgraded":2,"win_rate":0.0,"timestamp":1607971191,"path_taken":["R","M","?","E","M","E","T","M","R","E","?","?","M","?","M","BOSS","R","M","E","M","E"],"items_purchased_type":[],"build_version":"2020-12-13","purchased_purges":0,"victory":false,"max_hp_per_floor":[66,66,66,66,66,66,66,66,66,66,66,66,66,66,66,66,66,76,76,76,76,76,76],"card_choices":[{"not_picked":["Slimebound:FlameTackle","Slimebound:ComboTackle"],"picked":"Slimebound:SplitLeeching","floor":2},{"not_picked":["Slimebound:FirmFortitude","Slimebound:GoopSpray"],"picked":"Slimebound:Schlurp","floor":3},{"not_picked":["Slimebound:ViciousTackle","Slimebound:SplitBruiser","Slimebound:LivingWall"],"picked":"SKIP","floor":4},{"not_picked":["Slimebound:LeechingTouch","Slimebound:Dissolve"],"picked":"Slimebound:LeechEnergy","floor":5},{"not_picked":["Slimebound:FinishingTackle","Slimebound:Prepare","Slimebound:Dissolve"],"picked":"SKIP","floor":6},{"not_picked":["Slimebound:SplitAcid","Slimebound:Overexert"],"picked":"Slimebound:SamplingLick","floor":8},{"not_picked":["Slimebound:Dissolve","Slimebound:SamplingLick"],"picked":"Slimebound:LeechEnergy","floor":10},{"not_picked":["Slimebound:PressTheAttack","Slimebound:ViciousTackle","Slimebound:Repurpose"],"picked":"SKIP","floor":12},{"not_picked":["Slimebound:OneTwoCombo","Slimebound:ViciousTackle"],"picked":"Slimebound:GoopSpray","floor":13},{"not_picked":["Slimebound:Dissolve","Slimebound:FlameTackle"],"picked":"Slimebound:RejuvenatingLick","floor":15},{"not_picked":["Slimebound:LeechLife","Slimebound:DouseInSlime"],"picked":"Slimebound:OozeBath","floor":16},{"not_picked":["Slimebound:Schlurp","Slimebound:SamplingLick"],"picked":"Slimebound:SplitMire","floor":19},{"not_picked":["Slimebound:Chomp","Slimebound:Nibble"],"picked":"Slimebound:LeadByExample","floor":20},{"not_picked":["Slimebound:FirmFortitude+1","Slimebound:ViciousTackle"],"picked":"Slimebound:RainOfGoop","floor":21}],"player_experience":518095,"relics_obtained":[{"floor":4,"key":"Gremlin Horn"},{"floor":6,"key":"Boot"},{"floor":10,"key":"The Courier"},{"floor":14,"key":"Toy Ornithopter"},{"floor":20,"key":"hubris:DeckOfHolding"}],"event_choices":[{"damage_healed":3,"gold_gain":0,"player_choice":"LEAVE ","damage_taken":0,"relics_obtained":[],"max_hp_gain":0,"max_hp_loss":0,"event_name":"betterSkull:BetterSkull","floor":11,"gold_loss":0,"cards_upgraded":[]}],"is_beta":false,"boss_relics":[{"not_picked":["aspiration:WatcherSkillbook","aspiration:SilentSkillbook"],"picked":"Sozu"}],"items_purged_floors":[],"is_endless":false,"potions_floor_spawned":[2,5,6,12,15,16,20,21],"killed_by":"Slavers","ascension_level":1}}