{"host":"lreod2rejfd0az5i","time":1607975118,"event":{"mods":["AchievementEnabler","Aspiration","BaseMod","Colored Powertips","Conspire","Downfall","Highlight Path","Hubris","Infinite Spire","Mad Scientist","Minty Spire (QoL Compilation)","Rare Cards Sparkle","Relic Stats","Replay The Spire","StSLib","The Bug Knight","The Jungle"],"gold_per_floor":[115,128,128,140,63,96,96,96,96,116,142,61,77,87,87,164,164,183,183,95,110,124,124,49,49,97,127,127,158,158,158,158,229,229,248,248,22,22,22,52,52,62,85,85,85,85,101,111,111,111],"floor_reached":51,"playtime":2710,"items_purged":["Defend_R","Iron Wave"],"score":1425,"play_id":"48d8408c-c732-4dae-b9f0-f02dd21758b4","local_time":"20201214124518","is_ascension_mode":true,"campfire_choices":[{"data":"Perfected Strike","floor":7.0,"key":"SMITH"},{"data":"Bash","floor":15,"key":"SMITH"},{"floor":23,"key":"REST"},{"data":"Demon Form","floor":25,"key":"SMITH"},{"floor":28,"key":"REST"},{"floor":32,"key":"REST"},{"floor":41,"key":"REST"},{"floor":44,"key":"REST"},{"floor":46,"key":"REST"},{"floor":49,"key":"REST"}],"circlet_count":0,"master_deck":["AscendersBane","Strike_R","Strike_R","Strike_R+1","Strike_R","Strike_R+1","Defend_R","Defend_R","Defend_R+1","Bash+1","Perfected Strike+1","ReplayTheSpireMod:Stacked","conspire:ExplosiveBarrier","Whirlwind","Hemokinesis+1","Demon Form+1","hubris:Despair","infinitespire:Punishment+1","Neutralize+1","Feed+1","Deep Breath","Metallicize","Twin Strike+1","J.A.X.","Juggernaut","Shrug It Off+1","Sword Boomerang+1"],"relics":["Burning Blood","NeowsBlessing","FaceOfCleric","Pocketwatch","Molten Egg 2","conspire:Flyswatter","Tiny Chest","ReplayTheSpireMod:SealedPack","Nilry\u0027s Codex","MealTicket","hubris:IronBody","aspiration:HiddenCompartment","conspire:TopHat","Replay:Bronze Core","FossilizedHelix","Lantern","hubris:Icosahedron","Gremlin Food","conspire:SpecialSausage","ReplayTheSpireMod:Spearhead","conspire:TopHat"],"acts_visited":["Exordium","TheCity","TheBeyond"],"potions_floor_usage":[11,16,22,27,33,40,50,50],"damage_taken":[{"damage":0.0,"enemies":"2 Louse","floor":1.0,"turns":1.0},{"damage":0.0,"enemies":"infinitespire:Voidling","floor":2.0,"turns":1.0},{"damage":0.0,"enemies":"Jaw Worm","floor":4.0,"turns":1.0},{"damage":25.0,"enemies":"3 Sentries","floor":6.0,"turns":8.0},{"damage":7,"enemies":"conspire:2 RoseBushes","floor":10,"turns":5},{"damage":8,"enemies":"Gremlin Nob","floor":11,"turns":3},{"damage":0,"enemies":"3 Louse","floor":13,"turns":2},{"damage":3,"enemies":"Looter","floor":14,"turns":3},{"damage":26,"enemies":"The Guardian","floor":16,"turns":8},{"damage":15,"enemies":"conspire:FuzzyDice","floor":18,"turns":4},{"damage":3,"enemies":"Chosen","floor":21,"turns":3},{"damage":24,"enemies":"Snake Plant","floor":22,"turns":2},{"damage":35,"enemies":"conspire:SneckoGhost","floor":27,"turns":5},{"damage":3,"enemies":"HollowMod:Nosk","floor":29,"turns":5},{"damage":76,"enemies":"Collector","floor":33,"turns":9},{"damage":27,"enemies":"3 Shapes","floor":35,"turns":6},{"damage":46,"enemies":"Giant Head","floor":40,"turns":7},{"damage":32,"enemies":"3 Darklings","floor":42,"turns":4},{"damage":32,"enemies":"Sphere and 2 Shapes","floor":47,"turns":5},{"damage":0,"enemies":"4 Shapes","floor":48,"turns":1},{"damage":84,"enemies":"Awakened One","floor":50,"turns":9}],"seed_played":"-4490832198918957947","potions_obtained":[{"floor":4.0,"key":"hexamod:EctoCoolerPotion"},{"floor":6.0,"key":"ColorlessPotion"},{"floor":10,"key":"Elixir"},{"floor":14,"key":"BlessingOfTheForge"},{"floor":16,"key":"AttackPotion"},{"floor":22,"key":"Slimebound:ThreeZeroPotion"},{"floor":27,"key":"Elixir"},{"floor":40,"key":"GamblersBrew"},{"floor":47,"key":"champ:CounterPotion"},{"floor":48,"key":"DistilledChaos"}],"is_trial":false,"path_per_floor":["M","M","?","M","$","E","R","?","T","M","E","$","M","M","R","B",null,"M","?","$","M","M","R","?","R","T","E","R","E","?","AVR","R","B",null,"M","T","$","?","AVR","E","R","M","T","R","?","R","M","M","R","B",null],"character_chosen":"IRONCLAD","items_purchased":["conspire:ExplosiveBarrier","Hemokinesis+1","Metallicize","Shrug It Off","Lantern"],"campfire_rested":7,"item_purchase_floors":[5,12,20,37,37],"current_hp_per_floor":[74,75,75,76,76,58,58,58,58,58,57,57,64,68,68,49,74,66,45,45,49,36,62,62,62,62,38,66,70,70,70,95,26,79,59,59,74,74,74,35,64,39,39,68,68,97,72,79,101,24],"gold":111,"neow_bonus":"THREE_ENEMY_KILL","is_daily":false,"chose_seed":false,"campfire_upgraded":3,"win_rate":0.0,"timestamp":1607975118,"path_taken":["M","M","?","?","$","E","R","?","T","M","E","$","M","M","R","BOSS","M","?","$","M","M","R","?","R","T","E","R","E","?","AVR","R","BOSS","M","?","$","?","AVR","E","R","M","T","R","?","R","M","M","R","BOSS"],"items_purchased_type":["Card","Card","Card","Card","Relic"],"build_version":"2020-12-13","purchased_purges":2,"victory":true,"max_hp_per_floor":[75,75,75,76,76,77,77,77,77,78,79,79,80,81,81,82,82,83,83,83,84,89,89,89,89,89,94,94,95,95,95,95,96,96,97,97,97,97,97,98,98,99,99,99,99,99,100,101,101,102],"relic_stats":{"FaceOfCleric":19,"counters":[21,92],"Tiny Chest":1,"MealTicket":15,"obtain_stats":[{"Gremlin Food":39,"Lantern":37,"NeowsBlessing":0,"Nilry\u0027s Codex":19,"conspire:SpecialSausage":39,"ReplayTheSpireMod:SealedPack":17,"aspiration:HiddenCompartment":29,"Burning Blood":0,"conspire:TopHat":31,"ReplayTheSpireMod:Spearhead":40,"hubris:Icosahedron":38,"FaceOfCleric":3,"Replay:Bronze Core":34,"Molten Egg 2":8,"Tiny Chest":11,"MealTicket":26,"hubris:IronBody":27,"FossilizedHelix":36,"Pocketwatch":6,"conspire:Flyswatter":9},{"Gremlin Food":16,"Lantern":16,"NeowsBlessing":0,"Nilry\u0027s Codex":10,"conspire:SpecialSausage":16,"ReplayTheSpireMod:SealedPack":9,"aspiration:HiddenCompartment":14,"Burning Blood":0,"conspire:TopHat":14,"ReplayTheSpireMod:Spearhead":17,"hubris:Icosahedron":16,"FaceOfCleric":2,"Replay:Bronze Core":15,"Molten Egg 2":4,"Tiny Chest":6,"MealTicket":12,"hubris:IronBody":13,"FossilizedHelix":16,"Pocketwatch":4,"conspire:Flyswatter":4},{"Gremlin Food":66,"Lantern":66,"NeowsBlessing":0,"Nilry\u0027s Codex":36,"conspire:SpecialSausage":66,"ReplayTheSpireMod:SealedPack":32,"aspiration:HiddenCompartment":51,"Burning Blood":0,"conspire:TopHat":51,"ReplayTheSpireMod:Spearhead":73,"hubris:Icosahedron":66,"FaceOfCleric":2,"Replay:Bronze Core":60,"Molten Egg 2":11,"Tiny Chest":19,"MealTicket":41,"hubris:IronBody":46,"FossilizedHelix":66,"Pocketwatch":11,"conspire:Flyswatter":11}],"Burning Blood":115,"Pocketwatch":[120]},"card_choices":[{"not_picked":["Twin Strike","hubris:ReadiedAction"],"picked":"Perfected Strike","floor":1.0},{"not_picked":["Perfected Strike","Headbutt"],"picked":"ReplayTheSpireMod:Stacked","floor":2.0},{"not_picked":["Body Slam","Flex"],"picked":"Iron Wave","floor":4.0},{"not_picked":["Iron Wave","hubris:SharpeningStone"],"picked":"Whirlwind","floor":6.0},{"not_picked":["ReplayTheSpireMod:Strike From Hell+1","Anger+1","Iron Wave+1"],"picked":"SKIP","floor":10},{"not_picked":["Havoc","Searing Blow+1","hubris:ReadiedAction"],"picked":"SKIP","floor":11},{"not_picked":["Replay:Undeath\u0027s Touch+1","Clash+1","Sentinel"],"picked":"SKIP","floor":13},{"not_picked":["Flex","Searing Blow+1","Infernal Blade"],"picked":"SKIP","floor":14},{"not_picked":["Fiend Fire+1","Eclipse"],"picked":"Demon Form","floor":16},{"not_picked":["ReplayTheSpireMod:Black Plague","hubris:InfiniteBlow+96"],"picked":"infinitespire:Punishment","floor":17},{"not_picked":["champ:Taunt","sneckomod:SnekBite"],"picked":"Neutralize","floor":17},{"not_picked":["Juggernaut","Demon Form"],"picked":"Feed","floor":17},{"not_picked":["Blind","Replay:BasicMightCard"],"picked":"Deep Breath","floor":17},{"not_picked":["Blood for Blood+1","Whirlwind+1","ReplayTheSpireMod:Strike From Hell+1"],"picked":"SKIP","floor":18},{"not_picked":["Perfected Strike+1","Wild Strike+1"],"picked":"Twin Strike+1","floor":21},{"not_picked":["ReplayTheSpireMod:LeadingStrike+1","Flex","Carnage+1"],"picked":"SKIP","floor":22},{"not_picked":["Dual Wield","Berserk","Havoc"],"picked":"SKIP","floor":27},{"not_picked":["hubris:StunningStrike+1","Thunderclap+1","Inflame"],"picked":"SKIP","floor":29},{"not_picked":["Berserk","Eclipse"],"picked":"Juggernaut","floor":33},{"not_picked":["Cleave+1","ReplayTheSpireMod:Strike From Hell+1","Evolve"],"picked":"SKIP","floor":35},{"not_picked":["ReplayReversal","Clash+1"],"picked":"Sword Boomerang+1","floor":40},{"not_picked":["Warcry","hubris:ReadiedAction","Blood for Blood+1"],"picked":"SKIP","floor":42},{"not_picked":["Shrug It Off","hubris:ReadiedAction","ReplayTheSpireMod:Strike From Hell+1"],"picked":"SKIP","floor":47},{"not_picked":["Iron Wave+1","Thunderclap+1","True Grit"],"picked":"SKIP","floor":48}],"player_experience":837532,"relics_obtained":[{"floor":6.0,"key":"Pocketwatch"},{"floor":9,"key":"conspire:Flyswatter"},{"floor":11,"key":"Tiny Chest"},{"floor":19,"key":"Nilry\u0027s Codex"},{"floor":26,"key":"MealTicket"},{"floor":27,"key":"hubris:IronBody"},{"floor":29,"key":"aspiration:HiddenCompartment"},{"floor":36,"key":"FossilizedHelix"},{"floor":40,"key":"ReplayTheSpireMod:Spearhead"},{"floor":43,"key":"conspire:TopHat"}],"event_choices":[{"damage_healed":0.0,"max_hp_gain":0.0,"max_hp_loss":0.0,"gold_gain":0.0,"event_name":"FaceTrader","player_choice":"Trade","floor":3.0,"gold_loss":0.0,"damage_taken":0.0,"relics_obtained":["FaceOfCleric"]},{"damage_healed":0,"gold_gain":0,"player_choice":"Obtained Book","damage_taken":21,"max_hp_gain":0,"max_hp_loss":0,"event_name":"Cursed Tome","floor":19,"gold_loss":0},{"cards_removed":["Injury"],"damage_healed":0,"gold_gain":0,"player_choice":"Gave Gold","damage_taken":0,"max_hp_gain":0,"max_hp_loss":0,"event_name":"Beggar","floor":24,"gold_loss":75},{"damage_healed":0,"gold_gain":0,"player_choice":"Obtain J.A.X.","damage_taken":0,"max_hp_gain":0,"max_hp_loss":0,"event_name":"Drug Dealer","floor":30,"gold_loss":0,"cards_obtained":["J.A.X."]}],"is_beta":false,"boss_relics":[{"not_picked":["Abe\u0027s Treasure","Cursed Key"],"picked":"ReplayTheSpireMod:SealedPack"},{"not_picked":["Black Star","ReplayTheSpireMod:DimensionalGlitch"],"picked":"Replay:Bronze Core"}],"items_purged_floors":[31,39],"is_endless":false,"potions_floor_spawned":[4,6,10,14,16,22,27,29,40,47,48],"ascension_level":18}}