{"host":"dvpvhz1t6etneyb3","time":1607962581,"event":{"mods":["AchievementEnabler","BaseMod","Colored Map","Highlight Path","Minty Spire (QoL Compilation)","Permanent Neow","Quick Restart"],"gold_per_floor":[114,114,124,138,118,118,157,186,186,225,244,254,254,281,281,281,281],"floor_reached":16,"playtime":975,"items_purged":[],"score":244,"play_id":"38826407-b117-440f-9861-d410c18852e0","local_time":"20201214111621","is_ascension_mode":true,"campfire_choices":[{"data":"Skewer","floor":6.0,"key":"SMITH"},{"data":"Footwork","floor":15.0,"key":"SMITH"}],"circlet_count":0,"master_deck":["AscendersBane","Strike_G","Strike_G","Strike_G","Strike_G","Strike_G","Defend_G","Defend_G","Defend_G","Defend_G","Defend_G","Survivor","Neutralize+1","Dagger Throw","Skewer+1","PiercingWail","Wraith Form v2","Footwork+1","Deadly Poison"],"relics":["Ring of the Snake","Bag of Marbles","CeramicFish","StrikeDummy","InkBottle","Toxic Egg 2"],"acts_visited":["Exordium"],"potions_floor_usage":[16],"damage_taken":[{"damage":2.0,"enemies":"2 Louse","floor":1.0,"turns":4.0},{"damage":0.0,"enemies":"Cultist","floor":3.0,"turns":3.0},{"damage":2.0,"enemies":"Small Slimes","floor":4.0,"turns":2.0},{"damage":6.0,"enemies":"Gremlin Nob","floor":7.0,"turns":3.0},{"damage":0.0,"enemies":"Blue Slaver","floor":8.0,"turns":4.0},{"damage":17.0,"enemies":"Lagavulin","floor":10.0,"turns":7.0},{"damage":0.0,"enemies":"Exordium Thugs","floor":11.0,"turns":4.0},{"damage":0.0,"enemies":"Looter","floor":12.0,"turns":2.0},{"damage":11.0,"enemies":"Gremlin Nob","floor":14.0,"turns":3.0},{"damage":28,"enemies":"Hexaghost","floor":16,"turns":12}],"seed_played":"2606787161194410488","potions_obtained":[{"floor":3.0,"key":"Energy Potion"},{"floor":4.0,"key":"BlessingOfTheForge"},{"floor":5.0,"key":"CultistPotion"},{"floor":10.0,"key":"Poison Potion"}],"is_trial":false,"path_per_floor":["M","?","M","M","?","R","E","M","T","E","M","M","?","E","R","B"],"character_chosen":"THE_SILENT","items_purchased":[],"campfire_rested":0,"item_purchase_floors":[],"current_hp_per_floor":[57,57,57,55,55,55,49,49,49,32,32,32,37,26,26,0,0],"gold":281,"neow_bonus":"RANDOM_COMMON_RELIC","is_daily":false,"chose_seed":false,"campfire_upgraded":2,"win_rate":0.0,"timestamp":1607962581,"path_taken":["M","?","M","M","?","R","E","M","T","E","M","?","?","E","R","BOSS"],"items_purchased_type":[],"build_version":"2020-12-13","purchased_purges":0,"victory":false,"max_hp_per_floor":[66,66,66,66,66,66,66,66,66,66,66,66,71,71,71,71,71],"card_choices":[{"not_picked":["Choke","Eviscerate"],"picked":"Dagger Throw","floor":1.0},{"not_picked":["Deflect","Acrobatics"],"picked":"Skewer","floor":3.0},{"not_picked":["Outmaneuver","Catalyst","Accuracy"],"picked":"SKIP","floor":4.0},{"not_picked":["Flying Knee","Dagger Spray"],"picked":"PiercingWail","floor":7.0},{"not_picked":["Poisoned Stab","Backflip"],"picked":"Wraith Form v2","floor":8.0},{"not_picked":["PiercingWail","Slice"],"picked":"Footwork","floor":10.0},{"not_picked":["Expertise","Heel Hook"],"picked":"Deadly Poison","floor":11.0},{"not_picked":["Blur","Outmaneuver","Sucker Punch"],"picked":"SKIP","floor":12.0},{"not_picked":["Slice","Underhanded Strike","Deflect+1"],"picked":"SKIP","floor":14.0}],"player_experience":1840159,"relics_obtained":[{"floor":7.0,"key":"CeramicFish"},{"floor":9.0,"key":"StrikeDummy"},{"floor":10.0,"key":"InkBottle"},{"floor":14.0,"key":"Toxic Egg 2"}],"event_choices":[{"damage_healed":0.0,"max_hp_gain":0.0,"max_hp_loss":0.0,"gold_gain":0.0,"event_name":"Living Wall","player_choice":"Grow","floor":2.0,"gold_loss":0.0,"damage_taken":0.0,"cards_upgraded":["Neutralize"]},{"damage_healed":0.0,"max_hp_gain":0.0,"max_hp_loss":0.0,"gold_gain":0.0,"event_name":"The Woman in Blue","player_choice":"Bought 1 Potion","floor":5.0,"gold_loss":0.0,"damage_taken":0.0},{"damage_healed":0.0,"max_hp_gain":5.0,"max_hp_loss":0.0,"gold_gain":0.0,"event_name":"Big Fish","player_choice":"Donut","floor":13.0,"gold_loss":0.0,"damage_taken":0.0}],"is_beta":false,"boss_relics":[],"items_purged_floors":[],"is_endless":false,"potions_floor_spawned":[3,4,10,12],"killed_by":"Hexaghost","ascension_level":20}}