{"host":"mvw7i28zi3kj0eu9","time":1607962153,"event":{"mods":["AchievementEnabler","BaseMod","Better Third Choice","BetterRewards","Block Reminder","Conspire","Custom Start","Downfall","Energized Spire","Halation","Hermit","Hubris","Infinite Spire","Jorbs\u0027s Wanderer Trilogy","Minty Spire (QoL Compilation)","Replay The Spire","Shop Mod","Small Relic Pack","Spikes Relics","StSLib","The Blue Laboratory","The Necromancer","The Servant 0.9.4","Virulent Crown"],"gold_per_floor":[116,116,132,132,150,175,229,246,246,246,249,249],"floor_reached":11,"playtime":211,"items_purged":[],"score":73,"play_id":"8798982d-0324-4e59-8a6c-02ceb67bb349","local_time":"20201214170913","is_ascension_mode":false,"campfire_choices":[{"data":"hubris:PowerSurge","floor":10,"key":"SMITH"}],"circlet_count":0,"master_deck":["Strike_B","Strike_B","Strike_B","Strike_B","Defend_B","Defend_B","Defend_B","Defend_B","Zap","Dualcast+1","Cold Snap","Cold Snap","Capacitor","Barrage","Barrage+1","hubris:PowerSurge+1"],"relics":["Cracked Core","Chemical X","halation:IllGainedPizza","Regal Pillow","hubris:TinFlute"],"acts_visited":["Exordium"],"potions_floor_usage":[11],"damage_taken":[{"damage":6,"enemies":"Jaw Worm","floor":1,"turns":3},{"damage":10,"enemies":"Small Slimes","floor":3,"turns":3},{"damage":0,"enemies":"Cultist","floor":5,"turns":3},{"damage":23,"enemies":"Lagavulin","floor":6,"turns":5},{"damage":8,"enemies":"Blue Slaver","floor":8,"turns":3},{"damage":13,"enemies":"3 Sentries","floor":11,"turns":2}],"seed_played":"-6026353296470274390","potions_obtained":[{"floor":1,"key":"ColorlessPotion"},{"floor":6,"key":"blueLaboratory:EnragingPotion"}],"is_trial":false,"path_per_floor":["M","?","M","?","M","E","T","M","T","R","E"],"character_chosen":"DEFECT","items_purchased":["Chemical X","Cold Snap","Cold Snap","Capacitor","Barrage"],"campfire_rested":0,"item_purchase_floors":[0,0,0,0,0],"current_hp_per_floor":[69,69,59,44,44,21,21,13,13,13,0,0],"gold":249,"neow_bonus":"","is_daily":false,"chose_seed":false,"campfire_upgraded":1,"win_rate":0.0,"timestamp":1607962153,"path_taken":["M","?","M","?","M","E","?","?","T","R","E"],"items_purchased_type":["Relic","Card","Card","Card","Card"],"build_version":"2020-12-13","purchased_purges":0,"victory":false,"max_hp_per_floor":[75,75,75,75,75,75,75,75,75,75,75,75],"card_choices":[{"not_picked":["ReplayTheSpireMod:Calculation Training","FIFO Queue","Stack"],"picked":"SKIP","floor":1},{"not_picked":["Doom and Gloom","Crystallizer","conspire:Rain"],"picked":"SKIP","floor":3},{"not_picked":["Lockon","Turbo","BasicCrystalCard"],"picked":"SKIP","floor":5},{"not_picked":["BasicCrystalCard","Doom and Gloom","Go for the Eyes"],"picked":"SKIP","floor":6},{"not_picked":["Recycle","BasicCrystalCard"],"picked":"hubris:PowerSurge","floor":8}],"player_experience":855777,"relics_obtained":[{"floor":6,"key":"halation:IllGainedPizza"},{"floor":7,"key":"Regal Pillow"},{"floor":9,"key":"hubris:TinFlute"}],"event_choices":[{"damage_healed":0,"gold_gain":0,"player_choice":"Ignored","damage_taken":116,"max_hp_gain":0,"max_hp_loss":0,"event_name":"betterThird:BetterSerpent","floor":2,"gold_loss":0},{"damage_healed":59,"gold_gain":0,"player_choice":"Upgrade","damage_taken":15,"max_hp_gain":0,"max_hp_loss":75,"event_name":"betterThird:BetterShining","floor":4,"gold_loss":0,"cards_upgraded":["Barrage","Dualcast"]}],"is_beta":false,"boss_relics":[],"items_purged_floors":[],"is_endless":false,"potions_floor_spawned":[1,6],"killed_by":"3 Sentries","ascension_level":0}}