{"host":"msmkw03x1o7nq45i","time":1607960574,"event":{"mods":["AchievementEnabler","BaseMod","Bestiary","Colored Powertips","GifTheSpireLib","Highlight Path","Minty Spire (QoL Compilation)","Random Character Button","StSLib","everything is the same but u backflip on backflip"],"gold_per_floor":[112,112,112,131,56,95,95,95,95],"floor_reached":8,"playtime":653,"items_purged":["Perfected Strike"],"score":92,"play_id":"15157e71-e9f9-4368-851a-ced7622685e9","local_time":"20201214174254","is_ascension_mode":true,"campfire_choices":[{"data":"Searing Blow+1","floor":7,"key":"SMITH"}],"circlet_count":0,"master_deck":["AscendersBane","Bash","Limit Break","Hemokinesis","Reckless Charge","Bludgeon","Exhume","Searing Blow+2","Shockwave","Sword Boomerang","Burning Pact","Inflame"],"relics":["Pandora\u0027s Box","Golden Idol","Red Skull"],"acts_visited":["Exordium"],"potions_floor_usage":[6],"damage_taken":[{"damage":8,"enemies":"2 Louse","floor":1,"turns":2},{"damage":0,"enemies":"Small Slimes","floor":4,"turns":2},{"damage":31,"enemies":"Gremlin Nob","floor":6,"turns":4},{"damage":30,"enemies":"3 Sentries","floor":8,"turns":3}],"seed_played":"6376875412055994398","potions_obtained":[{"floor":4,"key":"PowerPotion"}],"is_trial":false,"path_per_floor":["M","?","?","M","$","E","R","E"],"character_chosen":"IRONCLAD","items_purchased":[],"campfire_rested":0,"item_purchase_floors":[],"current_hp_per_floor":[60,60,60,60,60,29,29,0,0],"gold":95,"neow_bonus":"BOSS_RELIC","is_daily":false,"chose_seed":false,"campfire_upgraded":1,"win_rate":0.0,"timestamp":1607960574,"path_taken":["M","?","?","M","$","E","R","E"],"items_purchased_type":[],"build_version":"2020-12-13","purchased_purges":1,"victory":false,"max_hp_per_floor":[75,69,69,69,69,69,69,69,69],"card_choices":[{"not_picked":["Perfected Strike","Heavy Blade","Havoc"],"picked":"SKIP","floor":1},{"not_picked":["Spot Weakness","Thunderclap"],"picked":"Burning Pact","floor":4},{"not_picked":["Clothesline","Rupture"],"picked":"Inflame","floor":6}],"player_experience":294868,"relics_obtained":[{"floor":6,"key":"Red Skull"}],"event_choices":[{"damage_healed":0,"gold_gain":0,"player_choice":"Lose Max HP","damage_taken":0,"relics_obtained":["Golden Idol"],"max_hp_gain":0,"max_hp_loss":6,"event_name":"Golden Idol","floor":2,"gold_loss":0},{"damage_healed":0,"gold_gain":0,"player_choice":"Grow","damage_taken":0,"max_hp_gain":0,"max_hp_loss":0,"event_name":"Living Wall","floor":3,"gold_loss":0,"cards_upgraded":["Searing Blow"]}],"is_beta":false,"boss_relics":[],"items_purged_floors":[5],"is_endless":false,"potions_floor_spawned":[4],"killed_by":"3 Sentries","ascension_level":14}}