{"host":"ye7dkdlypz0ka1od","time":1607912866,"event":{"mods":["Act Like it!","Aspiration","BaseMod","Gensokyo","Hallownest","Hermit","Infinite Spire","Minty Spire (QoL Compilation)","Replay The Spire","StSLib","The Bug Knight","The Forsaken"],"gold_per_floor":[117,18,33,33,33,33,46,46,46,46,62,62,62,62,62,73,162,257,257,269,282,282,295,295,295,295],"floor_reached":25,"playtime":726,"items_purged":["Strike_R"],"score":191,"play_id":"9223a124-ba80-4767-b38e-0222b6dfe736","local_time":"20201213212746","is_ascension_mode":false,"campfire_choices":[{"data":"Rampage","floor":6.0,"key":"SMITH"},{"data":"Iron Wave","floor":8.0,"key":"SMITH"},{"data":"Pommel Strike","floor":13.0,"key":"SMITH"}],"circlet_count":0,"master_deck":["Strike_R","Strike_R","Strike_R","Defend_R","Defend_R","Defend_R","Defend_R","Bash","Panacea","Iron Wave+1","Pommel Strike+1","Rampage+1","PanicButton","Inflame","Demonic Infusion","Battle Trance","Body Slam+1"],"relics":["Burning Blood","Quantum Egg","Black Star","Bag of Preparation"],"acts_visited":["Exordium","TheCity"],"potions_floor_usage":[23],"damage_taken":[{"damage":5.0,"enemies":"Jaw Worm","floor":1.0,"turns":4.0},{"damage":2.0,"enemies":"2 Louse","floor":3.0,"turns":3.0},{"damage":11.0,"enemies":"infinitespire:Voidling","floor":7.0,"turns":3.0},{"damage":2.0,"enemies":"Blue Slaver","floor":11.0,"turns":4.0},{"damage":3.0,"enemies":"Large Slime","floor":16.0,"turns":8.0},{"damage":25.0,"enemies":"Slime Boss","floor":18.0,"turns":10.0},{"damage":2,"enemies":"Chosen","floor":20,"turns":4},{"damage":10,"enemies":"Spheric Guardian","floor":21,"turns":5},{"damage":9,"enemies":"Chosen and Byrds","floor":23,"turns":6},{"damage":61,"enemies":"Book of Stabbing","floor":25,"turns":7}],"seed_played":"8564695302761068652","potions_obtained":[{"floor":1.0,"key":"Block Potion"},{"floor":7.0,"key":"AttackPotion"},{"floor":11.0,"key":"GamblersBrew"},{"floor":20,"key":"SpeedPotion"},{"floor":21,"key":"Languid Potion"}],"is_trial":false,"path_per_floor":["M","$","M","?","?","R","M","R","T","?","M","?","R","PTL","PTL","M","R","B",null,"M","M","?","M","?","E"],"character_chosen":"IRONCLAD","items_purchased":["Pommel Strike"],"campfire_rested":0,"item_purchase_floors":[2],"current_hp_per_floor":[80,80,80,80,80,80,75,75,75,75,79,79,79,79,79,80,80,61,80,80,76,61,58,58,0,0],"gold":295,"neow_bonus":"RANDOM_COLORLESS","is_daily":false,"chose_seed":false,"campfire_upgraded":3,"win_rate":0.0,"timestamp":1607912866,"path_taken":["M","$","M","?","?","R","M","R","T","?","?","?","R","PTL","PTL","M","R","BOSS","M","M","?","M","?","E"],"items_purchased_type":["Card"],"build_version":"2020-12-13","purchased_purges":1,"victory":false,"max_hp_per_floor":[80,80,80,80,80,80,80,80,80,80,80,80,80,80,80,80,80,80,80,80,80,85,85,85,85,85],"card_choices":[{"not_picked":["Impatience","Bandage Up"],"picked":"Panacea","floor":0.0},{"not_picked":["Sword Boomerang","Blood for Blood"],"picked":"Iron Wave","floor":1.0},{"not_picked":["Replay:Undeath\u0027s Touch","Infernal Blade"],"picked":"Rampage","floor":3.0},{"not_picked":["Intimidate","Second Wind","Run Through"],"picked":"SKIP","floor":7.0},{"not_picked":["ReplayTheSpireMod:Strike From Hell","Thunderclap","Clothesline"],"picked":"SKIP","floor":11.0},{"not_picked":["Pommel Strike","Heavy Blade"],"picked":"Inflame","floor":16.0},{"not_picked":["Immolate","Offering"],"picked":"Demonic Infusion","floor":18.0},{"not_picked":["Headbutt","Armaments","Ghostly Armor"],"picked":"SKIP","floor":20},{"not_picked":["Headbutt","Armaments","Ghostly Armor"],"picked":"SKIP","floor":20},{"not_picked":["Headbutt+1","Iron Wave"],"picked":"Battle Trance","floor":21},{"not_picked":["Anger","Run Through+1"],"picked":"Body Slam+1","floor":23}],"player_experience":1238316,"relics_obtained":[{"floor":9.0,"key":"Quantum Egg"}],"event_choices":[{"damage_healed":0.0,"max_hp_gain":0.0,"max_hp_loss":0.0,"gold_gain":0.0,"event_name":"Match and Keep!","player_choice":"1 cards matched","floor":10.0,"gold_loss":0.0,"damage_taken":0.0,"cards_obtained":["PanicButton"]},{"damage_healed":0,"gold_gain":0,"player_choice":"Shed Blood","damage_taken":20,"max_hp_gain":5,"max_hp_loss":0,"event_name":"Forgotten Altar","floor":22,"gold_loss":0},{"damage_healed":0,"gold_gain":0,"player_choice":"Gave Potion","damage_taken":0,"relics_obtained":["Bag of Preparation"],"max_hp_gain":0,"max_hp_loss":0,"event_name":"WeMeetAgain","floor":24,"gold_loss":0}],"is_beta":false,"boss_relics":[{"not_picked":["Painkiller Herb","Sozu"],"picked":"Black Star"}],"items_purged_floors":[2],"is_endless":false,"potions_floor_spawned":[1,7,11,20,21],"killed_by":"Book of Stabbing","ascension_level":0}}