{"host":"87w2793jpavfbt1o","time":1607932871,"event":{"mods":["AchievementEnabler","Aspiration","BaseMod","Better Altar","Better Match","Better Note","Better Sensory Stone","Better Skull","Better Third Choice","Better Vampires","BetterRewards","Conspire","Displayed Cursed Tome","Downfall","Energized Spire","Filter the Spire","Halation","Highlight Path","Hubris","Infinite Spire","Marked Mod","Minty Spire (QoL Compilation)","Practice Mode","Prisma Mod","Relic Filter","Relic Sorter","Replay The Spire","SIMod","Shop Mod","StSLib","TestMod","??????REMEMod"],"gold_per_floor":[115,133,149,149,168,196,196,228,228,246,276,91,91,91],"floor_reached":13,"playtime":961,"items_purged":[],"score":232,"play_id":"a5b7c6f4-c0d9-44eb-8ab1-d0ef0672fc7e","local_time":"20201214000111","is_ascension_mode":true,"campfire_choices":[],"circlet_count":0,"master_deck":["conspire:GhostlyStrike","conspire:GhostlyStrike","conspire:GhostlyStrike","conspire:GhostlyStrike","conspire:GhostlyDefend","conspire:GhostlyDefend","conspire:GhostlyDefend","conspire:GhostlyDefend","Eruption","Vigilance","Slimebound:MassFeed+1","Consecrate","JustLucky","ThirdEye","Evaluate","Replay:Battleflow","SashWhip","CutThroughFate","Replay:LoomingThreat","MarkedMod:OneThousandNeedles","MarkedMod:Acupuncture","PathToVictory","MarkedMod:GracefulMovements","MarkedMod:FirstStrike","FlurryOfBlows","CutThroughFate"],"relics":["PureWater","REME_ComplimentaryCards","testmod-TestBox","testmod-Fanaticism","Smiling Mask","Letter Opener","infinitespire:Beetle Shell"],"acts_visited":["Exordium"],"potions_floor_usage":[],"damage_taken":[{"damage":0.0,"enemies":"Small Slimes","floor":1.0,"turns":2.0},{"damage":9.0,"enemies":"Jaw Worm","floor":2.0,"turns":2.0},{"damage":0.0,"enemies":"Cultist","floor":3.0,"turns":2.0},{"damage":9.0,"enemies":"Looter","floor":5.0,"turns":3.0},{"damage":0.0,"enemies":"Gremlin Nob","floor":6.0,"turns":3.0},{"damage":9.0,"enemies":"3 Sentries","floor":8.0,"turns":6.0},{"damage":0.0,"enemies":"2 Fungi Beasts","floor":10.0,"turns":2.0},{"damage":26.0,"enemies":"Gremlin Nob","floor":11.0,"turns":4.0},{"damage":40,"enemies":"3 Sentries","floor":13,"turns":2}],"seed_played":"8888024270069151202","potions_obtained":[{"floor":2.0,"key":"Explosive Potion"},{"floor":6.0,"key":"Venom Potion"},{"floor":8.0,"key":"testmod-TestPotion"},{"floor":10.0,"key":"sneckomod:MuddlingPotion"}],"is_trial":false,"path_per_floor":["M","M","M","?","M","E","?","E","T","M","E","$","E"],"character_chosen":"WATCHER","items_purchased":["Consecrate","JustLucky","ThirdEye","MarkedMod:GracefulMovements","MarkedMod:FirstStrike","FlurryOfBlows","CutThroughFate"],"campfire_rested":0,"item_purchase_floors":[0,0,0,12,12,12,12],"current_hp_per_floor":[65,61,61,61,57,57,57,60,60,60,37,37,0,0],"gold":91,"neow_bonus":"","is_daily":false,"chose_seed":false,"campfire_upgraded":0,"win_rate":0.0,"timestamp":1607932871,"path_taken":["M","M","M","?","M","E","?","E","T","M","E","?","E"],"items_purchased_type":["Card","Card","Card","Card","Card","Card","Card"],"build_version":"2020-12-13","purchased_purges":0,"victory":false,"max_hp_per_floor":[72,72,72,72,72,72,72,76,76,76,76,76,76,76],"card_choices":[{"not_picked":["Crescendo","FollowUp"],"picked":"Evaluate","floor":1.0},{"not_picked":["Crescendo","Replay:DivineShield"],"picked":"Replay:Battleflow","floor":2.0},{"not_picked":["SignatureMove","MarkedMod:FirstStrike"],"picked":"SashWhip","floor":3.0},{"not_picked":["Replay:ManipulateFuture","MarkedMod:GentlePulse"],"picked":"CutThroughFate","floor":5.0},{"not_picked":["EmptyFist","Consecrate"],"picked":"Replay:LoomingThreat","floor":6.0},{"not_picked":["EmptyFist","REME_WorshipGod"],"picked":"MarkedMod:OneThousandNeedles","floor":8.0},{"not_picked":["BowlingBash","Swivel"],"picked":"MarkedMod:Acupuncture","floor":10.0},{"not_picked":["REME_Repentance","Replay:AtTheReady"],"picked":"PathToVictory","floor":11.0}],"player_experience":624443,"relics_obtained":[{"floor":6.0,"key":"Smiling Mask"},{"floor":8.0,"key":"Letter Opener"},{"floor":11.0,"key":"infinitespire:Beetle Shell"}],"event_choices":[{"damage_healed":0.0,"max_hp_gain":0.0,"max_hp_loss":0.0,"gold_gain":0.0,"event_name":"conspire:LoneGhost","player_choice":"Agree","floor":4.0,"gold_loss":0.0,"damage_taken":0.0}],"is_beta":false,"boss_relics":[],"items_purged_floors":[],"is_endless":false,"potions_floor_spawned":[2,6,8,10],"killed_by":"3 Sentries","ascension_level":8}}