{"host":"nmxkoih8gpfa0ew7","time":1607905698,"event":{"mods":["AchievementEnabler","BaseMod","Better Third Choice","Colored Map","Colored Powertips","Minty Spire (QoL Compilation)","Slay-I","StSLib"],"gold_per_floor":[19,19,19,43,0,34,34,70,116,190,264,277,290,306,306,306,306],"floor_reached":16,"playtime":998,"items_purged":[],"score":185,"play_id":"93078de7-bf5f-459a-8acf-131ef81b6dba","local_time":"20201213162818","is_ascension_mode":true,"campfire_choices":[{"floor":7,"key":"REST"},{"floor":15,"key":"REST"}],"circlet_count":0,"master_deck":["Strike_R","Strike_R","Strike_R","Strike_R","Strike_R","Defend_R","Defend_R","Defend_R","Defend_R+1","Bash","Sever Soul","Anger","Enlightenment","Flex","Flame Barrier","Anger","Body Slam","Carnage","Blood for Blood"],"relics":["Burning Blood","Golden Idol","Tiny Chest","Juzu Bracelet","Lantern"],"acts_visited":["Exordium"],"potions_floor_usage":[8,16,16],"damage_taken":[{"damage":0,"enemies":"2 Louse","floor":1,"turns":3},{"damage":10,"enemies":"Small Slimes","floor":4,"turns":4},{"damage":44,"enemies":"3 Sentries","floor":6,"turns":9},{"damage":27,"enemies":"Lagavulin","floor":8,"turns":5},{"damage":30,"enemies":"3 Sentries","floor":10,"turns":9},{"damage":12,"enemies":"Jaw Worm","floor":12,"turns":2},{"damage":0,"enemies":"Large Slime","floor":13,"turns":5},{"damage":0,"enemies":"Exordium Wildlife","floor":14,"turns":3},{"damage":60,"enemies":"Slime Boss","floor":16,"turns":9}],"seed_played":"-1699269480003870340","potions_obtained":[{"floor":1,"key":"DuplicationPotion"},{"floor":4,"key":"FearPotion"},{"floor":10,"key":"Dexterity Potion"},{"floor":13,"key":"SpeedPotion"}],"is_trial":false,"path_per_floor":["M","?","?","M","?","E","R","E","T","?","?","M","M","M","R","B"],"character_chosen":"IRONCLAD","items_purchased":[],"campfire_rested":2,"item_purchase_floors":[],"current_hp_per_floor":[94,70,70,66,72,34,64,43,43,19,19,13,19,25,55,0,0],"gold":306,"neow_bonus":"TWENTY_PERCENT_HP_BONUS","is_daily":false,"chose_seed":false,"campfire_upgraded":0,"win_rate":0.0,"timestamp":1607905698,"path_taken":["M","?","?","M","?","E","R","E","T","?","?","M","M","M","R","BOSS"],"items_purchased_type":[],"build_version":"2020-12-13","purchased_purges":0,"victory":false,"max_hp_per_floor":[96,96,96,96,102,102,102,102,102,102,102,102,102,102,102,102,102],"card_choices":[{"not_picked":["Thunderclap","True Grit"],"picked":"Sever Soul","floor":1},{"not_picked":["Ghostly Armor","Rage"],"picked":"Anger","floor":4},{"not_picked":["Entrench","Seeing Red"],"picked":"Flex","floor":6},{"not_picked":["Havoc","Iron Wave"],"picked":"Flame Barrier","floor":8},{"not_picked":["Dark Embrace","Entrench"],"picked":"Anger","floor":10},{"not_picked":["Sword Boomerang","Shockwave"],"picked":"Body Slam","floor":12},{"not_picked":["Pommel Strike","Fiend Fire"],"picked":"Carnage","floor":13},{"not_picked":["Headbutt","Havoc"],"picked":"Blood for Blood","floor":14}],"player_experience":482934,"relics_obtained":[{"floor":6,"key":"Tiny Chest"},{"floor":8,"key":"Juzu Bracelet"}],"event_choices":[{"damage_healed":0,"gold_gain":0,"player_choice":"Take Damage","damage_taken":24,"relics_obtained":["Golden Idol"],"max_hp_gain":0,"max_hp_loss":0,"event_name":"Golden Idol","floor":2,"gold_loss":0},{"damage_healed":0,"gold_gain":0,"player_choice":"Grow","damage_taken":0,"max_hp_gain":0,"max_hp_loss":0,"event_name":"Living Wall","floor":3,"gold_loss":0,"cards_upgraded":["Defend_R"]},{"damage_healed":0,"gold_gain":0,"player_choice":"RENOUNCE","damage_taken":43,"max_hp_gain":0,"max_hp_loss":0,"event_name":"betterThird:BetterSerpent","floor":5,"gold_loss":43,"cards_obtained":["Enlightenment"]},{"damage_healed":0,"gold_gain":30,"player_choice":"Searched \u00273\u0027 times","damage_taken":0,"relics_obtained":["Lantern"],"max_hp_gain":0,"max_hp_loss":0,"event_name":"Dead Adventurer","floor":10,"gold_loss":0},{"damage_healed":0,"gold_gain":74,"player_choice":"Gained Gold","damage_taken":0,"max_hp_gain":0,"max_hp_loss":0,"event_name":"Golden Wing","floor":11,"gold_loss":0}],"is_beta":false,"boss_relics":[],"items_purged_floors":[],"is_endless":false,"potions_floor_spawned":[1,4,10,13],"killed_by":"Slime Boss","ascension_level":9}}