{"host":"u0pt4wuoyrjgzhh2","time":1607934204,"event":{"mods":["AchievementEnabler","Act Like it!","Aspiration","BaseMod","Better Note","Better Vampires","Better-Laid Plans","BetterRewards","Block Reminder","Challenge The Spire","Colored Map","Colored Powertips","Conspire","Dota2Spire","Downfall","Highlight Path","Hubris","Minty Spire (QoL Compilation)","MostiFishMod","Quarter Circle Forward PUNCH!","Quick Restart","Relic Stats","Replay The Spire","RumiaBox-露米娅的神秘盒子","Shop Mod","Spicy Shops","StSLib","SuperFastMode","TestMod","The Jungle","vexMod","【功能Mod】混沌之环修复补丁","【遗物卡牌】REMEMod"],"gold_per_floor":[99,99,99,130,55,55,78,94,108,108,124,141,141,158,171,268,268,268,285,285,306,344,344,344,344,379,229,329,341,353,353,371,480,480,480,492,594,628,640,659,686,698,734,1034,539,559,573,606,627,629,629,660,268,268,284],"floor_reached":56,"playtime":3983,"items_purged":["champ:Strike","champ:Defend","champ:Defend"],"score":1601,"play_id":"2fc69fb6-8404-4c70-9e41-660367f981bf","local_time":"20201214162324","is_ascension_mode":false,"campfire_choices":[{"floor":1.0,"key":"RECALL"},{"data":"champ:RecklessLeap","floor":5.0,"key":"SMITH"},{"data":"MostiFishMod:KingOfFree","floor":10.0,"key":"SMITH"},{"data":"champ:CheapShot","floor":20.0,"key":"SMITH"},{"data":"champ:GladiatorsShout","floor":27.0,"key":"SMITH"},{"data":"champ:Balance","floor":35.0,"key":"SMITH"},{"data":"champ:FocusedGladiator","floor":44.0,"key":"SMITH"},{"data":"champ:CalledShot","floor":54,"key":"SMITH"}],"circlet_count":0,"master_deck":["champ:Execute","champ:Taunt","champ:RecklessLeap+1","champ:CheapShot+1","MostiFishMod:KingOfFree+1","champ:PreciseThrust","champ:CalledShot+1","champ:GladiatorsShout+1","champ:RapidStrikes","champ:HoldFirm+1","champ:FocusedGladiator+1","champ:Balance+1","champ:VampiricStrike","champ:Duel+1","champ:VampiricStrike+1","champ:ShieldThrow+1","champ:ShieldSlam","testmod-EternalityOfKhronos+1","Apotheosis+1","Replay:SS_forest_2+1","champ:GladiatorStyle+1"],"relics":["champ:ChampionCrown","testmod-TestBox","REME_ComplimentaryCards","DaveBox","downfall:HeartsMalice","testmod-Nine","Nloth\u0027s Gift","conspire:DecoderRing","downfall:HeartBlessingRed","aspiration:ChemicalBlood","hubris:EvacipatedBox","hubris:FruitBowl","Replay:Baseball","testmod-IWantAll","ImportantClient","MetatronsCube","qcfpunch:Wrestler\u0027s_Cloak","Dota2Spire:EchoSabre","testmod-OneHitWonder","downfall:HeartBlessingBlue","downfall:HeartBlessingGreen","Astrolabe","downfall:GremlinWheel","MagicDraw3","REME_HandOfSuture","Golden Egg","Counterbalance","MerchantsRug","SynthV:C4","Dota2Spire:Satanic","testmod-BouquetWithThorns","vexMod:InvisibilityCloak","ReplayTheSpireMod:ShopPack","Bag of Preparation","Replay:Bandana"],"acts_visited":["Exordium","TheCity","TheBeyond","TheEnding"],"potions_floor_usage":[52,52,55],"damage_taken":[{"damage":0.0,"enemies":"2 Louse","floor":2.0,"turns":1.0},{"damage":0.0,"enemies":"3 Sentries","floor":4.0,"turns":1.0},{"damage":0.0,"enemies":"downfall:FleeingMerchant","floor":6.0,"turns":1.0},{"damage":26.0,"enemies":"Cultist","floor":8.0,"turns":3.0},{"damage":22.0,"enemies":"Jaw Worm","floor":9.0,"turns":2.0},{"damage":0.0,"enemies":"Lots of Slimes","floor":11.0,"turns":1.0},{"damage":21.0,"enemies":"Large Slime","floor":12.0,"turns":4.0},{"damage":20.0,"enemies":"3 Louse","floor":14.0,"turns":3.0},{"damage":20.0,"enemies":"Exordium Wildlife","floor":15.0,"turns":2.0},{"damage":24.0,"enemies":"downfall:Watcher","floor":16.0,"turns":5.0},{"damage":25.0,"enemies":"3 Byrds","floor":19.0,"turns":2.0},{"damage":31.0,"enemies":"conspire:FuzzyDice","floor":21.0,"turns":3.0},{"damage":68.0,"enemies":"Gremlin Leader","floor":22.0,"turns":5.0},{"damage":15.0,"enemies":"conspire:Head Lice","floor":26.0,"turns":3.0},{"damage":40.0,"enemies":"Sentry and Sphere","floor":29.0,"turns":2.0},{"damage":40.0,"enemies":"conspire:HollyBat","floor":30.0,"turns":4.0},{"damage":20.0,"enemies":"Snake Plant","floor":32.0,"turns":3.0},{"damage":33.0,"enemies":"downfall:Silent","floor":33.0,"turns":7.0},{"damage":20.0,"enemies":"Orb Walker","floor":36.0,"turns":2.0},{"damage":20.0,"enemies":"Orb Walker","floor":37.0,"turns":2.0},{"damage":29.0,"enemies":"Reptomancer","floor":38.0,"turns":5.0},{"damage":20.0,"enemies":"3 Darklings","floor":39.0,"turns":3.0},{"damage":20.0,"enemies":"Sphere and 2 Shapes","floor":40.0,"turns":3.0},{"damage":20.0,"enemies":"Jaw Worm Horde","floor":42.0,"turns":3.0},{"damage":15.0,"enemies":"R_Hoarder","floor":43.0,"turns":4.0},{"damage":20.0,"enemies":"downfall:FleeingMerchant","floor":45.0,"turns":5.0},{"damage":27.0,"enemies":"3 Darklings","floor":46.0,"turns":3.0},{"damage":17.0,"enemies":"4 Shapes","floor":47.0,"turns":2.0},{"damage":7.0,"enemies":"conspire:MimicChest","floor":48.0,"turns":3.0},{"damage":32.0,"enemies":"Sphere and 2 Shapes","floor":49.0,"turns":2.0},{"damage":44.0,"enemies":"downfall:Defect","floor":50.0,"turns":3.0},{"damage":37,"enemies":"downfall:CharBossMerchant","floor":52,"turns":4},{"damage":35,"enemies":"downfall:NeowBoss","floor":55,"turns":14}],"seed_played":"7278863793263517324","potions_obtained":[{"floor":4.0,"key":"Swift Potion"},{"floor":12.0,"key":"LiquidBronze"},{"floor":14.0,"key":"Swift Potion"},{"floor":14.0,"key":"SkillPotion"},{"floor":16.0,"key":"DistilledChaos"},{"floor":19.0,"key":"Block Potion"},{"floor":21.0,"key":"Fire Potion"},{"floor":22.0,"key":"Guardian:BlockOnCardUsePotion"},{"floor":22.0,"key":"AttackPotion"},{"floor":26.0,"key":"SpeedPotion"},{"floor":29.0,"key":"BlessingOfTheForge"},{"floor":29.0,"key":"AttackPotion"},{"floor":30.0,"key":"ColorlessPotion"},{"floor":32.0,"key":"Adrenaline Potion"},{"floor":33.0,"key":"Venom Potion"},{"floor":37.0,"key":"SpeedPotion"},{"floor":37.0,"key":"Dota2Spire:HealingSalve"},{"floor":38.0,"key":"Weak Potion"},{"floor":39.0,"key":"CultistPotion"},{"floor":40.0,"key":"Adrenaline Potion"},{"floor":43.0,"key":"champ:CounterPotion"},{"floor":43.0,"key":"Fire Potion"},{"floor":45.0,"key":"testmod-SpacePotion"},{"floor":50.0,"key":"champ:OpenerPotion"},{"floor":52,"key":"Swift Potion"},{"floor":52,"key":"Venom Potion"},{"floor":55,"key":"Energy Potion"}],"is_trial":false,"path_per_floor":["R","M","?","E","R","$","T","M","M","R","M","M","$","M","M","B",null,"R_BF","M","R","M","E","?","T","T","E","R","?","M","M","?","M","B",null,"R_BF","M","?","E","M","M","T","M","E","R","$","M","M","?","M","B",null,"E","$","R","B",null],"character_chosen":"THE_CHAMP","items_purchased":["hubris:EvacipatedBox","hubris:FruitBowl","Replay:Baseball","testmod-IWantAll","Counterbalance","MerchantsRug","SynthV:C4","Dota2Spire:Satanic","Bag of Preparation","Replay:Bandana","champ:GladiatorStyle"],"campfire_rested":0,"item_purchase_floors":[13,13,13,13,45,45,45,45,53,53,53],"current_hp_per_floor":[90,90,90,90,90,90,90,84,83,83,83,84,21,23,23,35,90,90,90,90,90,54,39,39,39,48,63,63,64,66,66,70,87,105,105,105,105,105,105,105,105,105,105,105,105,105,88,98,94,105,105,105,105,105,105],"gold":284,"neow_bonus":"THREE_ENEMY_KILL","is_daily":false,"chose_seed":false,"campfire_upgraded":7,"win_rate":0.0,"timestamp":1607934204,"path_taken":["R","M","?","E","R","?","T","M","M","R","M","?","?","?","M","BOSS","R_BF","M","R","M","E","?","T","?","E","R","?","?","M","?","M","BOSS","R_BF","M","?","E","M","M","T","?","E","R","$","M","M","?","M","BOSS","E","$","R","BOSS"],"items_purchased_type":["Relic","Relic","Relic","Relic","Relic","Relic","Relic","Relic","Relic","Relic","Card"],"build_version":"2020-12-13","purchased_purges":3,"victory":true,"max_hp_per_floor":[90,90,90,90,90,90,90,90,90,90,90,90,90,90,90,90,90,90,90,90,90,90,90,90,90,90,105,105,105,105,105,105,105,105,105,105,105,105,105,105,105,105,105,105,105,105,105,105,105,105,105,105,105,105,105],"relic_stats":{"counters":[33,107],"Astrolabe":["champ:Duel","champ:VampiricStrike","champ:ShieldThrow"],"Nloth\u0027s Gift":13,"Bag of Preparation":[2],"obtain_stats":[{"Dota2Spire:EchoSabre":25,"Golden Egg":43,"DaveBox":0,"champ:ChampionCrown":0,"downfall:HeartBlessingGreen":27,"testmod-IWantAll":13,"Bag of Preparation":53,"MagicDraw3":38,"testmod-BouquetWithThorns":48,"hubris:EvacipatedBox":13,"SynthV:C4":45,"Dota2Spire:Satanic":45,"vexMod:InvisibilityCloak":52,"Replay:Bandana":53,"downfall:GremlinWheel":37,"downfall:HeartBlessingBlue":27,"conspire:DecoderRing":4,"qcfpunch:Wrestler\u0027s_Cloak":22,"aspiration:ChemicalBlood":7,"ImportantClient":16,"MerchantsRug":45,"testmod-TestBox":0,"downfall:HeartBlessingRed":5,"Astrolabe":34,"Counterbalance":45,"downfall:HeartsMalice":0,"hubris:FruitBowl":13,"Replay:Baseball":13,"REME_HandOfSuture":41,"Nloth\u0027s Gift":0,"testmod-Nine":0,"testmod-OneHitWonder":26,"REME_ComplimentaryCards":0,"MetatronsCube":17,"ReplayTheSpireMod:ShopPack":52},{"Dota2Spire:EchoSabre":13,"Golden Egg":25,"DaveBox":0,"champ:ChampionCrown":0,"downfall:HeartBlessingGreen":14,"testmod-IWantAll":7,"Bag of Preparation":32,"MagicDraw3":21,"testmod-BouquetWithThorns":29,"hubris:EvacipatedBox":7,"SynthV:C4":26,"Dota2Spire:Satanic":26,"vexMod:InvisibilityCloak":32,"Replay:Bandana":32,"downfall:GremlinWheel":20,"downfall:HeartBlessingBlue":14,"conspire:DecoderRing":2,"qcfpunch:Wrestler\u0027s_Cloak":13,"aspiration:ChemicalBlood":3,"ImportantClient":10,"MerchantsRug":26,"testmod-TestBox":0,"downfall:HeartBlessingRed":2,"Astrolabe":18,"Counterbalance":26,"downfall:HeartsMalice":0,"hubris:FruitBowl":7,"Replay:Baseball":7,"REME_HandOfSuture":23,"Nloth\u0027s Gift":0,"testmod-Nine":0,"testmod-OneHitWonder":14,"REME_ComplimentaryCards":0,"MetatronsCube":10,"ReplayTheSpireMod:ShopPack":32},{"Dota2Spire:EchoSabre":30,"Golden Egg":71,"DaveBox":0,"champ:ChampionCrown":0,"downfall:HeartBlessingGreen":33,"testmod-IWantAll":10,"Bag of Preparation":93,"MagicDraw3":58,"testmod-BouquetWithThorns":84,"hubris:EvacipatedBox":10,"SynthV:C4":76,"Dota2Spire:Satanic":76,"vexMod:InvisibilityCloak":93,"Replay:Bandana":93,"downfall:GremlinWheel":53,"downfall:HeartBlessingBlue":33,"conspire:DecoderRing":0,"qcfpunch:Wrestler\u0027s_Cloak":30,"aspiration:ChemicalBlood":0,"ImportantClient":20,"MerchantsRug":76,"testmod-TestBox":0,"downfall:HeartBlessingRed":0,"Astrolabe":49,"Counterbalance":76,"downfall:HeartsMalice":0,"hubris:FruitBowl":10,"Replay:Baseball":10,"REME_HandOfSuture":64,"Nloth\u0027s Gift":0,"testmod-Nine":0,"testmod-OneHitWonder":33,"REME_ComplimentaryCards":0,"MetatronsCube":20,"ReplayTheSpireMod:ShopPack":93}]},"card_choices":[{"not_picked":["champ:BladeFlurry","champ:BerserkerStyle","champ:GutPunch"],"picked":"SKIP","floor":2.0},{"not_picked":["champ:PerfectedStrike","champ:Encircle"],"picked":"champ:RecklessLeap","floor":4.0},{"not_picked":["champ:DancingMaster","champ:Lariat"],"picked":"champ:CheapShot","floor":6.0},{"not_picked":["champ:CrookedStrike","champ:Encircle"],"picked":"champ:PreciseThrust","floor":8.0},{"not_picked":["champ:DefensiveShout","champ:ShieldWall"],"picked":"champ:CalledShot","floor":9.0},{"not_picked":["champ:AdrenalArmor","champ:PreciseThrust"],"picked":"champ:GladiatorsShout","floor":11.0},{"not_picked":["champ:SkillfulDodge","champ:DefensiveStyle"],"picked":"champ:Control","floor":12.0},{"not_picked":["champ:GladiatorsShout","champ:FightOn","champ:Encircle"],"picked":"SKIP","floor":14.0},{"not_picked":["champ:GladiatorsShout","champ:FightOn","champ:Encircle"],"picked":"SKIP","floor":14.0},{"not_picked":["champ:HoldFirm","champ:Control"],"picked":"champ:RapidStrikes","floor":15.0},{"not_picked":["champ:CheapShot","champ:PerfectForm"],"picked":"champ:HoldFirm","floor":16.0},{"not_picked":["champ:Balance+1","champ:CrookedStrike","champ:FightOn"],"picked":"SKIP","floor":19.0},{"not_picked":["champ:GladiatorsShout","champ:BladeFlurry","champ:GladiatorStyle"],"picked":"SKIP","floor":21.0},{"not_picked":["champ:Haymaker","champ:GutPunch","champ:StanceDance"],"picked":"SKIP","floor":22.0},{"not_picked":["champ:CrookedStrike","champ:FanOfKnives","champ:ShieldWall"],"picked":"SKIP","floor":26.0},{"not_picked":["champ:FlashCut","champ:GladiatorsShout+1"],"picked":"champ:FocusedGladiator","floor":29.0},{"not_picked":["champ:RapidStrikes","champ:AdrenalArmor","champ:GutPunch"],"picked":"SKIP","floor":30.0},{"not_picked":["champ:PreciseThrust","champ:Encircle"],"picked":"champ:Balance","floor":32.0},{"not_picked":["champ:PerfectForm","champ:MurderStrike"],"picked":"champ:VampiricStrike","floor":33.0},{"not_picked":["champ:Haymaker","champ:DefensiveShout","champ:FlashCut+1"],"picked":"SKIP","floor":36.0},{"not_picked":["champ:RecklessLeap","champ:CrookedStrike+1"],"picked":"champ:ShieldSlam","floor":38.0},{"not_picked":["champ:FocusedGladiator+1","champ:Backstep","champ:FlashCut+1"],"picked":"SKIP","floor":39.0},{"not_picked":["champ:ViciousMockery+1","champ:FanOfKnives","champ:GladiatorsShout+1"],"picked":"SKIP","floor":40.0},{"not_picked":["champ:FlashCut","champ:PreciseThrust","champ:ShieldWall+1"],"picked":"SKIP","floor":42.0},{"not_picked":["champ:CrookedStrike","champ:DefensiveShout+1","champ:BerserkersShout+1"],"picked":"SKIP","floor":43.0},{"not_picked":["champ:DefensiveShout","champ:HoldFirm","champ:FocusedBerserking+1"],"picked":"SKIP","floor":46.0},{"not_picked":["champ:CrookedStrike+1","champ:Haymaker","champ:BladeFlurry+1"],"picked":"SKIP","floor":47.0},{"not_picked":["champ:Circumvent+1","champ:EnGarde+1","champ:FanOfKnives"],"picked":"SKIP","floor":49.0},{"not_picked":["champ:ShieldWall+1","champ:DancingMaster","champ:Balance"],"picked":"SKIP","floor":52},{"not_picked":["testmod-ShutDown","hubris:EnhanceAbility"],"picked":"testmod-EternalityOfKhronos","floor":53},{"not_picked":["expansioncontent:AwakenDeath","testmod-Librarian"],"picked":"Apotheosis","floor":53},{"not_picked":["testmod-DeathImprint","Replay:Bootleg Shield Generator"],"picked":"Replay:SS_forest_2","floor":53}],"player_experience":125332,"relics_obtained":[{"floor":4.0,"key":"conspire:DecoderRing"},{"floor":7.0,"key":"aspiration:ChemicalBlood"},{"floor":16.0,"key":"ImportantClient"},{"floor":22.0,"key":"qcfpunch:Wrestler\u0027s_Cloak"},{"floor":25.0,"key":"Dota2Spire:EchoSabre"},{"floor":26.0,"key":"testmod-OneHitWonder"},{"floor":37.0,"key":"downfall:GremlinWheel"},{"floor":38.0,"key":"MagicDraw3"},{"floor":41.0,"key":"REME_HandOfSuture"},{"floor":43.0,"key":"Golden Egg"},{"floor":48.0,"key":"testmod-BouquetWithThorns"},{"floor":52,"key":"vexMod:InvisibilityCloak"},{"floor":52,"key":"ReplayTheSpireMod:ShopPack"}],"event_choices":[{"cards_removed":["champ:Defend"],"damage_healed":0.0,"max_hp_gain":0.0,"max_hp_loss":0.0,"gold_gain":0.0,"event_name":"Bonfire Elementals","player_choice":"Offered Basic","floor":3.0,"gold_loss":0.0,"damage_taken":0.0},{"cards_removed":["champ:Strike"],"damage_healed":0.0,"max_hp_gain":0.0,"max_hp_loss":0.0,"gold_gain":0.0,"event_name":"betterNote:BetterNote","player_choice":"Give","floor":31.0,"gold_loss":0.0,"damage_taken":0.0,"cards_obtained":["champ:Strike"]},{"damage_healed":0.0,"max_hp_gain":0.0,"max_hp_loss":0.0,"gold_gain":300.0,"event_name":"Wheel of Change","player_choice":"Gold","floor":44.0,"gold_loss":0.0,"damage_taken":0.0}],"is_beta":false,"boss_relics":[{"not_picked":["Replay:Fungal Core","Snecko Eye","Philosopher\u0027s Stone"],"picked":"MetatronsCube"},{"not_picked":["Replay:Drink Me","hubris:GrandSneckoEye","qcfpunch:Dark_Gi"],"picked":"Astrolabe"}],"items_purged_floors":[13,45,53],"is_endless":false,"potions_floor_spawned":[4,12,14,15,22,29,30,33,37,39,40,42,43,52],"ascension_level":0}}