{"host":"78hrz0ylpj9lzvi8","time":1607980875,"event":{"mods":["BaseMod","Bestiary","Block Reminder","Curses Come First","Minty Spire (QoL Compilation)","Quick Restart","Random Character Button","Relic Stats","StSLib"],"gold_per_floor":[114,114,264,276,32,66,10,35,35,60,74,102,121,221,221,294,294,308,208,219,235,26,55,55,86,154,171,187,187,203,203,203],"floor_reached":31,"playtime":2191,"items_purged":["Doubt","Strike_P","Strike_P"],"score":810,"play_id":"c8d8928f-fa1f-4b41-b0d1-9385aaf43570","local_time":"20201214182115","is_ascension_mode":true,"campfire_choices":[{"data":"TalkToTheHand","floor":15,"key":"SMITH"},{"data":"Establishment","floor":24,"key":"SMITH"},{"floor":29,"key":"REST"}],"circlet_count":0,"master_deck":["AscendersBane","Strike_P","Strike_P","Defend_P","Defend_P","Defend_P","Eruption+1","Vigilance","DeceiveReality","CutThroughFate","TalkToTheHand+1","FlyingSleeves","BattleHymn","FearNoEvil","EmptyFist","MentalFortress","Protect","Vault","CutThroughFate","Establishment+1","Protect","WindmillStrike","SandsOfTime","EmptyBody","Tantrum","MentalFortress","FlurryOfBlows","ThirdEye+1","WheelKick","Protect+1"],"relics":["PureWater","Sling","Prayer Wheel","Thread and Needle","Bottled Flame","Letter Opener","Question Card","SlaversCollar","Smiling Mask","Gremlin Horn","Sundial"],"acts_visited":["Exordium","TheCity"],"potions_floor_usage":[8,16,23,25],"damage_taken":[{"damage":0,"enemies":"2 Louse","floor":1,"turns":4},{"damage":12,"enemies":"Jaw Worm","floor":4,"turns":3},{"damage":0,"enemies":"Lagavulin","floor":6,"turns":5},{"damage":4,"enemies":"3 Sentries","floor":8,"turns":4},{"damage":0,"enemies":"Gremlin Nob","floor":10,"turns":2},{"damage":0,"enemies":"Cultist","floor":11,"turns":2},{"damage":13,"enemies":"3 Sentries","floor":12,"turns":5},{"damage":2,"enemies":"Lots of Slimes","floor":13,"turns":4},{"damage":0,"enemies":"Hexaghost","floor":16,"turns":10},{"damage":0,"enemies":"3 Byrds","floor":18,"turns":7},{"damage":2,"enemies":"Shell Parasite","floor":20,"turns":7},{"damage":18,"enemies":"Chosen and Byrds","floor":21,"turns":7},{"damage":1,"enemies":"Book of Stabbing","floor":23,"turns":5},{"damage":20,"enemies":"Slavers","floor":25,"turns":5},{"damage":20,"enemies":"Shelled Parasite and Fungi","floor":27,"turns":5},{"damage":0,"enemies":"Sentry and Sphere","floor":28,"turns":5},{"damage":10,"enemies":"Centurion and Healer","floor":30,"turns":5},{"damage":24,"enemies":"Gremlin Leader","floor":31,"turns":2}],"seed_played":"3627980812138489177","potions_obtained":[{"floor":6,"key":"StancePotion"},{"floor":11,"key":"Block Potion"},{"floor":13,"key":"Regen Potion"},{"floor":16,"key":"StancePotion"},{"floor":27,"key":"FearPotion"},{"floor":28,"key":"SteroidPotion"}],"is_trial":false,"path_per_floor":["M","?","?","M","$","E","$","E","T","E","M","E","M","?","R","B",null,"M","$","M","M","$","E","R","E","T","M","M","R","M","E"],"character_chosen":"WATCHER","items_purchased":["Sling","BlessingOfTheForge","MentalFortress"],"campfire_rested":1,"item_purchase_floors":[5,7,22],"current_hp_per_floor":[61,61,61,49,49,49,49,45,45,45,45,32,30,30,30,30,59,59,59,57,39,39,38,38,32,32,12,12,32,22,0,0],"gold":203,"neow_bonus":"UPGRADE_CARD","is_daily":false,"chose_seed":false,"campfire_upgraded":2,"win_rate":0.0,"timestamp":1607980875,"path_taken":["M","?","?","M","$","E","?","E","T","E","M","E","?","?","R","BOSS","M","$","M","M","$","E","R","E","T","M","M","R","M","E"],"items_purchased_type":["Relic","Potion","Card"],"build_version":"2020-12-13","purchased_purges":3,"victory":false,"max_hp_per_floor":[68,68,68,68,68,68,68,68,68,68,68,68,68,68,68,68,68,68,68,68,68,68,68,68,68,68,68,68,68,68,68,68],"relic_stats":{"Gremlin Horn":[3,3],"counters":[18,87],"Sundial":[0],"Prayer Wheel":8,"Letter Opener":[30],"Question Card":17,"Smiling Mask":0,"obtain_stats":[{"SlaversCollar":17,"Bottled Flame":9,"Gremlin Horn":25,"Sundial":26,"Prayer Wheel":6,"Thread and Needle":8,"Letter Opener":10,"PureWater":0,"Sling":5,"Question Card":12,"Smiling Mask":23},{"SlaversCollar":9,"Bottled Flame":4,"Gremlin Horn":14,"Sundial":14,"Prayer Wheel":3,"Thread and Needle":4,"Letter Opener":5,"PureWater":0,"Sling":2,"Question Card":7,"Smiling Mask":13},{"SlaversCollar":39,"Bottled Flame":16,"Gremlin Horn":70,"Sundial":70,"Prayer Wheel":12,"Thread and Needle":16,"Letter Opener":18,"PureWater":0,"Sling":7,"Question Card":25,"Smiling Mask":65}]},"card_choices":[{"not_picked":["ClearTheMind","Adaptation"],"picked":"DeceiveReality","floor":1},{"not_picked":["EmptyBody","Study"],"picked":"TalkToTheHand","floor":4},{"not_picked":["Evaluate","WreathOfFlame"],"picked":"FlyingSleeves","floor":6},{"not_picked":["Crescendo","JustLucky"],"picked":"BattleHymn","floor":8},{"not_picked":["SashWhip","Protect"],"picked":"FearNoEvil","floor":10},{"not_picked":["Prostrate","FlyingSleeves"],"picked":"EmptyFist","floor":11},{"not_picked":["ThirdEye","BowlingBash"],"picked":"MentalFortress","floor":11},{"not_picked":["WheelKick","Prostrate"],"picked":"Protect","floor":12},{"not_picked":["EmptyMind","MentalFortress","EmptyFist"],"picked":"Vault","floor":13},{"not_picked":["ThirdEye","Evaluate","Consecrate"],"picked":"CutThroughFate","floor":13},{"not_picked":["DeusExMachina","Omniscience","ConjureBlade"],"picked":"Establishment","floor":16},{"not_picked":["CrushJoints","FlyingSleeves","Study"],"picked":"Protect","floor":18},{"not_picked":["CrushJoints","Crescendo","BowlingBash"],"picked":"WindmillStrike","floor":18},{"not_picked":["CrushJoints+1","Evaluate","EmptyBody"],"picked":"SandsOfTime","floor":20},{"not_picked":["BowlingBash","Evaluate","Alpha"],"picked":"EmptyBody","floor":20},{"not_picked":["JustLucky","Protect","Prostrate"],"picked":"Tantrum","floor":21},{"not_picked":["Protect","SignatureMove","Consecrate+1","Vengeance"],"picked":"SKIP","floor":21},{"not_picked":["Brilliance","Study","BowlingBash"],"picked":"FlurryOfBlows","floor":23},{"not_picked":["Crescendo","Consecrate","Collect"],"picked":"ThirdEye+1","floor":25},{"not_picked":["DeceiveReality","Prostrate","Wireheading"],"picked":"WheelKick","floor":27},{"not_picked":["EmptyFist","WaveOfTheHand","CrushJoints","FlyingSleeves"],"picked":"SKIP","floor":27},{"not_picked":["Halt","SashWhip","Conclude+1"],"picked":"Protect+1","floor":28},{"not_picked":["FlurryOfBlows","PathToVictory","Wireheading","Consecrate"],"picked":"SKIP","floor":28},{"not_picked":["Prostrate","Protect","Nirvana","Wish"],"picked":"SKIP","floor":30},{"not_picked":["ForeignInfluence","Tantrum","EmptyFist","CutThroughFate"],"picked":"SKIP","floor":30}],"player_experience":944039,"relics_obtained":[{"floor":6,"key":"Prayer Wheel"},{"floor":8,"key":"Thread and Needle"},{"floor":9,"key":"Bottled Flame"},{"floor":10,"key":"Letter Opener"},{"floor":12,"key":"Question Card"},{"floor":23,"key":"Smiling Mask"},{"floor":25,"key":"Gremlin Horn"},{"floor":26,"key":"Sundial"}],"event_choices":[{"damage_healed":0,"gold_gain":0,"cards_transformed":["Defend_P"],"player_choice":"Change","damage_taken":0,"max_hp_gain":0,"max_hp_loss":0,"event_name":"Living Wall","floor":2,"gold_loss":0,"cards_obtained":["CutThroughFate"]},{"damage_healed":0,"gold_gain":150,"player_choice":"AGREE","damage_taken":0,"max_hp_gain":0,"max_hp_loss":0,"event_name":"Liars Game","floor":3,"gold_loss":0,"cards_obtained":["Doubt"]},{"damage_healed":0,"gold_gain":100,"player_choice":"Gold","damage_taken":0,"max_hp_gain":0,"max_hp_loss":0,"event_name":"Wheel of Change","floor":14,"gold_loss":0}],"is_beta":false,"boss_relics":[{"not_picked":["Fusion Hammer","Calling Bell"],"picked":"SlaversCollar"}],"items_purged_floors":[5,19,22],"is_endless":false,"potions_floor_spawned":[6,11,13,16,27,28,30],"killed_by":"Gremlin Leader","ascension_level":20}}