{"host":"og6lam4kt3nibbw0","time":1607925866,"event":{"mods":["AchievementEnabler","BaseMod","Colored Map","DeckTracker","Highlight Path","Keyboard Shortcuts","Minty Spire (QoL Compilation)","Permanent Neow","Quick Restart","StSLib","SuperFastMode"],"gold_per_floor":[111,124,124,124,140,140,154,166,166,185,198,211,136,155,155,155,155],"floor_reached":16,"playtime":961,"items_purged":[],"score":196,"play_id":"4a83d00d-c11f-4882-8b91-177bcaea1d65","local_time":"20201214150426","is_ascension_mode":true,"campfire_choices":[{"data":"Acrobatics","floor":6.0,"key":"SMITH"},{"floor":15,"key":"REST"}],"circlet_count":0,"master_deck":["AscendersBane","Strike_G","Strike_G","Strike_G","Strike_G","Defend_G","Defend_G","Defend_G","Defend_G","Survivor","Neutralize","Grand Finale","Dagger Throw","All Out Attack","Acrobatics+1","Blur","Prepared","Escape Plan","Backflip"],"relics":["Ring of the Snake"],"acts_visited":["Exordium"],"potions_floor_usage":[16,16,16],"damage_taken":[{"damage":17.0,"enemies":"Cultist","floor":1.0,"turns":5.0},{"damage":16.0,"enemies":"Jaw Worm","floor":2.0,"turns":4.0},{"damage":1.0,"enemies":"2 Louse","floor":5.0,"turns":2.0},{"damage":5.0,"enemies":"Large Slime","floor":7.0,"turns":8.0},{"damage":3.0,"enemies":"Exordium Wildlife","floor":8.0,"turns":3.0},{"damage":4.0,"enemies":"Blue Slaver","floor":10.0,"turns":6.0},{"damage":0.0,"enemies":"2 Fungi Beasts","floor":11.0,"turns":3.0},{"damage":0,"enemies":"Looter","floor":12,"turns":2},{"damage":7,"enemies":"Exordium Wildlife","floor":14,"turns":2},{"damage":7,"enemies":"Hexaghost","floor":16,"turns":9}],"seed_played":"-6106325480799914026","potions_obtained":[{"floor":5.0,"key":"SkillPotion"},{"floor":8.0,"key":"Explosive Potion"},{"floor":10.0,"key":"EntropicBrew"}],"is_trial":false,"path_per_floor":["M","M","?","?","M","R","M","M","T","M","M","M","?","M","R","B"],"character_chosen":"THE_SILENT","items_purchased":[],"campfire_rested":1,"item_purchase_floors":[],"current_hp_per_floor":[42,26,26,26,25,25,20,17,17,13,13,13,13,6,24,17,17],"gold":155,"neow_bonus":"THREE_RARE_CARDS","is_daily":false,"chose_seed":false,"campfire_upgraded":1,"win_rate":0.0,"timestamp":1607925866,"path_taken":["M","M","?","?","M","R","M","M","T","?","M","M","?","M","R","BOSS"],"items_purchased_type":[],"build_version":"2020-12-13","purchased_purges":0,"victory":false,"max_hp_per_floor":[60,60,60,60,60,60,60,60,60,60,60,60,60,60,60,60,60],"card_choices":[{"not_picked":["Tools of the Trade","Storm of Steel"],"picked":"Grand Finale","floor":0.0},{"not_picked":["Outmaneuver","Slice"],"picked":"Dagger Throw","floor":1.0},{"not_picked":["Sucker Punch","Footwork"],"picked":"All Out Attack","floor":2.0},{"not_picked":["Slice","Footwork"],"picked":"Acrobatics","floor":5.0},{"not_picked":["Terror","Underhanded Strike"],"picked":"Blur","floor":7.0},{"not_picked":["Outmaneuver","Expertise","Finisher"],"picked":"SKIP","floor":8.0},{"not_picked":["Blade Dance","Storm of Steel"],"picked":"Prepared","floor":10.0},{"not_picked":["Catalyst","Underhanded Strike"],"picked":"Escape Plan","floor":11.0},{"not_picked":["Cloak And Dagger","Quick Slash","Blur"],"picked":"SKIP","floor":12},{"not_picked":["Heel Hook","Dagger Spray"],"picked":"Backflip","floor":14}],"player_experience":742416,"relics_obtained":[],"event_choices":[{"damage_healed":0.0,"max_hp_gain":0.0,"max_hp_loss":0.0,"gold_gain":0.0,"event_name":"Liars Game","player_choice":"Ignored","floor":3.0,"gold_loss":0.0,"damage_taken":0.0},{"cards_removed":["Strike_G"],"damage_healed":0.0,"max_hp_gain":0.0,"max_hp_loss":0.0,"gold_gain":0.0,"event_name":"Living Wall","player_choice":"Forget","floor":4.0,"gold_loss":0.0,"damage_taken":0.0},{"cards_removed":["Defend_G"],"damage_healed":0,"gold_gain":0,"player_choice":"Card Removal","damage_taken":0,"max_hp_gain":0,"max_hp_loss":0,"event_name":"The Cleric","floor":13,"gold_loss":75}],"is_beta":false,"boss_relics":[],"items_purged_floors":[],"is_endless":false,"potions_floor_spawned":[5,8,10,11],"killed_by":"Hexaghost","ascension_level":20}}