{"host":"8xp52u5o8fcssvzz","time":1607921973,"event":{"mods":["2.2 Compatiblity","AchievementEnabler","Act Like it!","Aspiration","BaseMod","Better Altar","Better Match","Better Note","Better Sensory Stone","Better Skull","Better Third Choice","BetterRewards","Colored Map","Conspire","Downfall","GifTheSpireLib","Googly Eyes","Halation","Hallownest","Highlight Path","Hubris","Infinite Spire","Jorbs\u0027s Wanderer Trilogy","Lobotomy","LobotomyExtend","Luminous","Marisa????????","Mimic Mod","Minty Spire (QoL Compilation)","Remilia_Scarlet Moed?????·?????3.3.5","Remilia??????","Replay The Spire","Shade Mod","Spicy Shops","StSLib","Stuff the Spire","The Administrix","The Alterego","The Blackbeard","The Bladedancer","The Cursed","The Gatherer","The Necromancer","The Runesmith","The Servant 0.9.4","TheFirefly","TheSwordswoman","Unceasing Turn Reminder","everything is the same but u backflip on backflip"],"gold_per_floor":[118,138,38,38,69,89,89],"floor_reached":6,"playtime":287,"items_purged":[],"score":36,"play_id":"fcca4947-8b92-4381-a048-6d463e7b8604","local_time":"20201213205933","is_ascension_mode":false,"campfire_choices":[],"circlet_count":0,"master_deck":["Shade:Strike_Shade","Shade:Strike_Shade","Shade:Strike_Shade","Shade:Strike_Shade","Shade:Defend_Shade","Shade:Defend_Shade","Shade:Defend_Shade","Shade:Defend_Shade","Shade:AnimateDead","Shade:CarefulCut","ShyLook","Shade:Trample","OSAHOGD","Shade:CoffinDance","conspire:SpireCoStock","conspire:SpireCoStock","CherryBlossoms","Shade:AuraOfUnlife"],"relics":["Shade:YorickSkull","CogitoBucket","LetterFromLob","halation:StarCompass"],"acts_visited":["Exordium"],"potions_floor_usage":[6],"damage_taken":[{"damage":0,"enemies":"conspire:RoseBush","floor":1,"turns":4},{"damage":5,"enemies":"2 Louse","floor":2,"turns":4},{"damage":0,"enemies":"Small Slimes","floor":5,"turns":4},{"damage":60,"enemies":"Gremlin Nob","floor":6,"turns":6}],"seed_played":"-113116140880672793","potions_obtained":[{"floor":1,"key":"Weak Potion"},{"floor":5,"key":"Doom Potion"}],"is_trial":false,"path_per_floor":["M","M","?","?","M","E"],"character_chosen":"SHADE","items_purchased":[],"campfire_rested":0,"item_purchase_floors":[],"current_hp_per_floor":[65,60,60,60,60,0,0],"gold":89,"neow_bonus":"","is_daily":false,"chose_seed":false,"campfire_upgraded":0,"win_rate":0.0,"timestamp":1607921973,"path_taken":["M","M","?","?","M","E"],"items_purchased_type":[],"build_version":"2020-12-13","purchased_purges":0,"victory":false,"max_hp_per_floor":[65,65,65,65,65,65,65],"card_choices":[{"not_picked":["CrumblingArmor","MHz"],"picked":"ShyLook","floor":1},{"not_picked":["Shade:AncientSpear","Shade:FeralStrike"],"picked":"Shade:Trample","floor":1},{"not_picked":["SingingMachine","FairyFestival"],"picked":"OSAHOGD","floor":2},{"not_picked":["Shade:CommandSoldier","Shade:BoneShards"],"picked":"Shade:CoffinDance","floor":2},{"not_picked":["FairyFestival","LittlePrince"],"picked":"CherryBlossoms","floor":5},{"not_picked":["Shade:PoundOfFlesh","Shade:SoulToxin"],"picked":"Shade:AuraOfUnlife","floor":5}],"player_experience":426476,"relics_obtained":[{"floor":1,"key":"LetterFromLob"}],"event_choices":[{"damage_healed":0,"gold_gain":0,"player_choice":"Invest 2","damage_taken":0,"max_hp_gain":0,"max_hp_loss":0,"event_name":"conspire:Investor","floor":3,"gold_loss":0}],"is_beta":false,"boss_relics":[],"items_purged_floors":[],"is_endless":false,"potions_floor_spawned":[1,5],"killed_by":"Gremlin Nob","ascension_level":0}}