{"host":"a8rzj4nfw2w5de5r","time":1607967878,"event":{"mods":["BaseMod","Block Reminder","Colored Map","Downfall","Highlight Path","Minty Spire (QoL Compilation)","Relic Sorter","Relic Stats","StSLib"],"gold_per_floor":[99,99,126,126,126,126,179,179,213,138,155,169,185,335,345,449,449,449,449,449,479,579,579,579,595,520,550,204,215,234,234,249,351,351,351,351,368,180,210,210,210,239,251,176,192,218,218,268,286,286,286,321,16,16,16],"floor_reached":56,"playtime":5166,"items_purged":["Writhe","Slimebound:Icky","champ:Strike"],"score":1399,"play_id":"54f8d2a0-2cd8-4901-bba0-f48c41f46f7f","local_time":"20201214231438","is_ascension_mode":false,"campfire_choices":[{"data":"champ:Taunt","floor":1.0,"key":"SMITH"},{"data":"champ:Encircle","floor":6.0,"key":"SMITH"},{"data":"champ:Execute","floor":8.0,"key":"SMITH"},{"data":"champ:FaceSlap","floor":10.0,"key":"SMITH"},{"data":"champ:FocusedBerserking","floor":18.0,"key":"SMITH"},{"data":"champ:Encircle","floor":23.0,"key":"SMITH"},{"data":"champ:FanOfKnives","floor":26.0,"key":"SMITH"},{"data":"champ:Improvising","floor":35.0,"key":"SMITH"},{"floor":40.0,"key":"RECALL"},{"data":"champ:BerserkerStyle","floor":44.0,"key":"SMITH"},{"data":"champ:CalledShot","floor":54,"key":"SMITH"}],"circlet_count":0,"master_deck":["champ:Strike+1","champ:Strike","champ:Strike","champ:Defend","champ:Defend","champ:Defend","champ:Defend","champ:Execute+1","champ:Taunt+1","champ:FocusedBerserking+1","champ:Encircle+1","champ:BringItOn","champ:FaceSlap+1","champ:FocusedBerserking+1","champ:Encircle+1","champ:FanOfKnives+1","champ:EndlessRage","champ:CalledShot+1","champ:CrookedStrike+1","champ:Duel+1","champ:AdrenalArmor+1","champ:Backstep+1","champ:Improvising+1","champ:PerfectedStrike+1","champ:CheapShot+1","champ:CrookedStrike+1","champ:BerserkerStyle+1","Panache","champ:FanOfKnives+1","champ:Backstep+1","champ:IronFortress","champ:StanceDance+1","expansioncontent:Flail+1","expansioncontent:SuperHexaguard+1","champ:ShieldThrow+1","champ:Lariat+1","champ:StanceDance+1","champ:DefensiveStyle","champ:DefensiveStyle","champ:CalledShot+1","champ:CalledShot"],"relics":["champ:ChampionCrown","downfall:HeartsMalice","Letter Opener","Bag of Preparation","Lantern","downfall:HeartBlessingGreen","Runic Pyramid","Du-Vu Doll","Mercury Hourglass","champ:BlackKnightHelmet","Molten Egg 2","downfall:HeartBlessingBlue","Regal Pillow","Toxic Egg 2","Philosopher\u0027s Stone","Mummified Hand","PreservedInsect","The Courier","Eternal Feather","downfall:HeartBlessingRed","Blood Vial","CaptainsWheel","Turnip","Membership Card"],"acts_visited":["Exordium","TheCity","TheBeyond","TheEnding"],"potions_floor_usage":[],"damage_taken":[{"damage":0.0,"enemies":"Cultist","floor":2.0,"turns":1.0},{"damage":0.0,"enemies":"3 Sentries","floor":3.0,"turns":1.0},{"damage":0.0,"enemies":"Jaw Worm","floor":4.0,"turns":1.0},{"damage":26.0,"enemies":"Gremlin Nob","floor":9.0,"turns":3.0},{"damage":0.0,"enemies":"2 Louse","floor":11.0,"turns":1.0},{"damage":15.0,"enemies":"Large Slime","floor":12.0,"turns":3.0},{"damage":9.0,"enemies":"Exordium Thugs","floor":13.0,"turns":3.0},{"damage":0.0,"enemies":"Lots of Slimes","floor":15.0,"turns":2.0},{"damage":80.0,"enemies":"downfall:Silent","floor":16.0,"turns":7.0},{"damage":48.0,"enemies":"Slavers","floor":21.0,"turns":4.0},{"damage":27.0,"enemies":"Slavers","floor":22.0,"turns":6.0},{"damage":13.0,"enemies":"Spheric Guardian","floor":25.0,"turns":1.0},{"damage":34.0,"enemies":"Book of Stabbing","floor":27.0,"turns":2.0},{"damage":21.0,"enemies":"downfall:FleeingMerchant","floor":28.0,"turns":4.0},{"damage":37.0,"enemies":"Centurion and Healer","floor":29.0,"turns":3.0},{"damage":14.0,"enemies":"Cultist and Chosen","floor":30.0,"turns":3.0},{"damage":20.0,"enemies":"3 Cultists","floor":32.0,"turns":3.0},{"damage":85.0,"enemies":"downfall:Watcher","floor":33.0,"turns":5.0},{"damage":29.0,"enemies":"3 Shapes","floor":37.0,"turns":3.0},{"damage":0.0,"enemies":"downfall:FleeingMerchant","floor":38.0,"turns":5.0},{"damage":41.0,"enemies":"Reptomancer","floor":39.0,"turns":4.0},{"damage":29.0,"enemies":"Nemesis","floor":42.0,"turns":4.0},{"damage":30.0,"enemies":"Orb Walker","floor":43.0,"turns":2.0},{"damage":52.0,"enemies":"Transient","floor":45.0,"turns":5.0},{"damage":79.0,"enemies":"Mind Bloom Boss Battle","floor":48.0,"turns":5.0},{"damage":18.0,"enemies":"3 Darklings","floor":49.0,"turns":2.0},{"damage":43.0,"enemies":"downfall:Defect","floor":50.0,"turns":5.0},{"damage":43.0,"enemies":"downfall:CharBossMerchant","floor":52.0,"turns":6.0},{"damage":109,"enemies":"downfall:NeowBoss","floor":55,"turns":15}],"seed_played":"-2387978138411417327","potions_obtained":[{"floor":11.0,"key":"SteroidPotion"},{"floor":12.0,"key":"Swift Potion"},{"floor":15.0,"key":"champ:CounterPotion"},{"floor":25.0,"key":"AttackPotion"},{"floor":29.0,"key":"Explosive Potion"},{"floor":30.0,"key":"DuplicationPotion"}],"is_trial":false,"path_per_floor":["R","M","E","M","?","R","T","R","E","R","M","M","M","?","M","B",null,"R","?","?","E","?","R","T","M","R","E","$","M","M","?","M","B",null,"R","?","M","$","E","R","T","E","M","R","M","?","?","?","M","B",null,"E","$","R","B",null],"character_chosen":"THE_CHAMP","items_purchased":["Toxic Egg 2","Mummified Hand","Panache","Membership Card","champ:StanceDance+1","champ:DefensiveStyle","champ:DefensiveStyle","champ:CalledShot","champ:CalledShot"],"campfire_rested":0,"item_purchase_floors":[28,38,38,53,53,53,53,53,53],"current_hp_per_floor":[90,90,90,90,90,90,90,90,88,88,88,90,90,90,90,50,90,90,90,72,50,52,52,52,58,68,66,75,85,84,84,105,72,105,105,105,105,105,105,105,105,99,103,105,105,105,95,99,96,105,105,105,105,105,105],"gold":16,"neow_bonus":"THREE_ENEMY_KILL","is_daily":false,"chose_seed":false,"campfire_upgraded":10,"win_rate":0.0,"timestamp":1607967878,"path_taken":["R","M","E","?","?","R","T","R","E","R","M","M","M","?","M","BOSS","R","?","?","E","?","R","T","M","R","E","$","M","M","?","M","BOSS","R","?","?","?","E","R","T","E","M","R","M","?","?","?","M","BOSS","E","$","R","BOSS"],"items_purchased_type":["Relic","Relic","Card","Relic","Card","Card","Card","Card","Card"],"build_version":"2020-12-13","purchased_purges":3,"victory":true,"max_hp_per_floor":[90,90,90,90,90,90,90,90,90,90,90,90,90,90,90,90,90,90,90,95,95,95,95,95,95,105,105,105,105,105,105,105,105,105,105,105,105,105,105,105,105,105,105,105,105,105,105,105,105,105,105,105,105,105,105],"relic_stats":{"Blood Vial":6,"Regal Pillow":0,"counters":[29,106],"Mummified Hand":[48],"Eternal Feather":2,"PreservedInsect":147,"Turnip":[2],"Bag of Preparation":[52],"Letter Opener":[167],"obtain_stats":[{"Lantern":9,"champ:BlackKnightHelmet":22,"Regal Pillow":27,"downfall:HeartBlessingRed":44,"champ:ChampionCrown":0,"downfall:HeartsMalice":0,"downfall:HeartBlessingGreen":10,"Eternal Feather":42,"PreservedInsect":39,"The Courier":41,"Bag of Preparation":7,"Letter Opener":3,"Mercury Hourglass":21,"Du-Vu Doll":19,"Blood Vial":46,"CaptainsWheel":48,"downfall:HeartBlessingBlue":26,"Mummified Hand":38,"Molten Egg 2":22,"Philosopher\u0027s Stone":34,"Turnip":52,"Membership Card":53,"Toxic Egg 2":28,"Runic Pyramid":17},{"Lantern":4,"champ:BlackKnightHelmet":11,"Regal Pillow":13,"downfall:HeartBlessingRed":23,"champ:ChampionCrown":0,"downfall:HeartsMalice":0,"downfall:HeartBlessingGreen":4,"Eternal Feather":22,"PreservedInsect":21,"The Courier":21,"Bag of Preparation":3,"Letter Opener":2,"Mercury Hourglass":10,"Du-Vu Doll":9,"Blood Vial":24,"CaptainsWheel":25,"downfall:HeartBlessingBlue":12,"Mummified Hand":20,"Molten Egg 2":11,"Philosopher\u0027s Stone":18,"Turnip":28,"Membership Card":28,"Toxic Egg 2":14,"Runic Pyramid":9},{"Lantern":3,"champ:BlackKnightHelmet":29,"Regal Pillow":32,"downfall:HeartBlessingRed":68,"champ:ChampionCrown":0,"downfall:HeartsMalice":0,"downfall:HeartBlessingGreen":3,"Eternal Feather":66,"PreservedInsect":62,"The Courier":62,"Bag of Preparation":0,"Letter Opener":0,"Mercury Hourglass":23,"Du-Vu Doll":19,"Blood Vial":73,"CaptainsWheel":78,"downfall:HeartBlessingBlue":30,"Mummified Hand":58,"Molten Egg 2":29,"Philosopher\u0027s Stone":50,"Turnip":91,"Membership Card":91,"Toxic Egg 2":36,"Runic Pyramid":19}],"Mercury Hourglass":[269]},"card_choices":[{"not_picked":["champ:Circumvent","champ:FalseCounter"],"picked":"champ:FocusedBerserking","floor":2.0},{"not_picked":["champ:Circumvent","champ:FightOn"],"picked":"champ:Encircle","floor":3.0},{"not_picked":["champ:RecklessLeap","champ:CrookedStrike"],"picked":"champ:BringItOn","floor":4.0},{"not_picked":["champ:PreciseThrust","champ:FocusedDefense"],"picked":"champ:FaceSlap","floor":9.0},{"not_picked":["champ:Shatter","champ:DefensiveShout"],"picked":"champ:FocusedBerserking","floor":11.0},{"not_picked":["champ:StanceDance","champ:Shatter"],"picked":"champ:Encircle","floor":12.0},{"not_picked":["champ:FlashCut","champ:StanceDance"],"picked":"champ:FanOfKnives","floor":13.0},{"not_picked":["champ:DefensiveShout","champ:Circumvent"],"picked":"champ:EndlessRage","floor":15.0},{"not_picked":["champ:BringItOn","champ:CrookedStrike+1"],"picked":"champ:CalledShot+1","floor":21.0},{"not_picked":["champ:FanOfKnives+1","champ:BerserkersShout"],"picked":"champ:CrookedStrike+1","floor":25.0},{"not_picked":["champ:Riposte","champ:FocusedDefense"],"picked":"champ:Duel+1","floor":27.0},{"not_picked":["champ:SkillfulDodge","champ:Circumvent"],"picked":"champ:AdrenalArmor+1","floor":28.0},{"not_picked":["champ:ViciousMockery+1","champ:PerfectedStrike+1"],"picked":"champ:Backstep+1","floor":29.0},{"not_picked":["champ:Encircle+1","champ:FlashCut+1"],"picked":"champ:Improvising","floor":30.0},{"not_picked":["champ:FanOfKnives+1","champ:GladiatorsShout+1"],"picked":"champ:PerfectedStrike+1","floor":32.0},{"not_picked":["champ:Improvising","champ:IgnorePain+1"],"picked":"champ:CheapShot+1","floor":33.0},{"not_picked":["champ:Encircle+1","champ:Shatter+1"],"picked":"champ:CrookedStrike+1","floor":37.0},{"not_picked":["champ:TornadoPunch+1","champ:RapidStrikes+1"],"picked":"champ:BerserkerStyle","floor":38.0},{"not_picked":["champ:BringItOn+1","champ:IgnorePain+1"],"picked":"champ:FanOfKnives+1","floor":39.0},{"not_picked":["champ:GutPunch+1","champ:DefensiveStyle"],"picked":"champ:Backstep+1","floor":42.0},{"not_picked":["champ:Backstep+1","champ:BerserkersShout+1"],"picked":"champ:IronFortress","floor":43.0},{"not_picked":["champ:TornadoPunch+1","champ:CrookedStrike+1"],"picked":"champ:StanceDance+1","floor":45.0},{"not_picked":["expansioncontent:CaCaw","expansioncontent:AwakenDeath"],"picked":"expansioncontent:Flail+1","floor":47.0},{"not_picked":["expansioncontent:Collect","expansioncontent:DecasProtection+1"],"picked":"expansioncontent:SuperHexaguard+1","floor":47.0},{"not_picked":["champ:Backstep+1","champ:Shatter+1"],"picked":"champ:ShieldThrow+1","floor":48.0},{"not_picked":["champ:PerfectedStrike+1","champ:FightOn"],"picked":"champ:Lariat+1","floor":49.0},{"not_picked":["champ:GutPunch+1","champ:EnGarde+1","champ:SwordThrow+1"],"picked":"SKIP","floor":52}],"player_experience":556258,"relics_obtained":[{"floor":3.0,"key":"Letter Opener"},{"floor":7.0,"key":"Bag of Preparation"},{"floor":9.0,"key":"Lantern"},{"floor":21.0,"key":"Mercury Hourglass"},{"floor":22.0,"key":"champ:BlackKnightHelmet"},{"floor":22.0,"key":"Molten Egg 2"},{"floor":27.0,"key":"Regal Pillow"},{"floor":39.0,"key":"PreservedInsect"},{"floor":41.0,"key":"The Courier"},{"floor":42.0,"key":"Eternal Feather"},{"floor":46.0,"key":"Blood Vial"},{"floor":48.0,"key":"CaptainsWheel"},{"floor":52,"key":"Turnip"}],"event_choices":[{"damage_healed":0.0,"max_hp_gain":0.0,"max_hp_loss":0.0,"gold_gain":0.0,"event_name":"Living Wall","player_choice":"Grow","floor":5.0,"gold_loss":0.0,"damage_taken":0.0,"cards_upgraded":["champ:FocusedBerserking"]},{"damage_healed":0.0,"max_hp_gain":0.0,"max_hp_loss":0.0,"gold_gain":0.0,"event_name":"Accursed Blacksmith","player_choice":"Forge","floor":36.0,"gold_loss":0.0,"damage_taken":0.0,"cards_upgraded":["champ:Strike"]}],"is_beta":false,"boss_relics":[{"not_picked":["Tiny House","SacredBark"],"picked":"Runic Pyramid"},{"not_picked":["Empty Cage","Runic Dome"],"picked":"Philosopher\u0027s Stone"}],"items_purged_floors":[28,38,53],"is_endless":false,"potions_floor_spawned":[11,12,15,21,25,29,30,37,39,43,49],"ascension_level":0}}