{"host":"h792lphzw6wlba86","time":1607904767,"event":{"mods":["AchievementEnabler","Aspiration","Bard","BaseMod","Beaked The Cultist","Better Altar","Better Match","Better Note","Better Sensory Stone","Better Skull","Better Third Choice","BetterRewards","CCEM","Clawfect","Colored Map","Conspire","Downfall","GifTheSpireLib","Googly Eyes","Halation","Hermit","Highlight Path","Hubris","Hunter ??","Jedi Mod","Jorbs\u0027s Wanderer Trilogy","Mad Scientist","Marisa????????","Mimic Mod","Minty Spire (QoL Compilation)","Permanent Neow","Replay The Spire","Shade Mod","Shop Mod","Spicy Shops","StSLib","Stuff the Spire","The Administrix","The Blackbeard","The Bug Knight","The Construct","The Cursed","The Disciple","The Gatherer","The Hierophant","The IronCluck","The Jungle","The Mystic","The Necromancer","The Problem Sleuth","The Runesmith","The Servant 0.9.4","The Spell Scribe","The Witch","Unceasing Turn Reminder","everything is the same but u backflip on backflip","slay the spire mod where everything is the same but ironclad has a cowboy hat"],"gold_per_floor":[365,23,35,55,105,105,115,115,187,200,200,100,100,130,130,130,130,130],"floor_reached":16,"playtime":1625,"items_purged":["Gatherer:Strike_Gatherer","Languid"],"score":100,"play_id":"e4e68ffc-0891-4133-8173-9298f1eb01ed","local_time":"20201213181247","is_ascension_mode":false,"metric_token":3665,"campfire_choices":[{"data":"Gatherer:Snatch","floor":6,"key":"SMITH"},{"data":"Gatherer:BalancedGrowth","floor":11,"key":"SMITH"},{"data":"Gatherer:Centralize","floor":13,"key":"SMITH"},{"data":"Gatherer:RecoveryHerb","floor":15,"key":"SMITH"}],"circlet_count":0,"master_deck":["Gatherer:Strike_Gatherer","Gatherer:Strike_Gatherer","Gatherer:Strike_Gatherer","Gatherer:Strike_Gatherer","Gatherer:Defend_Gatherer","Gatherer:Defend_Gatherer","Gatherer:Defend_Gatherer","Gatherer:Defend_Gatherer","Gatherer:Defend_Gatherer","Gatherer:Centralize+1","Gatherer:FlowerWhip","Gatherer:Transmute","Gatherer:PoisonMastery","Gatherer:FlowerShield","Gatherer:GatherMaterial","Gatherer:FlowerShield","Gatherer:Snatch+1","Gatherer:TacticalStrike","Gatherer:BalancedGrowth+1","Gatherer:RecoveryHerb+1"],"relics":["Gatherer:AlchemyBag","BargainBundle","hubris:SlimyHat","Singing Bowl","CCEMRelics:Pendulum"],"acts_visited":["Exordium"],"potions_floor_usage":[10,14,14,16],"damage_taken":[{"damage":7,"enemies":"Cultist","floor":1,"turns":5},{"damage":0,"enemies":"2 Louse","floor":3,"turns":4},{"damage":2,"enemies":"Small Slimes","floor":4,"turns":5},{"damage":12,"enemies":"Exordium Thugs","floor":7,"turns":4},{"damage":1,"enemies":"Large Slime","floor":10,"turns":10},{"damage":3,"enemies":"3 Sentries","floor":14,"turns":7},{"damage":43,"enemies":"The Guardian","floor":16,"turns":15}],"seed_played":"5930260885573097970","potions_obtained":[{"floor":1,"key":"LifebloodPotion"},{"floor":7,"key":"champ:CounterPotion"},{"floor":14,"key":"Explosive Potion"}],"is_trial":false,"path_per_floor":["M","$","M","M","?","R","M","?","T","M","R","$","R","E","R","B"],"character_chosen":"THE_GATHERER","items_purchased":["BargainBundle","Gatherer:PoisonMastery","Gatherer:FlowerShield","Gatherer:GatherMaterial","Regen Potion","Adrenaline Potion","hubris:SlimyHat"],"campfire_rested":0,"item_purchase_floors":[2,2,2,2,2,2,2],"current_hp_per_floor":[65,65,65,63,37,37,25,25,25,39,39,39,39,36,36,0,0,0],"gold":130,"neow_bonus":"TWO_FIFTY_GOLD","is_daily":false,"chose_seed":false,"campfire_upgraded":4,"win_rate":0.0,"timestamp":1607904767,"path_taken":["M","$","?","M","?","R","M","?","T","?","R","$","R","E","R","BOSS"],"items_purchased_type":["Relic","Card","Card","Card","Potion","Potion","Relic"],"build_version":"2020-11-30","purchased_purges":2,"victory":false,"max_hp_per_floor":[72,72,72,72,74,74,74,74,74,74,74,74,74,74,74,74,74,74],"card_choices":[{"not_picked":["Gatherer:PotentialSlash","Gatherer:Nutrients"],"picked":"Gatherer:Transmute","floor":1},{"not_picked":["Gatherer:AromaProtection","Gatherer:ScherryThrow"],"picked":"Gatherer:FlowerShield","floor":3},{"not_picked":["Gatherer:ScentOfRosmari","Gatherer:OddSpoils","Gatherer:AromaProtection"],"picked":"SKIP","floor":4},{"not_picked":["Gatherer:DrugPower","Gatherer:FragileHammer"],"picked":"Gatherer:Snatch","floor":5},{"not_picked":["Gatherer:FragileHammer","Gatherer:HeartToFruit","Gatherer:PotentialSlash"],"picked":"Singing Bowl","floor":5},{"not_picked":["Gatherer:PotentialSlash","Gatherer:RottenStipe"],"picked":"Gatherer:TacticalStrike","floor":7},{"not_picked":["Gatherer:MiningStrike","Gatherer:BambuSword"],"picked":"Gatherer:BalancedGrowth","floor":10},{"not_picked":["Gatherer:SaveValuables","Gatherer:CarefulStrike"],"picked":"Gatherer:RecoveryHerb","floor":14}],"player_experience":606167,"relics_obtained":[{"floor":5,"key":"Singing Bowl"},{"floor":14,"key":"CCEMRelics:Pendulum"}],"event_choices":[{"damage_healed":0,"gold_gain":0,"player_choice":"Got Potions","damage_taken":0,"max_hp_gain":0,"max_hp_loss":0,"event_name":"Lab","floor":8,"gold_loss":0}],"is_beta":false,"boss_relics":[],"items_purged_floors":[2,12],"is_endless":false,"potions_floor_spawned":[1,7,14],"killed_by":"The Guardian","ascension_level":0}}