{"host":"r2b8ojg4o4pyvjvq","time":1607968265,"event":{"mods":["BaseMod","Colored Map","Downfall","Highlight Path","Hubris","Minty Spire (QoL Compilation)","Replay The Spire","StSLib","SuperFastMode"],"gold_per_floor":[116,20,35,35,35,35,35,60,129,161,161,181,209,228,228,228,228],"floor_reached":16,"playtime":349,"items_purged":[],"score":189,"play_id":"a5f4e1aa-b579-41f9-b22f-ffa3a0d15696","local_time":"20201214185105","is_ascension_mode":true,"campfire_choices":[{"data":"Uppercut","floor":6,"key":"SMITH"},{"floor":11,"key":"REST"},{"floor":15,"key":"REST"}],"circlet_count":0,"master_deck":["AscendersBane","Strike_R","Strike_R","Strike_R","Strike_R","Strike_R","Defend_R","Defend_R","Defend_R","Defend_R","Bash+1","Hemokinesis","Shrug It Off","Thunderclap","Uppercut+1","Entrench","expansioncontent:FaceSlap","Headbutt","Barricade","Twin Strike"],"relics":["Burning Blood","Question Card","hubris:SphereOfDissonance"],"acts_visited":["Exordium"],"potions_floor_usage":[16],"damage_taken":[{"damage":7,"enemies":"Jaw Worm","floor":1,"turns":3},{"damage":2,"enemies":"Cultist","floor":3,"turns":2},{"damage":44,"enemies":"Lagavulin","floor":8,"turns":5},{"damage":18,"enemies":"Gremlin Nob","floor":10,"turns":3},{"damage":2,"enemies":"Small Slimes","floor":12,"turns":2},{"damage":36,"enemies":"Lagavulin","floor":13,"turns":9},{"damage":16,"enemies":"Red Slaver","floor":14,"turns":2},{"damage":32,"enemies":"Slime Boss","floor":16,"turns":7}],"seed_played":"-913275758667066217","potions_obtained":[{"floor":8,"key":"Energy Potion"},{"floor":10,"key":"SpeedPotion"}],"is_trial":false,"path_per_floor":["M","$","M","$","?","R","$","E","T","E","R","M","E","M","R","B"],"character_chosen":"IRONCLAD","items_purchased":["Shrug It Off","Thunderclap"],"campfire_rested":2,"item_purchase_floors":[2,2],"current_hp_per_floor":[71,71,75,75,75,75,75,37,37,25,49,53,23,13,37,5,5],"gold":228,"neow_bonus":"RANDOM_EVENT","is_daily":false,"chose_seed":false,"campfire_upgraded":1,"win_rate":0.0,"timestamp":1607968265,"path_taken":["M","$","M","$","?","R","$","E","T","E","R","M","E","M","R","BOSS"],"items_purchased_type":["Card","Card"],"build_version":"2020-12-13","purchased_purges":0,"victory":false,"max_hp_per_floor":[80,80,80,80,80,80,80,80,80,80,80,80,80,80,80,80,80],"card_choices":[{"not_picked":["Heavy Blade","Fire Breathing"],"picked":"Hemokinesis","floor":1},{"not_picked":["Entrench","Havoc"],"picked":"Uppercut","floor":3},{"not_picked":["Iron Wave","Cleave"],"picked":"Headbutt","floor":8},{"not_picked":["Rage","Warcry","Sentinel"],"picked":"Barricade","floor":10},{"not_picked":["Headbutt","Anger","Clothesline","Combust"],"picked":"SKIP","floor":12},{"not_picked":["Thunderclap","Double Tap","Dual Wield"],"picked":"Twin Strike","floor":13},{"not_picked":["Headbutt","Armaments","Rampage","Thunderclap"],"picked":"SKIP","floor":14}],"player_experience":406369,"relics_obtained":[{"floor":8,"key":"Question Card"},{"floor":13,"key":"hubris:SphereOfDissonance"}],"event_choices":[{"damage_healed":0,"gold_gain":0,"player_choice":"Grow","damage_taken":0,"max_hp_gain":0,"max_hp_loss":0,"event_name":"Living Wall","floor":0,"gold_loss":0,"cards_upgraded":["Bash"]},{"damage_healed":0,"gold_gain":0,"player_choice":"2 cards matched","damage_taken":0,"max_hp_gain":0,"max_hp_loss":0,"event_name":"Match and Keep!","floor":5,"gold_loss":0,"cards_obtained":["Entrench","expansioncontent:FaceSlap"]}],"is_beta":false,"boss_relics":[],"items_purged_floors":[],"is_endless":false,"potions_floor_spawned":[8,10,12],"killed_by":"Slime Boss","ascension_level":12}}