{"host":"ow9msrs9p2ctkx99","time":1607963222,"event":{"mods":["AchievementEnabler","BaseMod","Colored Map","Colored Powertips","Minty Spire (QoL Compilation)","Permanent Neow","Quick Restart","SuperFastMode"],"gold_per_floor":[119,133,143,143,160,185,185,185,208,358,373,407,407,436,436,514,514,532,549,549,249,264,297,347,272,350,92,126,126,151,162,162,162,162],"floor_reached":33,"playtime":1986,"items_purged":["Doubt","Decay"],"score":581,"play_id":"c930accf-f73b-4d75-8013-287fa0b7c623","local_time":"20201214172702","is_ascension_mode":true,"campfire_choices":[{"data":"Cloak And Dagger","floor":8.0,"key":"SMITH"},{"floor":13.0,"key":"REST"},{"floor":15.0,"key":"REST"},{"floor":32,"key":"RECALL"}],"circlet_count":0,"master_deck":["AscendersBane","Strike_G","Strike_G","Strike_G","Strike_G","Strike_G","Defend_G","Defend_G","Defend_G","Defend_G","Defend_G","Survivor","Neutralize","CurseOfTheBell","Infinite Blades","Cloak And Dagger+1","Blade Dance","Blade Dance","PiercingWail","Acrobatics","A Thousand Cuts","Adrenaline","Escape Plan","PiercingWail","Writhe","Secret Technique","Predator","MasterReality","Backflip"],"relics":["Calling Bell","Potion Belt","Shuriken","Tough Bandages","Juzu Bracelet","Bag of Preparation","Vajra","MealTicket","Coffee Dripper","Nunchaku","Orichalcum","White Beast Statue","PrismaticShard","Singing Bowl","FaceOfCleric","Question Card"],"acts_visited":["Exordium","TheCity"],"potions_floor_usage":[33,33],"damage_taken":[{"damage":12.0,"enemies":"Jaw Worm","floor":1.0,"turns":4.0},{"damage":2.0,"enemies":"Cultist","floor":2.0,"turns":5.0},{"damage":5.0,"enemies":"Small Slimes","floor":3.0,"turns":4.0},{"damage":7.0,"enemies":"3 Louse","floor":5.0,"turns":3.0},{"damage":19.0,"enemies":"Lagavulin","floor":6.0,"turns":7.0},{"damage":4.0,"enemies":"Looter","floor":11.0,"turns":4.0},{"damage":24.0,"enemies":"Gremlin Nob","floor":12.0,"turns":4.0},{"damage":14.0,"enemies":"Lagavulin","floor":14.0,"turns":6.0},{"damage":31.0,"enemies":"Hexaghost","floor":16.0,"turns":8.0},{"damage":1.0,"enemies":"Spheric Guardian","floor":18.0,"turns":3.0},{"damage":11.0,"enemies":"Chosen","floor":19.0,"turns":6.0},{"damage":0.0,"enemies":"Sentry and Sphere","floor":22.0,"turns":4.0},{"damage":11.0,"enemies":"Gremlin Leader","floor":23.0,"turns":7.0},{"damage":23.0,"enemies":"Book of Stabbing","floor":28.0,"turns":5.0},{"damage":24.0,"enemies":"Gremlin Leader","floor":30.0,"turns":6.0},{"damage":3,"enemies":"Snake Plant","floor":31,"turns":4},{"damage":27,"enemies":"Champ","floor":33,"turns":7}],"seed_played":"374454153404891657","potions_obtained":[{"floor":2.0,"key":"Regen Potion"},{"floor":5.0,"key":"AttackPotion"},{"floor":6.0,"key":"Explosive Potion"},{"floor":22.0,"key":"SpeedPotion"},{"floor":23.0,"key":"SpeedPotion"},{"floor":28.0,"key":"SteroidPotion"},{"floor":30.0,"key":"Explosive Potion"},{"floor":31,"key":"DuplicationPotion"}],"is_trial":false,"path_per_floor":["M","M","M","?","M","E","?","R","T","?","M","E","R","E","R","B",null,"M","M","?","$","M","E","?","$","T","$","E","?","E","M","R","B"],"character_chosen":"THE_SILENT","items_purchased":["Secret Technique","GhostInAJar","PrismaticShard"],"campfire_rested":2,"item_purchase_floors":[21,21,27],"current_hp_per_floor":[47,45,40,40,33,29,51,51,51,51,47,23,42,28,47,16,54,53,42,42,57,57,46,46,61,61,66,43,43,20,20,20,0,0],"gold":162,"neow_bonus":"BOSS_RELIC","is_daily":false,"chose_seed":false,"campfire_upgraded":1,"win_rate":0.0,"timestamp":1607963222,"path_taken":["M","M","M","?","?","E","?","R","T","?","M","E","R","E","R","BOSS","M","M","?","$","M","E","?","$","T","?","E","?","E","M","R","BOSS"],"items_purchased_type":["Card","Potion","Relic"],"build_version":"2020-12-13","purchased_purges":2,"victory":false,"max_hp_per_floor":[66,66,66,66,66,66,66,66,66,66,66,66,66,66,66,66,66,66,66,66,66,66,66,66,66,66,66,66,66,67,70,70,70,70],"card_choices":[{"not_picked":["Deadly Poison","Acrobatics"],"picked":"Infinite Blades","floor":1.0},{"not_picked":["Flying Knee","Dagger Spray"],"picked":"Cloak And Dagger","floor":2.0},{"not_picked":["Quick Slash","Outmaneuver"],"picked":"Blade Dance","floor":3.0},{"not_picked":["Dodge and Roll","Bane"],"picked":"Blade Dance","floor":5.0},{"not_picked":["Masterful Stab","Bullet Time","Heel Hook"],"picked":"SKIP","floor":6.0},{"not_picked":["Quick Slash","Poisoned Stab"],"picked":"PiercingWail","floor":11.0},{"not_picked":["Prepared","Caltrops"],"picked":"Acrobatics","floor":12.0},{"not_picked":["Caltrops","Blade Dance"],"picked":"A Thousand Cuts","floor":14.0},{"not_picked":["Corpse Explosion","A Thousand Cuts"],"picked":"Adrenaline","floor":16.0},{"not_picked":["Dagger Throw","Flying Knee"],"picked":"Escape Plan","floor":18.0},{"not_picked":["Quick Slash","Concentrate"],"picked":"PiercingWail","floor":19.0},{"not_picked":["Dagger Spray","Flechettes","Choke"],"picked":"SKIP","floor":22.0},{"not_picked":["Bane","Doppelganger"],"picked":"Predator","floor":23.0},{"not_picked":["Consecrate+1","Iron Wave+1"],"picked":"MasterReality","floor":28.0},{"not_picked":["Good Instincts","Finesse"],"picked":"Backflip","floor":30.0},{"not_picked":["PathToVictory","CutThroughFate","FlurryOfBlows+1","Shrug It Off"],"picked":"Singing Bowl","floor":31}],"player_experience":1065884,"relics_obtained":[{"floor":0.0,"key":"Potion Belt"},{"floor":0.0,"key":"Shuriken"},{"floor":0.0,"key":"Tough Bandages"},{"floor":6.0,"key":"Juzu Bracelet"},{"floor":9.0,"key":"Bag of Preparation"},{"floor":12.0,"key":"Vajra"},{"floor":14.0,"key":"MealTicket"},{"floor":23.0,"key":"Orichalcum"},{"floor":26.0,"key":"White Beast Statue"},{"floor":28.0,"key":"Singing Bowl"},{"floor":30.0,"key":"Question Card"}],"event_choices":[{"damage_healed":0.0,"max_hp_gain":0.0,"max_hp_loss":0.0,"gold_gain":0.0,"event_name":"Wheel of Change","player_choice":"Cursed","floor":4.0,"gold_loss":0.0,"damage_taken":0.0,"cards_obtained":["Decay"]},{"damage_healed":22.0,"max_hp_gain":0.0,"max_hp_loss":0.0,"gold_gain":0.0,"event_name":"Big Fish","player_choice":"Banana","floor":7.0,"gold_loss":0.0,"damage_taken":0.0},{"damage_healed":0.0,"max_hp_gain":0.0,"max_hp_loss":0.0,"gold_gain":150.0,"event_name":"Liars Game","player_choice":"AGREE","floor":10.0,"gold_loss":0.0,"damage_taken":0.0,"cards_obtained":["Doubt"]},{"damage_healed":0.0,"max_hp_gain":0.0,"max_hp_loss":0.0,"gold_gain":0.0,"event_name":"The Mausoleum","player_choice":"Opened","floor":20.0,"gold_loss":0.0,"damage_taken":0.0,"relics_obtained":["Nunchaku"],"cards_obtained":["Writhe"]},{"damage_healed":0.0,"max_hp_gain":0.0,"max_hp_loss":0.0,"gold_gain":50.0,"event_name":"Nest","player_choice":"Stole From Cult","floor":24.0,"gold_loss":0.0,"damage_taken":0.0},{"damage_healed":0.0,"max_hp_gain":0.0,"max_hp_loss":0.0,"gold_gain":0.0,"event_name":"FaceTrader","player_choice":"Trade","floor":29.0,"gold_loss":0.0,"damage_taken":0.0,"relics_obtained":["FaceOfCleric"]}],"is_beta":false,"boss_relics":[{"not_picked":["Ectoplasm","Black Star"],"picked":"Coffee Dripper"}],"items_purged_floors":[25,27],"is_endless":false,"potions_floor_spawned":[2,5,6,22,23,28,30,31],"killed_by":"Champ","ascension_level":16}}