{"host":"jm9833yuloeli2yd","time":1607906789,"event":{"mods":["AchievementEnabler","BaseMod","Better Altar","Better Match","Better Note","Better Sensory Stone","Better Skull","Better Vampires","Colored Map","Colored Powertips","DeckTracker","Minty Spire (QoL Compilation)","Permanent Neow","Quick Restart","Replay The Spire","StSLib","SuperFastMode"],"gold_per_floor":[217,182,11,11,11,11,22,52,52,52,79,79,98,130,130,130,130],"floor_reached":16,"playtime":350,"items_purged":[],"score":282,"play_id":"12e3b23f-b0dc-453f-9301-3449bce20312","local_time":"20201213194629","is_ascension_mode":true,"campfire_choices":[{"data":"Dagger Throw","floor":6,"key":"SMITH"},{"data":"Flying Knee","floor":10,"key":"SMITH"},{"floor":12,"key":"REST"},{"data":"Unload","floor":15,"key":"SMITH"}],"circlet_count":0,"master_deck":["AscendersBane","Strike_G","Strike_G","Strike_G","Strike_G","Defend_G","Defend_G","Defend_G","Defend_G","Defend_G","Survivor","Neutralize+1","Dagger Throw+1","Flying Knee+1","Backstab","Unload+1","Calculated Gamble"],"relics":["Ring of the Snake","ClockworkSouvenir","Snake Skull","Sundial","Mercury Hourglass","Unceasing Top"],"acts_visited":["Exordium"],"potions_floor_usage":[8,14],"damage_taken":[{"damage":1,"enemies":"Cultist","floor":1,"turns":5},{"damage":0,"enemies":"Small Slimes","floor":7,"turns":4},{"damage":14,"enemies":"Lagavulin","floor":8,"turns":6},{"damage":27,"enemies":"3 Sentries","floor":11,"turns":11},{"damage":0,"enemies":"2 Louse","floor":13,"turns":1},{"damage":0,"enemies":"Gremlin Nob","floor":14,"turns":2},{"damage":39,"enemies":"Hexaghost","floor":16,"turns":11}],"seed_played":"-6232669239695491348","potions_obtained":[{"floor":1,"key":"Strength Potion"},{"floor":11,"key":"SteroidPotion"}],"is_trial":false,"path_per_floor":["M","?","$","?","?","R","M","E","T","R","E","R","M","E","R","B"],"character_chosen":"THE_SILENT","items_purchased":["ClockworkSouvenir"],"campfire_rested":1,"item_purchase_floors":[3],"current_hp_per_floor":[58,66,66,59,59,59,59,45,45,45,18,37,37,37,37,0,0],"gold":130,"neow_bonus":"HUNDRED_GOLD","is_daily":false,"chose_seed":false,"campfire_upgraded":3,"win_rate":0.0,"timestamp":1607906789,"path_taken":["M","?","$","?","?","R","M","E","T","R","E","R","M","E","R","BOSS"],"items_purchased_type":["Relic"],"build_version":"2020-12-13","purchased_purges":0,"victory":false,"max_hp_per_floor":[66,66,66,66,66,66,66,66,66,66,66,66,66,66,66,66,66],"card_choices":[{"not_picked":["Replay:Poison Smokescreen","Backflip"],"picked":"Dagger Throw","floor":1},{"not_picked":["Backflip","Quick Slash"],"picked":"Flying Knee","floor":7},{"not_picked":["Dodge and Roll","Deflect"],"picked":"Backstab","floor":8},{"not_picked":["Riddle With Holes","Toxin Wave"],"picked":"Unload","floor":11},{"not_picked":["Skewer","Flying Knee","Endless Agony"],"picked":"SKIP","floor":13},{"not_picked":["Doppelganger","Flying Knee"],"picked":"Calculated Gamble","floor":14}],"player_experience":1053934,"relics_obtained":[{"floor":8,"key":"Snake Skull"},{"floor":9,"key":"Sundial"},{"floor":11,"key":"Mercury Hourglass"},{"floor":14,"key":"Unceasing Top"}],"event_choices":[{"damage_healed":16,"gold_gain":0,"player_choice":"Healed","damage_taken":0,"max_hp_gain":0,"max_hp_loss":0,"event_name":"The Cleric","floor":2,"gold_loss":35},{"cards_removed":["Strike_G"],"damage_healed":0,"gold_gain":0,"player_choice":"Card Removal","damage_taken":7,"max_hp_gain":0,"max_hp_loss":0,"event_name":"Golden Wing","floor":4,"gold_loss":0},{"damage_healed":0,"gold_gain":0,"player_choice":"Grow","damage_taken":0,"max_hp_gain":0,"max_hp_loss":0,"event_name":"Living Wall","floor":5,"gold_loss":0,"cards_upgraded":["Neutralize"]}],"is_beta":false,"boss_relics":[],"items_purged_floors":[],"is_endless":false,"potions_floor_spawned":[1,11],"killed_by":"Hexaghost","ascension_level":20}}