{"host":"r3d3rfw8zyydmocx","time":1607919342,"event":{"mods":["Aspiration","BaseMod","Colored Powertips","Conspire","Downfall","Highlight Path","Hubris","Minty Spire (QoL Compilation)","Replay The Spire","StSLib","The Hierophant","The Servant 0.9.4"],"gold_per_floor":[99,113,113,113,113,113,113,113,148,148,158,1,16,27,47,144,144,144,154,154,154,172,205,205,205,205,222,232,252,252,82,94,197,197,197,223,243,243,243,243,243,259,259,290,290,301,317,146,156,156,156],"floor_reached":50,"playtime":5530,"items_purged":["hexamod:Strike"],"score":599,"play_id":"06988be1-7ff6-4306-aa9a-3ff4eb02ac7a","local_time":"20201213201542","is_ascension_mode":false,"campfire_choices":[{"data":"hexamod:Float","floor":1.0,"key":"SMITH"},{"data":"hexamod:GhostOfSpirePast","floor":3.0,"key":"SMITH"},{"data":"hexamod:Defend","floor":5.0,"key":"SMITH"},{"data":"hexamod:Defend","floor":8.0,"key":"SMITH"},{"data":"hexamod:Defend","floor":10.0,"key":"SMITH"},{"data":"hexamod:PhantomCloak","floor":20.0,"key":"SMITH"},{"data":"hexamod:TimeOfNeed","floor":35.0,"key":"SMITH"},{"data":"hexamod:GhostShield","floor":43.0,"key":"SMITH"}],"circlet_count":0,"master_deck":["hexamod:Defend+1","hexamod:Defend+1","hexamod:Defend+1","hexamod:Defend+1","hexamod:Sear+1","hexamod:Float+1","hexamod:GhostOfSpirePast+1","hexamod:SixthSeal","hexamod:ChargedBarrage+1","hexamod:PhantomCloak+1","hexamod:RadiantFlame+1","hexamod:FourthSeal","hexamod:EtherealExpedition+1","hexamod:NightmareGuise+1","hexamod:HexaLevel+1","hexamod:HeatMetal+1","hexamod:BurningTouch+1","hexamod:HeatShield","hexamod:SkipABeat+1","hexamod:GhostOfSpireFuture+1","hexamod:FirstSeal","hexamod:Again+1","hexamod:ThirdSeal","hexamod:StepThrough+1","hexamod:TimeOfNeed+1","hexamod:HexaLevel","hexamod:PhantomCloak+1","hexamod:AdvancingGuard+1","hexamod:GhostShield+1","CommonCold","hexamod:NecessarySacrifice+1","hexamod:VolcanoVisage","Parasite","hexamod:Hexaguard+1","hexamod:HeatShield+1","hexamod:PhantomCloak+1","hexamod:RainOfEmbers+1","hexamod:SpectralAdrenaline+1"],"relics":["hexamod:SpiritBrand","hubris:Icosahedron","ReplayFunnel","hubris:MysteriousPyramids","Philosopher\u0027s Stone","Incense Burner","Bag of Preparation","aspiration:RitualStick","Oddly Smooth Stone","Cursed Key","Replay:PocketPolymizer","Counterbalance","hexamod:MatchstickCase","Toy Ornithopter"],"acts_visited":["Exordium","TheCity","TheBeyond"],"potions_floor_usage":[45,48,50,50],"damage_taken":[{"damage":0.0,"enemies":"Small Slimes","floor":2.0,"turns":3.0},{"damage":22.0,"enemies":"3 Sentries","floor":9.0,"turns":13.0},{"damage":3.0,"enemies":"conspire:RoseBush","floor":11.0,"turns":4.0},{"damage":0.0,"enemies":"downfall:FleeingMerchant","floor":12.0,"turns":4.0},{"damage":9.0,"enemies":"2 Louse","floor":13.0,"turns":4.0},{"damage":11.0,"enemies":"Red Slaver","floor":14.0,"turns":5.0},{"damage":1.0,"enemies":"Blue Slaver","floor":15.0,"turns":6.0},{"damage":6.0,"enemies":"downfall:Watcher","floor":16.0,"turns":11.0},{"damage":16.0,"enemies":"Spheric Guardian","floor":19.0,"turns":4.0},{"damage":0.0,"enemies":"Snake Plant","floor":22.0,"turns":3.0},{"damage":2.0,"enemies":"Replay:Snechameleon","floor":23.0,"turns":7.0},{"damage":0.0,"enemies":"3 Cultists","floor":27.0,"turns":5.0},{"damage":0.0,"enemies":"conspire:HollyBat","floor":28.0,"turns":8.0},{"damage":7.0,"enemies":"Snecko","floor":29.0,"turns":5.0},{"damage":0.0,"enemies":"downfall:FleeingMerchant","floor":31.0,"turns":4.0},{"damage":12.0,"enemies":"Centurion and Healer","floor":32.0,"turns":5.0},{"damage":7.0,"enemies":"downfall:Defect","floor":33.0,"turns":9.0},{"damage":25.0,"enemies":"Nemesis","floor":36.0,"turns":7.0},{"damage":4.0,"enemies":"3 Shapes","floor":37.0,"turns":7.0},{"damage":1.0,"enemies":"3 Darklings","floor":42.0,"turns":9.0},{"damage":76.0,"enemies":"Reptomancer","floor":44.0,"turns":7.0},{"damage":0,"enemies":"Transient","floor":45,"turns":1},{"damage":5,"enemies":"Writhing Mass","floor":46,"turns":6},{"damage":0,"enemies":"Spire Growth","floor":47,"turns":5},{"damage":13,"enemies":"downfall:FleeingMerchant","floor":48,"turns":4},{"damage":3,"enemies":"Transient","floor":49,"turns":5},{"damage":82,"enemies":"downfall:Silent","floor":50,"turns":5}],"seed_played":"-2051429730387800760","potions_obtained":[{"floor":2.0,"key":"Block Potion"},{"floor":11.0,"key":"AttackPotion"},{"floor":14.0,"key":"Swift Potion"},{"floor":15.0,"key":"conspire:TimeTravelPotion"},{"floor":15.0,"key":"Adrenaline Potion"},{"floor":16.0,"key":"AttackPotion"},{"floor":19.0,"key":"Reflective Coating"},{"floor":22.0,"key":"LifebloodPotion"},{"floor":22.0,"key":"Adrenaline Potion"},{"floor":23.0,"key":"Fruit Juice"},{"floor":23.0,"key":"AttackPotion"},{"floor":27.0,"key":"SmokeBomb"},{"floor":28.0,"key":"Swift Potion"},{"floor":29.0,"key":"Death Potion"},{"floor":30.0,"key":"EntropicBrew"},{"floor":31.0,"key":"Fruit Juice"},{"floor":32.0,"key":"Reflective Coating"},{"floor":33.0,"key":"Toxic Potion"},{"floor":33.0,"key":"LifebloodPotion"},{"floor":36.0,"key":"Swift Potion"},{"floor":37.0,"key":"hexamod:EctoCoolerPotion"},{"floor":37.0,"key":"Reflective Coating"},{"floor":44.0,"key":"SmokeBomb"},{"floor":46,"key":"LiquidBronze"},{"floor":46,"key":"SneckoOil"},{"floor":47,"key":"CultistPotion"},{"floor":49,"key":"FairyPotion"},{"floor":49,"key":"LiquidBronze"}],"is_trial":false,"path_per_floor":["R","M","R","?","R","?","T","R","E","R","M","$","M","M","M","B",null,"R","M","R","?","M","E","T","?","?","M","M","M","?","$","M","B",null,"R","E","M","?","?","?","T","M","R","E","M","M","M","$","M","B"],"character_chosen":"THE_SPIRIT","items_purchased":["hexamod:RadiantFlame","Oddly Smooth Stone","Toy Ornithopter"],"campfire_rested":0,"item_purchase_floors":[12,31,48],"current_hp_per_floor":[70,70,70,70,70,70,70,70,48,48,45,45,36,25,24,18,70,70,54,54,54,54,57,57,42,67,67,67,67,67,72,60,60,80,80,62,65,65,65,90,90,90,90,21,21,23,30,24,28,0,0],"gold":156,"neow_bonus":"UPGRADE_CARD","is_daily":false,"chose_seed":false,"campfire_upgraded":8,"win_rate":0.0,"timestamp":1607919342,"path_taken":["R","M","R","?","R","?","T","R","E","R","M","$","M","M","M","BOSS","R","M","R","?","M","E","T","?","?","?","M","M","?","?","M","BOSS","R","E","M","?","?","?","T","M","R","E","M","?","M","$","M","BOSS"],"items_purchased_type":["Card","Relic","Relic"],"build_version":"2020-12-13","purchased_purges":1,"victory":false,"max_hp_per_floor":[70,70,70,70,70,70,70,70,70,70,70,70,70,70,70,70,70,70,70,70,70,70,75,75,75,75,75,75,75,75,80,80,80,80,80,80,80,80,80,90,90,90,90,90,90,90,90,90,90,90,90],"card_choices":[{"not_picked":["hexamod:FastForward","hexamod:NightmareStrike"],"picked":"hexamod:GhostOfSpirePast","floor":2.0},{"not_picked":["hexamod:GhostShield","hexamod:CatchUp"],"picked":"hexamod:SixthSeal","floor":9.0},{"not_picked":["hexamod:InspiringFlames","hexamod:ShieldOfDarkness"],"picked":"hexamod:ChargedBarrage","floor":11.0},{"not_picked":["hexamod:HeatMetal","hexamod:EtherealExpedition"],"picked":"hexamod:PhantomCloak","floor":12.0},{"not_picked":["hexamod:FastForward","hexamod:PhantomCloak"],"picked":"hexamod:FourthSeal","floor":13.0},{"not_picked":["hexamod:NightmareGuise","hexamod:ThermalTransfer"],"picked":"hexamod:EtherealExpedition","floor":14.0},{"not_picked":["hexamod:Hexaguard","hexamod:FastForward"],"picked":"hexamod:NightmareGuise","floor":15.0},{"not_picked":["hexamod:TimeOfNeed","hexamod:ParanormalForm"],"picked":"hexamod:HexaLevel","floor":16.0},{"not_picked":["hexamod:GhostOfSpirePresent+1","hexamod:GhostLash"],"picked":"hexamod:BurningTouch","floor":19.0},{"not_picked":["hexamod:SwordOfDarkness","hexamod:UnleashSpirits","hexamod:HauntingEcho"],"picked":"SKIP","floor":22.0},{"not_picked":["hexamod:EmpoweredFlame","hexamod:SoulSteal"],"picked":"hexamod:SkipABeat","floor":23.0},{"not_picked":["hexamod:HauntingEcho","hexamod:ThermalTransfer"],"picked":"hexamod:GhostOfSpireFuture+1","floor":27.0},{"not_picked":["hexamod:GhostShield+1","hexamod:SwordOfDarkness"],"picked":"hexamod:FirstSeal","floor":28.0},{"not_picked":["hexamod:DynamicBlow","hexamod:InspiringFlames"],"picked":"hexamod:Again","floor":29.0},{"not_picked":["hexamod:PhantomFireball","hexamod:Firestarter"],"picked":"hexamod:ThirdSeal","floor":31.0},{"not_picked":["hexamod:RainOfEmbers","hexamod:SwordOfDarkness"],"picked":"hexamod:StepThrough+1","floor":32.0},{"not_picked":["hexamod:TurnItUp","hexamod:CrushingStance"],"picked":"hexamod:TimeOfNeed","floor":33.0},{"not_picked":["hexamod:CrushingStance","hexamod:SearingWound"],"picked":"hexamod:HexaLevel","floor":33.0},{"not_picked":["hexamod:Rewind","hexamod:FourthSeal","hexamod:GhostLash+1"],"picked":"SKIP","floor":36.0},{"not_picked":["hexamod:BurningTouch+1","hexamod:FourthSeal","hexamod:GhostLash"],"picked":"SKIP","floor":36.0},{"not_picked":["hexamod:Firestarter+1","hexamod:ThermalTransfer+1"],"picked":"hexamod:PhantomCloak+1","floor":37.0},{"not_picked":["hexamod:HeatMetal","hexamod:FastForward"],"picked":"hexamod:AdvancingGuard+1","floor":37.0},{"not_picked":["hexamod:GhostShield","hexamod:NightmareStrike"],"picked":"hexamod:NecessarySacrifice+1","floor":42.0},{"not_picked":["hexamod:GhostOfSpirePresent+1","hexamod:GhostLash"],"picked":"hexamod:VolcanoVisage","floor":44.0},{"not_picked":["hexamod:EmpoweringStance","hexamod:FourthSeal","hexamod:ShieldOfDarkness+1"],"picked":"SKIP","floor":44.0},{"not_picked":["hexamod:EmpoweringStance","hexamod:FourthSeal","hexamod:ShieldOfDarkness+1"],"picked":"SKIP","floor":44.0},{"not_picked":["hexamod:SwordOfDarkness+1","hexamod:SpectersWail","hexamod:GhostShield"],"picked":"SKIP","floor":46},{"not_picked":["hexamod:SearingWound","hexamod:NightmareGuise+1","hexamod:NightmareStrike"],"picked":"SKIP","floor":46},{"not_picked":["hexamod:GhostOfSpirePast+1","hexamod:SpectralAdrenaline"],"picked":"hexamod:Hexaguard+1","floor":47},{"not_picked":["hexamod:Incineration+1","hexamod:RainOfEmbers","hexamod:ThermalTransfer"],"picked":"SKIP","floor":47},{"not_picked":["hexamod:NecessarySacrifice","hexamod:BacktrackSmack+1"],"picked":"hexamod:HeatShield+1","floor":48},{"not_picked":["hexamod:ThermalTransfer+1","hexamod:StepThrough+1"],"picked":"hexamod:PhantomCloak+1","floor":48},{"not_picked":["hexamod:GhostOfSpirePast","hexamod:GhostflameBarrier"],"picked":"hexamod:RainOfEmbers+1","floor":49},{"not_picked":["hexamod:BacktrackSmack+1","hexamod:NecessarySacrifice"],"picked":"hexamod:SpectralAdrenaline+1","floor":49}],"player_experience":464882,"relics_obtained":[{"floor":7.0,"key":"ReplayFunnel"},{"floor":9.0,"key":"hubris:MysteriousPyramids"},{"floor":23.0,"key":"Incense Burner"},{"floor":24.0,"key":"Bag of Preparation"},{"floor":36.0,"key":"Replay:PocketPolymizer"},{"floor":41.0,"key":"Counterbalance"},{"floor":44.0,"key":"hexamod:MatchstickCase"}],"event_choices":[{"damage_healed":0.0,"max_hp_gain":0.0,"max_hp_loss":0.0,"gold_gain":0.0,"cards_transformed":["hexamod:Strike","hexamod:Strike"],"event_name":"Drug Dealer","player_choice":"Became Test Subject","floor":21.0,"gold_loss":0.0,"damage_taken":0.0,"cards_obtained":["hexamod:HeatShield","hexamod:CrushingStance"]},{"damage_healed":25.0,"max_hp_gain":0.0,"max_hp_loss":0.0,"gold_gain":0.0,"event_name":"The Library","player_choice":"Heal","floor":26.0,"gold_loss":0.0,"damage_taken":0.0},{"damage_healed":0.0,"max_hp_gain":0.0,"max_hp_loss":0.0,"gold_gain":0.0,"event_name":"Lab","player_choice":"Got Potions","floor":30.0,"gold_loss":0.0,"damage_taken":0.0},{"damage_healed":0.0,"max_hp_gain":0.0,"max_hp_loss":0.0,"gold_gain":0.0,"event_name":"conspire:Investor","player_choice":"Leave","floor":38.0,"gold_loss":0.0,"damage_taken":0.0},{"cards_removed":["hexamod:CrushingStance"],"damage_healed":15.0,"max_hp_gain":10.0,"max_hp_loss":0.0,"gold_gain":0.0,"event_name":"Bonfire Elementals","player_choice":"Offered Rare","floor":40.0,"gold_loss":0.0,"damage_taken":0.0}],"is_beta":false,"boss_relics":[{"not_picked":["aspiration:RunicSpoon","conspire:RunicOctahedron"],"picked":"Philosopher\u0027s Stone"},{"not_picked":["Replay:Ancient Bell","aspiration:FutureDiary"],"picked":"Cursed Key"}],"items_purged_floors":[12],"is_endless":false,"potions_floor_spawned":[2,11,14,15,16,22,23,28,32,33,37,46,49],"killed_by":"downfall:Silent","ascension_level":0}}