{"host":"11728qvdvolffudn","time":1607951661,"event":{"mods":["BaseMod","Block Reminder","Colored Powertips","Custom Start","Displayed Cursed Tome","Highlight Path","Minty Spire (QoL Compilation)","Permanent Neow","Quick Restart","Rare Cards Sparkle","Relic Stats"],"gold_per_floor":[119,131,131,30,30,30,45,45,45,61,95,95,95,107,107,107,107],"floor_reached":16,"playtime":472,"items_purged":["Hemokinesis"],"score":100,"play_id":"4b21b618-8906-458b-85ff-8842b40df726","local_time":"20201214131421","is_ascension_mode":false,"campfire_choices":[{"data":"Flex","floor":6,"key":"SMITH"},{"data":"Bash","floor":8,"key":"SMITH"},{"data":"Iron Wave","floor":15,"key":"SMITH"}],"circlet_count":0,"master_deck":["Strike_R","Strike_R","Strike_R","Strike_R","Strike_R","Defend_R","Defend_R","Defend_R","Defend_R","Bash+1","Flex+1","Iron Wave","Cleave","Iron Wave+1","Dropkick","Ghostly Armor"],"relics":["Burning Blood","Omamori","Nunchaku","Blood Vial","Meat on the Bone"],"acts_visited":["Exordium"],"potions_floor_usage":[],"damage_taken":[{"damage":2,"enemies":"Small Slimes","floor":1,"turns":3},{"damage":5,"enemies":"Cultist","floor":2,"turns":4},{"damage":0,"enemies":"2 Louse","floor":7,"turns":2},{"damage":15,"enemies":"Exordium Thugs","floor":10,"turns":4},{"damage":31,"enemies":"Lagavulin","floor":11,"turns":5},{"damage":13,"enemies":"Red Slaver","floor":14,"turns":3},{"damage":55,"enemies":"Slime Boss","floor":16,"turns":8}],"seed_played":"4241530915348110659","potions_obtained":[{"floor":1,"key":"Swift Potion"}],"is_trial":false,"path_per_floor":["M","M","?","$","T","R","M","R","T","M","E","$","?","M","R","B"],"character_chosen":"IRONCLAD","items_purchased":["Iron Wave"],"campfire_rested":0,"item_purchase_floors":[4],"current_hp_per_floor":[80,80,80,80,80,80,80,80,80,71,46,46,46,53,53,0,0],"gold":107,"neow_bonus":"THREE_CARDS","is_daily":false,"chose_seed":false,"campfire_upgraded":3,"win_rate":0.0,"timestamp":1607951661,"path_taken":["M","M","?","$","?","R","M","R","T","M","E","$","?","M","R","BOSS"],"items_purchased_type":["Card"],"build_version":"2020-12-13","purchased_purges":1,"victory":false,"max_hp_per_floor":[80,80,80,80,80,80,80,80,80,80,80,80,80,80,80,80,80],"relic_stats":{"Blood Vial":4,"Nunchaku":[4],"counters":[7,29],"obtain_stats":[{"Blood Vial":11,"Nunchaku":9,"Omamori":5,"Burning Blood":0,"Meat on the Bone":13},{"Blood Vial":5,"Nunchaku":3,"Omamori":2,"Burning Blood":0,"Meat on the Bone":5},{"Blood Vial":18,"Nunchaku":9,"Omamori":7,"Burning Blood":0,"Meat on the Bone":18}],"Burning Blood":25,"Meat on the Bone":12},"card_choices":[{"not_picked":["Pommel Strike","Perfected Strike"],"picked":"Flex","floor":0},{"not_picked":["Fire Breathing","Pommel Strike"],"picked":"Iron Wave","floor":1},{"not_picked":["Shockwave","True Grit"],"picked":"Cleave","floor":2},{"not_picked":["Uppercut","Heavy Blade","Thunderclap"],"picked":"SKIP","floor":7},{"not_picked":["True Grit","Armaments"],"picked":"Dropkick","floor":10},{"not_picked":["Carnage","Body Slam"],"picked":"Ghostly Armor","floor":11},{"not_picked":["Twin Strike","Warcry","Pommel Strike"],"picked":"SKIP","floor":14}],"player_experience":124485,"relics_obtained":[{"floor":5,"key":"Omamori"},{"floor":9,"key":"Nunchaku"},{"floor":11,"key":"Blood Vial"}],"event_choices":[{"damage_healed":0,"gold_gain":0,"player_choice":"1 cards matched","damage_taken":0,"max_hp_gain":0,"max_hp_loss":0,"event_name":"Match and Keep!","floor":3,"gold_loss":0,"cards_obtained":["Hemokinesis"]},{"damage_healed":0,"gold_gain":0,"player_choice":"Gave Potion","damage_taken":0,"relics_obtained":["Meat on the Bone"],"max_hp_gain":0,"max_hp_loss":0,"event_name":"WeMeetAgain","floor":13,"gold_loss":0}],"is_beta":false,"boss_relics":[],"items_purged_floors":[4],"is_endless":false,"potions_floor_spawned":[1],"killed_by":"Slime Boss","ascension_level":0}}