{"host":"voynvaosqxulty6e","time":1607954187,"event":{"mods":["BaseMod","Downfall","Minty Spire (QoL Compilation)","StSLib"],"gold_per_floor":[99,54,54,54,89,89,89,102,102,102,116,566,666,666,679,782,832,832,832,832,848,877,877,948,979,979,1013,1033,1033,228,238,256,356,356,356,371,10,10,25,52,52,77,87,87,38,50,61,77,89,89],"floor_reached":51,"playtime":3172,"items_purged":["Pain"],"score":888,"play_id":"1f4302e9-8cf7-4203-ac6e-7df619205902","local_time":"20201214145627","is_ascension_mode":false,"campfire_choices":[{"data":"Guardian:CurlUp","floor":1,"key":"SMITH"},{"data":"Guardian:WalkerClaw","floor":3,"key":"SMITH"},{"data":"Guardian:FloatingOrbs","floor":9,"key":"SMITH"},{"data":"Guardian:ChargeUp","floor":18,"key":"SMITH"},{"data":"Guardian:EvasiveProtocol","floor":20,"key":"SMITH"},{"data":"Guardian:PiercingHide","floor":23,"key":"SMITH"},{"data":"Guardian:BaubleBeam","floor":26,"key":"SMITH"},{"data":"Guardian:SphericShield","floor":35,"key":"SMITH"},{"data":"1","floor":38,"key":"LIFT"}],"circlet_count":0,"master_deck":["Guardian:Strike_Guardian","Guardian:Strike_Guardian","Guardian:Strike_Guardian","Guardian:Defend_Guardian+1","Guardian:Defend_Guardian","Guardian:Defend_Guardian","Guardian:Defend_Guardian+1","Guardian:CurlUp+1","Guardian:TwinSlam","Guardian:PiercingHide+1","Guardian:WalkerClaw+1","Guardian:FloatingOrbs+1","Guardian:ChargeUp+1","Guardian:Preprogram+1","Guardian:EvasiveProtocol+1","Guardian:BaubleBeam+1","Guardian:SphericShield+1","Guardian:ChargeUp+1","Guardian:RollAttack","Guardian:Planning","Guardian:ConstructionForm","Guardian:TimeSifter","Guardian:Suspension+1","Guardian:EvasiveProtocol+1","Guardian:BronzeOrb","Guardian:ExploitGems","CurseOfTheBell","Guardian:Gem_Red","Guardian:ChargeCore","Guardian:CrystalBeam+1","Guardian:WalkerClaw","Guardian:RollAttack+1","Guardian:ArmoredProtocol+1"],"relics":["Guardian:ModeShifter","downfall:HeartsMalice","Pantograph","Ornamental Fan","Bottled Lightning","Tiny House","Art of War","War Paint","Gremlin Horn","HornCleat","Guardian:SackOfGems","Vajra","Frozen Egg 2","Cauldron","Calling Bell","Pen Nib","Singing Bowl","Du-Vu Doll","Girya","Toy Ornithopter","Ice Cream","Bag of Preparation","Oddly Smooth Stone","Centennial Puzzle"],"acts_visited":["Exordium","TheCity","TheBeyond"],"potions_floor_usage":[13,13,16,22,25,30,32,32,33,33,50],"damage_taken":[{"damage":0,"enemies":"downfall:FleeingMerchant","floor":2,"turns":1},{"damage":0,"enemies":"Gremlin Nob","floor":5,"turns":1},{"damage":0,"enemies":"Small Slimes","floor":6,"turns":1},{"damage":1,"enemies":"Jaw Worm","floor":8,"turns":3},{"damage":0,"enemies":"2 Louse","floor":11,"turns":2},{"damage":0,"enemies":"downfall:Heads","floor":13,"turns":7},{"damage":0,"enemies":"Large Slime","floor":15,"turns":6},{"damage":5,"enemies":"downfall:Silent","floor":16,"turns":10},{"damage":6,"enemies":"Spheric Guardian","floor":21,"turns":4},{"damage":20,"enemies":"Book of Stabbing","floor":22,"turns":6},{"damage":24,"enemies":"Gremlin Leader","floor":25,"turns":7},{"damage":11,"enemies":"Slavers","floor":27,"turns":5},{"damage":7,"enemies":"Cultist and Chosen","floor":28,"turns":6},{"damage":0,"enemies":"downfall:FleeingMerchant","floor":30,"turns":4},{"damage":0,"enemies":"Snake Plant","floor":31,"turns":4},{"damage":0,"enemies":"Sentry and Sphere","floor":32,"turns":5},{"damage":0,"enemies":"downfall:Watcher","floor":33,"turns":8},{"damage":2,"enemies":"3 Shapes","floor":36,"turns":4},{"damage":0,"enemies":"downfall:FleeingMerchant","floor":37,"turns":4},{"damage":2,"enemies":"3 Darklings","floor":39,"turns":5},{"damage":0,"enemies":"Reptomancer","floor":40,"turns":6},{"damage":13,"enemies":"Nemesis","floor":42,"turns":7},{"damage":0,"enemies":"Transient","floor":43,"turns":5},{"damage":0,"enemies":"downfall:FleeingMerchant","floor":45,"turns":4},{"damage":14,"enemies":"Maw","floor":46,"turns":6},{"damage":14,"enemies":"4 Shapes","floor":47,"turns":3},{"damage":0,"enemies":"Transient","floor":48,"turns":5},{"damage":0,"enemies":"Jaw Worm Horde","floor":49,"turns":3},{"damage":10,"enemies":"downfall:Ironclad","floor":50,"turns":9}],"seed_played":"-2805248838534334312","potions_obtained":[{"floor":8,"key":"ColorlessPotion"},{"floor":11,"key":"BlessingOfTheForge"},{"floor":15,"key":"LiquidMemories"},{"floor":17,"key":"Regen Potion"},{"floor":22,"key":"DistilledChaos"},{"floor":27,"key":"FearPotion"},{"floor":30,"key":"DistilledChaos"},{"floor":30,"key":"Regen Potion"},{"floor":30,"key":"ColorlessPotion"},{"floor":32,"key":"BlessingOfTheForge"},{"floor":46,"key":"PowerPotion"},{"floor":47,"key":"SteroidPotion"},{"floor":48,"key":"Explosive Potion"}],"is_trial":false,"path_per_floor":["R","$","R","?","E","M","T","M","R","?","M","?","?","T","M","B",null,"R","?","R","M","E","R","T","E","R","E","M","?","$","M","M","B",null,"R","M","$","R","M","E","T","E","M","?","$","M","M","M","M","B",null],"character_chosen":"GUARDIAN","items_purchased":["Guardian:WalkerClaw","Vajra","Frozen Egg 2","Guardian:EvasiveProtocol+1","Cauldron","Guardian:BronzeOrb","Girya","Guardian:ChargeCore","Oddly Smooth Stone","Guardian:ArmoredProtocol+1","Centennial Puzzle"],"campfire_rested":0,"item_purchase_floors":[2,30,30,30,30,30,37,37,45,45,45],"current_hp_per_floor":[80,80,80,80,80,80,80,79,79,76,76,76,76,76,76,75,85,85,85,85,79,74,74,74,50,50,39,32,32,32,32,44,69,85,85,85,85,85,83,85,85,72,72,89,91,79,67,69,71,89],"gold":89,"neow_bonus":"THREE_ENEMY_KILL","is_daily":false,"chose_seed":false,"campfire_upgraded":8,"win_rate":0.0,"timestamp":1607954187,"path_taken":["R","$","R","?","E","M","T","M","R","?","M","?","?","?","M","BOSS","R","?","R","?","E","R","T","E","R","E","M","?","$","M","M","BOSS","R","M","?","R","M","E","T","E","M","?","$","M","?","M","M","BOSS"],"items_purchased_type":["Card","Relic","Relic","Card","Relic","Card","Relic","Card","Relic","Card","Relic"],"build_version":"2020-12-13","purchased_purges":1,"victory":true,"max_hp_per_floor":[80,80,80,80,80,80,80,80,80,80,80,80,80,80,80,80,85,85,85,85,85,85,85,85,85,85,85,85,85,85,85,85,85,85,85,87,87,87,87,89,89,89,89,89,91,93,95,97,99,99],"card_choices":[{"not_picked":["Guardian:CrystalBeam","Guardian:TemporalShield"],"picked":"Guardian:PiercingHide","floor":2},{"not_picked":["Guardian:PrimingBeam","Guardian:TemporalStrike"],"picked":"Guardian:FloatingOrbs","floor":5},{"not_picked":["Guardian:WalkerClaw","Guardian:ShieldSpikes"],"picked":"Guardian:Gem_Red","floor":6},{"not_picked":["Guardian:Repulse","Guardian:Gem_Lightblue"],"picked":"Guardian:Gem_Orange","floor":8},{"not_picked":["Guardian:Gem_Cyan","Guardian:PiercingHide"],"picked":"Guardian:ChargeUp","floor":11},{"not_picked":["Guardian:Gem_Fragmented","Guardian:Gem_Green"],"picked":"Guardian:EvasiveProtocol","floor":13},{"not_picked":["Guardian:PiercingHide","Guardian:PrimingBeam"],"picked":"Guardian:BaubleBeam","floor":15},{"not_picked":["Guardian:Gem_Synthetic","Guardian:AncientConstruct"],"picked":"Guardian:SphericShield","floor":16},{"not_picked":["Guardian:BronzeOrb","Guardian:Planning"],"picked":"Guardian:ChargeUp","floor":17},{"not_picked":["Guardian:PolyBeam","Guardian:TemporalStrike+1"],"picked":"Guardian:RollAttack","floor":21},{"not_picked":["Guardian:PrismaticBarrier","Guardian:TimeCapacitor+1"],"picked":"Guardian:Gem_Purple","floor":22},{"not_picked":["Guardian:Emergency+1","Guardian:Gem_Purple"],"picked":"Guardian:Gem_Synthetic","floor":25},{"not_picked":["Guardian:Gem_Green","Guardian:CrystalBeam"],"picked":"Guardian:Planning","floor":27},{"not_picked":["Guardian:CrystalBeam","Guardian:Planning+1"],"picked":"Guardian:ConstructionForm","floor":28},{"not_picked":["Guardian:VentSteam","Guardian:WalkerClaw"],"picked":"Guardian:Suspension+1","floor":30},{"not_picked":["Guardian:Repulse+1","Guardian:Preprogram+1","Guardian:Gem_Green"],"picked":"SKIP","floor":31},{"not_picked":["Guardian:Incinerate","Guardian:Planning","Guardian:Gem_Green"],"picked":"SKIP","floor":32},{"not_picked":["Guardian:AncientConstruct+1","Guardian:SphericShield"],"picked":"Guardian:ExploitGems","floor":33},{"not_picked":["Guardian:ChargeUp","Guardian:RefractedBeam","Guardian:PrismaticBeam+1"],"picked":"Singing Bowl","floor":36},{"not_picked":["Guardian:Gem_Green","Guardian:WalkerClaw"],"picked":"Guardian:Gem_Red","floor":37},{"not_picked":["Guardian:ShieldCharger","Guardian:RollAttack"],"picked":"Guardian:CrystalBeam+1","floor":39},{"not_picked":["Guardian:WalkerClaw+1","Guardian:Repulse+1","Guardian:Gem_Cyan"],"picked":"Singing Bowl","floor":40},{"not_picked":["Guardian:TimeSifter+1","Guardian:Suspension"],"picked":"Guardian:WalkerClaw","floor":42},{"not_picked":["Guardian:BronzeArmor","Guardian:Repulse+1"],"picked":"Guardian:RollAttack+1","floor":43},{"not_picked":["Guardian:Recover+1","Guardian:TemporalShield","Guardian:Reroute"],"picked":"Singing Bowl","floor":45},{"not_picked":["Guardian:Preprogram","Guardian:Gem_Green","Guardian:TemporalShield+1"],"picked":"Singing Bowl","floor":46},{"not_picked":["Guardian:TemporalShield+1","Guardian:Incinerate","Guardian:PrismaticBarrier"],"picked":"Singing Bowl","floor":47},{"not_picked":["Guardian:Gem_Red","Guardian:ShieldSpikes+1","Guardian:Incinerate+1"],"picked":"Singing Bowl","floor":48},{"not_picked":["Guardian:Gem_Lightblue","Guardian:Planning","Guardian:Suspension"],"picked":"Singing Bowl","floor":49}],"player_experience":197712,"relics_obtained":[{"floor":5,"key":"Omamori"},{"floor":7,"key":"Pantograph"},{"floor":14,"key":"Bottled Lightning"},{"floor":22,"key":"War Paint"},{"floor":24,"key":"Gremlin Horn"},{"floor":25,"key":"HornCleat"},{"floor":27,"key":"Guardian:SackOfGems"},{"floor":34,"key":"Pen Nib"},{"floor":34,"key":"Singing Bowl"},{"floor":34,"key":"Du-Vu Doll"},{"floor":40,"key":"Toy Ornithopter"},{"floor":41,"key":"Ice Cream"},{"floor":42,"key":"Bag of Preparation"}],"event_choices":[{"damage_healed":0,"gold_gain":0,"player_choice":"Success","damage_taken":3,"relics_obtained":["Ornamental Fan"],"max_hp_gain":0,"max_hp_loss":0,"event_name":"Scrap Ooze","floor":10,"gold_loss":0},{"damage_healed":17,"gold_gain":0,"player_choice":"Full Heal","damage_taken":0,"max_hp_gain":0,"max_hp_loss":0,"event_name":"Wheel of Change","floor":44,"gold_loss":0}],"is_beta":false,"boss_relics":[{"not_picked":["Snecko Eye","Cursed Key"],"picked":"Tiny House"},{"not_picked":["Pandora\u0027s Box","SacredBark"],"picked":"Calling Bell"}],"items_purged_floors":[30],"is_endless":false,"potions_floor_spawned":[8,11,15,22,27,31,32,46,47,48,49],"ascension_level":0}}