{"host":"p245q48pmopyklqs","time":1607939931,"event":{"mods":["AchievementEnabler","BaseMod","DeckTracker","Minty Spire (QoL Compilation)","Relic Stats","StSLib","SuperFastMode"],"gold_per_floor":[18,32,45,57,72,72,106,106,106,122,122,157,157,170,170,259,259,282,282,301,19,36,36,36],"floor_reached":23,"playtime":594,"items_purged":[],"score":410,"play_id":"ea5e690a-9737-4934-9d07-2b816df74e7d","local_time":"20201214185851","is_ascension_mode":true,"campfire_choices":[{"data":"Wild Strike","floor":6.0,"key":"SMITH"},{"data":"Sword Boomerang","floor":8.0,"key":"SMITH"},{"data":"Master of Strategy","floor":11.0,"key":"SMITH"},{"data":"Pommel Strike","floor":15.0,"key":"SMITH"}],"circlet_count":0,"master_deck":["AscendersBane","Strike_R","Strike_R","Strike_R","Strike_R","Strike_R","Defend_R","Defend_R","Defend_R","Defend_R","Bash","Master of Strategy+1","Wild Strike+1","Sword Boomerang+1","Pommel Strike","Anger","Impervious","Pommel Strike+1","Feed","Ghostly Armor","Offering","True Grit+1"],"relics":["Burning Blood","Potion Belt","StrikeDummy","Anchor","Mark of Pain","Nloth\u0027s Gift","Toxic Egg 2"],"acts_visited":["Exordium","TheCity"],"potions_floor_usage":[23],"damage_taken":[{"damage":7.0,"enemies":"Small Slimes","floor":1.0,"turns":3.0},{"damage":1.0,"enemies":"Cultist","floor":2.0,"turns":4.0},{"damage":11.0,"enemies":"Jaw Worm","floor":3.0,"turns":5.0},{"damage":21.0,"enemies":"Exordium Thugs","floor":4.0,"turns":4.0},{"damage":7.0,"enemies":"3 Louse","floor":5.0,"turns":3.0},{"damage":32.0,"enemies":"Gremlin Nob","floor":7.0,"turns":4.0},{"damage":1.0,"enemies":"Looter","floor":10.0,"turns":3.0},{"damage":20.0,"enemies":"3 Sentries","floor":12.0,"turns":7.0},{"damage":0.0,"enemies":"2 Fungi Beasts","floor":14.0,"turns":3.0},{"damage":28.0,"enemies":"Hexaghost","floor":16.0,"turns":8.0},{"damage":6.0,"enemies":"2 Thieves","floor":18.0,"turns":2.0},{"damage":12.0,"enemies":"Chosen","floor":20.0,"turns":3.0},{"damage":23,"enemies":"Sentry and Sphere","floor":22,"turns":6},{"damage":42,"enemies":"Book of Stabbing","floor":23,"turns":4}],"seed_played":"-223090683868666972","potions_obtained":[{"floor":5.0,"key":"Dexterity Potion"},{"floor":7.0,"key":"Regen Potion"},{"floor":10.0,"key":"EssenceOfSteel"},{"floor":12.0,"key":"Energy Potion"},{"floor":22,"key":"SkillPotion"}],"is_trial":false,"path_per_floor":["M","M","M","M","M","R","E","R","T","M","R","E","?","M","R","B",null,"M","?","M","$","M","E"],"character_chosen":"IRONCLAD","items_purchased":["Toxic Egg 2"],"campfire_rested":0,"item_purchase_floors":[21],"current_hp_per_floor":[67,72,67,52,51,51,25,25,25,30,30,31,31,37,37,15,55,58,58,52,52,38,0,0],"gold":36,"neow_bonus":"RANDOM_COLORLESS_2","is_daily":false,"chose_seed":false,"campfire_upgraded":4,"win_rate":0.0,"timestamp":1607939931,"path_taken":["M","M","M","M","M","R","E","R","T","M","R","E","?","M","R","BOSS","M","?","M","$","M","E"],"items_purchased_type":["Relic"],"build_version":"2020-12-13","purchased_purges":0,"victory":false,"max_hp_per_floor":[75,75,75,75,75,75,75,75,75,75,75,75,68,68,68,68,68,71,71,71,71,74,74,74],"relic_stats":{"counters":[14,59],"Nloth\u0027s Gift":0,"obtain_stats":[{"Potion Belt":7,"Anchor":12,"Golden Idol":13,"Mark of Pain":17,"Nloth\u0027s Gift":19,"Toxic Egg 2":21,"StrikeDummy":9,"Burning Blood":0},{"Potion Belt":6,"Anchor":8,"Golden Idol":8,"Mark of Pain":10,"Nloth\u0027s Gift":11,"Toxic Egg 2":12,"StrikeDummy":6,"Burning Blood":0},{"Potion Belt":23,"Anchor":33,"Golden Idol":33,"Mark of Pain":44,"Nloth\u0027s Gift":46,"Toxic Egg 2":49,"StrikeDummy":23,"Burning Blood":0}],"Burning Blood":78},"card_choices":[{"not_picked":["Metamorphosis","Sadistic Nature"],"picked":"Master of Strategy","floor":0.0},{"not_picked":["Havoc","Flex"],"picked":"Wild Strike","floor":1.0},{"not_picked":["Clash","Body Slam"],"picked":"Sword Boomerang","floor":2.0},{"not_picked":["Cleave","Flex"],"picked":"Pommel Strike","floor":3.0},{"not_picked":["Cleave","Rage","Anger"],"picked":"SKIP","floor":4.0},{"not_picked":["Cleave","Rage"],"picked":"Anger","floor":4.0},{"not_picked":["Warcry","True Grit"],"picked":"Impervious","floor":5.0},{"not_picked":["Heavy Blade","Wild Strike"],"picked":"Pommel Strike","floor":7.0},{"not_picked":["Combust","Cleave","Clothesline"],"picked":"SKIP","floor":10.0},{"not_picked":["Evolve","Bloodletting"],"picked":"Feed","floor":12.0},{"not_picked":["Reckless Charge","Sentinel"],"picked":"Ghostly Armor","floor":14.0},{"not_picked":["Juggernaut","Barricade"],"picked":"Offering","floor":16.0},{"not_picked":["True Grit","Wild Strike","Twin Strike"],"picked":"SKIP","floor":18.0},{"not_picked":["Dual Wield","Havoc","Flex"],"picked":"SKIP","floor":20},{"not_picked":["Combust","Pommel Strike"],"picked":"True Grit+1","floor":22}],"player_experience":2260839,"relics_obtained":[{"floor":7.0,"key":"Potion Belt"},{"floor":9.0,"key":"StrikeDummy"},{"floor":12.0,"key":"Anchor"}],"event_choices":[{"damage_healed":0.0,"max_hp_gain":0.0,"max_hp_loss":7.0,"gold_gain":0.0,"event_name":"Golden Idol","player_choice":"Lose Max HP","floor":13.0,"gold_loss":0.0,"damage_taken":0.0,"relics_obtained":["Golden Idol"]},{"damage_healed":0.0,"max_hp_gain":0.0,"max_hp_loss":0.0,"gold_gain":0.0,"event_name":"N\u0027loth","player_choice":"Traded Relic","floor":19.0,"relics_lost":["Golden Idol"],"gold_loss":0.0,"damage_taken":0.0,"relics_obtained":["Nloth\u0027s Gift"]}],"is_beta":false,"boss_relics":[{"not_picked":["Ectoplasm","Velvet Choker"],"picked":"Mark of Pain"}],"items_purged_floors":[],"is_endless":false,"potions_floor_spawned":[5,7,10,12,22],"killed_by":"Book of Stabbing","ascension_level":20}}