{"host":"sav7uxregyirlf69","time":1607960249,"event":{"mods":["AchievementEnabler","BaseMod","Colored Map","DeckTracker","Keyboard Shortcuts","Minty Spire (QoL Compilation)","READ ME - Guardian Mod","StSLib","SuperFastMode"],"gold_per_floor":[115,125,36,46,46,46,3,3,26,26,58,68,82,99,99,171,171,183,183,11,31,31,31],"floor_reached":22,"playtime":397,"items_purged":[],"score":422,"play_id":"1967a7c4-dbec-4f94-a7c9-2a47fad48a70","local_time":"20201215003729","is_ascension_mode":true,"campfire_choices":[{"data":"Bouncing Flask","floor":6,"key":"SMITH"},{"data":"Catalyst","floor":10,"key":"SMITH"},{"data":"Neutralize","floor":15,"key":"SMITH"}],"circlet_count":0,"master_deck":["AscendersBane","Strike_G","Strike_G","Strike_G","Strike_G","Defend_G","Defend_G","Defend_G","Defend_G","Survivor","Neutralize+1","Bouncing Flask+1","Flechettes","Deflect","Escape Plan","Tactician","Backflip","Catalyst+1","Catalyst+1","Acrobatics+1","Deadly Poison+1","Malaise+1"],"relics":["Ring of the Snake","Bag of Marbles","PreservedInsect","Toxic Egg 2","HoveringKite","Membership Card"],"acts_visited":["Exordium","TheCity"],"potions_floor_usage":[14],"damage_taken":[{"damage":1,"enemies":"Cultist","floor":1,"turns":4},{"damage":0,"enemies":"2 Louse","floor":2,"turns":2},{"damage":4,"enemies":"Small Slimes","floor":4,"turns":3},{"damage":5,"enemies":"3 Sentries","floor":11,"turns":6},{"damage":1,"enemies":"Red Slaver","floor":12,"turns":2},{"damage":9,"enemies":"Exordium Wildlife","floor":13,"turns":5},{"damage":5,"enemies":"Lots of Slimes","floor":14,"turns":4},{"damage":9,"enemies":"Hexaghost","floor":16,"turns":4},{"damage":14,"enemies":"Shell Parasite","floor":18,"turns":2},{"damage":28,"enemies":"3 Byrds","floor":21,"turns":6},{"damage":19,"enemies":"Cultist and Chosen","floor":22,"turns":3}],"seed_played":"-7790177508784426479","potions_obtained":[{"floor":4,"key":"Swift Potion"},{"floor":11,"key":"EssenceOfSteel"},{"floor":12,"key":"DuplicationPotion"}],"is_trial":false,"path_per_floor":["M","M","$","M","?","R","$","?","T","R","E","M","M","M","R","B",null,"M","?","$","M","M"],"character_chosen":"THE_SILENT","items_purchased":["Tactician","Catalyst","Membership Card"],"campfire_rested":0,"item_purchase_floors":[3,7,20],"current_hp_per_floor":[43,43,43,39,34,34,34,34,34,34,29,28,19,14,14,5,51,37,37,37,9,0,0],"gold":31,"neow_bonus":"TRANSFORM_TWO_CARDS","is_daily":false,"chose_seed":false,"campfire_upgraded":3,"win_rate":0.0,"timestamp":1607960249,"path_taken":["M","M","$","?","?","R","$","?","T","R","E","?","M","M","R","BOSS","M","?","$","M","?"],"items_purchased_type":["Card","Card","Relic"],"build_version":"2020-12-13","purchased_purges":0,"victory":false,"max_hp_per_floor":[66,66,66,66,66,66,66,66,66,66,66,66,66,66,66,66,66,66,66,66,66,66,66],"card_choices":[{"not_picked":["Underhanded Strike","Bane"],"picked":"Deflect","floor":1},{"not_picked":["Endless Agony","Setup"],"picked":"Escape Plan","floor":2},{"not_picked":["Deadly Poison","Cloak And Dagger"],"picked":"Backflip","floor":4},{"not_picked":["PiercingWail+1","Bane"],"picked":"Catalyst+1","floor":11},{"not_picked":["Prepared+1","Poisoned Stab"],"picked":"Acrobatics+1","floor":12},{"not_picked":["Dagger Spray","Masterful Stab","Glass Knife"],"picked":"SKIP","floor":13},{"not_picked":["Outmaneuver+1","Underhanded Strike"],"picked":"Deadly Poison+1","floor":14},{"not_picked":["Wraith Form v2","Glass Knife"],"picked":"Malaise+1","floor":16},{"not_picked":["Riddle With Holes","Concentrate+1","Outmaneuver+1"],"picked":"SKIP","floor":18},{"not_picked":["Terror+1","Outmaneuver+1","Poisoned Stab"],"picked":"SKIP","floor":21}],"player_experience":909254,"relics_obtained":[{"floor":9,"key":"PreservedInsect"},{"floor":11,"key":"Toxic Egg 2"}],"event_choices":[{"damage_healed":0,"gold_gain":0,"player_choice":"Success","damage_taken":5,"relics_obtained":["Bag of Marbles"],"max_hp_gain":0,"max_hp_loss":0,"event_name":"Scrap Ooze","floor":5,"gold_loss":0},{"damage_healed":0,"gold_gain":0,"player_choice":"Cursed","damage_taken":0,"max_hp_gain":0,"max_hp_loss":0,"event_name":"Wheel of Change","floor":8,"gold_loss":0,"cards_obtained":["Decay"]},{"cards_removed":["Decay"],"damage_healed":0,"gold_gain":0,"player_choice":"Purged","damage_taken":0,"max_hp_gain":0,"max_hp_loss":0,"event_name":"Purifier","floor":19,"gold_loss":0}],"is_beta":false,"boss_relics":[{"not_picked":["Runic Dome","SlaversCollar"],"picked":"HoveringKite"}],"items_purged_floors":[],"is_endless":false,"potions_floor_spawned":[4,11,12,13],"killed_by":"Cultist and Chosen","ascension_level":20}}