{"host":"yb8bkkdvr1qiclnk","time":1607974529,"event":{"mods":["BaseMod","Colored Map","Colored Powertips","DeckTracker","Faster Ascension Climbing","Highlight Path","Minty Spire (QoL Compilation)","Quick Restart","Relic Stats","UnlockEverythingMod"],"gold_per_floor":[112,126,201,44,44,78,78,105,105,105,121,137,137,152,152,227,227,246,263,263,280,291,291,291,291],"floor_reached":24,"playtime":1916,"items_purged":[],"score":416,"play_id":"0cf4d304-7f11-46f4-a142-199eecda01cf","local_time":"20201214143529","is_ascension_mode":true,"campfire_choices":[{"data":"Consecrate","floor":7.0,"key":"SMITH"},{"floor":10.0,"key":"REST"},{"data":"ClearTheMind","floor":15.0,"key":"SMITH"},{"floor":23,"key":"REST"}],"circlet_count":0,"master_deck":["AscendersBane","Defend_P","Defend_P","Eruption","Vigilance","Scrawl+1","Collect+1","Scrawl+1","FlyingSleeves","FlyingSleeves","EmptyFist","Crescendo","ClearTheMind+1","Consecrate+1","FlurryOfBlows","Vault","Halt","Wireheading","Alpha","Evaluate","EmptyFist+1","TalkToTheHand","SpiritShield"],"relics":["Astrolabe","Du-Vu Doll","Thread and Needle","Empty Cage","Unceasing Top"],"acts_visited":["Exordium","TheCity"],"potions_floor_usage":[21,24],"damage_taken":[{"damage":0.0,"enemies":"Cultist","floor":1.0,"turns":4.0},{"damage":7.0,"enemies":"Jaw Worm","floor":2.0,"turns":2.0},{"damage":11.0,"enemies":"Gremlin Nob","floor":6.0,"turns":3.0},{"damage":12.0,"enemies":"3 Sentries","floor":8.0,"turns":2.0},{"damage":1.0,"enemies":"Small Slimes","floor":11.0,"turns":2.0},{"damage":0.0,"enemies":"Red Slaver","floor":12.0,"turns":3.0},{"damage":0.0,"enemies":"2 Fungi Beasts","floor":14.0,"turns":1.0},{"damage":49.0,"enemies":"The Guardian","floor":16.0,"turns":9.0},{"damage":28,"enemies":"Shell Parasite","floor":18,"turns":3},{"damage":2,"enemies":"2 Thieves","floor":19,"turns":3},{"damage":24,"enemies":"Snecko","floor":21,"turns":4},{"damage":0,"enemies":"Centurion and Healer","floor":22,"turns":3},{"damage":23,"enemies":"Gremlin Leader","floor":24,"turns":5}],"seed_played":"-3507275785497713458","potions_obtained":[{"floor":6.0,"key":"Weak Potion"},{"floor":8.0,"key":"LiquidMemories"},{"floor":14.0,"key":"FairyPotion"},{"floor":16.0,"key":"PowerPotion"},{"floor":19,"key":"Energy Potion"},{"floor":22,"key":"Strength Potion"}],"is_trial":false,"path_per_floor":["M","M","?","$","?","E","R","E","T","R","M","M","?","M","R","B",null,"M","M","T","M","M","R","E"],"character_chosen":"WATCHER","items_purchased":["EssenceOfSteel","EmptyFist","Crescendo"],"campfire_rested":2,"item_purchase_floors":[4,4,4],"current_hp_per_floor":[61,54,43,43,43,32,32,20,20,40,39,39,39,39,39,20,56,28,26,26,2,2,22,0,0],"gold":291,"neow_bonus":"BOSS_RELIC","is_daily":false,"chose_seed":false,"campfire_upgraded":2,"win_rate":0.0,"timestamp":1607974529,"path_taken":["M","M","?","$","?","E","R","E","T","R","M","?","?","M","R","BOSS","M","?","?","M","?","R","E"],"items_purchased_type":["Potion","Card","Card"],"build_version":"2020-12-13","purchased_purges":0,"victory":false,"max_hp_per_floor":[68,68,68,68,68,68,68,68,68,68,68,68,68,68,68,68,68,68,68,68,68,68,68,68,68],"relic_stats":{"counters":[13,44],"Astrolabe":["Scrawl","Collect","Scrawl"],"obtain_stats":[{"Du-Vu Doll":6,"Astrolabe":0,"Thread and Needle":8,"PureWater":0,"Empty Cage":17,"Unceasing Top":20},{"Du-Vu Doll":3,"Astrolabe":0,"Thread and Needle":4,"PureWater":0,"Empty Cage":8,"Unceasing Top":10},{"Du-Vu Doll":9,"Astrolabe":0,"Thread and Needle":11,"PureWater":0,"Empty Cage":26,"Unceasing Top":32}],"Unceasing Top":[2]},"card_choices":[{"not_picked":["Halt","FollowUp"],"picked":"FlyingSleeves","floor":1.0},{"not_picked":["CutThroughFate","Collect"],"picked":"FlyingSleeves","floor":2.0},{"not_picked":["DevaForm","Sanctity"],"picked":"Consecrate","floor":6.0},{"not_picked":["LikeWater","FollowUp"],"picked":"FlurryOfBlows","floor":8.0},{"not_picked":["CrushJoints","PathToVictory"],"picked":"Vault","floor":11.0},{"not_picked":["PathToVictory","CrushJoints"],"picked":"Halt","floor":12.0},{"not_picked":["Sanctity","ForeignInfluence"],"picked":"Wireheading","floor":14.0},{"not_picked":["SpiritShield","DeusExMachina"],"picked":"Alpha","floor":16.0},{"not_picked":["JustLucky","Prostrate"],"picked":"Evaluate","floor":18},{"not_picked":["Collect","Halt"],"picked":"EmptyFist+1","floor":19},{"not_picked":["Study","CutThroughFate"],"picked":"TalkToTheHand","floor":21},{"not_picked":["Swivel","SashWhip"],"picked":"SpiritShield","floor":22}],"player_experience":15960,"relics_obtained":[{"floor":6.0,"key":"Du-Vu Doll"},{"floor":8.0,"key":"Thread and Needle"},{"floor":20,"key":"Unceasing Top"}],"event_choices":[{"damage_healed":0.0,"max_hp_gain":0.0,"max_hp_loss":0.0,"gold_gain":75.0,"event_name":"World of Goop","player_choice":"Gather Gold","floor":3.0,"gold_loss":0.0,"damage_taken":11.0},{"damage_healed":0.0,"max_hp_gain":0.0,"max_hp_loss":0.0,"gold_gain":0.0,"cards_transformed":["Defend_P"],"event_name":"Transmorgrifier","player_choice":"Transformed","floor":5.0,"gold_loss":0.0,"damage_taken":0.0,"cards_obtained":["ClearTheMind"]},{"damage_healed":0.0,"max_hp_gain":0.0,"max_hp_loss":0.0,"gold_gain":0.0,"event_name":"Lab","player_choice":"Got Potions","floor":13.0,"gold_loss":0.0,"damage_taken":0.0}],"is_beta":false,"boss_relics":[{"not_picked":["Busted Crown","Tiny House"],"picked":"Empty Cage"}],"items_purged_floors":[],"is_endless":false,"potions_floor_spawned":[6,8,14,16,19,22],"killed_by":"Gremlin Leader","ascension_level":20}}