{"host":"pqs17sqrgflf4eqa","time":1607966601,"event":{"mods":["AchievementEnabler","BaseMod","Bestiary","Better Altar","Colored Map","Colored Powertips","Emptier Cage","Googly Eyes","Highlight Path","Minty Spire (QoL Compilation)","Quick Restart","StSLib","SuperFastMode","Transform Curses","slay the spire mod where everything is the same but ironclad has a cowboy hat"],"gold_per_floor":[109,109,119,130,130,130,157,157,226,10,10,10],"floor_reached":11,"playtime":167,"items_purged":[],"score":85,"play_id":"a130dbca-5098-4aa5-ba73-a639f0211ba8","local_time":"20201214122321","is_ascension_mode":true,"campfire_choices":[{"data":"Zap","floor":6,"key":"SMITH"},{"data":"Loop","floor":8,"key":"SMITH"}],"circlet_count":0,"master_deck":["Strike_B","Strike_B","Strike_B","Strike_B","Defend_B","Defend_B","Defend_B","Zap+1","Dualcast","Sweeping Beam","Steam","Stack","Loop+1","Capacitor+1","Genetic Algorithm","Defragment+1","Undo","Redo"],"relics":["Cracked Core","NeowsBlessing","Bag of Marbles","Frozen Egg 2","Orrery"],"acts_visited":["Exordium"],"potions_floor_usage":[],"damage_taken":[{"damage":0,"enemies":"Small Slimes","floor":1,"turns":1},{"damage":0,"enemies":"Cultist","floor":3,"turns":1},{"damage":0,"enemies":"Jaw Worm","floor":4,"turns":1},{"damage":41,"enemies":"Lagavulin","floor":7,"turns":6},{"damage":34,"enemies":"Gremlin Nob","floor":11,"turns":3}],"seed_played":"5102805851700588686","potions_obtained":[{"floor":3,"key":"Regen Potion"}],"is_trial":false,"path_per_floor":["M","?","M","M","?","R","E","R","T","$","E"],"character_chosen":"DEFECT","items_purchased":["Capacitor+1","Orrery"],"campfire_rested":0,"item_purchase_floors":[10,10],"current_hp_per_floor":[75,75,75,75,75,75,34,34,34,34,0,0],"gold":10,"neow_bonus":"THREE_ENEMY_KILL","is_daily":false,"chose_seed":false,"campfire_upgraded":2,"win_rate":0.0,"timestamp":1607966601,"path_taken":["M","?","M","?","?","R","E","R","T","$","E"],"items_purchased_type":["Card","Relic"],"build_version":"2020-12-13","purchased_purges":0,"victory":false,"max_hp_per_floor":[75,75,75,75,75,75,75,75,75,75,75,75],"card_choices":[{"not_picked":["Conserve Battery","Ball Lightning"],"picked":"Sweeping Beam","floor":1},{"not_picked":["Chill","Turbo"],"picked":"Steam","floor":3},{"not_picked":["Double Energy","Turbo"],"picked":"Stack","floor":4},{"not_picked":["Meteor Strike","Rip and Tear"],"picked":"Loop","floor":7},{"not_picked":["Reprogram","Auto Shields"],"picked":"Genetic Algorithm","floor":10},{"not_picked":["Redo","Coolheaded"],"picked":"Defragment+1","floor":10},{"not_picked":["Blizzard","Gash"],"picked":"Undo","floor":10},{"not_picked":["Sweeping Beam","Fission"],"picked":"Redo","floor":10}],"player_experience":134883,"relics_obtained":[{"floor":7,"key":"Bag of Marbles"},{"floor":9,"key":"Frozen Egg 2"}],"event_choices":[{"cards_removed":["Defend_B"],"damage_healed":0,"gold_gain":0,"player_choice":"Card Removal","damage_taken":0,"max_hp_gain":0,"max_hp_loss":0,"event_name":"Wheel of Change","floor":2,"gold_loss":0},{"damage_healed":0,"gold_gain":0,"player_choice":"Ignored","damage_taken":0,"max_hp_gain":0,"max_hp_loss":0,"event_name":"Golden Wing","floor":5,"gold_loss":0}],"is_beta":false,"boss_relics":[],"items_purged_floors":[],"is_endless":false,"potions_floor_spawned":[3],"killed_by":"Gremlin Nob","ascension_level":4}}