{"host":"5ltnt8ke80ae4k0i","time":1607925857,"event":{"mods":["Act Like it!","BaseMod","Challenge The Spire","Downfall","Gensokyo","Luminous","Minty Spire (QoL Compilation)","Quick Restart","READ ME - Guardian Mod","Relic Stats","Remilia（蕾米莉亚）","Replay The Spire","RumiaBox-露米娅的神秘盒子","Spicy Shops","StSLib","Waifu the Spire","vexMod","【功能Mod】混沌之环修复补丁","【功能Mod】聪明的最终Boss"],"gold_per_floor":[116,129,129,145,145,145,145],"floor_reached":6,"playtime":214,"items_purged":[],"score":40,"play_id":"3c63b0b1-11eb-4109-8060-646bf8a3b58c","local_time":"20201214140417","is_ascension_mode":true,"campfire_choices":[],"circlet_count":0,"master_deck":["Strike_G","Strike_G","Strike_G","Strike_G+1","Strike_G","Defend_G","Defend_G","Defend_G","Defend_G","Defend_G","Survivor","Neutralize","Draining Mist","Bane","Poisoned Stab","Looming Evil"],"relics":["Ring of the Snake","NeowsBlessing","AddBug","SecretRecord"],"acts_visited":["Exordium"],"potions_floor_usage":[],"damage_taken":[{"damage":0,"enemies":"Small Slimes","floor":1,"turns":1},{"damage":0,"enemies":"2 Louse","floor":2,"turns":1},{"damage":0,"enemies":"Cultist","floor":4,"turns":1},{"damage":0,"enemies":"3 Sentries","floor":6,"turns":1}],"seed_played":"8880648033349776245","potions_obtained":[{"floor":4,"key":"SmokeBomb"}],"is_trial":false,"path_per_floor":["M","M","?","M","?","E"],"character_chosen":"THE_SILENT","items_purchased":[],"campfire_rested":0,"item_purchase_floors":[],"current_hp_per_floor":[70,70,70,70,70,70,70],"gold":145,"neow_bonus":"THREE_ENEMY_KILL","is_daily":false,"chose_seed":false,"campfire_upgraded":0,"win_rate":0.0,"timestamp":1607925857,"path_taken":["M","M","?","M","?","E"],"items_purchased_type":[],"build_version":"2020-12-13","purchased_purges":0,"victory":false,"max_hp_per_floor":[70,70,70,70,70,70,70],"relic_stats":{"counters":[4,4],"obtain_stats":[{"NeowsBlessing":0,"AddBug":1,"SecretRecord":1,"Ring of the Snake":0},{"NeowsBlessing":0,"AddBug":1,"SecretRecord":1,"Ring of the Snake":0},{"NeowsBlessing":0,"AddBug":1,"SecretRecord":1,"Ring of the Snake":0}],"Ring of the Snake":[8]},"card_choices":[{"not_picked":["Slice","Distraction"],"picked":"Draining Mist","floor":1},{"not_picked":["Slice","Replay:Poison Smokescreen"],"picked":"Bane","floor":2},{"not_picked":["Backflip","Deflect"],"picked":"Poisoned Stab","floor":4}],"player_experience":223608,"relics_obtained":[{"floor":1,"key":"AddBug"},{"floor":5,"key":"ReplayTheSpireMod:Ring of Collecting"},{"floor":5,"key":"Ring of Fury"}],"event_choices":[],"is_beta":false,"boss_relics":[],"items_purged_floors":[],"is_endless":false,"potions_floor_spawned":[4],"killed_by":"3 Sentries","ascension_level":2}}