{"host":"p6y17sixyu8q9v1f","time":1607969966,"event":{"mods":["BaseMod","Colored Map","Minty Spire (QoL Compilation)"],"gold_per_floor":[116,4,17,17,30,30,49,75,75,25,25,41,56,77,77,200,200,216,431,102,123,123,158,158,33,33,33,49,49,74,95,95,223,223,238,148,164,179,30,43,68,68,68],"floor_reached":42,"playtime":2807,"items_purged":["Strike_B","Strike_B","Defend_B"],"score":509,"play_id":"c9f8362a-f4f8-4224-b175-f172a1a521b6","local_time":"20201214121926","is_ascension_mode":true,"campfire_choices":[{"data":"Streamline","floor":6.0,"key":"SMITH"},{"floor":15.0,"key":"REST"},{"data":"Mayhem","floor":24.0,"key":"SMITH"},{"data":"Dualcast","floor":29.0,"key":"SMITH"},{"data":"Consume","floor":32.0,"key":"SMITH"}],"circlet_count":0,"master_deck":["Defend_B","Defend_B+1","Zap+1","Dualcast+1","Cold Snap","Loop","Streamline+1","Barrage","Chill","Glacier","Conserve Battery","Reboot","Mayhem+1","Capacitor","Cold Snap+1","Necronomicurse","Loop","Consume+1","Echo Form","Cold Snap","Conserve Battery+1","Blizzard+1","Redo","Leap+1"],"relics":["Cracked Core","Incense Burner","Gambling Chip","Golden Idol","Sozu","Old Coin","MutagenicStrength","Eternal Feather","Bottled Flame","Necronomicon","SacredBark","PreservedInsect"],"acts_visited":["Exordium","TheCity","TheBeyond"],"potions_floor_usage":[],"damage_taken":[{"damage":0.0,"enemies":"2 Louse","floor":1.0,"turns":2.0},{"damage":0.0,"enemies":"Cultist","floor":3.0,"turns":3.0},{"damage":0.0,"enemies":"Jaw Worm","floor":5.0,"turns":3.0},{"damage":8.0,"enemies":"Blue Slaver","floor":7.0,"turns":3.0},{"damage":18.0,"enemies":"Lagavulin","floor":8.0,"turns":7.0},{"damage":0.0,"enemies":"2 Fungi Beasts","floor":12.0,"turns":2.0},{"damage":9.0,"enemies":"Looter","floor":13.0,"turns":3.0},{"damage":1.0,"enemies":"Exordium Thugs","floor":14.0,"turns":3.0},{"damage":16.0,"enemies":"Hexaghost","floor":16.0,"turns":13.0},{"damage":0.0,"enemies":"Spheric Guardian","floor":18.0,"turns":3.0},{"damage":0.0,"enemies":"3 Byrds","floor":21.0,"turns":5.0},{"damage":21.0,"enemies":"Slavers","floor":23.0,"turns":11.0},{"damage":23.0,"enemies":"Shelled Parasite and Fungi","floor":28.0,"turns":6.0},{"damage":0.0,"enemies":"Centurion and Healer","floor":30.0,"turns":5.0},{"damage":0.0,"enemies":"Snecko","floor":31.0,"turns":4.0},{"damage":11.0,"enemies":"Champ","floor":33.0,"turns":18.0},{"damage":5,"enemies":"3 Darklings","floor":35,"turns":9},{"damage":38,"enemies":"3 Shapes","floor":37,"turns":6},{"damage":1,"enemies":"3 Darklings","floor":38,"turns":7},{"damage":30,"enemies":"Transient","floor":40,"turns":5},{"damage":0,"enemies":"Sphere and 2 Shapes","floor":41,"turns":6},{"damage":5,"enemies":"Spire Growth","floor":42,"turns":3}],"seed_played":"-1704517852305325535","potions_obtained":[{"floor":5.0,"key":"Ancient Potion"},{"floor":7.0,"key":"Block Potion"},{"floor":12.0,"key":"GamblersBrew"},{"floor":13.0,"key":"Fire Potion"}],"is_trial":false,"path_per_floor":["M","$","M","?","M","R","M","E","T","?","?","M","M","M","R","B",null,"M","?","$","M","?","E","R","$","T","?","M","R","M","M","R","B",null,"M","?","M","M","$","M","M","M"],"character_chosen":"DEFECT","items_purchased":["Loop","Mayhem","Capacitor","PreservedInsect"],"campfire_rested":1,"item_purchase_floors":[2,20,20,39],"current_hp_per_floor":[75,75,75,75,75,75,67,49,49,49,31,31,22,21,43,27,75,75,75,75,75,75,54,63,63,63,47,24,33,33,33,42,31,75,70,70,32,31,31,1,1,0,0],"gold":68,"neow_bonus":"UPGRADE_CARD","is_daily":false,"chose_seed":false,"campfire_upgraded":4,"win_rate":0.0,"timestamp":1607969966,"path_taken":["M","$","M","?","?","R","M","E","T","?","?","M","M","M","R","BOSS","M","?","$","M","?","E","R","$","T","?","M","R","M","?","R","BOSS","M","?","?","M","$","M","M","M"],"items_purchased_type":["Card","Card","Card","Relic"],"build_version":"2020-12-13","purchased_purges":3,"victory":false,"max_hp_per_floor":[75,75,75,75,75,75,75,75,75,75,75,75,75,75,75,75,75,75,75,75,75,75,75,75,75,75,75,75,75,75,75,75,75,75,75,75,75,75,75,75,75,75,75],"card_choices":[{"not_picked":["Reprogram","Compile Driver"],"picked":"Cold Snap","floor":1.0},{"not_picked":["Undo","Scrape","Fusion"],"picked":"SKIP","floor":3.0},{"not_picked":["Beam Cell","Reprogram"],"picked":"Streamline","floor":5.0},{"not_picked":["Darkness","Steam","Sunder"],"picked":"SKIP","floor":7.0},{"not_picked":["Leap","Redo"],"picked":"Barrage","floor":8.0},{"not_picked":["Darkness","Buffer"],"picked":"Chill","floor":12.0},{"not_picked":["Hello World","Scrape"],"picked":"Glacier","floor":13.0},{"not_picked":["Cold Snap","Rebound"],"picked":"Conserve Battery","floor":14.0},{"not_picked":["All For One","Biased Cognition"],"picked":"Reboot","floor":16.0},{"not_picked":["Darkness","Hello World","Steam Power+1"],"picked":"SKIP","floor":18.0},{"not_picked":["FTL","Skim","Hello World"],"picked":"SKIP","floor":21.0},{"not_picked":["Coolheaded","Glacier"],"picked":"Cold Snap+1","floor":23.0},{"not_picked":["Scrape+1","Rebound"],"picked":"Loop","floor":28.0},{"not_picked":["Double Energy","Compile Driver"],"picked":"Consume","floor":30.0},{"not_picked":["Ball Lightning","Force Field","Steam"],"picked":"SKIP","floor":31.0},{"not_picked":["Electrodynamics","Fission"],"picked":"Echo Form","floor":33.0},{"not_picked":["Doom and Gloom+1","Steam"],"picked":"Cold Snap","floor":35},{"not_picked":["Beam Cell","Hologram"],"picked":"Conserve Battery+1","floor":37},{"not_picked":["Scrape+1","Creative AI"],"picked":"Blizzard+1","floor":38},{"not_picked":["Hologram","Reprogram"],"picked":"Redo","floor":40},{"not_picked":["Hello World","Beam Cell+1"],"picked":"Leap+1","floor":41}],"player_experience":746635,"relics_obtained":[{"floor":8.0,"key":"Incense Burner"},{"floor":9.0,"key":"Gambling Chip"},{"floor":23.0,"key":"Eternal Feather"},{"floor":26.0,"key":"Bottled Flame"},{"floor":27.0,"key":"Necronomicon"}],"event_choices":[{"cards_removed":["Strike_B"],"damage_healed":0.0,"max_hp_gain":0.0,"max_hp_loss":0.0,"gold_gain":0.0,"event_name":"Purifier","player_choice":"Purged","floor":4.0,"gold_loss":0.0,"damage_taken":0.0},{"cards_removed":["Strike_B"],"damage_healed":0.0,"max_hp_gain":0.0,"max_hp_loss":0.0,"gold_gain":0.0,"event_name":"The Cleric","player_choice":"Card Removal","floor":10.0,"gold_loss":50.0,"damage_taken":0.0},{"damage_healed":0.0,"max_hp_gain":0.0,"max_hp_loss":0.0,"gold_gain":0.0,"event_name":"Golden Idol","player_choice":"Take Damage","floor":11.0,"gold_loss":0.0,"damage_taken":18.0,"relics_obtained":["Golden Idol"]},{"damage_healed":0.0,"max_hp_gain":0.0,"max_hp_loss":0.0,"gold_gain":0.0,"event_name":"Addict","player_choice":"Obtained Relic","floor":19.0,"gold_loss":85.0,"damage_taken":0.0,"relics_obtained":["Old Coin"]},{"damage_healed":0.0,"max_hp_gain":0.0,"max_hp_loss":0.0,"gold_gain":0.0,"event_name":"Drug Dealer","player_choice":"Inject Mutagens","floor":22.0,"gold_loss":0.0,"damage_taken":0.0,"relics_obtained":["MutagenicStrength"]},{"damage_healed":0.0,"max_hp_gain":0.0,"max_hp_loss":0.0,"gold_gain":0.0,"event_name":"Cursed Tome","player_choice":"Obtained Book","floor":27.0,"gold_loss":0.0,"damage_taken":16.0},{"cards_removed":["Defend_B"],"damage_healed":0,"gold_gain":0,"player_choice":"Upgrade and Remove","damage_taken":0,"max_hp_gain":0,"max_hp_loss":0,"event_name":"Designer","floor":36,"gold_loss":90,"cards_upgraded":["Defend_B"]}],"is_beta":false,"boss_relics":[{"not_picked":["Tiny House","Calling Bell"],"picked":"Sozu"},{"not_picked":["Black Star","SlaversCollar"],"picked":"SacredBark"}],"items_purged_floors":[2,20,25],"is_endless":false,"potions_floor_spawned":[5,7,12,13,21,30,35,38],"killed_by":"Spire Growth","ascension_level":4}}