{"host":"nh1tx9wty0m9wedw","time":1607974222,"event":{"mods":["BaseMod","Colored Map","Colored Powertips","Minty Spire (QoL Compilation)"],"gold_per_floor":[114,132,132,148,4,339,353,386,386,417,435,435,462,539,539,638,638,655,430,446,92,108,133,133,167,194,194,194,206,39,59,59,156,156,175,31,41,55,74,74,101,101,125,0,29,29,29],"floor_reached":46,"playtime":3959,"items_purged":["Regret","Strike_R"],"score":683,"play_id":"a1bd0fb0-4350-405c-b5e6-3aa4a89160cf","local_time":"20201214203022","is_ascension_mode":true,"campfire_choices":[{"floor":15,"key":"REST"},{"data":"Fire Breathing","floor":24,"key":"SMITH"},{"data":"Flame Barrier","floor":28,"key":"SMITH"},{"floor":32,"key":"REST"},{"floor":40,"key":"REST"},{"floor":42,"key":"REST"}],"circlet_count":0,"master_deck":["Strike_R","Strike_R","Strike_R","Defend_R","Defend_R","Defend_R","Defend_R","Bash","Dark Shackles","Flame Barrier+1","Fire Breathing+1","Infernal Blade","Feel No Pain","Thunderclap+1","Anger+1","Cleave+1","Ghostly Armor","Immolate+1","Intimidate+1","Rage","Wild Strike+1","Headbutt+1","Evolve+1","Second Wind","Rampage+1","Iron Wave+1","Pummel+1","Demon Form+1","Cleave+1","Heavy Blade+1","Headbutt+1","Cleave+1","Intimidate+1","Limit Break"],"relics":["Burning Blood","Molten Egg 2","Bag of Marbles","Old Coin","Blue Candle","Kunai","Dream Catcher","Letter Opener","Mark of Pain","Omamori","Incense Burner","Frozen Egg 2","Tiny Chest","Happy Flower","Calling Bell","Pocketwatch","Pantograph","Pen Nib","Oddly Smooth Stone","Mercury Hourglass","Orichalcum","Red Mask","Regal Pillow"],"acts_visited":["Exordium","TheCity","TheBeyond"],"potions_floor_usage":[2,7,8,13,16,22,22,25,33,41],"damage_taken":[{"damage":1,"enemies":"Cultist","floor":1,"turns":4},{"damage":0,"enemies":"Small Slimes","floor":2,"turns":2},{"damage":0,"enemies":"2 Louse","floor":4,"turns":3},{"damage":9,"enemies":"Gremlin Nob","floor":6,"turns":3},{"damage":22,"enemies":"Large Slime","floor":7,"turns":6},{"damage":21,"enemies":"3 Sentries","floor":8,"turns":6},{"damage":28,"enemies":"Gremlin Nob","floor":10,"turns":5},{"damage":19,"enemies":"Lots of Slimes","floor":11,"turns":4},{"damage":1,"enemies":"3 Sentries","floor":13,"turns":5},{"damage":32,"enemies":"The Guardian","floor":16,"turns":15},{"damage":0,"enemies":"Chosen","floor":18,"turns":4},{"damage":0,"enemies":"3 Byrds","floor":20,"turns":3},{"damage":2,"enemies":"Centurion and Healer","floor":22,"turns":4},{"damage":26,"enemies":"Book of Stabbing","floor":23,"turns":7},{"damage":1,"enemies":"Slavers","floor":25,"turns":2},{"damage":14,"enemies":"3 Cultists","floor":29,"turns":5},{"damage":18,"enemies":"Snecko","floor":31,"turns":3},{"damage":26,"enemies":"Champ","floor":33,"turns":11},{"damage":16,"enemies":"3 Darklings","floor":35,"turns":3},{"damage":15,"enemies":"Orb Walker","floor":37,"turns":3},{"damage":19,"enemies":"3 Darklings","floor":38,"turns":5},{"damage":17,"enemies":"Maw","floor":39,"turns":6},{"damage":28,"enemies":"Nemesis","floor":41,"turns":5},{"damage":35,"enemies":"Reptomancer","floor":45,"turns":6},{"damage":46,"enemies":"Spire Growth","floor":46,"turns":5}],"seed_played":"6389902539861434114","potions_obtained":[{"floor":1,"key":"Explosive Potion"},{"floor":4,"key":"SpeedPotion"},{"floor":7,"key":"SkillPotion"},{"floor":11,"key":"SkillPotion"},{"floor":13,"key":"Block Potion"},{"floor":16,"key":"AttackPotion"},{"floor":18,"key":"Strength Potion"},{"floor":20,"key":"ColorlessPotion"},{"floor":31,"key":"Dexterity Potion"},{"floor":38,"key":"SpeedPotion"}],"is_trial":false,"path_per_floor":["M","M","?","M","$","E","M","E","T","E","M","?","E","?","R","B",null,"M","$","M","$","M","E","R","E","T","?","R","M","$","M","R","B",null,"M","$","M","M","M","R","E","R","T","?","E","M"],"character_chosen":"IRONCLAD","items_purchased":["Bag of Marbles","Omamori","Wild Strike+1","Incense Burner","Rampage+1","Oddly Smooth Stone"],"campfire_rested":4,"item_purchase_floors":[5,19,21,21,30,36],"current_hp_per_floor":[80,80,80,80,80,77,61,46,46,24,11,11,16,16,40,14,80,80,80,80,80,80,60,60,65,65,65,65,57,57,45,69,49,80,70,70,61,48,37,61,39,63,63,63,34,0,0],"gold":29,"neow_bonus":"RANDOM_COLORLESS","is_daily":false,"chose_seed":false,"campfire_upgraded":2,"win_rate":0.0,"timestamp":1607974222,"path_taken":["M","M","?","M","$","E","M","E","T","E","M","?","E","?","R","BOSS","M","$","M","$","M","E","R","E","T","?","R","M","$","M","R","BOSS","M","$","M","?","M","R","E","R","T","?","E","M"],"items_purchased_type":["Relic","Relic","Card","Relic","Card","Relic"],"build_version":"2020-12-13","purchased_purges":2,"victory":false,"max_hp_per_floor":[80,80,80,80,80,80,80,80,80,80,80,80,80,80,80,80,80,80,80,80,80,80,80,80,80,80,80,80,80,80,80,80,80,80,80,80,80,80,80,80,80,80,80,80,80,80,80],"card_choices":[{"not_picked":["Purity","Flash of Steel"],"picked":"Dark Shackles","floor":0},{"not_picked":["Whirlwind","Warcry"],"picked":"Flame Barrier","floor":1},{"not_picked":["Twin Strike","Combust"],"picked":"Fire Breathing","floor":2},{"not_picked":["Combust","Entrench"],"picked":"Infernal Blade","floor":4},{"not_picked":["Spot Weakness","Dual Wield"],"picked":"Feel No Pain","floor":6},{"not_picked":["Perfected Strike+1","Shockwave","Entrench"],"picked":"SKIP","floor":7},{"not_picked":["Fire Breathing","Clash+1"],"picked":"Thunderclap+1","floor":8},{"not_picked":["Combust","Thunderclap+1"],"picked":"Anger+1","floor":10},{"not_picked":["Flex","Bloodletting","Clothesline+1"],"picked":"SKIP","floor":11},{"not_picked":["Flex","Combust"],"picked":"Cleave+1","floor":13},{"not_picked":["Burning Pact","Perfected Strike+1"],"picked":"Ghostly Armor","floor":15},{"not_picked":["Barricade","Bludgeon+1"],"picked":"Immolate+1","floor":16},{"not_picked":["Cleave+1","Warcry"],"picked":"Intimidate+1","floor":18},{"not_picked":["True Grit","Seeing Red"],"picked":"Rage","floor":20},{"not_picked":["Clothesline+1","Anger+1"],"picked":"Headbutt+1","floor":22},{"not_picked":["Intimidate","Carnage+1"],"picked":"Evolve+1","floor":23},{"not_picked":["Dark Embrace+1","True Grit+1","Second Wind"],"picked":"SKIP","floor":25},{"not_picked":["Spot Weakness","Bloodletting","Shrug It Off"],"picked":"SKIP","floor":29},{"not_picked":["Infernal Blade","Warcry+1"],"picked":"Iron Wave+1","floor":31},{"not_picked":["Corruption+1","Second Wind+1"],"picked":"Pummel+1","floor":32},{"not_picked":["Barricade+1","Berserk+1"],"picked":"Demon Form+1","floor":33},{"not_picked":["Battle Trance","Headbutt+1"],"picked":"Cleave+1","floor":35},{"not_picked":["Sword Boomerang+1","Dark Embrace+1"],"picked":"Heavy Blade+1","floor":37},{"not_picked":["Uppercut+1","Clothesline+1","Perfected Strike+1"],"picked":"SKIP","floor":38},{"not_picked":["Perfected Strike+1","Havoc","Bloodletting+1"],"picked":"SKIP","floor":39},{"not_picked":["Havoc+1","Clothesline+1"],"picked":"Headbutt+1","floor":40},{"not_picked":["Clash+1","Brutality+1"],"picked":"Cleave+1","floor":41},{"not_picked":["Disarm+1","Second Wind+1"],"picked":"Intimidate+1","floor":42},{"not_picked":["Reckless Charge+1","Blood for Blood+1"],"picked":"Limit Break","floor":45}],"player_experience":542440,"relics_obtained":[{"floor":6,"key":"Old Coin"},{"floor":8,"key":"Blue Candle"},{"floor":9,"key":"Kunai"},{"floor":10,"key":"Dream Catcher"},{"floor":13,"key":"Letter Opener"},{"floor":23,"key":"Frozen Egg 2"},{"floor":25,"key":"Tiny Chest"},{"floor":26,"key":"Happy Flower"},{"floor":34,"key":"Pocketwatch"},{"floor":34,"key":"Pantograph"},{"floor":34,"key":"Pen Nib"},{"floor":41,"key":"Mercury Hourglass"},{"floor":43,"key":"Orichalcum"},{"floor":45,"key":"Regal Pillow"}],"event_choices":[{"damage_healed":0,"gold_gain":0,"player_choice":"Box","damage_taken":0,"relics_obtained":["Molten Egg 2"],"max_hp_gain":0,"max_hp_loss":0,"event_name":"Big Fish","floor":3,"gold_loss":0,"cards_obtained":["Regret"]},{"damage_healed":0,"gold_gain":0,"player_choice":"Fled","damage_taken":0,"max_hp_gain":0,"max_hp_loss":0,"event_name":"Scrap Ooze","floor":12,"gold_loss":0},{"damage_healed":0,"gold_gain":77,"player_choice":"Gained Gold","damage_taken":0,"max_hp_gain":0,"max_hp_loss":0,"event_name":"Golden Wing","floor":14,"gold_loss":0},{"damage_healed":0,"gold_gain":0,"cards_transformed":["Strike_R"],"player_choice":"Transformed","damage_taken":0,"max_hp_gain":0,"max_hp_loss":0,"event_name":"Transmorgrifier","floor":27,"gold_loss":0,"cards_obtained":["Second Wind"]},{"damage_healed":0,"gold_gain":0,"player_choice":"Paid","damage_taken":0,"relics_obtained":["Red Mask"],"max_hp_gain":0,"max_hp_loss":0,"event_name":"Tomb of Lord Red Mask","floor":44,"gold_loss":125}],"is_beta":false,"boss_relics":[{"not_picked":["SacredBark","Empty Cage"],"picked":"Mark of Pain"},{"not_picked":["Cursed Key","Coffee Dripper"],"picked":"Calling Bell"}],"items_purged_floors":[19,30],"is_endless":false,"potions_floor_spawned":[1,4,7,11,13,16,18,20,31,38],"killed_by":"Spire Growth","ascension_level":2}}