{"host":"qvhy3c6mwu5ha9zk","time":1607950014,"event":{"mods":["2.2 Compatiblity","AchievementEnabler","BaseMod","Colored Powertips","Highlight Path","Minty Spire (QoL Compilation)","Rare Cards Sparkle","StSLib","The Cursed","The Disciple"],"gold_per_floor":[114,114,124,124,139,139,139,139],"floor_reached":7,"playtime":199,"items_purged":[],"score":49,"play_id":"760eaaf3-764f-4e96-a302-e92a8651af9b","local_time":"20201214044654","is_ascension_mode":true,"campfire_choices":[{"data":"Neutralize","floor":6,"key":"SMITH"}],"circlet_count":0,"master_deck":["Strike_G","Strike_G","Strike_G","Strike_G","Defend_G","Defend_G","Defend_G","Defend_G","Defend_G","Survivor","Neutralize+1","Bouncing Flask"],"relics":["Ring of the Snake","NeowsBlessing"],"acts_visited":["Exordium"],"potions_floor_usage":[7],"damage_taken":[{"damage":0,"enemies":"Small Slimes","floor":1,"turns":1},{"damage":0,"enemies":"2 Louse","floor":3,"turns":1},{"damage":0,"enemies":"Jaw Worm","floor":5,"turns":1},{"damage":22,"enemies":"3 Sentries","floor":7,"turns":6}],"seed_played":"-4850057478013258750","potions_obtained":[{"floor":1,"key":"CultistPotion"},{"floor":5,"key":"EssenceOfSteel"}],"is_trial":false,"path_per_floor":["M","?","M","?","M","R","E"],"character_chosen":"THE_SILENT","items_purchased":[],"campfire_rested":0,"item_purchase_floors":[],"current_hp_per_floor":[70,63,63,63,63,63,41,41],"gold":139,"neow_bonus":"THREE_ENEMY_KILL","is_daily":false,"chose_seed":false,"campfire_upgraded":1,"win_rate":0.0,"timestamp":1607950014,"path_taken":["M","?","M","?","M","R","E"],"items_purchased_type":[],"build_version":"2020-12-13","purchased_purges":0,"victory":false,"max_hp_per_floor":[70,70,70,70,70,70,70,70],"card_choices":[{"not_picked":["Calculated Gamble","Prepared","Dagger Throw"],"picked":"SKIP","floor":1},{"not_picked":["Catalyst","PiercingWail"],"picked":"Bouncing Flask","floor":3},{"not_picked":["Well Laid Plans","Prepared","Deflect"],"picked":"SKIP","floor":5}],"player_experience":348888,"relics_obtained":[],"event_choices":[{"cards_removed":["Strike_G"],"damage_healed":0,"gold_gain":0,"player_choice":"Card Removal","damage_taken":7,"max_hp_gain":0,"max_hp_loss":0,"event_name":"Golden Wing","floor":2,"gold_loss":0},{"damage_healed":0,"gold_gain":0,"player_choice":"Ignored","damage_taken":0,"max_hp_gain":0,"max_hp_loss":0,"event_name":"Liars Game","floor":4,"gold_loss":0}],"is_beta":false,"boss_relics":[],"items_purged_floors":[],"is_endless":false,"potions_floor_spawned":[1,5],"killed_by":"3 Sentries","ascension_level":4}}