{"host":"63howft1cojq0ioc","time":1607958350,"event":{"mods":["Act Like it!","Aspiration","BaseMod","DeckTracker","Downfall","Infinite Spire","Minty Spire (QoL Compilation)","Quick Restart","Relic Stats","Replay The Spire","StSLib","SuperFastMode","The Jungle"],"gold_per_floor":[114,16,16,16,35,35,61,81,81,94,109,11,11,40,40,136,136,152,152,167,167,181,198,227,227,307,27,56,66,66,66,66,169,169,186,204,204,204,221,221,221,221,221,245,245,255,255],"floor_reached":46,"playtime":1341,"items_purged":["Strike_R"],"score":797,"play_id":"2811c1f1-ac5b-4826-977d-b512b0d2ec2a","local_time":"20201214130550","is_ascension_mode":true,"campfire_choices":[{"data":"infinitespire:FutureSight","floor":6,"key":"SMITH"},{"floor":25,"key":"REST"},{"floor":32,"key":"REST"},{"floor":40,"key":"REST"},{"floor":42,"key":"REST"},{"floor":45,"key":"REST"}],"circlet_count":0,"master_deck":["Strike_R","Strike_R","Strike_R","Strike_R","Defend_R","Defend_R","Defend_R","Defend_R","Bash","Pommel Strike+1","infinitespire:FutureSight+1","Flex","Thunderclap","Twin Strike","Rampage","Demon Form+1","Clash","Secret Technique","expansioncontent:AwakenDeath","CurseOfTheBell","Battle Trance+1","Enlightenment","Madness","Madness"],"relics":["Burning Blood","NeowsBlessing","Replay:Bottled Flurry","Another Sword","MealTicket","FaceOfCleric","Pantograph","Philosopher\u0027s Stone","InkBottle","Shuriken","BargainBundle","Quantum Egg","Replay:WaspNest","Calling Bell","Orichalcum","Sundial","Ginger","ReplayTheSpireMod:EnergyBall","infinitespire:Midas Blood"],"acts_visited":["Exordium","TheCity","TheBeyond"],"potions_floor_usage":[14,16,16,23,24,24,28,32,33,39],"damage_taken":[{"damage":0.0,"enemies":"Small Slimes","floor":1.0,"turns":1.0},{"damage":0,"enemies":"Jaw Worm","floor":5,"turns":1},{"damage":0,"enemies":"Lagavulin","floor":7,"turns":1},{"damage":0,"enemies":"Cultist","floor":8,"turns":2},{"damage":13,"enemies":"Blue Slaver","floor":10,"turns":2},{"damage":14,"enemies":"Red Slaver","floor":11,"turns":2},{"damage":15,"enemies":"3 Sentries","floor":14,"turns":4},{"damage":65,"enemies":"The Guardian","floor":16,"turns":8},{"damage":36,"enemies":"Shell Parasite","floor":18,"turns":4},{"damage":14,"enemies":"3 Byrds","floor":20,"turns":5},{"damage":1,"enemies":"3 Cultists","floor":22,"turns":4},{"damage":13,"enemies":"Sentry and Sphere","floor":23,"turns":4},{"damage":36,"enemies":"Slavers","floor":24,"turns":3},{"damage":31,"enemies":"Nightmare","floor":28,"turns":8},{"damage":31,"enemies":"Shelled Parasite and Fungi","floor":29,"turns":3},{"damage":54,"enemies":"Pondfish","floor":33,"turns":7},{"damage":49,"enemies":"3 Darklings","floor":35,"turns":5},{"damage":17,"enemies":"Orb Walker","floor":36,"turns":3},{"damage":61,"enemies":"Writhing Mass","floor":39,"turns":5},{"damage":54,"enemies":"Jaw Worm Horde","floor":44,"turns":4},{"damage":80,"enemies":"Spire Growth","floor":46,"turns":4}],"seed_played":"-2184431933193078087","potions_obtained":[{"floor":10,"key":"AttackPotion"},{"floor":14,"key":"SpeedPotion"},{"floor":16,"key":"Weak Potion"},{"floor":19,"key":"Ancient Potion"},{"floor":19,"key":"Cursed Concoction"},{"floor":22,"key":"ColorlessPotion"},{"floor":23,"key":"Block Potion"},{"floor":24,"key":"Regen Potion"},{"floor":29,"key":"BloodPotion"},{"floor":35,"key":"Weak Potion"}],"is_trial":false,"path_per_floor":["M","$","?","?","M","R","E","M","T","M","M","$","?","E","R","B",null,"M","?","M","?","M","M","E","R","T","$","NM","M","?","T","R","B",null,"M","M","?","AVR","M","R","?","R","T","M","R","M"],"character_chosen":"IRONCLAD","items_purchased":["Strength Potion","Block Potion","Block Potion","Twin Strike","BargainBundle","Secret Technique","expansioncontent:AwakenDeath"],"campfire_rested":5,"item_purchase_floors":[2,2,12,12,27,27,27],"current_hp_per_floor":[80,80,60,60,66,66,72,78,78,71,63,78,78,70,81,23,82,53,53,46,46,52,46,17,43,43,58,49,25,8,8,54,32,95,53,43,43,43,10,39,27,56,56,9,38,0,0],"gold":255,"neow_bonus":"THREE_ENEMY_KILL","is_daily":false,"chose_seed":false,"campfire_upgraded":1,"win_rate":0.0,"timestamp":1607958350,"path_taken":["M","$","?","?","M","R","E","M","T","?","M","$","?","E","R","BOSS","M","?","?","?","?","M","E","R","T","?","NM","M","?","?","R","BOSS","M","M","?","AVR","M","R","?","R","T","M","R","M"],"items_purchased_type":["Potion","Potion","Potion","Card","Relic","Card","Card"],"build_version":"2020-12-13","purchased_purges":1,"victory":false,"max_hp_per_floor":[80,80,80,80,80,80,80,80,80,80,80,80,80,81,81,82,82,83,83,84,84,85,86,87,87,87,87,88,89,94,94,94,95,95,96,97,97,97,98,98,98,98,98,99,99,99,99],"relic_stats":{"FaceOfCleric":14,"counters":[21,80],"Shuriken":[20],"Sundial":[2],"Pantograph":25,"MealTicket":30,"Ginger":[0],"Orichalcum":[30],"obtain_stats":[{"BargainBundle":27,"NeowsBlessing":0,"Quantum Egg":28,"Replay:WaspNest":31,"Ginger":34,"Orichalcum":34,"Burning Blood":0,"Calling Bell":34,"ReplayTheSpireMod:EnergyBall":38,"FaceOfCleric":13,"Shuriken":26,"Sundial":34,"Pantograph":14,"MealTicket":9,"Philosopher\u0027s Stone":17,"Another Sword":7,"Replay:Bottled Flurry":4,"InkBottle":24,"infinitespire:Midas Blood":43},{"BargainBundle":13,"NeowsBlessing":0,"Quantum Egg":14,"Replay:WaspNest":15,"Ginger":16,"Orichalcum":16,"Burning Blood":0,"Calling Bell":16,"ReplayTheSpireMod:EnergyBall":18,"FaceOfCleric":6,"Shuriken":13,"Sundial":16,"Pantograph":7,"MealTicket":4,"Philosopher\u0027s Stone":8,"Another Sword":3,"Replay:Bottled Flurry":1,"InkBottle":13,"infinitespire:Midas Blood":19},{"BargainBundle":41,"NeowsBlessing":0,"Quantum Egg":49,"Replay:WaspNest":52,"Ginger":59,"Orichalcum":59,"Burning Blood":0,"Calling Bell":59,"ReplayTheSpireMod:EnergyBall":67,"FaceOfCleric":9,"Shuriken":41,"Sundial":59,"Pantograph":13,"MealTicket":5,"Philosopher\u0027s Stone":21,"Another Sword":3,"Replay:Bottled Flurry":1,"InkBottle":41,"infinitespire:Midas Blood":72}],"Burning Blood":114,"InkBottle":[13]},"card_choices":[{"not_picked":["Disarm","Pummel"],"picked":"Pommel Strike","floor":1},{"not_picked":["infinitespire:Gouge","ReplayTheSpireMod:Black Plague"],"picked":"infinitespire:FutureSight","floor":3},{"not_picked":["Twin Strike","Iron Wave"],"picked":"Flex","floor":5},{"not_picked":["Wild Strike","Armaments","Shrug It Off"],"picked":"SKIP","floor":7},{"not_picked":["Reaper","ReplayTheSpireMod:Limb From Limb"],"picked":"Thunderclap","floor":8},{"not_picked":["Iron Wave","Wild Strike","Flex"],"picked":"SKIP","floor":10},{"not_picked":["True Grit","Second Wind","Clothesline"],"picked":"SKIP","floor":11},{"not_picked":["Perfected Strike","Power Through"],"picked":"Rampage","floor":14},{"not_picked":["Eclipse","Brutality"],"picked":"Demon Form","floor":16},{"not_picked":["Perfected Strike+1","Twin Strike+1"],"picked":"Clash","floor":18},{"not_picked":["Dual Wield","Wild Strike","Heavy Blade"],"picked":"SKIP","floor":20},{"not_picked":["Clothesline","Power Through+1","Blood for Blood"],"picked":"SKIP","floor":22},{"not_picked":["Clothesline","Havoc","Heavy Blade+1"],"picked":"SKIP","floor":23},{"not_picked":["Impervious","Thunderclap","Run Through"],"picked":"SKIP","floor":24},{"not_picked":["ReplayTheSpireMod:Strike From Hell","Rupture","Intimidate"],"picked":"SKIP","floor":28},{"not_picked":["Massacre","Dark Embrace","Hemokinesis+1"],"picked":"SKIP","floor":29},{"not_picked":["Twin Strike","Thunderclap","Rupture+1"],"picked":"SKIP","floor":35},{"not_picked":["Flame Barrier+1","Armaments+1"],"picked":"Battle Trance+1","floor":36},{"not_picked":["Crow Ritual","Midas Touch"],"picked":"Enlightenment","floor":37},{"not_picked":["ReplayTheSpireMod:Limb From Limb+1","Pommel Strike","Wild Strike"],"picked":"SKIP","floor":39},{"not_picked":["Fire Breathing","Heavy Blade+1","ReplayTheSpireMod:Strike From Hell+1"],"picked":"SKIP","floor":44}],"player_experience":89609,"relics_obtained":[{"floor":7,"key":"Another Sword"},{"floor":9,"key":"MealTicket"},{"floor":14,"key":"Pantograph"},{"floor":24,"key":"InkBottle"},{"floor":26,"key":"Shuriken"},{"floor":28,"key":"Quantum Egg"},{"floor":31,"key":"Replay:WaspNest"},{"floor":34,"key":"Orichalcum"},{"floor":34,"key":"Sundial"},{"floor":34,"key":"Ginger"},{"floor":43,"key":"infinitespire:Midas Blood"}],"event_choices":[{"damage_healed":0,"gold_gain":0,"player_choice":"Gave Potion","damage_taken":0,"relics_obtained":["Replay:Bottled Flurry"],"max_hp_gain":0,"max_hp_loss":0,"event_name":"WeMeetAgain","floor":4,"gold_loss":0},{"damage_healed":0,"gold_gain":0,"player_choice":"Trade","damage_taken":0,"relics_obtained":["FaceOfCleric"],"max_hp_gain":0,"max_hp_loss":0,"event_name":"FaceTrader","floor":13,"gold_loss":0},{"damage_healed":0,"gold_gain":0,"player_choice":"Got Potions","damage_taken":0,"max_hp_gain":0,"max_hp_loss":0,"event_name":"Lab","floor":19,"gold_loss":0},{"damage_healed":0,"gold_gain":0,"player_choice":"Forge","damage_taken":0,"max_hp_gain":0,"max_hp_loss":0,"event_name":"Accursed Blacksmith","floor":21,"gold_loss":0,"cards_upgraded":["Demon Form"]},{"damage_healed":0,"gold_gain":0,"player_choice":"Shed Blood","damage_taken":22,"max_hp_gain":5,"max_hp_loss":0,"event_name":"Forgotten Altar","floor":30,"gold_loss":0},{"damage_healed":0,"gold_gain":0,"player_choice":"Memory 1","damage_taken":0,"max_hp_gain":0,"max_hp_loss":0,"event_name":"SensoryStone","floor":37,"gold_loss":0},{"damage_healed":0,"gold_gain":0,"player_choice":"Embrace Madness","damage_taken":12,"max_hp_gain":0,"max_hp_loss":0,"event_name":"Winding Halls","floor":41,"gold_loss":0,"cards_obtained":["Madness","Madness"]}],"is_beta":false,"boss_relics":[{"not_picked":["Black Star","Empty Cage"],"picked":"Philosopher\u0027s Stone"},{"not_picked":["Tiny House","aspiration:RunicSpoon"],"picked":"Calling Bell"}],"items_purged_floors":[27],"is_endless":false,"potions_floor_spawned":[10,14,16,22,23,24,29,35],"killed_by":"Spire Growth","ascension_level":4}}