{"host":"2zt55z1m1j8q763w","time":1607956635,"event":{"mods":["AchievementEnabler","BaseMod","Highlight Path","Minty Spire (QoL Compilation)","Relic Stats"],"gold_per_floor":[114,124,143,159,178,178,213,213,266,278,309,350,380,427,439,451,451],"floor_reached":16,"playtime":1103,"items_purged":[],"score":114,"play_id":"d46b3061-c4d0-4261-a4f0-ac8e2e44fb06","local_time":"20201214153715","is_ascension_mode":false,"campfire_choices":[{"data":"Rampage","floor":6,"key":"SMITH"},{"data":"Thunderclap","floor":8,"key":"SMITH"},{"floor":15,"key":"REST"}],"circlet_count":0,"master_deck":["Strike_R","Strike_R","Strike_R","Strike_R","Strike_R","Defend_R","Defend_R","Defend_R","Defend_R","Bash","Rampage+1","Disarm","Pommel Strike","Thunderclap+1","Seeing Red","Intimidate","Flex","Ghostly Armor","Iron Wave","Infernal Blade"],"relics":["Burning Blood","NeowsBlessing","Orichalcum","MawBank","Odd Mushroom","HornCleat"],"acts_visited":["Exordium"],"potions_floor_usage":[7,14,14,16],"damage_taken":[{"damage":0,"enemies":"Cultist","floor":1,"turns":1},{"damage":0,"enemies":"2 Louse","floor":2,"turns":1},{"damage":0,"enemies":"Jaw Worm","floor":3,"turns":1},{"damage":8,"enemies":"Looter","floor":4,"turns":4},{"damage":5,"enemies":"Lots of Slimes","floor":5,"turns":3},{"damage":30,"enemies":"Gremlin Nob","floor":7,"turns":5},{"damage":9,"enemies":"Exordium Wildlife","floor":11,"turns":4},{"damage":17,"enemies":"The Mushroom Lair","floor":12,"turns":4},{"damage":0,"enemies":"3 Louse","floor":13,"turns":3},{"damage":21,"enemies":"Lagavulin","floor":14,"turns":8},{"damage":56,"enemies":"Slime Boss","floor":16,"turns":14}],"seed_played":"4891983809724890426","potions_obtained":[{"floor":1,"key":"SpeedPotion"},{"floor":2,"key":"SpeedPotion"},{"floor":5,"key":"Weak Potion"},{"floor":12,"key":"FearPotion"},{"floor":13,"key":"Strength Potion"}],"is_trial":false,"path_per_floor":["M","M","M","M","M","R","E","R","T","?","M","?","M","E","R","B"],"character_chosen":"IRONCLAD","items_purchased":[],"campfire_rested":1,"item_purchase_floors":[],"current_hp_per_floor":[80,80,80,78,79,79,55,55,55,55,52,41,47,32,56,0,0],"gold":451,"neow_bonus":"THREE_ENEMY_KILL","is_daily":false,"chose_seed":false,"campfire_upgraded":2,"win_rate":0.0,"timestamp":1607956635,"path_taken":["M","?","M","M","M","R","E","R","T","?","M","?","M","E","R","BOSS"],"items_purchased_type":[],"build_version":"2020-12-13","purchased_purges":0,"victory":false,"max_hp_per_floor":[80,80,80,80,80,80,80,80,80,80,80,80,80,80,80,80,80],"relic_stats":{"counters":[11,48],"Orichalcum":[54],"MawBank":84,"obtain_stats":[{"HornCleat":14,"NeowsBlessing":0,"Orichalcum":7,"Odd Mushroom":12,"MawBank":9,"Burning Blood":0},{"HornCleat":10,"NeowsBlessing":0,"Orichalcum":6,"Odd Mushroom":8,"MawBank":6,"Burning Blood":0},{"HornCleat":34,"NeowsBlessing":0,"Orichalcum":15,"Odd Mushroom":23,"MawBank":15,"Burning Blood":0}],"Burning Blood":42},"card_choices":[{"not_picked":["Infernal Blade","Twin Strike"],"picked":"Rampage","floor":1},{"not_picked":["Reckless Charge","Body Slam"],"picked":"Disarm","floor":2},{"not_picked":["Uppercut","Rupture"],"picked":"Pommel Strike","floor":3},{"not_picked":["Flex","Feel No Pain"],"picked":"Thunderclap","floor":4},{"not_picked":["Perfected Strike","Warcry"],"picked":"Seeing Red","floor":5},{"not_picked":["Second Wind","Rupture"],"picked":"Intimidate","floor":7},{"not_picked":["Clash","Pommel Strike"],"picked":"Flex","floor":11},{"not_picked":["Perfected Strike","Pummel"],"picked":"Ghostly Armor","floor":12},{"not_picked":["Second Wind","Anger"],"picked":"Iron Wave","floor":13},{"not_picked":["Headbutt","Rupture"],"picked":"Infernal Blade","floor":14}],"player_experience":55631,"relics_obtained":[{"floor":7,"key":"Orichalcum"},{"floor":9,"key":"MawBank"},{"floor":12,"key":"Odd Mushroom"},{"floor":14,"key":"HornCleat"}],"event_choices":[{"damage_healed":0,"gold_gain":0,"player_choice":"Ignored","damage_taken":0,"max_hp_gain":0,"max_hp_loss":0,"event_name":"Liars Game","floor":10,"gold_loss":0},{"damage_healed":0,"gold_gain":0,"player_choice":"Fought Mushrooms","damage_taken":0,"max_hp_gain":0,"max_hp_loss":0,"event_name":"Mushrooms","floor":12,"gold_loss":0}],"is_beta":false,"boss_relics":[],"items_purged_floors":[],"is_endless":false,"potions_floor_spawned":[1,2,5,12,13],"killed_by":"Slime Boss","ascension_level":0}}