{"host":"15dd7v8o90xso62x","time":1607969565,"event":{"mods":["BaseMod","Minty Spire (QoL Compilation)","Quick Restart","StSLib"],"gold_per_floor":[119,44,63,83,94,94,125,125,151,194,219,119,143,168,168,168,168],"floor_reached":16,"playtime":394,"items_purged":["Wireheading","Defend_P"],"score":278,"play_id":"d5ec4400-ea07-46df-9a9f-5532817d5e10","local_time":"20201215031245","is_ascension_mode":true,"campfire_choices":[{"data":"Eruption","floor":6.0,"key":"SMITH"},{"data":"CrushJoints","floor":8.0,"key":"SMITH"},{"data":"Adaptation","floor":15.0,"key":"SMITH"}],"circlet_count":0,"master_deck":["AscendersBane","Strike_P","Strike_P","Strike_P","Defend_P","Defend_P","Eruption+1","Vigilance","FearNoEvil","EmptyFist","ClearTheMind","Ragnarok","CrushJoints+1","WheelKick","Judgement","Prostrate","Adaptation+1","Halt"],"relics":["PureWater","Damaru","Nunchaku","CeramicFish"],"acts_visited":["Exordium"],"potions_floor_usage":[],"damage_taken":[{"damage":2.0,"enemies":"Cultist","floor":1.0,"turns":3.0},{"damage":10.0,"enemies":"Small Slimes","floor":3.0,"turns":4.0},{"damage":2.0,"enemies":"Jaw Worm","floor":4.0,"turns":3.0},{"damage":8.0,"enemies":"Blue Slaver","floor":5.0,"turns":3.0},{"damage":12.0,"enemies":"Lagavulin","floor":7.0,"turns":5.0},{"damage":0.0,"enemies":"Gremlin Nob","floor":10.0,"turns":2.0},{"damage":15.0,"enemies":"3 Louse","floor":11.0,"turns":2.0},{"damage":0.0,"enemies":"Looter","floor":13.0,"turns":1.0},{"damage":0.0,"enemies":"Red Slaver","floor":14.0,"turns":1.0},{"damage":5,"enemies":"The Guardian","floor":16,"turns":5}],"seed_played":"431882414250729441","potions_obtained":[{"floor":3.0,"key":"Strength Potion"},{"floor":4.0,"key":"AttackPotion"},{"floor":13.0,"key":"LiquidMemories"}],"is_trial":false,"path_per_floor":["M","$","M","M","M","R","E","R","T","E","M","$","M","M","R","B"],"character_chosen":"WATCHER","items_purchased":[],"campfire_rested":0,"item_purchase_floors":[],"current_hp_per_floor":[59,59,49,47,39,39,27,27,27,27,12,12,12,12,12,7,7],"gold":168,"neow_bonus":"TRANSFORM_TWO_CARDS","is_daily":false,"chose_seed":false,"campfire_upgraded":3,"win_rate":0.0,"timestamp":1607969565,"path_taken":["M","$","M","M","M","R","E","R","T","E","?","$","M","M","R","BOSS"],"items_purchased_type":[],"build_version":"2020-12-13","purchased_purges":2,"victory":false,"max_hp_per_floor":[62,62,62,62,62,62,62,62,62,62,62,62,62,62,62,62,62],"card_choices":[{"not_picked":["CutThroughFate","WindmillStrike"],"picked":"EmptyFist","floor":1.0},{"not_picked":["JustLucky","EmptyFist"],"picked":"ClearTheMind","floor":3.0},{"not_picked":["Protect","SandsOfTime"],"picked":"Ragnarok","floor":4.0},{"not_picked":["Protect","Halt"],"picked":"CrushJoints","floor":5.0},{"not_picked":["Fasting2","FlyingSleeves"],"picked":"WheelKick","floor":7.0},{"not_picked":["Meditate","Consecrate"],"picked":"Judgement","floor":10.0},{"not_picked":["Crescendo","Protect"],"picked":"Prostrate","floor":11.0},{"not_picked":["Prostrate","JustLucky"],"picked":"Adaptation","floor":13.0},{"not_picked":["Evaluate","BowlingBash","Halt"],"picked":"SKIP","floor":14.0},{"not_picked":["Evaluate","BowlingBash"],"picked":"Halt","floor":14.0}],"player_experience":904542,"relics_obtained":[{"floor":7.0,"key":"Damaru"},{"floor":9.0,"key":"Nunchaku"},{"floor":10.0,"key":"CeramicFish"}],"event_choices":[],"is_beta":false,"boss_relics":[],"items_purged_floors":[2,12],"is_endless":false,"potions_floor_spawned":[3,4,5,13,14],"killed_by":"The Guardian","ascension_level":20}}