{"host":"dxrg3rtohvrwjhwp","time":1607918689,"event":{"mods":["BaseMod","Downfall","Hermit","Jorbs\u0027s Wanderer Trilogy","Minty Spire (QoL Compilation)","Replay The Spire","StSLib","The Cursed","The Necromancer","The Servant 0.9.4"],"gold_per_floor":[117,127,144,144,156,156,171,183,183,183,210,210,210,210,210,310,310,310],"floor_reached":17,"playtime":1521,"items_purged":[],"score":157,"play_id":"d17a263d-5f46-40b1-b3b3-06ede09e7841","local_time":"20201213220449","is_ascension_mode":false,"campfire_choices":[{"floor":6,"key":"REST"},{"floor":12,"key":"REST"},{"floor":15,"key":"RECALL"}],"circlet_count":0,"master_deck":["Strike_W","Strike_W","Strike_W","Defend_W","Defend_W","Defend_W","Negative_Energy_Arrows","Bone_Wall","Negative_Energy_Sphere","Uncharnel","Whirlwind_of_Bones","Vampiric_Strike","Finger_Of_Death","Bone_Shift","Negative_Energy_Mist","Amnesia","Summon_Vampire_Lady"],"relics":["Vampire_Amulet","Juzu Bracelet","Ring of Searing","Ring of Fangs","Honey Jar"],"acts_visited":["Exordium","TheCity"],"potions_floor_usage":[11,11],"damage_taken":[{"damage":5,"enemies":"2 Louse","floor":1,"turns":4},{"damage":0,"enemies":"Cultist","floor":2,"turns":4},{"damage":5,"enemies":"Small Slimes","floor":3,"turns":3},{"damage":16,"enemies":"2 Fungi Beasts","floor":5,"turns":4},{"damage":13,"enemies":"Lots of Slimes","floor":7,"turns":4},{"damage":10,"enemies":"Looter","floor":8,"turns":3},{"damage":36,"enemies":"Replay:BlueRogue","floor":11,"turns":11},{"damage":31,"enemies":"Fading Forest","floor":16,"turns":11}],"seed_played":"-3177871192670032744","potions_obtained":[{"floor":3,"key":"GamblersBrew"},{"floor":5,"key":"LiquidBronze"},{"floor":8,"key":"Guardian:BlockOnCardUsePotion"}],"is_trial":false,"path_per_floor":["M","M","M","?","M","R","M","M","T","?","E","R","?","?","R","B",null],"character_chosen":"NECROMANCER","items_purchased":[],"campfire_rested":2,"item_purchase_floors":[],"current_hp_per_floor":[81,82,79,79,67,82,75,67,67,67,37,61,61,61,61,51,82,82],"gold":310,"neow_bonus":"TEN_PERCENT_HP_BONUS","is_daily":false,"chose_seed":false,"campfire_upgraded":0,"win_rate":0.0,"timestamp":1607918689,"path_taken":["M","M","M","?","M","R","?","M","T","?","E","R","?","?","R","BOSS"],"items_purchased_type":[],"build_version":"2020-12-13","purchased_purges":0,"victory":false,"max_hp_per_floor":[82,82,82,82,82,82,82,82,82,82,82,82,82,82,82,82,82,82],"card_choices":[{"not_picked":["Bone_Shift","Pandemic"],"picked":"Negative_Energy_Sphere","floor":1},{"not_picked":["Bone_Armor","Death_Coil"],"picked":"Uncharnel","floor":2},{"not_picked":["Consume_Illness","Bone_Armor"],"picked":"Bones_to_Steel","floor":3},{"not_picked":["Uncharnel","Plague_Bolt"],"picked":"Vampiric_Strike","floor":5},{"not_picked":["Blood_Curse","Plague_Bolt"],"picked":"Finger_Of_Death","floor":7},{"not_picked":["Toxic_Smoke_Screen","Chill_Blood"],"picked":"Bone_Shift","floor":8},{"not_picked":["Uncharnel","Reap_The_Weak"],"picked":"Negative_Energy_Mist","floor":11},{"not_picked":["Summon_Death_Knight","Cloudkill"],"picked":"Summon_Vampire_Lady","floor":16}],"player_experience":57009,"relics_obtained":[{"floor":11,"key":"Juzu Bracelet"},{"floor":14,"key":"Ring of Searing"},{"floor":14,"key":"Ring of Fangs"}],"event_choices":[{"damage_healed":0,"gold_gain":0,"cards_transformed":["Defend_W"],"player_choice":"Transformed","damage_taken":0,"max_hp_gain":0,"max_hp_loss":0,"event_name":"Transmorgrifier","floor":4,"gold_loss":0,"cards_obtained":["Whirlwind_of_Bones"]},{"cards_removed":["Strike_W"],"damage_healed":0,"gold_gain":0,"player_choice":"Offered Basic","damage_taken":0,"max_hp_gain":0,"max_hp_loss":0,"event_name":"Bonfire Elementals","floor":10,"gold_loss":0},{"cards_removed":["Bones_to_Steel"],"damage_healed":0,"gold_gain":0,"player_choice":"Purged","damage_taken":0,"max_hp_gain":0,"max_hp_loss":0,"event_name":"Purifier","floor":13,"gold_loss":0}],"is_beta":false,"boss_relics":[{"not_picked":["Velvet Choker","Empty Cage"],"picked":"Honey Jar"}],"items_purged_floors":[],"is_endless":false,"potions_floor_spawned":[3,5,8],"ascension_level":0}}