{"host":"a3oe3gstxz77c7qu","time":1607976167,"event":{"mods":["2.2 Compatiblity","Act Like it!","BaseMod","Bestiary","Better Altar","Better Match","Better Note","Better Sensory Stone","Better Skull","Better Third Choice","Block Reminder","Conspire","Curses Come First","Custom Start","Downfall","Friendly Minions","GifTheSpireLib","Humility","Infinite Spire","Lobotomy","LobotomyExtend","Marisa????????","Minty Spire (QoL Compilation)","Permanent Neow","Quick Restart","Relic Stats","Replay The Spire","Robot Space Explorer","StSLib","The Blue Laboratory","Uncapped","Wandering Minibosses"],"gold_per_floor":[199,210,135,135,135],"floor_reached":4,"playtime":186,"items_purged":[],"score":22,"play_id":"97500a79-83e0-473c-aea1-abc0251252f2","local_time":"20201214200247","is_ascension_mode":false,"campfire_choices":[{"floor":1,"key":"RECALL"},{"data":"champ:BringItOn","floor":3,"key":"SMITH"}],"circlet_count":0,"master_deck":["champ:Strike","champ:Strike","champ:Strike","champ:Strike","champ:Defend","champ:Defend","champ:Defend","champ:Defend","champ:Execute","champ:Taunt","champ:BringItOn+1"],"relics":["champ:ChampionCrown","LetterFromLob","downfall:HeartBlessingRed"],"acts_visited":["Exordium"],"potions_floor_usage":[],"damage_taken":[{"damage":20,"enemies":"Cultist","floor":2,"turns":4},{"damage":119,"enemies":"Gremlin Nob","floor":4,"turns":8}],"seed_played":"3671878547653044856","potions_obtained":[],"is_trial":false,"path_per_floor":["R","M","R","E"],"character_chosen":"THE_CHAMP","items_purchased":[],"campfire_rested":0,"item_purchase_floors":[],"current_hp_per_floor":[90,80,80,0,0],"gold":135,"neow_bonus":"HUNDRED_GOLD","is_daily":false,"chose_seed":false,"campfire_upgraded":1,"win_rate":0.0,"timestamp":1607976167,"path_taken":["R","M","R","E"],"items_purchased_type":[],"build_version":"2020-12-13","purchased_purges":0,"victory":false,"max_hp_per_floor":[90,90,90,90,90],"relic_stats":{"counters":[2,12],"obtain_stats":[{"downfall:HeartBlessingRed":3,"champ:ChampionCrown":0,"LetterFromLob":2},{"downfall:HeartBlessingRed":1,"champ:ChampionCrown":0,"LetterFromLob":1},{"downfall:HeartBlessingRed":4,"champ:ChampionCrown":0,"LetterFromLob":4}]},"card_choices":[{"not_picked":["champ:CrookedStrike","champ:FlashCut"],"picked":"champ:BringItOn","floor":2}],"player_experience":810134,"relics_obtained":[{"floor":2,"key":"LetterFromLob"}],"event_choices":[],"is_beta":false,"boss_relics":[],"items_purged_floors":[],"is_endless":false,"potions_floor_spawned":[],"killed_by":"Gremlin Nob","ascension_level":0}}