{"host":"ks12kfi5c4d9hdxy","time":1607969313,"event":{"mods":["BaseMod","Conspire","GifTheSpireLib","HololiveMod","Koishi","LagranYue(拉格朗・月)","Marisa（F雨　魔理沙）","Minty Spire (QoL Compilation)","Reimu（博丽灵梦）","Remilia（蕾米莉亚）","Replay The Spire","RumiaBox-露米娅的神秘盒子","StSLib","SuperFastMode","The Administrix","The Servant 0.9.4","Youmu（魂魄妖梦）","Yuyuko","【功能Mod】混沌之环修复补丁","【功能Mod】聪明的最终Boss","篝火指南"],"gold_per_floor":[109,109,126,141,141,170,170,202,227,258,276,306,2,20,20,93,93,103,53,64,64,64,89,120,170,223,223,234,234,267,279,279,356,356,369,369,394,1,15,40,40,74,121,121,164,164,193,143,143,179],"floor_reached":51,"playtime":2415,"items_purged":["Strike_MRS"],"score":1420,"play_id":"b803455e-0457-4f2c-9a92-2c2192254249","local_time":"20201215020833","is_ascension_mode":true,"campfire_choices":[{"data":"UpSweep","floor":7.0,"key":"SMITH"},{"floor":15.0,"key":"REST"},{"floor":27.0,"key":"REST"},{"floor":29.0,"key":"REST"},{"floor":32.0,"key":"REST"},{"data":"EscapeVelocity","floor":41,"key":"SMITH"},{"floor":46,"key":"REST"},{"floor":49,"key":"REST"}],"circlet_count":0,"master_deck":["AscendersBane","Strike_MRS","Strike_MRS+1","Defend_MRS+1","Defend_MRS+1","Defend_MRS+1","Defend_MRS","MasterSpark","UpSweep+1","EnergyFlow","Decay","EarthLightRay","MeteoricShower","ShootingEcho","Parasite","Parasite","CasketOfStar","Acceleration","RefractionSpark","Violence","Deep Breath+1","Panache+1","Singularity","EscapeVelocity+1","PropBag+1","Decay","DragonMeteor+1","Sickly","ManaConvection","SprinkleStarSeal","MaximisePower","GasGiant","MilkyWay+1","SuperPerseids","ShootTheMoon","Clumsy","OrrerysSun","conspire:SpireCoStock"],"relics":["MiniHakkero","LagranYue:RandomDrawCardRelic","NeowsBlessing","WarpedTongs","LagranYue:MagicReflectiveArmorRelic","RuthlessExorcism:ReiMu","ShroomBag","Matryoshka","ReplayTheSpireMod:TigerMarble","Gremlin Food","ReplayTheSpireMod:ShopPack","Runic Pyramid","Juzu Bracelet","Replay:PocketPolymizer","MealTicket","Replay:Mystery Machine","Strawberry","conspire:RunicOctahedron","Iron Hammer","LagranYue:WskJewelryRelic","Lee\u0027s Waffle","War Paint","Replay:Bandana","Hololive_LightStick","Blue Doll","Replay:Baseball"],"acts_visited":["Exordium","TheCity","TheBeyond"],"potions_floor_usage":[50,50],"damage_taken":[{"damage":0.0,"enemies":"Jaw Worm","floor":1.0,"turns":1.0},{"damage":0.0,"enemies":"Cultist","floor":3.0,"turns":1.0},{"damage":0.0,"enemies":"2 Louse","floor":4.0,"turns":1.0},{"damage":2.0,"enemies":"Lagavulin","floor":6.0,"turns":4.0},{"damage":42.0,"enemies":"3 Sentries","floor":8.0,"turns":9.0},{"damage":24.0,"enemies":"Lagavulin","floor":10.0,"turns":6.0},{"damage":8.0,"enemies":"Red Slaver","floor":11.0,"turns":4.0},{"damage":8.0,"enemies":"3 Sentries","floor":12.0,"turns":6.0},{"damage":17.0,"enemies":"Exordium Thugs","floor":14.0,"turns":5.0},{"damage":4.0,"enemies":"Fading Forest","floor":16.0,"turns":11.0},{"damage":12.0,"enemies":"Chosen","floor":18.0,"turns":5.0},{"damage":0.0,"enemies":"Spheric Guardian","floor":20.0,"turns":3.0},{"damage":15.0,"enemies":"Book of Stabbing","floor":23.0,"turns":5.0},{"damage":9.0,"enemies":"conspire:MimicChest","floor":24.0,"turns":7.0},{"damage":28.0,"enemies":"Snecko","floor":28.0,"turns":4.0},{"damage":57.0,"enemies":"Gremlin Leader","floor":30.0,"turns":6.0},{"damage":2.0,"enemies":"Centurion and Healer","floor":31.0,"turns":6.0},{"damage":54.0,"enemies":"conspire:MysteriousRune","floor":33.0,"turns":6.0},{"damage":56.0,"enemies":"3 Shapes","floor":35.0,"turns":4.0},{"damage":1,"enemies":"Mind Bloom Boss Battle","floor":37,"turns":4},{"damage":3,"enemies":"Orb Walker","floor":39,"turns":3},{"damage":5,"enemies":"Nemesis","floor":40,"turns":9},{"damage":18,"enemies":"4 Shapes","floor":42,"turns":3},{"damage":49,"enemies":"Reptomancer","floor":45,"turns":4},{"damage":2,"enemies":"Sphere and 2 Shapes","floor":47,"turns":4},{"damage":52,"enemies":"Replay:Hell Engine","floor":50,"turns":10}],"seed_played":"8175991429397819765","potions_obtained":[{"floor":1.0,"key":"SteroidPotion"},{"floor":3.0,"key":"GamblersBrew"},{"floor":6.0,"key":"Reflective Coating"},{"floor":8.0,"key":"SpeedPotion"},{"floor":11.0,"key":"BottledSpark"},{"floor":18.0,"key":"BlessingOfTheForge"},{"floor":20.0,"key":"Swift Potion"},{"floor":28.0,"key":"Languid Potion"},{"floor":40,"key":"SteroidPotion"},{"floor":42,"key":"Fire Potion"},{"floor":45,"key":"CultistPotion"}],"is_trial":false,"path_per_floor":["M","?","M","M","?","E","R","E","T","E","M","E","$","M","R","B",null,"M","?","M","$","?","E","?","?","T","R","M","R","E","M","R","B",null,"M","?","?","$","M","E","R","M","T","?","E","R","M","?","R","B",null],"character_chosen":"MARISA","items_purchased":["Gremlin Food","ReplayTheSpireMod:ShopPack","Lee\u0027s Waffle","War Paint"],"campfire_rested":6,"item_purchase_floors":[13,13,38,38],"current_hp_per_floor":[63,63,63,63,63,65,65,29,29,15,15,15,15,10,31,45,65,62,62,66,66,66,59,60,60,60,72,46,67,25,37,60,16,63,13,13,22,86,86,81,81,69,69,69,26,51,49,49,74,30],"gold":179,"neow_bonus":"THREE_ENEMY_KILL","is_daily":false,"chose_seed":false,"campfire_upgraded":2,"win_rate":0.0,"timestamp":1607969313,"path_taken":["M","?","?","M","?","E","R","E","T","E","M","E","$","?","R","BOSS","M","?","?","$","?","E","?","?","T","R","M","R","E","M","R","BOSS","M","?","?","$","M","E","R","M","T","?","E","R","M","?","R","BOSS"],"items_purchased_type":["Relic","Relic","Relic","Relic"],"build_version":"2020-12-13","purchased_purges":1,"victory":true,"max_hp_per_floor":[70,70,70,70,70,70,70,70,70,70,70,70,70,72,72,72,72,72,72,72,72,72,72,72,72,72,72,72,72,79,79,79,79,79,79,79,79,86,86,86,86,86,86,86,86,86,86,86,86,86],"card_choices":[{"not_picked":["PulseMagic","MysteriousBeam"],"picked":"EnergyFlow","floor":1.0},{"not_picked":["PowerUp","MysteriousBeam"],"picked":"EarthLightRay","floor":3.0},{"not_picked":["DC","DarkMatter"],"picked":"MeteoricShower","floor":4.0},{"not_picked":["SporeBomb","WitchOfGreed","UnstableBomb"],"picked":"SKIP","floor":6.0},{"not_picked":["EventHorizon","DarkSpark"],"picked":"ShootingEcho","floor":8.0},{"not_picked":["DarkMatter","AsteroidBelt"],"picked":"CasketOfStar","floor":10.0},{"not_picked":["DC","MeteoricShower"],"picked":"Acceleration","floor":11.0},{"not_picked":["EnergyRecoil","MysteriousBeam"],"picked":"RefractionSpark","floor":12.0},{"not_picked":["Crow Ritual","Sadistic Nature"],"picked":"Violence","floor":13.0},{"not_picked":["Secret Technique","Finesse"],"picked":"Deep Breath","floor":13.0},{"not_picked":["Dramatic Entrance","Finesse"],"picked":"Panache","floor":13.0},{"not_picked":["GrandCross","NonDirectionalLaser"],"picked":"Singularity","floor":14.0},{"not_picked":["TreasureHunter","StarDustReverie"],"picked":"EscapeVelocity","floor":16.0},{"not_picked":["MeteoricShower+1","BlazeAway"],"picked":"PropBag","floor":18.0},{"not_picked":["OrrerysSun","GravityBeat"],"picked":"WitchLeyline","floor":20.0},{"not_picked":["GalacticHalo","MilkyWay","DoubleSpark"],"picked":"SKIP","floor":23.0},{"not_picked":["Acceleration","6A"],"picked":"DragonMeteor","floor":24.0},{"not_picked":["WitchLeyline","DarkMatter+1","LuminesStrike"],"picked":"SKIP","floor":28.0},{"not_picked":["WitchOfGreed","WitchLeyline"],"picked":"ManaConvection","floor":30.0},{"not_picked":["MagicAbsorber","MachineGunSpark"],"picked":"SprinkleStarSeal","floor":31.0},{"not_picked":["StarDustReverie","CollectingQuirk"],"picked":"MaximisePower","floor":33.0},{"not_picked":["BlazeAway","PowerUp"],"picked":"GasGiant","floor":35.0},{"not_picked":["AsteroidBelt","DragonMeteor"],"picked":"MilkyWay+1","floor":37},{"not_picked":["EnergyFlow","MachineGunSpark"],"picked":"SuperPerseids","floor":39},{"not_picked":["MachineGunSpark","WitchLeyline","Acceleration+1"],"picked":"SKIP","floor":40},{"not_picked":["ShootTheMoon","TreasureHunter","OortCloud"],"picked":"SKIP","floor":42},{"not_picked":["AsteroidBelt+1","MagicChant+1"],"picked":"OrrerysSun","floor":45},{"not_picked":["GalacticHalo+1","GravityBeat","MagicChant"],"picked":"SKIP","floor":47}],"player_experience":482310,"relics_obtained":[{"floor":6.0,"key":"LagranYue:MagicReflectiveArmorRelic"},{"floor":8.0,"key":"RuthlessExorcism:ReiMu"},{"floor":9.0,"key":"ShroomBag"},{"floor":10.0,"key":"Matryoshka"},{"floor":12.0,"key":"ReplayTheSpireMod:TigerMarble"},{"floor":23.0,"key":"Juzu Bracelet"},{"floor":24.0,"key":"Replay:PocketPolymizer"},{"floor":26.0,"key":"MealTicket"},{"floor":26.0,"key":"Replay:Mystery Machine"},{"floor":30.0,"key":"Strawberry"},{"floor":37,"key":"LagranYue:WskJewelryRelic"},{"floor":40,"key":"Replay:Bandana"},{"floor":43,"key":"Hololive_LightStick"},{"floor":43,"key":"Blue Doll"},{"floor":45,"key":"Replay:Baseball"}],"event_choices":[{"damage_healed":0.0,"max_hp_gain":0.0,"max_hp_loss":0.0,"gold_gain":0.0,"event_name":"Wheel of Change","player_choice":"Cursed","floor":2.0,"gold_loss":0.0,"damage_taken":0.0,"cards_obtained":["Decay"]},{"damage_healed":0.0,"max_hp_gain":0.0,"max_hp_loss":0.0,"gold_gain":0.0,"event_name":"Accursed Blacksmith","player_choice":"Rummage","floor":5.0,"gold_loss":0.0,"damage_taken":0.0,"relics_obtained":["WarpedTongs"],"cards_obtained":["Pain"]},{"damage_healed":0.0,"max_hp_gain":0.0,"max_hp_loss":0.0,"gold_gain":0.0,"event_name":"The Joust","player_choice":"Bet on Murderer","floor":19.0,"gold_loss":50.0,"damage_taken":0.0},{"damage_healed":0.0,"max_hp_gain":0.0,"max_hp_loss":0.0,"gold_gain":0.0,"event_name":"Forgotten Altar","player_choice":"Smashed Altar","floor":22.0,"gold_loss":0.0,"damage_taken":0.0,"cards_obtained":["Decay"]},{"damage_healed":0.0,"max_hp_gain":0.0,"max_hp_loss":0.0,"gold_gain":50.0,"event_name":"Nest","player_choice":"Stole From Cult","floor":25.0,"gold_loss":0.0,"damage_taken":0.0},{"cards_removed":["WitchLeyline"],"damage_healed":0.0,"max_hp_gain":0.0,"max_hp_loss":0.0,"gold_gain":0.0,"event_name":"WeMeetAgain","player_choice":"Gave Card","floor":36.0,"gold_loss":0.0,"damage_taken":0.0,"relics_obtained":["Iron Hammer"]},{"damage_healed":0,"gold_gain":0,"player_choice":"Fight","damage_taken":0,"max_hp_gain":0,"max_hp_loss":0,"event_name":"MindBloom","floor":37,"gold_loss":0},{"damage_healed":0,"gold_gain":0,"player_choice":"1 cards matched","damage_taken":0,"max_hp_gain":0,"max_hp_loss":0,"event_name":"Match and Keep!","floor":44,"gold_loss":0,"cards_obtained":["Clumsy"]},{"damage_healed":0,"gold_gain":0,"player_choice":"Invest 1","damage_taken":0,"max_hp_gain":0,"max_hp_loss":0,"event_name":"conspire:Investor","floor":48,"gold_loss":0}],"is_beta":false,"boss_relics":[{"not_picked":["Busted Crown","Hololive_Finger"],"picked":"Runic Pyramid"},{"not_picked":["Kintsugi","conspire:SpecialSausage"],"picked":"conspire:RunicOctahedron"}],"items_purged_floors":[38],"is_endless":false,"potions_floor_spawned":[1,3,6,8,11,18,20,28,40,42,45],"ascension_level":17}}