{"host":"sav7uxregyirlf69","time":1607959844,"event":{"mods":["AchievementEnabler","BaseMod","Colored Map","DeckTracker","Keyboard Shortcuts","Minty Spire (QoL Compilation)","READ ME - Guardian Mod","StSLib","SuperFastMode"],"gold_per_floor":[115,190,190,207,132,132,158,83,83,83,113,113,124,143,143,220,220,232,282,282,97,57,57,68,82,109,135,135,152,177,190,190,261,261,273,273,273,283,283,313,313,327,327,22,22,22,41,53,53,53,53],"floor_reached":50,"playtime":1067,"items_purged":["Strike_G","Strike_G","Parasite"],"score":1186,"play_id":"9747096e-04e6-430c-8d20-ed0e36632b9a","local_time":"20201215003044","is_ascension_mode":true,"campfire_choices":[{"data":"Poisoned Stab","floor":6.0,"key":"SMITH"},{"data":"Neutralize","floor":10.0,"key":"SMITH"},{"data":"Leg Sweep","floor":12.0,"key":"SMITH"},{"data":"Blade Dance","floor":15.0,"key":"SMITH"},{"data":"Cloak And Dagger","floor":23.0,"key":"SMITH"},{"floor":28.0,"key":"REST"},{"floor":32.0,"key":"REST"},{"data":"After Image","floor":49.0,"key":"SMITH"}],"circlet_count":0,"master_deck":["AscendersBane","Strike_G","Strike_G","Defend_G","Defend_G+1","Defend_G","Defend_G+1","Survivor","Neutralize+1","Poisoned Stab+1","Backstab","Leg Sweep+1","Acrobatics","Blade Dance+1","Corpse Explosion","Cloak And Dagger+1","Infinite Blades","Well Laid Plans","Footwork","Phantasmal Killer","Panache","Backflip","Deflect+1","After Image+1","Blade Dance","Doubt","Choke"],"relics":["Ring of the Snake","NeowsBlessing","Strawberry","Juzu Bracelet","War Paint","WristBlade","Lizard Tail","Bag of Marbles","Cursed Key","Mercury Hourglass","Lantern","Membership Card"],"acts_visited":["Exordium","TheCity","TheBeyond"],"potions_floor_usage":[],"damage_taken":[{"damage":0.0,"enemies":"Jaw Worm","floor":1.0,"turns":1.0},{"damage":0.0,"enemies":"Small Slimes","floor":4.0,"turns":1.0},{"damage":0.0,"enemies":"Lagavulin","floor":7.0,"turns":1.0},{"damage":7.0,"enemies":"3 Sentries","floor":11.0,"turns":9.0},{"damage":0.0,"enemies":"2 Louse","floor":13.0,"turns":2.0},{"damage":12.0,"enemies":"Large Slime","floor":14.0,"turns":9.0},{"damage":27.0,"enemies":"Hexaghost","floor":16.0,"turns":15.0},{"damage":6.0,"enemies":"Shell Parasite","floor":18.0,"turns":5.0},{"damage":0.0,"enemies":"Spheric Guardian","floor":24.0,"turns":3.0},{"damage":5.0,"enemies":"Snecko","floor":25.0,"turns":4.0},{"damage":24.0,"enemies":"Slavers","floor":27.0,"turns":4.0},{"damage":20.0,"enemies":"Snake Plant","floor":29.0,"turns":6.0},{"damage":0.0,"enemies":"Gremlin Leader","floor":30.0,"turns":6.0},{"damage":17.0,"enemies":"Sentry and Sphere","floor":31.0,"turns":4.0},{"damage":80.0,"enemies":"Champ","floor":33.0,"turns":15.0},{"damage":31.0,"enemies":"3 Darklings","floor":35.0,"turns":3.0},{"damage":0.0,"enemies":"Orb Walker","floor":38.0,"turns":1.0},{"damage":13.0,"enemies":"Reptomancer","floor":40.0,"turns":5.0},{"damage":12.0,"enemies":"Writhing Mass","floor":42.0,"turns":6.0},{"damage":7.0,"enemies":"Spire Growth","floor":47.0,"turns":4.0},{"damage":0.0,"enemies":"3 Darklings","floor":48.0,"turns":4.0},{"damage":74,"enemies":"Awakened One","floor":50,"turns":4}],"seed_played":"4141761049385531740","potions_obtained":[{"floor":1.0,"key":"CunningPotion"},{"floor":4.0,"key":"EssenceOfSteel"},{"floor":13.0,"key":"EssenceOfSteel"},{"floor":16.0,"key":"Swift Potion"},{"floor":22.0,"key":"LiquidMemories"},{"floor":29.0,"key":"Energy Potion"},{"floor":31.0,"key":"Regen Potion"},{"floor":33.0,"key":"Weak Potion"},{"floor":35.0,"key":"Block Potion"},{"floor":42.0,"key":"LiquidBronze"}],"is_trial":false,"path_per_floor":["M","?","?","M","$","R","E","?","T","R","E","R","M","M","R","B",null,"M","?","?","$","?","R","M","M","T","E","R","M","E","M","R","B",null,"M","T","?","M","?","E","?","M","T","$","?","?","M","M","R","B"],"character_chosen":"THE_SILENT","items_purchased":["Infinite Blades","Membership Card","After Image","Blade Dance"],"campfire_rested":2,"item_purchase_floors":[21,44,44,44],"current_hp_per_floor":[59,48,41,41,41,41,48,48,48,48,41,41,41,29,29,2,55,49,49,49,49,49,49,49,44,44,20,41,21,21,4,25,9,57,26,26,26,26,26,13,13,1,1,1,1,66,59,59,59,0,0],"gold":53,"neow_bonus":"THREE_ENEMY_KILL","is_daily":false,"chose_seed":false,"campfire_upgraded":6,"win_rate":0.0,"timestamp":1607959844,"path_taken":["M","?","?","M","?","R","E","?","T","R","E","R","M","M","R","BOSS","M","?","?","$","?","R","M","M","T","E","R","M","E","M","R","BOSS","M","?","?","M","?","E","?","M","T","$","?","?","M","M","R","BOSS"],"items_purchased_type":["Card","Relic","Card","Card"],"build_version":"2020-12-13","purchased_purges":3,"victory":false,"max_hp_per_floor":[66,66,66,66,66,66,73,73,73,73,73,73,73,73,73,73,73,73,73,73,73,73,73,73,73,73,73,73,73,73,73,73,73,73,73,73,73,73,73,73,69,69,69,66,66,66,66,66,66,66,66],"card_choices":[{"not_picked":["PiercingWail","Dodge and Roll"],"picked":"Poisoned Stab","floor":1.0},{"not_picked":["Bane","Burst"],"picked":"Backstab","floor":4.0},{"not_picked":["Endless Agony","Backstab"],"picked":"Leg Sweep","floor":7.0},{"not_picked":["Deflect","Endless Agony"],"picked":"Acrobatics","floor":11.0},{"not_picked":["Catalyst","Expertise","Sucker Punch"],"picked":"SKIP","floor":13.0},{"not_picked":["Cloak And Dagger","Riddle With Holes"],"picked":"Blade Dance","floor":14.0},{"not_picked":["Tools of the Trade","Night Terror"],"picked":"Corpse Explosion","floor":16.0},{"not_picked":["Deadly Poison","Sucker Punch"],"picked":"Cloak And Dagger","floor":18.0},{"not_picked":["Prepared","Deadly Poison"],"picked":"Well Laid Plans","floor":24.0},{"not_picked":["PiercingWail","Slice","Deadly Poison"],"picked":"SKIP","floor":25.0},{"not_picked":["Dagger Spray","Bane","Dash"],"picked":"SKIP","floor":27.0},{"not_picked":["Dagger Throw+1","Prepared"],"picked":"A Thousand Cuts","floor":29.0},{"not_picked":["Outmaneuver","Leg Sweep+1","Quick Slash"],"picked":"SKIP","floor":30.0},{"not_picked":["Underhanded Strike","Prepared"],"picked":"Footwork","floor":31.0},{"not_picked":["Corpse Explosion","Tools of the Trade"],"picked":"Phantasmal Killer","floor":33.0},{"not_picked":["Flying Knee","Cloak And Dagger","Riddle With Holes"],"picked":"SKIP","floor":35.0},{"not_picked":["PiercingWail+1","Bane","Dagger Throw"],"picked":"SKIP","floor":38.0},{"not_picked":["Madness","Dramatic Entrance"],"picked":"Panache","floor":39.0},{"not_picked":["Dodge and Roll","Dagger Spray"],"picked":"Backflip","floor":40.0},{"not_picked":["Dash","Calculated Gamble"],"picked":"Deflect+1","floor":42.0},{"not_picked":["Deflect","Deadly Poison","Masterful Stab+1"],"picked":"SKIP","floor":47.0},{"not_picked":["Dodge and Roll","Flying Knee"],"picked":"Choke","floor":48.0}],"player_experience":908187,"relics_obtained":[{"floor":7.0,"key":"Strawberry"},{"floor":9.0,"key":"Juzu Bracelet"},{"floor":11.0,"key":"War Paint"},{"floor":27.0,"key":"Lizard Tail"},{"floor":30.0,"key":"Bag of Marbles"},{"floor":40.0,"key":"Lantern"}],"event_choices":[{"damage_healed":0.0,"max_hp_gain":0.0,"max_hp_loss":0.0,"gold_gain":75.0,"event_name":"World of Goop","player_choice":"Gather Gold","floor":2.0,"gold_loss":0.0,"damage_taken":11.0},{"cards_removed":["Strike_G"],"damage_healed":0.0,"max_hp_gain":0.0,"max_hp_loss":0.0,"gold_gain":0.0,"event_name":"Golden Wing","player_choice":"Card Removal","floor":3.0,"gold_loss":0.0,"damage_taken":7.0},{"cards_removed":["Defend_G"],"damage_healed":0.0,"max_hp_gain":0.0,"max_hp_loss":0.0,"gold_gain":0.0,"event_name":"The Cleric","player_choice":"Card Removal","floor":8.0,"gold_loss":75.0,"damage_taken":0.0},{"damage_healed":0.0,"max_hp_gain":0.0,"max_hp_loss":0.0,"gold_gain":50.0,"event_name":"Nest","player_choice":"Stole From Cult","floor":19.0,"gold_loss":0.0,"damage_taken":0.0},{"damage_healed":0.0,"max_hp_gain":0.0,"max_hp_loss":0.0,"gold_gain":0.0,"event_name":"The Mausoleum","player_choice":"Ignored","floor":20.0,"gold_loss":0.0,"damage_taken":0.0},{"damage_healed":0.0,"max_hp_gain":0.0,"max_hp_loss":0.0,"gold_gain":0.0,"event_name":"The Woman in Blue","player_choice":"Bought 3 Potions","floor":22.0,"gold_loss":0.0,"damage_taken":0.0},{"damage_healed":0.0,"max_hp_gain":0.0,"max_hp_loss":0.0,"gold_gain":0.0,"event_name":"WeMeetAgain","player_choice":"Gave Potion","floor":37.0,"gold_loss":0.0,"damage_taken":0.0,"relics_obtained":["Mercury Hourglass"]},{"damage_healed":0.0,"max_hp_gain":0.0,"max_hp_loss":0.0,"gold_gain":0.0,"event_name":"SensoryStone","player_choice":"Memory 1","floor":39.0,"gold_loss":0.0,"damage_taken":0.0},{"damage_healed":0.0,"max_hp_gain":0.0,"max_hp_loss":4.0,"gold_gain":0.0,"event_name":"Winding Halls","player_choice":"Max HP","floor":41.0,"gold_loss":0.0,"damage_taken":0.0},{"cards_removed":["A Thousand Cuts"],"damage_healed":0.0,"max_hp_gain":0.0,"max_hp_loss":0.0,"gold_gain":0.0,"event_name":"Falling","player_choice":"Removed Power","floor":45.0,"gold_loss":0.0,"damage_taken":0.0},{"damage_healed":65.0,"max_hp_gain":0.0,"max_hp_loss":0.0,"gold_gain":0.0,"event_name":"MindBloom","player_choice":"Heal","floor":46.0,"gold_loss":0.0,"damage_taken":0.0,"cards_obtained":["Doubt"]}],"is_beta":false,"boss_relics":[{"not_picked":["Black Star","Empty Cage"],"picked":"WristBlade"},{"not_picked":["Busted Crown","Runic Dome"],"picked":"Cursed Key"}],"items_purged_floors":[5,21,44],"is_endless":false,"potions_floor_spawned":[1,4,13,16,25,29,31,33,35,42],"killed_by":"Awakened One","ascension_level":20}}