{"host":"qrt7o4dq2qslzw13","time":1607939044,"event":{"mods":["AchievementEnabler","BaseMod","Colored Map","Colored Powertips","Minty Spire (QoL Compilation)","Quick Restart","Rare Cards Sparkle","StSLib","SuperFastMode"],"gold_per_floor":[111,186,30,49,49,49,59,59,59,8,22,22,34,46,46,120,120,120,80,80,20,20,20],"floor_reached":22,"playtime":382,"items_purged":[],"score":352,"play_id":"12fe2e9d-f949-4e46-b294-16be340dbdec","local_time":"20201214044404","is_ascension_mode":true,"campfire_choices":[{"floor":6,"key":"REST"},{"data":"Fire Breathing","floor":8,"key":"SMITH"},{"floor":15,"key":"REST"}],"circlet_count":0,"master_deck":["AscendersBane","Strike_R","Strike_R","Strike_R","Strike_R","Strike_R","Defend_R","Defend_R","Defend_R","Defend_R","Bash+1","Combust+1","Fire Breathing+1","Wild Strike","True Grit","Fire Breathing","Reckless Charge","True Grit","Wild Strike","Pain","Flex","Impervious","Demon Form","Cleave","Dark Embrace","Shame","Flame Barrier"],"relics":["Burning Blood","Champion Belt","WarpedTongs","Ectoplasm","Lantern"],"acts_visited":["Exordium","TheCity"],"potions_floor_usage":[11,14,16],"damage_taken":[{"damage":22,"enemies":"Small Slimes","floor":1,"turns":4},{"damage":9,"enemies":"2 Louse","floor":4,"turns":3},{"damage":8,"enemies":"Cultist","floor":7,"turns":3},{"damage":20,"enemies":"Large Slime","floor":11,"turns":4},{"damage":9,"enemies":"Red Slaver","floor":13,"turns":2},{"damage":6,"enemies":"3 Louse","floor":14,"turns":2},{"damage":15,"enemies":"The Guardian","floor":16,"turns":8},{"damage":36,"enemies":"Shell Parasite","floor":18,"turns":4},{"damage":37,"enemies":"2 Thieves","floor":21,"turns":4},{"damage":13,"enemies":"3 Cultists","floor":22,"turns":2}],"seed_played":"1729157785205999486","potions_obtained":[{"floor":7,"key":"GamblersBrew"},{"floor":13,"key":"PowerPotion"},{"floor":14,"key":"EssenceOfSteel"},{"floor":21,"key":"FearPotion"}],"is_trial":false,"path_per_floor":["M","?","$","M","?","R","M","R","T","$","M","?","M","M","R","B",null,"M","$","?","M","M"],"character_chosen":"IRONCLAD","items_purchased":["Fire Breathing","Wild Strike","True Grit","True Grit","Dark Embrace"],"campfire_rested":2,"item_purchase_floors":[3,3,3,10,19],"current_hp_per_floor":[52,41,41,38,38,60,58,58,58,58,44,44,41,41,63,54,70,40,40,40,9,0,0],"gold":20,"neow_bonus":"UPGRADE_CARD","is_daily":false,"chose_seed":false,"campfire_upgraded":1,"win_rate":0.0,"timestamp":1607939044,"path_taken":["M","?","$","M","?","R","M","R","T","$","?","?","M","M","R","BOSS","M","$","?","M","M"],"items_purchased_type":["Card","Card","Card","Card","Card"],"build_version":"2020-12-13","purchased_purges":0,"victory":false,"max_hp_per_floor":[75,75,75,75,75,75,75,75,75,75,75,75,75,75,75,75,75,75,75,75,75,75,75],"card_choices":[{"not_picked":["Cleave","Body Slam"],"picked":"Combust","floor":1},{"not_picked":["Intimidate","Pommel Strike"],"picked":"Fire Breathing","floor":4},{"not_picked":["Perfected Strike","Warcry"],"picked":"Reckless Charge","floor":7},{"not_picked":["Infernal Blade","Intimidate"],"picked":"Wild Strike","floor":11},{"not_picked":["Thunderclap","Twin Strike"],"picked":"Flex","floor":13},{"not_picked":["Perfected Strike","Bloodletting"],"picked":"Impervious","floor":14},{"not_picked":["Feed","Fiend Fire"],"picked":"Demon Form","floor":16},{"not_picked":["Sword Boomerang","Carnage"],"picked":"Cleave","floor":18},{"not_picked":["Sentinel","Disarm"],"picked":"Flame Barrier","floor":21}],"player_experience":451182,"relics_obtained":[{"floor":9,"key":"Champion Belt"}],"event_choices":[{"damage_healed":0,"gold_gain":75,"player_choice":"Gather Gold","damage_taken":11,"max_hp_gain":0,"max_hp_loss":0,"event_name":"World of Goop","floor":2,"gold_loss":0},{"damage_healed":0,"gold_gain":0,"player_choice":"Upgraded","damage_taken":0,"max_hp_gain":0,"max_hp_loss":0,"event_name":"Upgrade Shrine","floor":5,"gold_loss":0,"cards_upgraded":["Combust"]},{"damage_healed":0,"gold_gain":0,"player_choice":"Rummage","damage_taken":0,"relics_obtained":["WarpedTongs"],"max_hp_gain":0,"max_hp_loss":0,"event_name":"Accursed Blacksmith","floor":12,"gold_loss":0,"cards_obtained":["Pain"]},{"damage_healed":0,"gold_gain":0,"player_choice":"Stole Relic","damage_taken":0,"relics_obtained":["Lantern"],"max_hp_gain":0,"max_hp_loss":0,"event_name":"Addict","floor":20,"gold_loss":0,"cards_obtained":["Shame"]}],"is_beta":false,"boss_relics":[{"not_picked":["Empty Cage","Black Star"],"picked":"Ectoplasm"}],"items_purged_floors":[],"is_endless":false,"potions_floor_spawned":[7,13,14,21],"killed_by":"3 Cultists","ascension_level":20}}