{"host":"o2evyl5sbrgotc3u","time":1607956869,"event":{"mods":["AchievementEnabler","BaseMod","Colored Map","DeckTracker","Faster Ascension Climbing","Keyboard Shortcuts","Minty Spire (QoL Compilation)","Permanent Neow","Quick Restart","Relic Stats","StSLib","SuperFastMode","everything is the same but u backflip on backflip"],"gold_per_floor":[115,41,41,41,55,89,105,136,136,163,163,163,173,185,185,287,287,304,85,285,305,321,339,339,339,339],"floor_reached":25,"playtime":720,"items_purged":["Strike_B"],"score":268,"play_id":"22585ce0-dee8-4abb-9d52-24a3406e085f","local_time":"20201214234109","is_ascension_mode":true,"campfire_choices":[{"data":"Sunder","floor":12.0,"key":"SMITH"},{"data":"Defragment","floor":15.0,"key":"SMITH"},{"data":"Dualcast","floor":24,"key":"SMITH"}],"circlet_count":0,"master_deck":["Strike_B","Defend_B","Defend_B","Defend_B","Zap","Dualcast+1","Sunder+1","Defragment+1","Cold Snap","Compile Driver","Conserve Battery","Loop+1","Electrodynamics+1","Skim","Ball Lightning"],"relics":["Cracked Core","Du-Vu Doll","Ornamental Fan","StrikeDummy","White Beast Statue","Frozen Egg 2","Empty Cage","TheAbacus"],"acts_visited":["Exordium","TheCity"],"potions_floor_usage":[25],"damage_taken":[{"damage":2.0,"enemies":"Jaw Worm","floor":1.0,"turns":4.0},{"damage":0.0,"enemies":"2 Louse","floor":5.0,"turns":2.0},{"damage":18.0,"enemies":"3 Sentries","floor":6.0,"turns":7.0},{"damage":0.0,"enemies":"Cultist","floor":7.0,"turns":4.0},{"damage":31.0,"enemies":"Lagavulin","floor":8.0,"turns":6.0},{"damage":7.0,"enemies":"3 Sentries","floor":10.0,"turns":5.0},{"damage":0.0,"enemies":"Blue Slaver","floor":13.0,"turns":3.0},{"damage":3.0,"enemies":"Gremlin Gang","floor":14.0,"turns":4.0},{"damage":34.0,"enemies":"Slime Boss","floor":16.0,"turns":8.0},{"damage":5.0,"enemies":"Chosen","floor":18.0,"turns":4.0},{"damage":18.0,"enemies":"2 Thieves","floor":21.0,"turns":3.0},{"damage":0,"enemies":"3 Cultists","floor":22,"turns":2},{"damage":5,"enemies":"Cultist and Chosen","floor":23,"turns":4},{"damage":40,"enemies":"Slavers","floor":25,"turns":2}],"seed_played":"-352369764601697150","potions_obtained":[{"floor":1.0,"key":"Swift Potion"},{"floor":6.0,"key":"LiquidMemories"},{"floor":7.0,"key":"EssenceOfSteel"},{"floor":10.0,"key":"Swift Potion"},{"floor":14.0,"key":"Swift Potion"},{"floor":21.0,"key":"SteroidPotion"}],"is_trial":false,"path_per_floor":["M","$","?","$","M","E","M","E","T","E","?","R","M","M","R","B",null,"M","$","?","M","M","M","R","E"],"character_chosen":"DEFECT","items_purchased":["Defragment","TheAbacus"],"campfire_rested":0,"item_purchase_floors":[2,19],"current_hp_per_floor":[66,66,66,66,66,48,48,17,17,10,68,68,68,65,65,31,68,63,63,63,45,45,40,40,0,0],"gold":339,"neow_bonus":"ONE_RARE_RELIC","is_daily":false,"chose_seed":false,"campfire_upgraded":3,"win_rate":0.0,"timestamp":1607956869,"path_taken":["M","$","?","?","M","E","M","E","T","E","?","R","?","M","R","BOSS","M","$","?","M","?","M","R","E"],"items_purchased_type":["Card","Relic"],"build_version":"2020-12-13","purchased_purges":1,"victory":false,"max_hp_per_floor":[68,68,68,68,68,68,68,68,68,68,68,68,68,68,68,68,68,68,68,68,68,68,68,68,68,68],"relic_stats":{"TheAbacus":[12],"counters":[14,56],"Ornamental Fan":[16],"obtain_stats":[{"Du-Vu Doll":0,"TheAbacus":19,"Ornamental Fan":6,"Frozen Egg 2":10,"Cracked Core":0,"StrikeDummy":8,"Empty Cage":17,"White Beast Statue":9},{"Du-Vu Doll":0,"TheAbacus":10,"Ornamental Fan":3,"Frozen Egg 2":6,"Cracked Core":0,"StrikeDummy":5,"Empty Cage":9,"White Beast Statue":5},{"Du-Vu Doll":0,"TheAbacus":45,"Ornamental Fan":13,"Frozen Egg 2":27,"Cracked Core":0,"StrikeDummy":22,"Empty Cage":42,"White Beast Statue":22}]},"card_choices":[{"not_picked":["Storm","Auto Shields"],"picked":"Sunder","floor":1.0},{"not_picked":["Aggregate","Coolheaded"],"picked":"Cold Snap","floor":5.0},{"not_picked":["Steam","Hologram"],"picked":"Loop","floor":6.0},{"not_picked":["FTL","Cold Snap"],"picked":"Compile Driver","floor":7.0},{"not_picked":["Creative AI","Defragment","Sunder"],"picked":"SKIP","floor":8.0},{"not_picked":["Double Energy","White Noise","Beam Cell"],"picked":"SKIP","floor":10.0},{"not_picked":["Turbo","Stack"],"picked":"Conserve Battery","floor":13.0},{"not_picked":["Compile Driver","Gash"],"picked":"Loop+1","floor":14.0},{"not_picked":["Seek","Buffer+1"],"picked":"Electrodynamics+1","floor":16.0},{"not_picked":["Stack","Leap","Redo"],"picked":"SKIP","floor":18.0},{"not_picked":["Steam","Compile Driver","Barrage"],"picked":"SKIP","floor":21.0},{"not_picked":["Reinforced Body","Cold Snap"],"picked":"Skim","floor":22},{"not_picked":["Beam Cell+1","Conserve Battery"],"picked":"Ball Lightning","floor":23}],"player_experience":278809,"relics_obtained":[{"floor":6.0,"key":"Ornamental Fan"},{"floor":8.0,"key":"StrikeDummy"},{"floor":9.0,"key":"White Beast Statue"},{"floor":10.0,"key":"Frozen Egg 2"}],"event_choices":[{"cards_removed":["Strike_B"],"damage_healed":0.0,"max_hp_gain":0.0,"max_hp_loss":0.0,"gold_gain":0.0,"event_name":"Living Wall","player_choice":"Forget","floor":3.0,"gold_loss":0.0,"damage_taken":0.0},{"cards_removed":["Loop"],"damage_healed":58.0,"max_hp_gain":0.0,"max_hp_loss":0.0,"gold_gain":0.0,"event_name":"Bonfire Elementals","player_choice":"Offered Uncommon","floor":11.0,"gold_loss":0.0,"damage_taken":0.0},{"damage_healed":0.0,"max_hp_gain":0.0,"max_hp_loss":0.0,"gold_gain":250.0,"event_name":"The Joust","player_choice":"Bet on Owner","floor":20.0,"gold_loss":50.0,"damage_taken":0.0}],"is_beta":false,"boss_relics":[{"not_picked":["FrozenCore","Ectoplasm"],"picked":"Empty Cage"}],"items_purged_floors":[19],"is_endless":false,"potions_floor_spawned":[1,6,7,8,10,13,14,16,18,21,22,23],"killed_by":"Slavers","ascension_level":4}}