{"host":"p7j7o00jacnw7qzt","time":1607981199,"event":{"mods":["BaseMod","Colored Map","Colored Powertips","DeckTracker","Highlight Path","Minty Spire (QoL Compilation)","Relic Stats"],"gold_per_floor":[111,111,111,186,18,18,67,79,91,103,142,154,186,228,240,329,341,368,194,119,119,130,161,161,193,193,204,219,219,247,263,263,336,336,352,367,367,367,1366,1366,1698,1710,1710,1736,1003,1029,1049,1061,1061,1061,1061],"floor_reached":50,"playtime":2640,"items_purged":["Poisoned Stab","Normality"],"score":1653,"play_id":"0b181dba-ad75-4e00-9983-c835728de31e","local_time":"20201214162639","is_ascension_mode":true,"campfire_choices":[{"data":"Storm of Steel","floor":6.0,"key":"SMITH"},{"data":"Neutralize","floor":8.0,"key":"SMITH"},{"floor":10.0,"key":"RECALL"},{"data":"Blade Dance","floor":12.0,"key":"SMITH"},{"data":"Survivor","floor":15.0,"key":"SMITH"},{"data":"Calculated Gamble","floor":32.0,"key":"SMITH"},{"data":"Prepared","floor":40.0,"key":"SMITH"},{"data":"Bullet Time","floor":49,"key":"SMITH"}],"circlet_count":0,"master_deck":["AscendersBane","Survivor+1","Neutralize+1","Storm of Steel+1","Blade Dance+1","Endless Agony","Die Die Die","Setup","Cloak And Dagger+1","Backflip","Distraction","Predator","Expertise","PiercingWail","Calculated Gamble+1","Infinite Blades","Acrobatics","Prepared+1","Malaise","Bullet Time+1","Calculated Gamble+1","Terror","Normality","Prepared+1","Concentrate","Storm of Steel+1","Acrobatics","Endless Agony","Blade Dance"],"relics":["Ring of the Snake","Dead Branch","Art of War","MawBank","Ornamental Fan","Strawberry","Meat on the Bone","Pandora\u0027s Box","Bag of Preparation","Sundial","Vajra","Pantograph","HoveringKite","Old Coin","Paper Crane","DollysMirror","Regal Pillow","PreservedInsect","Ancient Tea Set"],"acts_visited":["Exordium","TheCity","TheBeyond"],"potions_floor_usage":[],"damage_taken":[{"damage":3.0,"enemies":"Jaw Worm","floor":1.0,"turns":5.0},{"damage":0.0,"enemies":"3 Sentries","floor":11.0,"turns":5.0},{"damage":0.0,"enemies":"2 Louse","floor":13.0,"turns":1.0},{"damage":0.0,"enemies":"Gremlin Nob","floor":14.0,"turns":1.0},{"damage":0.0,"enemies":"Slime Boss","floor":16.0,"turns":2.0},{"damage":0.0,"enemies":"3 Byrds","floor":18.0,"turns":1.0},{"damage":0.0,"enemies":"Spheric Guardian","floor":22.0,"turns":1.0},{"damage":0.0,"enemies":"Slavers","floor":23.0,"turns":2.0},{"damage":3.0,"enemies":"Gremlin Leader","floor":25.0,"turns":5.0},{"damage":0.0,"enemies":"Shelled Parasite and Fungi","floor":27.0,"turns":2.0},{"damage":0.0,"enemies":"Cultist and Chosen","floor":28.0,"turns":3.0},{"damage":0.0,"enemies":"Book of Stabbing","floor":30.0,"turns":3.0},{"damage":0.0,"enemies":"Chosen and Byrds","floor":31.0,"turns":2.0},{"damage":3.0,"enemies":"Automaton","floor":33.0,"turns":5.0},{"damage":22.0,"enemies":"3 Shapes","floor":35.0,"turns":2.0},{"damage":0.0,"enemies":"Orb Walker","floor":36.0,"turns":1.0},{"damage":0.0,"enemies":"Nemesis","floor":41.0,"turns":3.0},{"damage":45.0,"enemies":"4 Shapes","floor":42.0,"turns":5.0},{"damage":0.0,"enemies":"Reptomancer","floor":44.0,"turns":2.0},{"damage":0,"enemies":"Spire Growth","floor":47,"turns":2},{"damage":0,"enemies":"Writhing Mass","floor":48,"turns":2},{"damage":73,"enemies":"Time Eater","floor":50,"turns":7}],"seed_played":"-8696619511229244278","potions_obtained":[{"floor":14.0,"key":"Swift Potion"},{"floor":22.0,"key":"Strength Potion"},{"floor":30.0,"key":"Strength Potion"},{"floor":33.0,"key":"DuplicationPotion"}],"is_trial":false,"path_per_floor":["M","?","?","?","$","R","T","R","T","R","E","R","M","E","R","B",null,"M","$","?","?","M","E","?","E","T","M","M","?","E","M","R","B",null,"M","M","?","?","?","R","E","M","T","E","$","T","M","M","R","B"],"character_chosen":"THE_SILENT","items_purchased":["Storm of Steel","PiercingWail","Calculated Gamble","DollysMirror","Regal Pillow","PreservedInsect","Acrobatics","Endless Agony"],"campfire_rested":0,"item_purchase_floors":[5,19,19,45,45,45,45,45],"current_hp_per_floor":[56,51,51,40,40,40,40,40,40,40,47,47,47,47,47,47,62,62,62,62,62,62,62,77,74,74,74,74,74,74,74,74,74,76,54,54,54,54,54,54,54,21,21,33,33,33,45,45,45,0,0],"gold":1061,"neow_bonus":"ONE_RARE_RELIC","is_daily":false,"chose_seed":false,"campfire_upgraded":7,"win_rate":0.0,"timestamp":1607981199,"path_taken":["M","?","?","?","?","R","?","R","T","R","E","R","M","E","R","BOSS","M","$","?","?","?","E","?","E","T","M","?","?","E","M","R","BOSS","M","M","?","?","?","R","E","M","T","E","$","?","?","M","R","BOSS"],"items_purchased_type":["Card","Card","Card","Relic","Relic","Relic","Card","Card"],"build_version":"2020-12-13","purchased_purges":2,"victory":false,"max_hp_per_floor":[60,60,60,60,60,60,60,60,60,60,67,67,67,67,67,67,67,67,67,67,67,67,67,77,77,77,77,77,77,77,77,77,77,77,77,77,77,77,77,77,77,77,77,77,77,77,77,77,77,77,77],"relic_stats":{"Regal Pillow":0,"counters":[22,62],"Dead Branch":[381],"HoveringKite":[18],"PreservedInsect":0,"Bag of Preparation":[30],"MawBank":144,"Ornamental Fan":[444],"Sundial":[6],"Pantograph":28,"Pandora\u0027s Box":["Sucker Punch","Setup","Cloak And Dagger","Backflip","Distraction","Corpse Explosion","Poisoned Stab","Predator","Expertise"],"Art of War":[2],"obtain_stats":[{"Regal Pillow":45,"Dead Branch":0,"Vajra":26,"HoveringKite":34,"PreservedInsect":45,"Bag of Preparation":23,"Paper Crane":44,"MawBank":7,"Ancient Tea Set":46,"Old Coin":41,"Ornamental Fan":9,"Sundial":25,"DollysMirror":45,"Strawberry":11,"Pantograph":30,"Pandora\u0027s Box":17,"Art of War":2,"Ring of the Snake":0,"Meat on the Bone":14},{"Regal Pillow":19,"Dead Branch":0,"Vajra":9,"HoveringKite":14,"PreservedInsect":19,"Bag of Preparation":8,"Paper Crane":19,"MawBank":1,"Ancient Tea Set":19,"Old Coin":17,"Ornamental Fan":1,"Sundial":9,"DollysMirror":19,"Strawberry":2,"Pantograph":12,"Pandora\u0027s Box":5,"Art of War":1,"Ring of the Snake":0,"Meat on the Bone":4},{"Regal Pillow":51,"Dead Branch":0,"Vajra":23,"HoveringKite":38,"PreservedInsect":51,"Bag of Preparation":18,"Paper Crane":51,"MawBank":5,"Ancient Tea Set":51,"Old Coin":44,"Ornamental Fan":5,"Sundial":23,"DollysMirror":51,"Strawberry":10,"Pantograph":31,"Pandora\u0027s Box":14,"Art of War":5,"Ring of the Snake":0,"Meat on the Bone":12}],"Ring of the Snake":[46],"Meat on the Bone":36},"card_choices":[{"not_picked":["Slice","Finisher","Outmaneuver"],"picked":"SKIP","floor":1.0},{"not_picked":["Quick Slash","Deflect"],"picked":"Blade Dance","floor":11.0},{"not_picked":["Outmaneuver","Sucker Punch"],"picked":"Endless Agony","floor":13.0},{"not_picked":["Choke","Crippling Poison","Skewer"],"picked":"SKIP","floor":14.0},{"not_picked":["Phantasmal Killer","Storm of Steel"],"picked":"Die Die Die","floor":16.0},{"not_picked":["Dagger Spray","Heel Hook+1","All Out Attack+1"],"picked":"SKIP","floor":18.0},{"not_picked":["Sucker Punch","Crippling Poison"],"picked":"Infinite Blades","floor":22.0},{"not_picked":["Backstab","Expertise"],"picked":"Acrobatics","floor":23.0},{"not_picked":["Bane","Setup","Deadly Poison"],"picked":"SKIP","floor":25.0},{"not_picked":["Bane","Setup","Deadly Poison"],"picked":"SKIP","floor":25.0},{"not_picked":["Outmaneuver+1","Choke+1"],"picked":"Prepared","floor":27.0},{"not_picked":["Flying Knee","Infinite Blades"],"picked":"Finisher","floor":28.0},{"not_picked":["Flying Knee","Slice"],"picked":"Malaise","floor":30.0},{"not_picked":["Reflex","Dash","Outmaneuver+1"],"picked":"SKIP","floor":31.0},{"not_picked":["Doppelganger","Burst"],"picked":"Bullet Time","floor":33.0},{"not_picked":["Skewer+1","Poisoned Stab"],"picked":"Calculated Gamble+1","floor":35.0},{"not_picked":["Dodge and Roll","Blade Dance"],"picked":"Terror","floor":36.0},{"not_picked":["Dagger Throw","Backflip","Distraction"],"picked":"SKIP","floor":41.0},{"not_picked":["Escape Plan","Noxious Fumes"],"picked":"Prepared+1","floor":42.0},{"not_picked":["Acrobatics+1","Grand Finale"],"picked":"Concentrate","floor":44.0},{"not_picked":["Skewer","Slice"],"picked":"Blade Dance","floor":47},{"not_picked":["Sucker Punch","Prepared","Deflect+1"],"picked":"SKIP","floor":48}],"player_experience":853092,"relics_obtained":[{"floor":7.0,"key":"MawBank"},{"floor":9.0,"key":"Ornamental Fan"},{"floor":11.0,"key":"Strawberry"},{"floor":14.0,"key":"Meat on the Bone"},{"floor":23.0,"key":"Bag of Preparation"},{"floor":25.0,"key":"Sundial"},{"floor":26.0,"key":"Vajra"},{"floor":30.0,"key":"Pantograph"},{"floor":41.0,"key":"Old Coin"},{"floor":44.0,"key":"Paper Crane"},{"floor":46,"key":"Ancient Tea Set"}],"event_choices":[{"damage_healed":0.0,"max_hp_gain":0.0,"max_hp_loss":0.0,"gold_gain":0.0,"event_name":"Scrap Ooze","player_choice":"Success","floor":2.0,"gold_loss":0.0,"damage_taken":5.0,"relics_obtained":["Art of War"]},{"cards_removed":["Strike_G"],"damage_healed":0.0,"max_hp_gain":0.0,"max_hp_loss":0.0,"gold_gain":0.0,"event_name":"Living Wall","player_choice":"Forget","floor":3.0,"gold_loss":0.0,"damage_taken":0.0},{"damage_healed":0.0,"max_hp_gain":0.0,"max_hp_loss":0.0,"gold_gain":75.0,"event_name":"World of Goop","player_choice":"Gather Gold","floor":4.0,"gold_loss":0.0,"damage_taken":11.0},{"cards_removed":["Sucker Punch"],"damage_healed":0.0,"max_hp_gain":0.0,"max_hp_loss":0.0,"gold_gain":0.0,"event_name":"Beggar","player_choice":"Gave Gold","floor":20.0,"gold_loss":75.0,"damage_taken":0.0},{"damage_healed":0.0,"max_hp_gain":0.0,"max_hp_loss":0.0,"gold_gain":0.0,"event_name":"Upgrade Shrine","player_choice":"Upgraded","floor":21.0,"gold_loss":0.0,"damage_taken":0.0,"cards_upgraded":["Cloak And Dagger"]},{"cards_removed":["Corpse Explosion"],"damage_healed":5.0,"max_hp_gain":10.0,"max_hp_loss":0.0,"gold_gain":0.0,"event_name":"Bonfire Elementals","player_choice":"Offered Rare","floor":24.0,"gold_loss":0.0,"damage_taken":0.0},{"damage_healed":0.0,"max_hp_gain":0.0,"max_hp_loss":0.0,"gold_gain":0.0,"event_name":"Cursed Tome","player_choice":"Ignored","floor":29.0,"gold_loss":0.0,"damage_taken":0.0},{"cards_removed":["Finisher"],"damage_healed":0.0,"max_hp_gain":0.0,"max_hp_loss":0.0,"gold_gain":0.0,"event_name":"Falling","player_choice":"Removed Attack","floor":37.0,"gold_loss":0.0,"damage_taken":0.0},{"damage_healed":0.0,"max_hp_gain":0.0,"max_hp_loss":0.0,"gold_gain":0.0,"event_name":"Tomb of Lord Red Mask","player_choice":"Ignored","floor":38.0,"gold_loss":0.0,"damage_taken":0.0},{"damage_healed":0.0,"max_hp_gain":0.0,"max_hp_loss":0.0,"gold_gain":999.0,"event_name":"MindBloom","player_choice":"Gold","floor":39.0,"gold_loss":0.0,"damage_taken":0.0,"cards_obtained":["Normality","Normality"]}],"is_beta":false,"boss_relics":[{"not_picked":["Astrolabe","Ring of the Serpent"],"picked":"Pandora\u0027s Box"},{"not_picked":["Busted Crown","Black Star"],"picked":"HoveringKite"}],"items_purged_floors":[19,45],"is_endless":false,"potions_floor_spawned":[14,22,30,31,33,36,41,42,48],"killed_by":"Time Eater","ascension_level":20}}