{"host":"o9f8b8qp367yg72z","time":1607959084,"event":{"mods":["2.2 Compatiblity","AchievementEnabler","Aspiration","BaseMod","BetterRewards","Clockwork Mod","Colored Map","Colored Powertips","Conjunction","Conspire","Friendly Minions","GifTheSpireLib","Glutton Mod","Gold Saver","Halation","HexUI Lib","Highlight Path","Hubris","Mad Scientist","Mimic Mod","Minty Spire (QoL Compilation)","Potionbrewer","QueenMod","Random Character Button","Rare Cards Sparkle","Replay The Spire","Ruin Mod","Shop Mod","Slumbering Mod","StSLib","The Accelerator","The Clintock","The Construct","The Death Knight","The Disciple","The Forsaken","The Gatherer","The Hayseed","The Hierophant","The Judge","The Necromancer","The Runesmith","The Servant 0.9.4","The Spell Scribe","The Trickster","The Valiant","TheHero","TheLocksmith","Treasure Hunter","Wandering Minibosses","everything is the same but u backflip on backflip"],"gold_per_floor":[110,110,110,110,123,149,149,179,179,179,31,43,54,68,68,172,172,192,117,117,33,846,878,878,903,927,946,946,956,956,968,968,1066,1066,1078,1133,1133,1151,1167,1167,380,392,392,428,458,458,490,490,490,495],"floor_reached":51,"playtime":4389,"items_purged":["Clockwork:Shield"],"score":1003,"play_id":"63761867-2ed0-4940-b77b-8ac8941eddfe","local_time":"20201215021804","is_ascension_mode":false,"campfire_choices":[{"data":"TH:DeckOfManyThings","floor":7.0,"key":"SMITH"},{"data":"Clockwork:TiltAWhirl","floor":15,"key":"SMITH"},{"data":"Clockwork:AssemblyLine","floor":32,"key":"SMITH"},{"data":"Clockwork:DefectiveParts","floor":40,"key":"SMITH"},{"data":"Clockwork:TimeWalk","floor":46,"key":"SMITH"},{"data":"Clockwork:PerfectForm","floor":49,"key":"SMITH"}],"circlet_count":0,"master_deck":["Clockwork:Shield+1","Clockwork:Shield","Clockwork:Shield+1","Clockwork:Tinker+1","Clockwork:WarmUp+1","Clockwork:TiltAWhirl+1","Clockwork:HeadStart+1","TH:DeckOfManyThings+1","Clockwork:AssemblyLine+1","TH:DeckOfManyThings+1","Clockwork:CogShield","Clockwork:ElasticNanites","Clockwork:DefectiveParts+1","Clockwork:Pluck+1","Clockwork:Pluck","Clockwork:RevUp+1","Master of Strategy+1","Clockwork:ElasticNanites+1","Clockwork:LogisticRegression+1","Clockwork:HeadStart+1","Clockwork:ElasticNanites","TH:CopperCoins+1","Clockwork:TimeWalk+1","Clockwork:PerfectForm+1"],"relics":["NeowsBlessing","hubris:Icosahedron","aspiration:BabyByrd","Quantum Egg","Runesmith:AutoHammer","conspire:Flyswatter","Omamori","halation:Thesaurus","MadScienceMod:FuelTank","Clockwork:MomentumEngine","Replay:Multitool","theSlumbering:EnchantedHammer","Orrery","Clockwork:BloodPhial","Clockwork:QuicksilverHourglass","wanderingMiniBosses:MasterThiefsPresence","Oddly Smooth Stone","hubris:Towel","ReplayTheSpireMod:TigerMarble","hubris:SlimyHat","aspiration:MobileForge","Clockwork:GoldenCog","halation:Trompette","Kunai","DollysMirror","Question Card","Clockwork:SomewhatSmoothStone","hubris:FunFungus","Replay:Bottled Flurry","Bag of Preparation","potionbrewer:WarMedal"],"acts_visited":["Exordium","TheCity","TheBeyond"],"potions_floor_usage":[32,35,50],"damage_taken":[{"damage":1.0,"enemies":"Small Slimes","floor":1.0,"turns":3.0},{"damage":14.0,"enemies":"Jaw Worm","floor":5.0,"turns":9.0},{"damage":1.0,"enemies":"3 Sentries","floor":6.0,"turns":8.0},{"damage":0.0,"enemies":"Lagavulin","floor":8.0,"turns":2.0},{"damage":0.0,"enemies":"Cultist","floor":12.0,"turns":2.0},{"damage":0.0,"enemies":"Exordium Thugs","floor":13.0,"turns":1.0},{"damage":0,"enemies":"2 Fungi Beasts","floor":14,"turns":3},{"damage":60,"enemies":"The Guardian","floor":16,"turns":9},{"damage":0,"enemies":"conspire:FuzzyDice","floor":18,"turns":3},{"damage":2,"enemies":"3 Byrds","floor":22,"turns":3},{"damage":0,"enemies":"Slavers","floor":23,"turns":1},{"damage":0,"enemies":"Replay:Snechameleon","floor":25,"turns":1},{"damage":9,"enemies":"conspire:HollyBat","floor":27,"turns":5},{"damage":1,"enemies":"Shelled Parasite and Fungi","floor":29,"turns":2},{"damage":12,"enemies":"Snecko","floor":31,"turns":4},{"damage":43,"enemies":"Collector","floor":33,"turns":6},{"damage":0,"enemies":"Orb Walker","floor":35,"turns":8},{"damage":34,"enemies":"2 Orb Walkers","floor":36,"turns":5},{"damage":7,"enemies":"3 Shapes","floor":38,"turns":4},{"damage":0,"enemies":"Transient","floor":39,"turns":5},{"damage":0,"enemies":"Writhing Mass","floor":42,"turns":2},{"damage":0,"enemies":"Giant Head","floor":44,"turns":4},{"damage":5,"enemies":"conspire:MimicChest","floor":45,"turns":6},{"damage":0,"enemies":"Nemesis","floor":47,"turns":3},{"damage":20,"enemies":"Awakened One","floor":50,"turns":5}],"seed_played":"1959042065217523963","potions_obtained":[{"floor":1.0,"key":"potionbrewer:ToxicPotion"},{"floor":12.0,"key":"LiquidBronze"},{"floor":13.0,"key":"Swift Potion"},{"floor":16,"key":"potionbrewer:NoxiousPotion"},{"floor":31,"key":"potionbrewer:BlacksmithPotion"},{"floor":44,"key":"PowerPotion"}],"is_trial":false,"path_per_floor":["M","?","?","?","M","E","R","E","T","?","$","M","M","M","R","B",null,"M","?","?","$","M","E","?","E","T","M","$","M","?","M","R","B",null,"M","?","?","M","M","R","$","M","T","E","?","R","E","?","R","B",null],"character_chosen":"CLOCKWORK","items_purchased":["halation:Thesaurus","Replay:Multitool","Orrery","Clockwork:RevUp","Master of Strategy","Kunai","DollysMirror","Clockwork:ElasticNanites","Question Card"],"campfire_rested":0,"item_purchase_floors":[11,11,21,21,21,41,41,41,41],"current_hp_per_floor":[84,84,84,84,70,69,69,69,69,69,69,69,69,69,69,9,85,85,85,85,85,85,85,85,85,85,76,76,77,77,69,69,32,85,85,51,51,48,52,52,52,56,56,61,60,60,64,64,64,48],"gold":495,"neow_bonus":"THREE_ENEMY_KILL","is_daily":false,"chose_seed":false,"campfire_upgraded":6,"win_rate":0.0,"timestamp":1607959084,"path_taken":["M","?","?","?","M","E","R","E","T","?","$","M","?","M","R","BOSS","M","?","?","$","M","E","?","E","T","M","?","?","?","M","R","BOSS","M","?","?","M","?","R","$","M","T","E","?","R","E","?","R","BOSS"],"items_purchased_type":["Relic","Relic","Relic","Card","Card","Relic","Relic","Card","Relic"],"build_version":"2020-12-13","purchased_purges":1,"victory":true,"max_hp_per_floor":[85,85,85,85,85,85,85,85,85,85,85,85,85,85,85,85,85,85,85,85,85,85,85,85,85,85,85,85,85,85,85,85,85,85,85,85,85,85,85,85,85,85,85,85,85,85,85,85,85,85],"card_choices":[{"not_picked":["Clockwork:AdaptiveCannon","Clockwork:InertialShield"],"picked":"Clockwork:TiltAWhirl","floor":1.0},{"not_picked":["Clockwork:RampUp","Clockwork:Redundancy"],"picked":"Clockwork:HeadStart","floor":5.0},{"not_picked":["TH:PixieDust"],"picked":"TH:DeckOfManyThings","floor":6.0},{"not_picked":["Clockwork:AdaptiveCannon","Clockwork:AdaptiveShield"],"picked":"Clockwork:AssemblyLine","floor":6.0},{"not_picked":["TH:EnergyPotion"],"picked":"TH:DeckOfManyThings","floor":8.0},{"not_picked":["Clockwork:QuantumStrike","Clockwork:AeonShield"],"picked":"Clockwork:CogShield","floor":8.0},{"not_picked":["TH:ElvenBoots","TH:PixieDust"],"picked":"SKIP","floor":9.0},{"not_picked":["Clockwork:ChargingBlade","Clockwork:Minimalism","Clockwork:Redundancy"],"picked":"SKIP","floor":12.0},{"not_picked":["Clockwork:ChargingShield","Clockwork:MechanicalMass"],"picked":"Clockwork:SmithsMallet","floor":13.0},{"not_picked":["Clockwork:SpringShield","Clockwork:AdaptiveShield"],"picked":"Clockwork:ElasticNanites","floor":14},{"not_picked":["Clockwork:AeonShield","Clockwork:Strangle"],"picked":"Clockwork:DefectiveParts","floor":16},{"not_picked":["Clockwork:MechanicalMass","Clockwork:ElasticNanites+1"],"picked":"Clockwork:Pluck+1","floor":18},{"not_picked":["Clockwork:HeadStart","Clockwork:Roundhouse"],"picked":"Clockwork:CraftBloodPhial+1","floor":21},{"not_picked":["Clockwork:SystemHardening","Clockwork:Selectivity"],"picked":"Clockwork:CraftQuicksilverHourglass","floor":21},{"not_picked":["Clockwork:RitualDaggerMk0","Clockwork:ChargingBlade","Clockwork:Friction"],"picked":"SKIP","floor":22},{"not_picked":["Clockwork:SpringShield","Clockwork:Minimalism+1"],"picked":"Clockwork:ElasticNanites","floor":23},{"not_picked":["TH:ElvenBoots","TH:BikiniMail"],"picked":"SKIP","floor":23},{"not_picked":["TH:CursedSword","TH:ElvenBoots"],"picked":"SKIP","floor":25},{"not_picked":["Clockwork:AdaptiveShield+1","Clockwork:Pluck","Clockwork:StasisBreak"],"picked":"SKIP","floor":25},{"not_picked":["TH:ElvenBoots","TH:TreasureMap"],"picked":"SKIP","floor":26},{"not_picked":["Clockwork:Halt","Clockwork:CogShield","Clockwork:SearchingStrike"],"picked":"SKIP","floor":27},{"not_picked":["Clockwork:MechanicalBulk+1","Clockwork:RitualDaggerMk0+1"],"picked":"Clockwork:CraftBloodPhial+1","floor":29},{"not_picked":["Clockwork:MechanicalBulk","Clockwork:Minimalism","Clockwork:SpurOn+1"],"picked":"SKIP","floor":31},{"not_picked":["Clockwork:SystemHardening+1","Clockwork:Clone","Clockwork:LiteraryArmor"],"picked":"SKIP","floor":35},{"not_picked":["Clockwork:Minimalism+1","Clockwork:Redundancy"],"picked":"Clockwork:LogisticRegression+1","floor":36},{"not_picked":["Clockwork:AdaptiveShield+1","Clockwork:Clone"],"picked":"Clockwork:CraftSomewhatSmoothStone","floor":38},{"not_picked":["Clockwork:Clone+1","Clockwork:SnapKeep","Clockwork:Roundhouse+1"],"picked":"SKIP","floor":39},{"not_picked":["Clockwork:ChargingShield","Clockwork:Friction","Clockwork:ChargingBlade+1"],"picked":"Clockwork:CraftSomewhatSmoothStone+1","floor":42},{"not_picked":["TH:Mimic","TH:PixieDust"],"picked":"TH:CopperCoins","floor":43},{"not_picked":["TH:CopperCoins","TH:EnergyPotion","TH:PixieDust"],"picked":"SKIP","floor":44},{"not_picked":["Clockwork:Redundancy+1","Clockwork:MechanicalBulk+1","Clockwork:InertialShield+1","Clockwork:ElasticNanites"],"picked":"SKIP","floor":44},{"not_picked":["Clockwork:SearchingStrike+1","Clockwork:AdaptiveShield","Clockwork:ForgeStrike+1"],"picked":"Clockwork:TimeWalk","floor":45},{"not_picked":["Clockwork:Selectivity","Clockwork:CogBarrier","Clockwork:TestingEnvironment"],"picked":"Clockwork:PerfectForm","floor":47},{"not_picked":["TH:BikiniMail","TH:EnergyPotion","TH:DeckOfManyThings"],"picked":"SKIP","floor":47}],"player_experience":329872,"relics_obtained":[{"floor":6.0,"key":"Quantum Egg"},{"floor":8.0,"key":"Runesmith:AutoHammer"},{"floor":9.0,"key":"conspire:Flyswatter"},{"floor":22,"key":"wanderingMiniBosses:MasterThiefsPresence"},{"floor":23,"key":"Oddly Smooth Stone"},{"floor":25,"key":"ReplayTheSpireMod:TigerMarble"},{"floor":26,"key":"hubris:SlimyHat"},{"floor":36,"key":"halation:Trompette"},{"floor":43,"key":"hubris:FunFungus"},{"floor":44,"key":"Replay:Bottled Flurry"},{"floor":45,"key":"Bag of Preparation"},{"floor":47,"key":"potionbrewer:WarMedal"}],"event_choices":[{"damage_healed":0.0,"max_hp_gain":0.0,"max_hp_loss":0.0,"gold_gain":0.0,"event_name":"Living Wall","player_choice":"Grow","floor":2.0,"gold_loss":0.0,"damage_taken":0.0,"cards_upgraded":["Clockwork:Tinker"]},{"damage_healed":0.0,"max_hp_gain":0.0,"max_hp_loss":0.0,"gold_gain":0.0,"event_name":"WeMeetAgain","player_choice":"Gave Potion","floor":10.0,"gold_loss":0.0,"damage_taken":0.0,"relics_obtained":["Omamori"]},{"cards_removed":["Clockwork:WoundupStrike"],"damage_healed":0,"gold_gain":0,"player_choice":"Gave Gold","damage_taken":0,"max_hp_gain":0,"max_hp_loss":0,"event_name":"Beggar","floor":19,"gold_loss":75},{"damage_healed":0,"gold_gain":0,"player_choice":"Read","damage_taken":0,"max_hp_gain":0,"max_hp_loss":0,"event_name":"The Library","floor":20,"gold_loss":0,"cards_obtained":["Clockwork:Pluck"]},{"damage_healed":0,"gold_gain":0,"player_choice":"Leave","damage_taken":0,"max_hp_gain":0,"max_hp_loss":0,"event_name":"conspire:Investor","floor":30,"gold_loss":0},{"damage_healed":0,"gold_gain":0,"player_choice":"Fight","damage_taken":0,"max_hp_gain":0,"max_hp_loss":0,"event_name":"Mysterious Sphere","floor":36,"gold_loss":0},{"damage_healed":0,"gold_gain":0,"player_choice":"Forge","damage_taken":0,"max_hp_gain":0,"max_hp_loss":0,"event_name":"Accursed Blacksmith","floor":37,"gold_loss":0,"cards_upgraded":["Clockwork:ElasticNanites"]},{"damage_healed":0,"gold_gain":0,"player_choice":"Ignored","damage_taken":0,"max_hp_gain":0,"max_hp_loss":0,"event_name":"NoteForYourself","floor":48,"gold_loss":0}],"is_beta":false,"boss_relics":[{"not_picked":["halation:ForbiddenBikini","Snecko Heart"],"picked":"theSlumbering:EnchantedHammer"},{"not_picked":["conspire:RunicOctahedron","Runesmith:UraniumAnvil"],"picked":"aspiration:MobileForge"}],"items_purged_floors":[41],"is_endless":false,"potions_floor_spawned":[1,12,13,16,18,22,31,35,44],"ascension_level":0}}