{"host":"reretk0dz0kj8f1n","time":1607908858,"event":{"mods":["BaseMod","Colored Map","Lobotomy","Minty Spire (QoL Compilation)","StSLib"],"gold_per_floor":[119,134,134,152,162,162,195,195,245,245,245],"floor_reached":10,"playtime":629,"items_purged":[],"score":68,"play_id":"d3eaf036-9c91-423d-a4b4-f422b5c0a9a0","local_time":"20201214102058","is_ascension_mode":false,"campfire_choices":[{"data":"ParadiseLost","floor":8,"key":"SMITH"}],"circlet_count":0,"master_deck":["SpecialBullet","SpecialBullet","SpecialBullet","SpecialBullet","SpecialBullet","SpecialBullet","SpecialBullet","SpecialBullet","ControlCode","InformationCode","ExtractionCode","GoldRush","Soda+1","Wingbeat+1","ParadiseLost+1","SoundOfStar"],"relics":["CogitoBucket","RabbitCall","The Courier","Ancient Tea Set"],"acts_visited":["Exordium"],"potions_floor_usage":[],"damage_taken":[{"damage":11,"enemies":"Jaw Worm","floor":1,"turns":2},{"damage":0,"enemies":"Small Slimes","floor":2,"turns":2},{"damage":0,"enemies":"Cultist","floor":4,"turns":3},{"damage":20,"enemies":"Looter","floor":5,"turns":3},{"damage":26,"enemies":"3 Sentries","floor":7,"turns":6},{"damage":26,"enemies":"Lagavulin","floor":10,"turns":3}],"seed_played":"7316046804308382230","potions_obtained":[],"is_trial":false,"path_per_floor":["M","M","?","M","M","R","E","R","T","E"],"character_chosen":"Angela","items_purchased":[],"campfire_rested":0,"item_purchase_floors":[],"current_hp_per_floor":[59,60,46,49,32,32,12,12,12,0,0],"gold":245,"neow_bonus":"ONE_RANDOM_RARE_CARD","is_daily":false,"chose_seed":false,"campfire_upgraded":1,"win_rate":0.0,"timestamp":1607908858,"path_taken":["M","M","?","M","M","R","E","R","T","E"],"items_purchased_type":[],"build_version":"2020-12-13","purchased_purges":0,"victory":false,"max_hp_per_floor":[70,70,70,70,70,70,70,70,70,70,70],"card_choices":[{"not_picked":["RapturousDream"],"picked":"Soda","floor":1},{"not_picked":["TodaysExpression","WristCuter"],"picked":"SKIP","floor":1},{"not_picked":["Lantern"],"picked":"Wingbeat","floor":2},{"not_picked":["Beak","FeatherOfHonor"],"picked":"SKIP","floor":2},{"not_picked":["SomewhereSpear"],"picked":"ParadiseLost","floor":4},{"not_picked":["Harmony","TodaysExpression"],"picked":"SKIP","floor":4},{"not_picked":["BlackSwan_ego","SomewhereSpear"],"picked":"SKIP","floor":5},{"not_picked":["Beak","FourthMatchFlame"],"picked":"SKIP","floor":5},{"not_picked":["Beak"],"picked":"SoundOfStar","floor":7},{"not_picked":["Noise","TheSmile"],"picked":"SKIP","floor":7}],"player_experience":218288,"relics_obtained":[{"floor":7,"key":"The Courier"},{"floor":9,"key":"Ancient Tea Set"}],"event_choices":[{"damage_healed":0,"gold_gain":0,"player_choice":"Entered Light","damage_taken":14,"max_hp_gain":0,"max_hp_loss":0,"event_name":"Shining Light","floor":3,"gold_loss":0,"cards_upgraded":["Soda","Wingbeat"]}],"is_beta":false,"boss_relics":[],"items_purged_floors":[],"is_endless":false,"potions_floor_spawned":[],"killed_by":"Lagavulin","ascension_level":0}}