{"host":"63rwe7p34ct1i0qu","time":1607916464,"event":{"mods":["BaseMod","DeckTracker","Minty Spire (QoL Compilation)","Permanent Neow","Quick Restart","StSLib"],"gold_per_floor":[109,121,137,147,164,164,193,193,218,218,230,30,30,30,30,127,127,111,111,61,61,78,78,104,121,147,97,97,109,109,125,125,230,230,249,249,249],"floor_reached":36,"playtime":1031,"items_purged":["Strike_B","Strike_B","Defend_B"],"score":491,"play_id":"6f502f2b-2f44-4761-aa18-909aee09c7d6","local_time":"20201214122744","is_ascension_mode":true,"campfire_choices":[{"floor":6,"key":"REST"},{"data":"Electrodynamics","floor":8,"key":"SMITH"},{"data":"Self Repair","floor":10,"key":"SMITH"},{"data":"Go for the Eyes","floor":13,"key":"SMITH"},{"data":"Zap","floor":15,"key":"SMITH"},{"floor":23,"key":"REST"},{"data":"Dualcast","floor":28,"key":"SMITH"},{"data":"Tempest","floor":30,"key":"SMITH"},{"floor":32,"key":"REST"}],"circlet_count":0,"master_deck":["Defend_B","Defend_B+1","Defend_B+1","Zap+1","Dualcast+1","Ball Lightning+1","Go for the Eyes+1","Recycle","Self Repair+1","Hologram","Electrodynamics+1","Skim","Meteor Strike+1","Tempest+1","Loop+1","Compile Driver+1","Redo+1"],"relics":["FrozenCore","War Paint","Smiling Mask","TheAbacus","Black Star","Dead Branch","Whetstone","Oddly Smooth Stone"],"acts_visited":["Exordium","TheCity","TheBeyond"],"potions_floor_usage":[4,7,16,22,33],"damage_taken":[{"damage":1,"enemies":"Cultist","floor":1,"turns":3},{"damage":0,"enemies":"2 Louse","floor":2,"turns":3},{"damage":2,"enemies":"Jaw Worm","floor":3,"turns":3},{"damage":12,"enemies":"Gremlin Gang","floor":4,"turns":3},{"damage":1,"enemies":"3 Louse","floor":5,"turns":2},{"damage":20,"enemies":"Gremlin Nob","floor":7,"turns":4},{"damage":6,"enemies":"Looter","floor":11,"turns":3},{"damage":23,"enemies":"Hexaghost","floor":16,"turns":10},{"damage":22,"enemies":"2 Thieves","floor":18,"turns":4},{"damage":13,"enemies":"Shell Parasite","floor":22,"turns":5},{"damage":7,"enemies":"Cultist and Chosen","floor":25,"turns":4},{"damage":13,"enemies":"Snake Plant","floor":29,"turns":3},{"damage":0,"enemies":"Snecko","floor":31,"turns":3},{"damage":63,"enemies":"Collector","floor":33,"turns":10},{"damage":4,"enemies":"Orb Walker","floor":35,"turns":3},{"damage":0,"enemies":"3 Darklings","floor":36,"turns":1}],"seed_played":"7974923842570346069","potions_obtained":[{"floor":3,"key":"Fire Potion"},{"floor":4,"key":"Weak Potion"},{"floor":5,"key":"Regen Potion"},{"floor":7,"key":"BlessingOfTheForge"},{"floor":18,"key":"Weak Potion"},{"floor":22,"key":"FearPotion"},{"floor":25,"key":"DuplicationPotion"}],"is_trial":false,"path_per_floor":["M","M","M","M","M","R","E","R","T","R","M","$","R","$","R","B",null,"M","T","$","?","M","R","T","M","T","$","R","M","R","M","R","B",null,"M","M"],"character_chosen":"DEFECT","items_purchased":["TheAbacus"],"campfire_rested":3,"item_purchase_floors":[12],"current_hp_per_floor":[49,49,47,35,34,56,55,55,55,55,59,59,59,59,59,46,68,56,56,56,42,39,63,63,66,66,66,66,53,53,53,77,24,66,62,62,62],"gold":249,"neow_bonus":"REMOVE_TWO","is_daily":false,"chose_seed":false,"campfire_upgraded":6,"win_rate":0.0,"timestamp":1607916464,"path_taken":["M","M","?","M","M","R","E","R","T","R","?","$","R","?","R","BOSS","M","?","$","?","M","R","?","M","T","$","R","M","R","M","R","BOSS","M","M"],"items_purchased_type":["Relic"],"build_version":"2020-12-13","purchased_purges":3,"victory":false,"max_hp_per_floor":[75,75,75,75,75,75,75,75,75,75,75,75,75,75,75,75,75,75,75,75,80,80,80,80,80,80,80,80,80,80,80,80,80,80,80,80,80],"card_choices":[{"not_picked":["Lockon","Beam Cell"],"picked":"Ball Lightning","floor":1},{"not_picked":["Aggregate","Conserve Battery"],"picked":"Go for the Eyes","floor":2},{"not_picked":["Cold Snap","Steam"],"picked":"Recycle","floor":3},{"not_picked":["Barrage","Loop"],"picked":"Self Repair","floor":4},{"not_picked":["Barrage","Steam"],"picked":"Hologram","floor":5},{"not_picked":["White Noise","Fusion"],"picked":"Electrodynamics","floor":7},{"not_picked":["Coolheaded","Streamline"],"picked":"Skim","floor":11},{"not_picked":["Core Surge","Reboot"],"picked":"Meteor Strike","floor":16},{"not_picked":["Steam Power","Coolheaded"],"picked":"Tempest","floor":18},{"not_picked":["Darkness+1","Beam Cell+1","Gash"],"picked":"SKIP","floor":22},{"not_picked":["Stack","Heatsinks"],"picked":"Loop+1","floor":25},{"not_picked":["Glacier","Lockon"],"picked":"Compile Driver+1","floor":29},{"not_picked":["Sunder","Beam Cell","Ball Lightning"],"picked":"SKIP","floor":31},{"not_picked":["Undo+1","Leap+1"],"picked":"Redo+1","floor":35}],"player_experience":754167,"relics_obtained":[{"floor":7,"key":"War Paint"},{"floor":9,"key":"Smiling Mask"},{"floor":19,"key":"Dead Branch"},{"floor":24,"key":"Whetstone"},{"floor":26,"key":"Oddly Smooth Stone"}],"event_choices":[{"damage_healed":0,"gold_gain":0,"player_choice":"Shed Blood","damage_taken":19,"max_hp_gain":5,"max_hp_loss":0,"event_name":"Forgotten Altar","floor":21,"gold_loss":0}],"is_beta":false,"boss_relics":[{"not_picked":["SlaversCollar","Busted Crown"],"picked":"Black Star"},{"not_picked":["Runic Pyramid","Cursed Key"],"picked":"FrozenCore"}],"items_purged_floors":[12,20,27],"is_endless":false,"potions_floor_spawned":[3,4,5,7,18,22,25],"killed_by":"3 Darklings","ascension_level":7}}