{"host":"cxizwatl5v7zq6a5","time":1607928683,"event":{"mods":["AchievementEnabler","Act Like it!","BaseMod","Colored Map","Colored Powertips","Downfall","Friendly Minions","Gensokyo","Hermit","HololiveMod","Hubris","Infinite Spire","Marisa????????","Minty Spire (QoL Compilation)","Quick Restart","READ ME - Guardian Mod","Rare Cards Sparkle","Remilia??????","Replay The Spire","StSLib","The Cursed","The Jungle","The Servant 0.9.4"],"gold_per_floor":[118,118,118,133,308,308,340,340,340,50,150,168,183,208,208,306,306,323,323,248,222,222,222,252,252,275,275,275,275,306,60,60,165,165,183,28,40,40,40,40],"floor_reached":39,"playtime":1819,"items_purged":[],"score":495,"play_id":"0b643d4a-a022-4d1f-879d-b24455d32040","local_time":"20201214145123","is_ascension_mode":true,"campfire_choices":[{"data":"Cloak And Dagger","floor":6,"key":"SMITH"},{"data":"ReplayTheSpireMod:Necrosis","floor":8,"key":"SMITH"},{"floor":15,"key":"REST"},{"data":"Noxious Fumes","floor":23,"key":"SMITH"},{"floor":25,"key":"REST"},{"data":"Crippling Poison","floor":29,"key":"SMITH"},{"data":"Deadly Poison","floor":32,"key":"SMITH"}],"circlet_count":0,"master_deck":["Strike_G","Strike_G","Strike_G","Strike_G","Strike_G","Defend_G+1","Defend_G","Defend_G","Defend_G","Defend_G","Survivor","Neutralize","Hidden Blade","Cloak And Dagger+1","ReplayTheSpireMod:Necrosis+1","Noxious Fumes+1","Crippling Poison+1","Blade Dance","Quick Slash","Dodge and Roll","A Thousand Cuts","Poisoned Stab","Cloak And Dagger","Deadly Poison+1","All Out Attack","Replay:Bag of Tricks","Terror+1","Dagger Spray"],"relics":["Ring of the Snake","NeowsBlessing","StoneCalendar","CaptainsWheel","Art of War","Pen Nib","Replay:Bronze Core","hubris:TenFootPole","Snake Skull","infinitespire:Satchel","ReplayTheSpireMod:Ring of Addiction","Potion Belt","hubris:EmptyBottle","Ring of Fangs","Replay:Ringing Soul","infinitespire:Bottled Soul","Sozu","Orichalcum"],"acts_visited":["Exordium","TheCity","TheBeyond"],"potions_floor_usage":[14,16,33,35,39],"damage_taken":[{"damage":0,"enemies":"Small Slimes","floor":1,"turns":1},{"damage":0,"enemies":"Jaw Worm","floor":4,"turns":1},{"damage":0,"enemies":"Gremlin Nob","floor":7,"turns":1},{"damage":1,"enemies":"2 Louse","floor":12,"turns":3},{"damage":5,"enemies":"Red Slaver","floor":13,"turns":4},{"damage":15,"enemies":"Lagavulin","floor":14,"turns":7},{"damage":71,"enemies":"Hexaghost","floor":16,"turns":12},{"damage":3,"enemies":"Chosen","floor":18,"turns":6},{"damage":11,"enemies":"2 Thieves","floor":21,"turns":6},{"damage":23,"enemies":"Book of Stabbing","floor":24,"turns":7},{"damage":3,"enemies":"Gremlin Leader","floor":30,"turns":5},{"damage":17,"enemies":"Collector","floor":33,"turns":6},{"damage":15,"enemies":"3 Shapes","floor":35,"turns":3},{"damage":1,"enemies":"3 Darklings","floor":37,"turns":6},{"damage":30,"enemies":"infinitespire:Three Voidlings","floor":39,"turns":5},{"damage":48,"enemies":"Nightmare_Alpha","floor":39,"turns":7}],"seed_played":"-245026177814489689","potions_obtained":[{"floor":1,"key":"AttackPotion"},{"floor":12,"key":"Block Potion"},{"floor":21,"key":"Explosive Potion"},{"floor":27,"key":"SneckoOil"},{"floor":27,"key":"LifebloodPotion"},{"floor":27,"key":"Elixir"},{"floor":30,"key":"Flashbang"}],"is_trial":false,"path_per_floor":["M","?","?","M","?","R","E","R","T","$","?","M","M","E","R","B",null,"M","T","?","M","AVR","R","E","R","T","?","?","R","E","$","R","B",null,"M","$","M","AVR","?"],"character_chosen":"THE_SILENT","items_purchased":["Art of War","Noxious Fumes","Crippling Poison","infinitespire:Bottled Soul","Orichalcum"],"campfire_rested":2,"item_purchase_floors":[10,10,10,31,36],"current_hp_per_floor":[70,70,75,75,75,75,75,75,75,75,75,74,69,54,75,4,75,72,72,72,61,61,61,38,60,60,60,60,60,60,60,60,46,79,67,67,69,69,0,0],"gold":40,"neow_bonus":"THREE_ENEMY_KILL","is_daily":false,"chose_seed":false,"campfire_upgraded":5,"win_rate":0.0,"timestamp":1607928683,"path_taken":["M","?","?","M","?","R","E","R","T","?","?","M","M","E","R","BOSS","M","?","?","M","AVR","R","E","R","T","?","?","R","E","$","R","BOSS","M","?","M","AVR","?"],"items_purchased_type":["Relic","Card","Card","Relic","Relic"],"build_version":"2020-12-13","purchased_purges":0,"victory":false,"max_hp_per_floor":[70,70,75,75,75,75,75,75,75,75,75,75,75,75,75,75,75,75,75,75,75,75,75,75,75,75,75,75,75,78,76,76,79,79,82,82,85,85,83,83],"card_choices":[{"not_picked":["Outmaneuver","Prepared"],"picked":"Hidden Blade","floor":1},{"not_picked":["ReplayTheSpireMod:Exploit Weakness","Distraction"],"picked":"Cloak And Dagger","floor":4},{"not_picked":["Heel Hook","Backflip"],"picked":"ReplayTheSpireMod:Necrosis","floor":7},{"not_picked":["Tactician","Prepared"],"picked":"Blade Dance","floor":12},{"not_picked":["ReplayTheSpireMod:Speed Training","hubris:SlightOfHand"],"picked":"Quick Slash","floor":13},{"not_picked":["hubris:SlightOfHand","Prepared"],"picked":"Dodge and Roll","floor":14},{"not_picked":["Venomology","Replay:Bag of Tricks"],"picked":"A Thousand Cuts","floor":16},{"not_picked":["Expertise","Heel Hook"],"picked":"Poisoned Stab","floor":18},{"not_picked":["ReplayTheSpireMod:The Works+1","Quick Slash"],"picked":"Cloak And Dagger","floor":21},{"not_picked":["Dodge and Roll+1","ReplayTheSpireMod:The Works"],"picked":"Deadly Poison","floor":24},{"not_picked":["Deflect","Flying Knee+1"],"picked":"All Out Attack","floor":30},{"not_picked":["Phantasmal Killer","Doppelganger"],"picked":"Replay:Bag of Tricks","floor":33},{"not_picked":["Sucker Punch","Dagger Throw"],"picked":"Terror+1","floor":35},{"not_picked":["hubris:SlightOfHand","Dodge and Roll"],"picked":"Dagger Spray","floor":37}],"player_experience":109566,"relics_obtained":[{"floor":7,"key":"StoneCalendar"},{"floor":9,"key":"CaptainsWheel"},{"floor":14,"key":"Pen Nib"},{"floor":19,"key":"hubris:TenFootPole"},{"floor":24,"key":"Snake Skull"},{"floor":26,"key":"infinitespire:Satchel"},{"floor":27,"key":"ReplayTheSpireMod:Ring of Addiction"},{"floor":27,"key":"Potion Belt"},{"floor":27,"key":"hubris:EmptyBottle"},{"floor":27,"key":"Ring of Fangs"},{"floor":30,"key":"Replay:Ringing Soul"}],"event_choices":[{"damage_healed":0,"gold_gain":0,"player_choice":"Donut","damage_taken":0,"max_hp_gain":5,"max_hp_loss":0,"event_name":"Big Fish","floor":3,"gold_loss":0},{"damage_healed":0,"gold_gain":175,"player_choice":"AGREE","damage_taken":0,"max_hp_gain":0,"max_hp_loss":0,"event_name":"Liars Game","floor":5,"gold_loss":0,"cards_obtained":["Doubt"]},{"damage_healed":0,"gold_gain":100,"player_choice":"Pray","damage_taken":0,"max_hp_gain":0,"max_hp_loss":0,"event_name":"Golden Shrine","floor":11,"gold_loss":0},{"cards_removed":["Doubt"],"damage_healed":0,"gold_gain":0,"player_choice":"Gave Gold","damage_taken":0,"max_hp_gain":0,"max_hp_loss":0,"event_name":"Beggar","floor":20,"gold_loss":75},{"cards_removed":["Sickly"],"damage_healed":0,"gold_gain":0,"player_choice":"Removed Curses","damage_taken":0,"max_hp_gain":0,"max_hp_loss":0,"event_name":"Fountain of Cleansing","floor":28,"gold_loss":0}],"is_beta":false,"boss_relics":[{"not_picked":["Tiny House","Replay:Grab Bag"],"picked":"Replay:Bronze Core"},{"not_picked":["Honey Jar","Ring of Chaos"],"picked":"Sozu"}],"items_purged_floors":[],"is_endless":false,"potions_floor_spawned":[1,12,21,30,35,37,39],"killed_by":"Nightmare_Alpha","ascension_level":1}}