{"host":"4amcrcg6ktw8dbzk","time":1607948653,"event":{"mods":["BaseMod","Dota2Spire","Minty Spire (QoL Compilation)","MostiFishMod","Robot Space Explorer","Spicy Shops","StSLib","Waifu the Spire"],"gold_per_floor":[414,430,448,40,57,89,89,122,122,136,147,147,247,277,277,372,372,382,396,407,422,434,468,478,510,579,604,618,645,645,664,664,764,764,781,781,795,847,847,847,859,859,859,909,909,923,958,547,547,547,547,547,280,315,315],"floor_reached":56,"playtime":2200,"items_purged":["Defend_G","Strike_G","Strike_G","Strike_G"],"score":2280,"play_id":"c666a992-87e0-4c67-b4a9-08470f01fe71","local_time":"20201214202413","is_ascension_mode":true,"campfire_choices":[{"floor":7.0,"key":"REST"},{"floor":12.0,"key":"REST"},{"data":"Deadly Poison","floor":15.0,"key":"SMITH"},{"data":"Calculated Gamble","floor":30,"key":"SMITH"},{"data":"MostiFishMod:Dislodge","floor":32,"key":"SMITH"},{"data":"Tactician","floor":40,"key":"SMITH"},{"data":"Bouncing Flask","floor":42,"key":"SMITH"},{"data":"MostiFishMod:LethalBlade","floor":45,"key":"SMITH"},{"floor":49,"key":"RECALL"},{"data":"Noxious Fumes","floor":52,"key":"SMITH"}],"circlet_count":0,"master_deck":["AscendersBane","Strike_G","Strike_G","Defend_G","Defend_G","Defend_G","Defend_G","Survivor","Neutralize","Outmaneuver","Calculated Gamble+1","Infinite Blades","Backflip","Escape Plan","MostiFishMod:PreservedThorns","Tactician+1","Concentrate","Deadly Poison+1","MostiFishMod:Dislodge+1","Blade Dance","Acrobatics","Deadly Poison","Unload","Backflip+1","Poisoned Stab","Poisoned Stab+1","Prepared","Crippling Poison+1","MostiFishMod:LethalBlade+1","Well Laid Plans+1","Purity","Acrobatics","Escape Plan+1","Bouncing Flask+1","Backflip","Noxious Fumes+1","Terror","Footwork"],"relics":["Ring of the Snake","DaveBox","Old Coin","Question Card","Snake Skull","TwistedFunnel","Ninja Scroll","Bag of Marbles","Shuriken","Meat on the Bone","ImportantClient","PatriotShield","Dota2Spire:MantaStyle","Dota2Spire:BlackKingBar","Dota2Spire:LotusOrb","Ancient Tea Set","xbg","Prayer Wheel","Darkstone Periapt","FossilizedHelix","Ice Cream","Gremlin Horn","Medical Kit","Dota2Spire:UrnOfShadows"],"acts_visited":["Exordium","TheCity","TheBeyond","TheEnding"],"potions_floor_usage":[55],"damage_taken":[{"damage":0.0,"enemies":"Small Slimes","floor":1.0,"turns":3.0},{"damage":0.0,"enemies":"Cultist","floor":2.0,"turns":4.0},{"damage":1.0,"enemies":"Jaw Worm","floor":3.0,"turns":5.0},{"damage":13.0,"enemies":"Exordium Wildlife","floor":5.0,"turns":5.0},{"damage":44.0,"enemies":"3 Sentries","floor":6.0,"turns":15.0},{"damage":18.0,"enemies":"Gremlin Nob","floor":8.0,"turns":4.0},{"damage":0.0,"enemies":"3 Louse","floor":10.0,"turns":1.0},{"damage":0.0,"enemies":"Gremlin Gang","floor":11.0,"turns":3.0},{"damage":10.0,"enemies":"3 Sentries","floor":14.0,"turns":4.0},{"damage":2.0,"enemies":"Hexaghost","floor":16.0,"turns":5.0},{"damage":0.0,"enemies":"Spheric Guardian","floor":18.0,"turns":1.0},{"damage":0.0,"enemies":"2 Thieves","floor":19.0,"turns":1.0},{"damage":0.0,"enemies":"Centurion and Healer","floor":20.0,"turns":1.0},{"damage":0.0,"enemies":"Snake Plant","floor":21.0,"turns":1.0},{"damage":0.0,"enemies":"Chosen and Byrds","floor":22.0,"turns":2.0},{"damage":0.0,"enemies":"Book of Stabbing","floor":23.0,"turns":2.0},{"damage":0.0,"enemies":"Sentry and Sphere","floor":24.0,"turns":2.0},{"damage":10.0,"enemies":"Gremlin Leader","floor":25.0,"turns":2.0},{"damage":0,"enemies":"Slavers","floor":27,"turns":1},{"damage":0,"enemies":"Shelled Parasite and Fungi","floor":28,"turns":1},{"damage":0,"enemies":"Gremlin Leader","floor":29,"turns":1},{"damage":0,"enemies":"Centurion and Healer","floor":31,"turns":1},{"damage":0,"enemies":"Automaton","floor":33,"turns":2},{"damage":0,"enemies":"3 Darklings","floor":35,"turns":1},{"damage":0,"enemies":"3 Shapes","floor":37,"turns":1},{"damage":0,"enemies":"2 Orb Walkers","floor":38,"turns":1},{"damage":0,"enemies":"Writhing Mass","floor":41,"turns":2},{"damage":0,"enemies":"Mind Bloom Boss Battle","floor":44,"turns":1},{"damage":0,"enemies":"Spire Growth","floor":46,"turns":1},{"damage":0,"enemies":"Giant Head","floor":47,"turns":4},{"damage":0,"enemies":"Donu and Deca","floor":50,"turns":4},{"damage":0,"enemies":"Shield and Spear","floor":54,"turns":4},{"damage":35,"enemies":"The Heart","floor":55,"turns":7}],"seed_played":"1627437505291690286","potions_obtained":[{"floor":2.0,"key":"SpeedPotion"},{"floor":3.0,"key":"DistilledChaos"},{"floor":8.0,"key":"SteroidPotion"},{"floor":16.0,"key":"Explosive Potion"},{"floor":19.0,"key":"CunningPotion"}],"is_trial":false,"path_per_floor":["M","M","M","$","M","E","R","E","T","M","M","R","?","E","R","B",null,"M","M","M","M","M","E","M","E","T","E","M","E","R","M","R","B",null,"M","?","M","?","?","R","M","R","T","?","R","M","E","$","R","B",null,"R","$","E","B",null],"character_chosen":"THE_SILENT","items_purchased":["Snake Skull","Escape Plan","TwistedFunnel","Noxious Fumes","Gremlin Horn","Terror","Medical Kit","Footwork"],"campfire_rested":2,"item_purchase_floors":[4,4,4,48,48,48,53,53],"current_hp_per_floor":[63,63,62,62,49,5,26,8,8,8,8,29,29,19,19,29,60,60,60,60,60,60,60,60,50,50,50,50,50,50,50,50,50,65,65,65,65,65,65,65,65,65,65,65,65,65,65,65,65,65,69,69,69,69,46],"gold":315,"neow_bonus":"THREE_CARDS","is_daily":false,"chose_seed":false,"campfire_upgraded":7,"win_rate":0.0,"timestamp":1607948653,"path_taken":["M","M","M","$","M","E","R","E","T","M","M","R","?","E","R","BOSS","M","?","M","M","M","E","M","E","T","E","M","E","R","M","R","BOSS","M","?","M","?","?","R","?","R","T","?","R","M","E","$","R","BOSS","R","$","E","BOSS"],"items_purchased_type":["Relic","Card","Relic","Card","Relic","Card","Relic","Card"],"build_version":"2020-12-13","purchased_purges":4,"victory":true,"max_hp_per_floor":[70,70,70,70,70,70,70,70,70,70,70,70,70,70,70,70,70,70,70,70,70,70,70,70,70,70,70,70,70,70,70,70,70,70,70,70,70,70,70,70,70,70,70,70,70,70,70,70,70,70,70,70,70,70,70],"card_choices":[{"not_picked":["Caltrops","Reflex"],"picked":"Outmaneuver","floor":0.0},{"not_picked":["Deflect","Leg Sweep"],"picked":"Calculated Gamble","floor":1.0},{"not_picked":["Slice","Accuracy","Underhanded Strike"],"picked":"Infinite Blades","floor":2.0},{"not_picked":["Dagger Spray","Finisher","PiercingWail"],"picked":"Backflip","floor":3.0},{"not_picked":["Underhanded Strike","Night Terror","PiercingWail","Masterful Stab"],"picked":"SKIP","floor":5.0},{"not_picked":["Bane","Accuracy","Calculated Gamble"],"picked":"MostiFishMod:PreservedThorns","floor":6.0},{"not_picked":["Backstab","Riddle With Holes","Calculated Gamble"],"picked":"Tactician","floor":8.0},{"not_picked":["Backflip","Deadly Poison","Cloak And Dagger"],"picked":"Concentrate","floor":10.0},{"not_picked":["Corpse Explosion","MostiFishMod:PerfectParry","Outmaneuver"],"picked":"Deadly Poison","floor":11.0},{"not_picked":["MostiFishMod:PerfectParry","Finisher","Sucker Punch","All Out Attack"],"picked":"SKIP","floor":14.0},{"not_picked":["Wraith Form v2","Envenom","MostiFishMod:HiddenBlade"],"picked":"MostiFishMod:Dislodge","floor":16.0},{"not_picked":["Outmaneuver","Dodge and Roll","Dagger Spray"],"picked":"Blade Dance","floor":18.0},{"not_picked":["Blade Dance","Cloak And Dagger","Deadly Poison"],"picked":"Acrobatics","floor":19.0},{"not_picked":["Dodge and Roll+1","Outmaneuver","Riddle With Holes"],"picked":"Deadly Poison","floor":20.0},{"not_picked":["Outmaneuver","Bane","Dodge and Roll"],"picked":"Unload","floor":21.0},{"not_picked":["Bane","Sucker Punch","Choke"],"picked":"Backflip+1","floor":22.0},{"not_picked":["Escape Plan","Distraction","Flying Knee"],"picked":"Poisoned Stab","floor":23.0},{"not_picked":["Concentrate","Sucker Punch","Outmaneuver","MostiFishMod:FrostNova"],"picked":"SKIP","floor":24.0},{"not_picked":["Quick Slash","All Out Attack","Backflip","Wraith Form v2"],"picked":"SKIP","floor":25.0},{"not_picked":["Dodge and Roll+1","Outmaneuver","Finisher","MostiFishMod:PreservedThorns"],"picked":"SKIP","floor":27},{"not_picked":["Outmaneuver","MostiFishMod:PerfectParry","Flying Knee"],"picked":"Poisoned Stab+1","floor":28},{"not_picked":["Backstab","Backflip","Doppelganger"],"picked":"Prepared","floor":29},{"not_picked":["PiercingWail","Sucker Punch","Outmaneuver"],"picked":"Crippling Poison+1","floor":31},{"not_picked":["MostiFishMod:UniGreen","Adrenaline","MostiFishMod:HiddenBlade"],"picked":"MostiFishMod:LethalBlade","floor":33},{"not_picked":["Slice","Dagger Throw+1","Deadly Poison"],"picked":"Well Laid Plans+1","floor":35},{"not_picked":["MostiFishMod:TheEndOfMoonlight","Dark Shackles","Panacea"],"picked":"Purity","floor":36},{"not_picked":["Masterful Stab","Dash","Reflex"],"picked":"Acrobatics","floor":37},{"not_picked":["Prepared","MostiFishMod:PreservedThorns+1","Sucker Punch"],"picked":"Escape Plan+1","floor":38},{"not_picked":["Cloak And Dagger","Backflip+1","Flying Knee+1"],"picked":"Bouncing Flask","floor":41},{"not_picked":["Underhanded Strike","Calculated Gamble","Leg Sweep+1","Flechettes"],"picked":"SKIP","floor":41},{"not_picked":["Slice+1","MostiFishMod:InvigoratingSolution","Quick Slash"],"picked":"Backflip","floor":44},{"not_picked":["Slice","Eviscerate+1","Outmaneuver","Acrobatics"],"picked":"SKIP","floor":46},{"not_picked":["Blur","Unload","Dagger Throw+1","Blade Dance"],"picked":"SKIP","floor":46},{"not_picked":["PiercingWail","Dagger Spray+1","Acrobatics","Flechettes"],"picked":"SKIP","floor":47},{"not_picked":["Poisoned Stab+1","Riddle With Holes+1","Flying Knee","MostiFishMod:PerfectParry+1"],"picked":"SKIP","floor":54}],"player_experience":250025,"relics_obtained":[{"floor":1.0,"key":"Question Card"},{"floor":6.0,"key":"Ninja Scroll"},{"floor":8.0,"key":"Bag of Marbles"},{"floor":9.0,"key":"Shuriken"},{"floor":14.0,"key":"Meat on the Bone"},{"floor":16.0,"key":"ImportantClient"},{"floor":23.0,"key":"Dota2Spire:MantaStyle"},{"floor":25.0,"key":"Dota2Spire:BlackKingBar"},{"floor":27,"key":"Dota2Spire:LotusOrb"},{"floor":29,"key":"Ancient Tea Set"},{"floor":38,"key":"Prayer Wheel"},{"floor":43,"key":"Darkstone Periapt"},{"floor":44,"key":"FossilizedHelix"},{"floor":47,"key":"Ice Cream"},{"floor":54,"key":"Dota2Spire:UrnOfShadows"}],"event_choices":[{"damage_healed":0.0,"max_hp_gain":0.0,"max_hp_loss":0.0,"gold_gain":100.0,"event_name":"Golden Shrine","player_choice":"Pray","floor":13.0,"gold_loss":0.0,"damage_taken":0.0},{"damage_healed":0,"gold_gain":0,"player_choice":"Memory 1","damage_taken":0,"max_hp_gain":0,"max_hp_loss":0,"event_name":"SensoryStone","floor":36,"gold_loss":0},{"damage_healed":0,"gold_gain":0,"player_choice":"Fight","damage_taken":0,"max_hp_gain":0,"max_hp_loss":0,"event_name":"Mysterious Sphere","floor":38,"gold_loss":0},{"damage_healed":0,"gold_gain":0,"player_choice":"Got Potions","damage_taken":0,"max_hp_gain":0,"max_hp_loss":0,"event_name":"Lab","floor":39,"gold_loss":0},{"damage_healed":0,"gold_gain":0,"player_choice":"Fight","damage_taken":0,"max_hp_gain":0,"max_hp_loss":0,"event_name":"MindBloom","floor":44,"gold_loss":0}],"is_beta":false,"boss_relics":[{"not_picked":["Cursed Key","SynthV:MejaisSoulstealer"],"picked":"PatriotShield"},{"not_picked":["Runic Dome","JellyFishMachine"],"picked":"xbg"}],"items_purged_floors":[4,48,48,53],"is_endless":false,"potions_floor_spawned":[2,3,8,10,16,19,20,25,27,28,29,35,37,41,44],"ascension_level":12}}