{"host":"v9ordiuf4xzdpttp","time":1607918131,"event":{"mods":["AchievementEnabler","Act Like it!","AlwaysNeverKeys","Aspiration","BaseMod","Better Third Choice","Better Vampires","BetterRewards","Colored Map","Conspire","Dio Mod","Downfall","Energized Spire","Gold Saver","GungeonMod","Hubris","Infinite Spire","Marked Mod","Melee Mod","Minty Spire (QoL Compilation)","Pale of the Ancients","Remove Card Discount Mod","Replay The Spire","SOS???????","Shop Mod","Small Relic Pack","Spicy Shops","StSLib","The Bladedancer","The Bug Knight","The Construct","The Hayseed","The Runesmith","The Servant 0.9.4","The Wild Card","???Mod??????Boss","??????REMEMod"],"gold_per_floor":[114,16,91,10,25,55,55,155,155,170,170,185,210,225,225,225,225],"floor_reached":16,"playtime":992,"items_purged":["Warcry","Hemokinesis","Dropkick","Steam Power","True Grit","Clash","Warcry","ReplayTheSpireMod:Strike From Hell","Heavy Blade","Warcry"],"score":125,"play_id":"60857402-7e93-4b25-81e3-f8a0afef4f2d","local_time":"20201213225531","daily_mods":["Insanity","Red Cards","Binary"],"is_ascension_mode":false,"campfire_choices":[{"floor":7,"key":"REST"},{"floor":15,"key":"REST"}],"circlet_count":0,"master_deck":["Iron Wave","Anger","Iron Wave","hubris:SharpeningStone","Sword Boomerang","Feel No Pain","FTL","Go for the Eyes","Hologram","Melter","Glacier","ReplayReversal","infinitespire:OneForAll","ReplayTheSpireMod:Reroute Power","Leap","Go for the Eyes","Redo","Dual Wield","True Grit","REME_Compress","Replay:Undeath\u0027s Touch","Capacitor","REME_Cut","Cold Snap","BasicCrystalCard","Sweeping Beam","Streamline","Darkness","Life Link","Flex","ReplayTheSpireMod:Corrosion Curse","Body Slam","Cold Snap","Anger","White Noise","Iron Wave","ReplaySolidLightProjector","Capacitor","Hologram","Panic Button","theWildCard:IdentityTheft","Streamline","conspire:SharedLibrary","Replay:Undeath\u0027s Touch","Defragment","hubris:ReadiedAction"],"relics":["REME_ComplimentaryCards","REME_HandOfSuture","REME_LimitBreaker","Iron Core","Pet Ghost"],"acts_visited":["Exordium"],"potions_floor_usage":[],"damage_taken":[{"damage":0,"enemies":"Cultist","floor":1,"turns":3},{"damage":10,"enemies":"conspire:RoseBush","floor":5,"turns":2},{"damage":22,"enemies":"Gremlin Nob","floor":6,"turns":4},{"damage":0,"enemies":"Small Slimes","floor":10,"turns":3},{"damage":1,"enemies":"3 Louse","floor":12,"turns":3},{"damage":0,"enemies":"Gremlin Gang","floor":14,"turns":3},{"damage":14,"enemies":"Fading Forest","floor":16,"turns":11}],"seed_played":"1880613833527945180","potions_obtained":[{"floor":5,"key":"Energy Potion"},{"floor":6,"key":"champ:CounterPotion"},{"floor":12,"key":"Block Potion"}],"is_trial":false,"path_per_floor":["M","$","?","$","M","E","R","?","T","M","?","M","T","M","R","B"],"character_chosen":"DEFECT","items_purchased":["Streamline","conspire:SharedLibrary"],"campfire_rested":2,"item_purchase_floors":[2,4],"current_hp_per_floor":[75,75,64,64,54,32,54,54,54,54,54,53,53,53,75,61,61],"gold":225,"neow_bonus":"","is_daily":true,"chose_seed":false,"campfire_upgraded":0,"win_rate":0.0,"timestamp":1607918131,"path_taken":["M","?","?","$","M","E","R","?","T","?","?","M","?","M","R","BOSS"],"items_purchased_type":["Card","Card"],"build_version":"2020-12-13","purchased_purges":10,"victory":false,"max_hp_per_floor":[75,75,75,75,75,75,75,75,75,75,75,75,75,75,75,75,75],"card_choices":[{"not_picked":["Wild Strike","Replay:Undeath\u0027s Touch"],"picked":"SKIP","floor":1},{"not_picked":["Dark Embrace"],"picked":"Replay:Undeath\u0027s Touch","floor":5},{"not_picked":["Barrage"],"picked":"Defragment","floor":6},{"not_picked":["Pommel Strike","Clash"],"picked":"SKIP","floor":10},{"not_picked":["Coolheaded"],"picked":"hubris:ReadiedAction","floor":12},{"not_picked":["Sword Boomerang","Dual Wield"],"picked":"SKIP","floor":14}],"player_experience":183806,"relics_obtained":[{"floor":6,"key":"REME_HandOfSuture"},{"floor":9,"key":"REME_LimitBreaker"},{"floor":13,"key":"Pet Ghost"}],"event_choices":[{"damage_healed":0,"gold_gain":75,"player_choice":"Gold","damage_taken":11,"max_hp_gain":0,"max_hp_loss":0,"event_name":"betterThird:BetterGoop","floor":3,"gold_loss":0},{"damage_healed":0,"gold_gain":100,"player_choice":"Pray","damage_taken":0,"max_hp_gain":0,"max_hp_loss":0,"event_name":"Golden Shrine","floor":8,"gold_loss":0}],"is_beta":false,"boss_relics":[],"items_purged_floors":[2,2,2,2,2,2,2,2,2,2],"is_endless":false,"potions_floor_spawned":[5,6,12],"killed_by":"Fading Forest","ascension_level":0}}