{"host":"kyy1kus4tsuq869y","time":1607945271,"event":{"mods":["BaseMod","Downfall","GifTheSpireLib","HololiveMod","Hubris","Jorbs\u0027s Wanderer Trilogy","Marisa£®ÏF”Í°°ƒß¿Ì…≥£©","Minty Spire (QoL Compilation)","Quick Restart","READ ME - Guardian Mod","READ ME - Snecko Mod","Reimu£®≤©¿ˆ¡È√Œ£©","Remilia£®¿Ÿ√◊¿Ú—«£©","Replay The Spire","StSLib","Td1madao Mod","The Administrix","The Animator","The Bug Knight","The Construct","The Cursed","The Hierophant","The Runesmith","The Senshi","The Servant 0.9.4","Youmu£®ªÍ∆«—˝√Œ£©"],"gold_per_floor":[116,38,49,49,49,75,75,101,126,126,126,37,56,72,72,72,72],"floor_reached":16,"playtime":348,"items_purged":[],"score":266,"play_id":"8c5adc4d-e337-4b30-a0d2-f45d1022051d","local_time":"20201214192751","is_ascension_mode":true,"campfire_choices":[{"data":"Fire Breathing","floor":7,"key":"SMITH"},{"floor":10,"key":"REST"},{"data":"Feel No Pain","floor":15,"key":"SMITH"}],"circlet_count":0,"master_deck":["AscendersBane","Strike_R","Strike_R","Strike_R","Strike_R","Defend_R","Defend_R","Defend_R","Defend_R","Bash","Reckless Charge","Dark Embrace+1","Fire Breathing+1","Feel No Pain+1","Infernal Blade","Shrug It Off"],"relics":["Burning Blood","NeowsBlessing","Strawberry","Question Card","Juzu Bracelet","ReplayTheSpireMod:TigerMarble"],"acts_visited":["Exordium"],"potions_floor_usage":[8],"damage_taken":[{"damage":0,"enemies":"Cultist","floor":1,"turns":1},{"damage":0,"enemies":"Jaw Worm","floor":3,"turns":1},{"damage":0,"enemies":"3 Sentries","floor":6,"turns":2},{"damage":65,"enemies":"Lagavulin","floor":8,"turns":8},{"damage":7,"enemies":"2 Louse","floor":13,"turns":3},{"damage":11,"enemies":"Looter","floor":14,"turns":3},{"damage":45,"enemies":"Hexaghost","floor":16,"turns":8}],"seed_played":"-4972335839621450073","potions_obtained":[{"floor":3,"key":"construct:ShiftPotion"},{"floor":6,"key":"SkillPotion"},{"floor":14,"key":"Explosive Potion"}],"is_trial":false,"path_per_floor":["M","$","M","?","?","E","R","E","T","R","?","$","M","M","R","B"],"character_chosen":"IRONCLAD","items_purchased":["Dark Embrace","Feel No Pain"],"campfire_rested":1,"item_purchase_floors":[2,12],"current_hp_per_floor":[74,74,75,75,68,81,81,22,22,46,46,46,45,40,40,0,0],"gold":72,"neow_bonus":"THREE_ENEMY_KILL","is_daily":false,"chose_seed":false,"campfire_upgraded":2,"win_rate":0.0,"timestamp":1607945271,"path_taken":["M","$","M","?","?","E","R","E","T","R","?","$","M","M","R","BOSS"],"items_purchased_type":["Card","Card"],"build_version":"2020-12-13","purchased_purges":0,"victory":false,"max_hp_per_floor":[75,75,75,75,75,82,82,82,82,82,82,82,82,82,82,82,82],"card_choices":[{"not_picked":["Run Through","Clash"],"picked":"Reckless Charge","floor":1},{"not_picked":["Havoc","Entrench","Warcry"],"picked":"SKIP","floor":3},{"not_picked":["Iron Wave","Cleave"],"picked":"Fire Breathing","floor":6},{"not_picked":["Twin Strike","Armaments","Exhume"],"picked":"SKIP","floor":8},{"not_picked":["Anger","Entrench","Wild Strike"],"picked":"Infernal Blade","floor":13},{"not_picked":["Warcry","Blood for Blood","Pommel Strike"],"picked":"Shrug It Off","floor":14}],"player_experience":460970,"relics_obtained":[{"floor":6,"key":"Strawberry"},{"floor":8,"key":"Question Card"},{"floor":9,"key":"Juzu Bracelet"}],"event_choices":[{"cards_removed":["Strike_R"],"damage_healed":0,"gold_gain":0,"player_choice":"Card Removal","damage_taken":7,"max_hp_gain":0,"max_hp_loss":0,"event_name":"Golden Wing","floor":5,"gold_loss":0},{"damage_healed":0,"gold_gain":0,"player_choice":"Searched \u00271\u0027 times","damage_taken":0,"relics_obtained":["ReplayTheSpireMod:TigerMarble"],"max_hp_gain":0,"max_hp_loss":0,"event_name":"Dead Adventurer","floor":11,"gold_loss":0}],"is_beta":false,"boss_relics":[],"items_purged_floors":[],"is_endless":false,"potions_floor_spawned":[3,6,14],"killed_by":"Hexaghost","ascension_level":20}}