{"host":"y30n8hbqlqxhztg8","time":1607981187,"event":{"mods":["A Magickal Journey","AchievementEnabler","BaseMod","BetterRewards","Block Reminder","Colored Map","Conspire","Downfall","GifTheSpireLib","Glutton Mod","Hubris","Infinite Spire","Koishi","Marisa????????","Minty Spire (QoL Compilation)","Prisma Mod","Replay The Spire","Shop Mod","Somnambulant","StSLib","Stuff the Spire","The Factory","The Jungle","[IsaacMod]????"],"gold_per_floor":[111,111,122,122,132,158,177,191,242,258,274,274,230,240,240,338,338,358,48,48,48,48,48,75,86,86,103,126,27,27,43,43,143,143,157,172,192,192,192,192],"floor_reached":39,"playtime":1498,"items_purged":[],"score":405,"play_id":"5e6db9f3-15ba-4abc-9984-34d370a333b3","local_time":"20201214132627","is_ascension_mode":false,"campfire_choices":[{"floor":12,"key":"REST"},{"data":"Toxin Wave","floor":15,"key":"SMITH"},{"data":"Noxious Fumes","floor":23,"key":"SMITH"},{"floor":30,"key":"REST"},{"floor":32,"key":"REST"}],"circlet_count":0,"master_deck":["Strike_G","Strike_G","Strike_G","Strike_G","Strike_G","Defend_G","Defend_G","Defend_G","Defend_G","Defend_G","Survivor","Neutralize","Caltrops","Toxin Wave+1","Deadly Poison","StuffTheSpire:Python","Sucker Punch","Dagger Spray","Bane","StuffTheSpire:Python","Noxious Fumes+1","StuffTheSpire:Python","Bane","Deadly Poison","Poisoned Stab","Envenom","Choke","StuffTheSpire:BrimstoneBlast+1","StuffTheSpire:CelestialWarden"],"relics":["HushsDoor","hubris:Backtick","conspire:TreasureMap","Leech","hubris:Towel","Garlic","hubris:64BitClover","SlaversCollar","SteamSale","conspire:DeflatedDodgeball","Quantum Egg","hubris:GlazedTorus","BookofShadows","Habit","Sozu"],"acts_visited":["Exordium","TheCity","TheBeyond"],"potions_floor_usage":[3,16,27,27],"damage_taken":[{"damage":0,"enemies":"Jaw Worm","floor":1,"turns":4},{"damage":0,"enemies":"conspire:RoseBush","floor":3,"turns":3},{"damage":1,"enemies":"2 Louse","floor":5,"turns":3},{"damage":35,"enemies":"Replay:BlueRogue","floor":6,"turns":5},{"damage":5,"enemies":"Exordium Wildlife","floor":7,"turns":3},{"damage":1,"enemies":"2 Fungi Beasts","floor":8,"turns":3},{"damage":1,"enemies":"Lots of Slimes","floor":10,"turns":2},{"damage":1,"enemies":"Looter","floor":11,"turns":3},{"damage":5,"enemies":"2 Fungi Beasts","floor":14,"turns":3},{"damage":39,"enemies":"Hexaghost","floor":16,"turns":7},{"damage":1,"enemies":"3 Byrds","floor":18,"turns":4},{"damage":42,"enemies":"Slavers","floor":24,"turns":4},{"damage":13,"enemies":"2 Thieves","floor":25,"turns":4},{"damage":18,"enemies":"Centurion and Healer","floor":27,"turns":6},{"damage":14,"enemies":"Cultist and Chosen","floor":31,"turns":5},{"damage":35,"enemies":"hubris:MusketHawk","floor":33,"turns":9},{"damage":54,"enemies":"3 Shapes","floor":35,"turns":4},{"damage":21,"enemies":"3 Darklings","floor":36,"turns":6},{"damage":7,"enemies":"Sphere and 2 Shapes","floor":37,"turns":4},{"damage":15,"enemies":"Spire Growth","floor":39,"turns":1}],"seed_played":"8057661885538212475","potions_obtained":[{"floor":3,"key":"Fruit Juice"},{"floor":5,"key":"Energy Potion"},{"floor":6,"key":"Energy Potion"},{"floor":8,"key":"Milkshake"},{"floor":16,"key":"ColorlessPotion"},{"floor":25,"key":"LiquidBronze"}],"is_trial":false,"path_per_floor":["M","?","M","?","M","E","M","M","T","M","M","R","?","M","R_BF","B",null,"M","$","$","?","?","R","E","M","T","M","T","$","R","M","R","B",null,"M","M","M","?","M"],"character_chosen":"THE_SILENT","items_purchased":["SteamSale","Noxious Fumes","conspire:DeflatedDodgeball","Habit","Deadly Poison"],"campfire_rested":3,"item_purchase_floors":[19,19,19,29,29],"current_hp_per_floor":[70,70,75,75,75,44,42,43,43,44,46,68,68,66,66,33,75,75,75,75,75,75,75,36,27,27,15,15,15,37,28,50,21,75,22,7,4,4,0,0],"gold":192,"neow_bonus":"BOSS_RELIC","is_daily":false,"chose_seed":false,"campfire_upgraded":2,"win_rate":0.0,"timestamp":1607981187,"path_taken":["M","?","M","?","M","E","M","?","T","M","M","R","?","M","R_BF","BOSS","M","?","$","?","?","R","E","M","T","?","?","?","R","M","R","BOSS","M","M","M","?","?"],"items_purchased_type":["Relic","Card","Relic","Relic","Card"],"build_version":"2020-12-13","purchased_purges":0,"victory":false,"max_hp_per_floor":[70,70,75,75,75,75,75,75,75,75,75,75,75,75,75,75,75,75,75,75,75,75,75,75,75,75,75,75,75,75,75,75,75,75,75,75,75,75,75,75],"card_choices":[{"not_picked":["Slice","Finisher"],"picked":"Caltrops","floor":1},{"not_picked":["StuffTheSpire:BumpUp","Blur"],"picked":"Toxin Wave","floor":3},{"not_picked":["Sucker Punch","StuffTheSpire:BumpUp"],"picked":"Bomb","floor":5},{"not_picked":["StuffTheSpire:ClusterCrunch","conspire:DoublingDagger"],"picked":"Deadly Poison","floor":6},{"not_picked":["Calculated Gamble","StuffTheSpire:Shiver"],"picked":"StuffTheSpire:Python","floor":7},{"not_picked":["hubris:TrickCloak","Blade Dance"],"picked":"Sucker Punch","floor":8},{"not_picked":["Tools of the Trade","StuffTheSpire:BumpUp","StuffTheSpire:MirrorStance"],"picked":"SKIP","floor":10},{"not_picked":["StuffTheSpire:ClusterCrunch","Dagger Throw"],"picked":"Dagger Spray","floor":11},{"not_picked":["ReplayTheSpireMod:Speed Training","Slice"],"picked":"Bane","floor":14},{"not_picked":["Backstab+1","Leg Sweep"],"picked":"StuffTheSpire:Python","floor":18},{"not_picked":["StuffTheSpire:ClusterCrunch+1","Backflip","Hidden Blade"],"picked":"SKIP","floor":24},{"not_picked":["Dagger Throw","Flying Knee+1"],"picked":"StuffTheSpire:Python","floor":25},{"not_picked":["Backflip","Eviscerate"],"picked":"Bane","floor":27},{"not_picked":["StuffTheSpire:Incantation","StuffTheSpire:Python"],"picked":"Poisoned Stab","floor":31},{"not_picked":["Night Terror","Glass Knife"],"picked":"Envenom","floor":33},{"not_picked":["Eviscerate","Calculated Gamble+1"],"picked":"Choke","floor":35},{"not_picked":["Acrobatics+1","hubris:Counter"],"picked":"StuffTheSpire:BrimstoneBlast+1","floor":36},{"not_picked":["Dagger Throw","StuffTheSpire:Repulse","hubris:SlightOfHand+1"],"picked":"SKIP","floor":37},{"not_picked":["StuffTheSpire:Brawn","StuffTheSpire:Ambrosia"],"picked":"StuffTheSpire:CelestialWarden","floor":38}],"player_experience":45330,"relics_obtained":[{"floor":6,"key":"Garlic"},{"floor":9,"key":"hubris:64BitClover"},{"floor":24,"key":"Pen Nib"},{"floor":26,"key":"Quantum Egg"},{"floor":27,"key":"hubris:GlazedTorus"},{"floor":28,"key":"BookofShadows"}],"event_choices":[{"damage_healed":0,"gold_gain":0,"player_choice":"Ignored","damage_taken":0,"max_hp_gain":0,"max_hp_loss":0,"event_name":"Liars Game","floor":2,"gold_loss":0},{"damage_healed":0,"gold_gain":0,"player_choice":"Left Gold","damage_taken":0,"max_hp_gain":0,"max_hp_loss":0,"event_name":"World of Goop","floor":13,"gold_loss":44}],"is_beta":false,"boss_relics":[{"not_picked":["StuffTheSpire:RunicHypercube","ReplayTheSpireMod:SealedPack"],"picked":"SlaversCollar"},{"not_picked":[]},{"not_picked":["hubris:HollowSoul","StuffTheSpire:ModemDavis"],"picked":"Sozu"},{"not_picked":[]}],"items_purged_floors":[],"is_endless":false,"potions_floor_spawned":[3,5,6,8,11,14,16,18,25,37],"killed_by":"Spire Growth","ascension_level":0}}