{"host":"3z9xbwjeimmg738z","time":1607925922,"event":{"mods":["2.2 Compatiblity","Act Like it!","AlwaysNeverKeys","Aspiration","Bard","Bartender","BaseMod","Beaked The Cultist","Better Altar","Better Match","Better Note","Better Sensory Stone","Better Skull","Better Third Choice","CapriCore","ChefMod","Colored Powertips","Defuse TimeMaze Blight","Dio Mod","Displayed Cursed Tome","Emptier Cage","Faster Ascension Climbing","Gensokyo","GifTheSpireLib","Hallownest","Hubris","Koishi","Marisa????????","Minty Spire (QoL Compilation)","Pale of the Ancients","Permanent Neow","Replay The Spire","Robot Space Explorer","Shop Mod","StSLib","Stuff the Spire","The Animator","The Immortal","The Mystic","The Servant 0.9.4","TheArtist","Uncapped","Wandering Minibosses","vexMod"],"gold_per_floor":[112,112,112,131,151,151,177,177,177,189,189],"floor_reached":10,"playtime":611,"items_purged":[],"score":69,"play_id":"9a29329c-9354-4d03-b82c-e568cfdab581","local_time":"20201213220522","daily_mods":["ControlledChaos"],"is_ascension_mode":true,"campfire_choices":[{"floor":6,"key":"REST"},{"floor":8,"key":"REST"}],"circlet_count":0,"master_deck":["artistmod:StrokeStrike","artistmod:StrokeStrike","artistmod:StrokeStrike","artistmod:DaringDefend","artistmod:DaringDefend","artistmod:DaringDefend","artistmod:DaringDefend","artistmod:BrushBash","artistmod:DarkenDrawing"],"relics":["artistmod:BlueBrush","Frozen Eye","vexMod:HeadHunter","Replay:Wax Seal","MawBank"],"acts_visited":["Exordium"],"potions_floor_usage":[10],"damage_taken":[{"damage":1,"enemies":"Cultist","floor":1,"turns":3},{"damage":35,"enemies":"Jaw Worm","floor":4,"turns":8},{"damage":12,"enemies":"Small Slimes","floor":5,"turns":7},{"damage":24,"enemies":"Lagavulin","floor":7,"turns":10},{"damage":53,"enemies":"Gremlin Nob","floor":10,"turns":4}],"seed_played":"-5466407855036541718","potions_obtained":[{"floor":7,"key":"FearPotion"}],"is_trial":true,"path_per_floor":["M","T","?","M","M","R","E","R","T","E"],"character_chosen":"THE_ARTIST","items_purchased":[],"campfire_rested":2,"item_purchase_floors":[],"current_hp_per_floor":[70,70,70,35,23,44,20,41,41,0,0],"gold":189,"neow_bonus":"","is_daily":false,"chose_seed":false,"campfire_upgraded":0,"win_rate":0.0,"timestamp":1607925922,"path_taken":["M","?","?","?","?","R","E","R","T","E"],"items_purchased_type":[],"build_version":"2020-12-13","purchased_purges":0,"victory":false,"max_hp_per_floor":[71,71,71,71,71,71,71,71,71,71,71],"card_choices":[{"not_picked":["artistmod:MagentaMadness","artistmod:ClearChroma","artistmod:BlueBurst"],"picked":"SKIP","floor":1},{"not_picked":["artistmod:SweepingSadness","artistmod:AquaAnnoyance","artistmod:IndigoIncapitation"],"picked":"SKIP","floor":4},{"not_picked":["artistmod:BlueBurst","artistmod:AmberAttack","artistmod:ColorfulClobber"],"picked":"SKIP","floor":5},{"not_picked":["artistmod:RedReaper","artistmod:ArtisticAgony","artistmod:MysteriousMasterpiece"],"picked":"SKIP","floor":7},{"not_picked":["artistmod:ColorCopy","artistmod:SimpleStudies","artistmod:ContrastingClash"],"picked":"SKIP","floor":7}],"player_experience":330306,"relics_obtained":[{"floor":2,"key":"vexMod:HeadHunter"},{"floor":7,"key":"Replay:Wax Seal"},{"floor":9,"key":"MawBank"}],"event_choices":[{"cards_removed":["artistmod:StrokeStrike"],"damage_healed":0,"gold_gain":0,"player_choice":"Offered Basic","damage_taken":0,"max_hp_gain":0,"max_hp_loss":0,"event_name":"Bonfire Elementals","floor":3,"gold_loss":0}],"is_beta":false,"boss_relics":[],"items_purged_floors":[],"is_endless":false,"potions_floor_spawned":[7],"killed_by":"Gremlin Nob","ascension_level":1}}