{"host":"m6aaltr68g9tvoay","time":1607912425,"event":{"mods":["AchievementEnabler","BaseMod","Colored Map","Downfall","Minty Spire (QoL Compilation)","StSLib"],"gold_per_floor":[99,124,124,151,76,90,90,90,190,190,24,37,37,22,34,136,136,136,136,136,147,147,147,147,159,179,179,194,221,321,50,70,174,174,174,187,197,197,18,36,90,101,132,57,57,57,57,72,84,84],"floor_reached":51,"playtime":3336,"items_purged":[],"score":835,"play_id":"fe354899-9242-4db8-b454-11a70506a697","local_time":"20201213182025","is_ascension_mode":true,"campfire_choices":[{"floor":1,"key":"RECALL"},{"data":"champ:BladeFlurry","floor":5,"key":"SMITH"},{"data":"champ:Taunt","floor":8,"key":"SMITH"},{"floor":10,"key":"REST"},{"data":"champ:EnchantShield","floor":18,"key":"SMITH"},{"data":"champ:PreciseThrust","floor":20,"key":"SMITH"},{"data":"champ:Haymaker","floor":23,"key":"SMITH"},{"floor":27,"key":"REST"},{"data":"champ:BladeFlurry","floor":35,"key":"SMITH"},{"data":"champ:Duel","floor":38,"key":"SMITH"},{"floor":44,"key":"REST"}],"circlet_count":0,"master_deck":["champ:Strike+1","champ:Strike+1","champ:Strike+1","champ:Strike+1","champ:Defend+1","champ:Defend+1","champ:Defend+1","champ:Execute","champ:Taunt+1","champ:BladeFlurry+1","champ:Duel+1","champ:Haymaker+1","champ:Circumvent","champ:BladeFlurry+1","champ:PreciseThrust+1","champ:Aggression","champ:EnchantShield+1","champ:ShieldWall+1","champ:AdrenalArmor","champ:TornadoPunch+1","champ:Circumvent","champ:FaceSlap+1","champ:SteelEdge+1","champ:Shatter+1","champ:CalledShot","expansioncontent:QuickStudy","champ:Backstep","champ:DefensiveShout+1"],"relics":["champ:ChampionCrown","downfall:HeartsMalice","Question Card","Incense Burner","downfall:HeartBlessingRed","champ:DefensiveTrainingManual","CloakClasp","Vajra","champ:ChampionCrownUpgraded","StrikeDummy","Red Mask","Molten Egg 2","Busted Crown","HandDrill","Boot","Guardian:PocketSentry","Strawberry","downfall:HeartBlessingGreen"],"acts_visited":["Exordium","TheCity","TheBeyond"],"potions_floor_usage":[9,16,28,29,33,43,48,50,50],"damage_taken":[{"damage":0,"enemies":"Lagavulin","floor":2,"turns":1},{"damage":0,"enemies":"2 Louse","floor":3,"turns":1},{"damage":0,"enemies":"3 Sentries","floor":4,"turns":1},{"damage":0,"enemies":"Cultist","floor":6,"turns":2},{"damage":40,"enemies":"Cultist","floor":9,"turns":10},{"damage":5,"enemies":"downfall:FleeingMerchant","floor":11,"turns":4},{"damage":7,"enemies":"Small Slimes","floor":12,"turns":3},{"damage":5,"enemies":"downfall:FleeingMerchant","floor":14,"turns":4},{"damage":0,"enemies":"2 Fungi Beasts","floor":15,"turns":3},{"damage":19,"enemies":"downfall:Defect","floor":16,"turns":6},{"damage":15,"enemies":"3 Byrds","floor":21,"turns":5},{"damage":18,"enemies":"Shell Parasite","floor":25,"turns":3},{"damage":17,"enemies":"Centurion and Healer","floor":26,"turns":6},{"damage":10,"enemies":"Cultist and Chosen","floor":28,"turns":4},{"damage":33,"enemies":"Masked Bandits","floor":29,"turns":4},{"damage":9,"enemies":"downfall:FleeingMerchant","floor":31,"turns":4},{"damage":9,"enemies":"Snecko","floor":32,"turns":4},{"damage":52,"enemies":"downfall:Watcher","floor":33,"turns":10},{"damage":9,"enemies":"3 Shapes","floor":36,"turns":2},{"damage":11,"enemies":"Orb Walker","floor":37,"turns":2},{"damage":7,"enemies":"downfall:FleeingMerchant","floor":39,"turns":3},{"damage":55,"enemies":"Maw","floor":40,"turns":6},{"damage":10,"enemies":"Spire Growth","floor":42,"turns":4},{"damage":20,"enemies":"Nemesis","floor":43,"turns":5},{"damage":8,"enemies":"Transient","floor":48,"turns":5},{"damage":24,"enemies":"Jaw Worm Horde","floor":49,"turns":2},{"damage":19,"enemies":"downfall:Ironclad","floor":50,"turns":7}],"seed_played":"-4974148589877019771","potions_obtained":[{"floor":2,"key":"EssenceOfSteel"},{"floor":12,"key":"PowerPotion"},{"floor":16,"key":"SpeedPotion"},{"floor":26,"key":"Energy Potion"},{"floor":29,"key":"Fruit Juice"},{"floor":32,"key":"champ:OpenerPotion"},{"floor":33,"key":"Fire Potion"},{"floor":42,"key":"Fire Potion"},{"floor":43,"key":"Fire Potion"},{"floor":48,"key":"Fire Potion"}],"is_trial":false,"path_per_floor":["R","E","M","E","R","M","T","R","?","R","$","M","?","$","M","B",null,"R","?","R","M","?","R","T","M","M","R","M","?","?","$","M","B",null,"R","M","M","R","$","M","T","M","E","R","?","?","$","M","M","B",null],"character_chosen":"THE_CHAMP","items_purchased":["Vajra","Molten Egg 2","champ:CalledShot","HandDrill","Boot","expansioncontent:QuickStudy"],"campfire_rested":3,"item_purchase_floors":[11,31,39,39,39,39],"current_hp_per_floor":[90,90,90,90,90,90,90,90,55,82,82,80,80,80,80,61,90,90,90,90,84,84,84,84,77,73,90,89,65,65,65,62,38,90,90,90,88,88,90,59,59,55,61,91,91,91,91,97,85,80],"gold":84,"neow_bonus":"THREE_ENEMY_KILL","is_daily":false,"chose_seed":false,"campfire_upgraded":7,"win_rate":0.0,"timestamp":1607912425,"path_taken":["R","E","M","E","R","M","T","R","?","R","$","M","?","$","M","BOSS","R","?","R","M","?","R","T","M","M","R","M","?","?","$","M","BOSS","R","M","M","R","$","M","T","M","E","R","?","?","$","M","M","BOSS"],"items_purchased_type":["Relic","Relic","Card","Relic","Relic","Card"],"build_version":"2020-12-13","purchased_purges":0,"victory":true,"max_hp_per_floor":[90,90,90,90,90,90,90,90,90,90,90,90,90,90,90,90,90,90,90,90,90,90,90,90,90,90,90,90,90,90,90,90,90,90,90,90,90,90,90,90,90,90,102,102,102,102,102,102,102,102],"card_choices":[{"not_picked":["champ:Balance","champ:Encircle"],"picked":"champ:BladeFlurry","floor":2},{"not_picked":["champ:PerfectedStrike","champ:BladeFlurry","champ:StanceDance"],"picked":"champ:Duel","floor":3},{"not_picked":["champ:Riposte","champ:ShieldSigil","champ:CrownThrow","champ:StrikeOfGenius"],"picked":"SKIP","floor":4},{"not_picked":["champ:AdrenalArmor","champ:BerserkersShout","champ:Backstep"],"picked":"champ:Haymaker","floor":6},{"not_picked":["champ:Aggression","champ:BladeFlurry","champ:EnchantSword"],"picked":"champ:Circumvent","floor":9},{"not_picked":["champ:BringItOn","champ:BerserkersShout","champ:EnragedBash"],"picked":"champ:BladeFlurry","floor":11},{"not_picked":["champ:ViciousMockery","champ:Control","champ:RageSigil"],"picked":"champ:PreciseThrust","floor":12},{"not_picked":["champ:GladiatorsShout","champ:BerserkersShout","champ:StanceDance"],"picked":"champ:Aggression","floor":14},{"not_picked":["champ:SwordSigil","champ:GutPunch","champ:FightOn"],"picked":"champ:StanceDance","floor":15},{"not_picked":["champ:SwordThrow","champ:HeavySlash","champ:CrownThrow"],"picked":"champ:EnchantShield","floor":16},{"not_picked":["champ:PerfectedStrike","champ:AdrenalArmor","champ:BerserkerStyle"],"picked":"champ:ShieldWall+1","floor":21},{"not_picked":["champ:Balance+1","champ:StanceDance","champ:CrookedStrike"],"picked":"champ:AdrenalArmor","floor":25},{"not_picked":["champ:Backstep","champ:CrookedStrike","champ:DefensiveShout"],"picked":"champ:TornadoPunch+1","floor":26},{"not_picked":["champ:EnragedBash","champ:Encircle+1","champ:GladiatorStyle","champ:BerserkerStyle"],"picked":"SKIP","floor":28},{"not_picked":["champ:SwordSigil+1","champ:RecklessLeap","champ:BerserkersShout"],"picked":"champ:Circumvent","floor":29},{"not_picked":["champ:Duel","champ:RapidStrikes+1","champ:BerserkersShout","champ:PerfectedStrike"],"picked":"SKIP","floor":31},{"not_picked":["champ:CheapShot+1","champ:EnGarde+1","champ:GladiatorStyle"],"picked":"champ:FaceSlap+1","floor":32},{"not_picked":["champ:EnchantCrown","champ:DancingMaster","champ:StrikeOfGenius"],"picked":"champ:SteelEdge+1","floor":33},{"not_picked":["champ:TornadoPunch+1","champ:BringItOn+1"],"picked":"SKIP","floor":36},{"not_picked":["champ:CrookedStrike+1"],"picked":"champ:Shatter+1","floor":37},{"not_picked":["champ:SwordSigil+1","champ:Shatter+1"],"picked":"SKIP","floor":39},{"not_picked":["champ:BerserkersShout","champ:Haymaker+1"],"picked":"SKIP","floor":40},{"not_picked":["champ:FlashCut+1"],"picked":"champ:Backstep","floor":42},{"not_picked":["champ:RecklessLeap+1","champ:StanceDance"],"picked":"SKIP","floor":43},{"not_picked":["champ:AdrenalArmor","champ:Backstep+1"],"picked":"SKIP","floor":48},{"not_picked":["champ:PerfectedStrike+1"],"picked":"champ:DefensiveShout+1","floor":49}],"player_experience":1607044,"relics_obtained":[{"floor":2,"key":"Question Card"},{"floor":4,"key":"Incense Burner"},{"floor":7,"key":"champ:DefensiveTrainingManual"},{"floor":9,"key":"CloakClasp"},{"floor":24,"key":"StrikeDummy"},{"floor":29,"key":"Red Mask"},{"floor":41,"key":"Guardian:PocketSentry"},{"floor":43,"key":"Strawberry"}],"event_choices":[{"cards_removed":["champ:Defend"],"damage_healed":0,"gold_gain":0,"player_choice":"Offered Basic","damage_taken":0,"max_hp_gain":0,"max_hp_loss":0,"event_name":"Bonfire Elementals","floor":13,"gold_loss":0},{"damage_healed":0,"gold_gain":0,"player_choice":"Simplicity","damage_taken":0,"max_hp_gain":0,"max_hp_loss":0,"event_name":"Back to Basics","floor":19,"gold_loss":0,"cards_upgraded":["champ:Strike","champ:Strike","champ:Strike","champ:Strike","champ:Defend","champ:Defend","champ:Defend"]},{"damage_healed":0,"gold_gain":0,"player_choice":"Fought Bandits","damage_taken":0,"max_hp_gain":0,"max_hp_loss":0,"event_name":"Masked Bandits","floor":29,"gold_loss":0},{"damage_healed":0,"gold_gain":0,"player_choice":"Ignored","damage_taken":0,"max_hp_gain":0,"max_hp_loss":0,"event_name":"Mysterious Sphere","floor":45,"gold_loss":0},{"cards_removed":["champ:StanceDance"],"damage_healed":0,"gold_gain":0,"player_choice":"Removed Skill","damage_taken":0,"max_hp_gain":0,"max_hp_loss":0,"event_name":"Falling","floor":46,"gold_loss":0}],"is_beta":false,"boss_relics":[{"not_picked":["expansioncontent:StudyCardRelic","Snecko Eye"],"picked":"champ:ChampionCrownUpgraded"},{"not_picked":["Runic Dome","Astrolabe"],"picked":"Busted Crown"}],"items_purged_floors":[],"is_endless":false,"potions_floor_spawned":[2,12,16,26,29,32,33,42,43,48],"ascension_level":3}}