{"host":"ku7h2vk4czvj6teb","time":1607960304,"event":{"mods":["2.2 Compatiblity","AchievementEnabler","Aspiration","BaseMod","Better Altar","Better Match","Better Note","Better Sensory Stone","Better Skull","Better Third Choice","Better Vampires","BetterRewards","Block Reminder","Colored Map","Colored Powertips","Conspire","Curses Come First","Downfall","Filter the Spire","Highlight Path","Hubris","Minty Spire (QoL Compilation)","Permanent Neow","Quick Restart","Rare Cards Sparkle","Relic Stats","Replay The Spire","Say the Spire","Shop Mod","Spicy Shops","StSLib","SuperFastMode","Swap Starting Deck Mod","Thieving Mod","Transform Curses","UnlockEverythingMod"],"gold_per_floor":[116,116,133,144,144,144,175,27,54,8,65,65,65,65,65,163,163,175,175,175,159,30,30,49,69,120,135,146,156,204,204,204],"floor_reached":31,"playtime":1305,"items_purged":["Parasite","CommonCold"],"score":335,"play_id":"28ebd82d-baa0-4cf0-9632-0d205dbc5825","local_time":"20201214153824","is_ascension_mode":false,"campfire_choices":[{"floor":6,"key":"RECALL"},{"data":"Replay:SS_forest_6","floor":12,"key":"SMITH"},{"data":"Armaments","floor":15,"key":"SMITH"},{"data":"Armaments","floor":23,"key":"SMITH"}],"circlet_count":0,"master_deck":["Strike_R","Strike_R+1","Strike_R","Defend_R","Defend_R","Defend_R","Defend_R","Bash","Replay:SS_forest_6+1","Armaments+1","ReplayTheSpireMod:Strike From Hell","Rupture","Armaments+1","Run Through+1","aspiration:Lunge","Predator","Dash","Replay:Many Hands","hubris:SharpeningStone","Run Through","hubris:ReadiedAction+1","Life Link","Clumsy","Sword Boomerang+1","Run Through+1","Body Slam+1","Clothesline","Inflame"],"relics":["Burning Blood","conspire:TreasureMap","Kunai","hubris:Towel","hubris:TenFootPole","Lee\u0027s Waffle","ReplayTheSpireMod:CursedCoin","Red Skull","Philosopher\u0027s Stone","ClockworkSouvenir","The Courier","ReplayTheSpireMod:TigerMarble"],"acts_visited":["Exordium","TheCity"],"potions_floor_usage":[7,27,28,29],"damage_taken":[{"damage":2,"enemies":"2 Louse","floor":1,"turns":5},{"damage":7,"enemies":"Small Slimes","floor":3,"turns":5},{"damage":2,"enemies":"Jaw Worm","floor":4,"turns":5},{"damage":50,"enemies":"3 Sentries","floor":7,"turns":14},{"damage":40,"enemies":"Slime Boss","floor":16,"turns":19},{"damage":22,"enemies":"Shell Parasite","floor":18,"turns":6},{"damage":11,"enemies":"2 Thieves","floor":21,"turns":4},{"damage":5,"enemies":"Snecko","floor":24,"turns":7},{"damage":31,"enemies":"Snake Plant","floor":25,"turns":4},{"damage":15,"enemies":"Cultist and Chosen","floor":27,"turns":6},{"damage":19,"enemies":"Centurion and Healer","floor":28,"turns":5},{"damage":2,"enemies":"Chosen and Byrds","floor":29,"turns":5},{"damage":21,"enemies":"Snake Plant","floor":31,"turns":3}],"seed_played":"3036750981147518764","potions_obtained":[{"floor":4,"key":"Dexterity Potion"},{"floor":7,"key":"Ancient Potion"},{"floor":16,"key":"sneckomod:MuddlingPotion"},{"floor":21,"key":"SpeedPotion"},{"floor":24,"key":"BlessingOfTheForge"},{"floor":25,"key":"ElixirPotion"},{"floor":27,"key":"LiquidMemories"}],"is_trial":false,"path_per_floor":["M","?","M","M","?","R","E","$","T","$","?","R","?","T","R","B",null,"M","?","?","M","$","R","M","M","T","M","M","M","T","M"],"character_chosen":"IRONCLAD","items_purchased":["conspire:TreasureMap","Replay:SS_forest_6","Kunai","Lee\u0027s Waffle","Armaments","ReplayTheSpireMod:CursedCoin","Run Through+1","Life Link","ClockworkSouvenir"],"campfire_rested":0,"item_purchase_floors":[0,0,0,8,10,10,10,22,22],"current_hp_per_floor":[77,77,76,77,77,77,33,84,84,84,84,84,84,84,84,50,84,68,68,68,63,63,63,64,39,39,30,17,21,21,0,0],"gold":204,"neow_bonus":"","is_daily":false,"chose_seed":false,"campfire_upgraded":3,"win_rate":0.0,"timestamp":1607960304,"path_taken":["M","?","M","M","?","R","E","$","T","$","?","R","?","?","R","BOSS","M","?","?","M","$","R","M","M","T","M","M","M","?","M"],"items_purchased_type":["Relic","Card","Relic","Relic","Card","Relic","Card","Card","Relic"],"build_version":"2020-12-13","purchased_purges":2,"victory":false,"max_hp_per_floor":[77,77,77,77,77,77,77,84,84,84,84,84,84,84,84,84,84,84,84,84,84,84,84,84,84,84,84,84,84,84,84,84],"relic_stats":{"Lee\u0027s Waffle":51,"counters":[69,422],"Kunai":[6],"obtain_stats":[{"aspiration:Lifesprig":24,"hubris:CrystalStatue":19,"Torii":49,"SacredBark":34,"CeramicFish":28,"Ginger":4,"Burning Blood":0,"ClockworkSouvenir":0,"conspire:InfiniteJournal":0,"Blood Vial":6,"Lizard Tail":24,"Shovel":14,"Gambling Chip":28,"Strawberry":45,"MealTicket":9,"Philosopher\u0027s Stone":17,"hubris:CuriousFeather":46,"HandDrill":0,"Chemical X":8,"Kunai":0,"hubris:ChampionShield":11,"Red Skull":14,"conspire:TreasureMap":0,"Lee\u0027s Waffle":8,"aspiration:FetidBarrel":0,"Golden Idol":3,"ReplayTheSpireMod:CursedCoin":10,"Oddly Smooth Stone":8,"The Courier":26,"Frozen Egg 2":4,"hubris:Towel":11,"Orichalcum":26,"Akabeko":7,"Replay:Baseball":26,"CaptainsWheel":0,"Bottled Flame":15,"Bird Faced Urn":0,"Bloody Idol":21,"aspiration:WatcherSkillbook":17,"Pandora\u0027s Box":17,"CultistMask":2,"Mark of Pain":34,"hubris:TenFootPole":7,"ReplayTheSpireMod:TigerMarble":30,"Membership Card":28,"ReplayTheSpireMod:ShopPack":8,"hubris:BottledRain":32},{"aspiration:Lifesprig":44,"hubris:CrystalStatue":20,"Torii":55,"SacredBark":28,"CeramicFish":45,"Ginger":2,"Burning Blood":0,"ClockworkSouvenir":33,"conspire:InfiniteJournal":33,"Blood Vial":7,"Lizard Tail":24,"Shovel":40,"Gambling Chip":45,"Strawberry":52,"MealTicket":4,"Philosopher\u0027s Stone":61,"hubris:CuriousFeather":52,"HandDrill":33,"Chemical X":17,"Kunai":56,"hubris:ChampionShield":38,"Red Skull":60,"conspire:TreasureMap":56,"Lee\u0027s Waffle":60,"aspiration:FetidBarrel":33,"Golden Idol":34,"ReplayTheSpireMod:CursedCoin":60,"Oddly Smooth Stone":17,"The Courier":65,"Frozen Egg 2":6,"hubris:Towel":18,"Orichalcum":44,"Akabeko":37,"Replay:Baseball":25,"CaptainsWheel":32,"Bottled Flame":40,"Bird Faced Urn":32,"Bloody Idol":43,"aspiration:WatcherSkillbook":41,"Pandora\u0027s Box":19,"CultistMask":1,"Mark of Pain":47,"hubris:TenFootPole":60,"ReplayTheSpireMod:TigerMarble":68,"Membership Card":45,"ReplayTheSpireMod:ShopPack":17,"hubris:BottledRain":46},{"aspiration:Lifesprig":245,"hubris:CrystalStatue":108,"Torii":323,"SacredBark":157,"CeramicFish":251,"Ginger":9,"Burning Blood":0,"ClockworkSouvenir":182,"conspire:InfiniteJournal":182,"Blood Vial":36,"Lizard Tail":128,"Shovel":216,"Gambling Chip":251,"Strawberry":306,"MealTicket":19,"Philosopher\u0027s Stone":382,"hubris:CuriousFeather":306,"HandDrill":182,"Chemical X":90,"Kunai":334,"hubris:ChampionShield":206,"Red Skull":363,"conspire:TreasureMap":334,"Lee\u0027s Waffle":363,"aspiration:FetidBarrel":182,"Golden Idol":184,"ReplayTheSpireMod:CursedCoin":363,"Oddly Smooth Stone":90,"The Courier":403,"Frozen Egg 2":25,"hubris:Towel":96,"Orichalcum":245,"Akabeko":196,"Replay:Baseball":134,"CaptainsWheel":176,"Bottled Flame":216,"Bird Faced Urn":176,"Bloody Idol":240,"aspiration:WatcherSkillbook":228,"Pandora\u0027s Box":104,"CultistMask":4,"Mark of Pain":269,"hubris:TenFootPole":363,"ReplayTheSpireMod:TigerMarble":419,"Membership Card":251,"ReplayTheSpireMod:ShopPack":90,"hubris:BottledRain":258}],"Burning Blood":315},"card_choices":[{"not_picked":["Wild Strike","Ghostly Armor"],"picked":"ReplayTheSpireMod:Strike From Hell","floor":1},{"not_picked":["Sword Boomerang","Cleave"],"picked":"Armaments","floor":3},{"not_picked":["Seeing Red","Second Wind"],"picked":"ReplayTheSpireMod:Strike From Hell","floor":4},{"not_picked":["ReplayTheSpireMod:LeadingStrike","Intimidate"],"picked":"Rupture","floor":7},{"not_picked":["Brutality","Exhume"],"picked":"Replay:Many Hands","floor":16},{"not_picked":["Second Wind","Rampage"],"picked":"hubris:SharpeningStone","floor":18},{"not_picked":["Twin Strike","Sword Boomerang"],"picked":"hubris:ReadiedAction+1","floor":21},{"not_picked":["Twin Strike+1","True Grit"],"picked":"Sword Boomerang+1","floor":24},{"not_picked":["Abandon","Replay:Undeath\u0027s Touch"],"picked":"Run Through+1","floor":25},{"not_picked":["Corruption","Headbutt"],"picked":"Body Slam+1","floor":27},{"not_picked":["Second Wind","Armaments"],"picked":"Clothesline","floor":28},{"not_picked":["Dark Embrace","Thunderclap"],"picked":"Inflame","floor":29}],"player_experience":196375,"relics_obtained":[{"floor":7,"key":"hubris:TenFootPole"},{"floor":14,"key":"Red Skull"},{"floor":26,"key":"The Courier"},{"floor":30,"key":"ReplayTheSpireMod:TigerMarble"}],"event_choices":[{"damage_healed":0,"gold_gain":57,"player_choice":"Gained Gold","damage_taken":0,"max_hp_gain":0,"max_hp_loss":0,"event_name":"Golden Wing","floor":11,"gold_loss":0},{"cards_removed":["Replay:SS_forest_6"],"damage_healed":0,"gold_gain":0,"player_choice":"Give","damage_taken":0,"max_hp_gain":0,"max_hp_loss":0,"event_name":"betterNote:BetterNote","floor":19,"gold_loss":0,"cards_obtained":["Parasite"]},{"damage_healed":0,"gold_gain":0,"player_choice":"Read","damage_taken":0,"max_hp_gain":0,"max_hp_loss":0,"event_name":"The Library","floor":20,"gold_loss":0,"cards_obtained":["Run Through"]}],"is_beta":false,"boss_relics":[{"not_picked":["Coffee Dripper","Ectoplasm"],"picked":"Philosopher\u0027s Stone"}],"items_purged_floors":[0,10],"is_endless":false,"potions_floor_spawned":[4,7,16,21,24,25,27],"killed_by":"Snake Plant","ascension_level":0}}