{"host":"s4klbi5zf1bej8mm","time":1607987582,"event":{"mods":["2.2 Compatiblity","AchievementEnabler","Act Like it!","BaseMod","Block Reminder","Colored Map","Colored Powertips","DeckTracker","Downfall","Duelist Mod","Hallownest","Hermit","Highlight Path","Jorbs\u0027s Wanderer Trilogy","Minty Spire (QoL Compilation)","Permanent Neow","Quick Restart","Random Character Button","Relic Sorter","Relic Stats","Replay The Spire","Shade Mod","Spicy Shops","StSLib","The Blackbeard","The Bug Knight","The Construct","The Cursed","The Disciple","The Gatherer","The Hierophant","The Necromancer","The Runesmith","Unknown Chances"],"gold_per_floor":[112,112,37,37,57,57,84,84,110,110,143,9,25,37,37,138,138,155,174,174],"floor_reached":19,"playtime":1125,"items_purged":["Regret","Gatherer:Strike_Gatherer"],"score":177,"play_id":"23c0c469-ba03-4406-aea3-73089571515a","local_time":"20201214171302","is_ascension_mode":false,"metric_token":2193,"campfire_choices":[{"data":"Gatherer:FlowerWhip","floor":6,"key":"SMITH"},{"data":"Gatherer:FlowerWhip+1","floor":8,"key":"SMITH"}],"circlet_count":0,"master_deck":["Gatherer:Strike_Gatherer","Gatherer:Strike_Gatherer","Gatherer:Strike_Gatherer","Gatherer:Strike_Gatherer","Gatherer:Defend_Gatherer+1","Gatherer:Defend_Gatherer","Gatherer:Defend_Gatherer","Gatherer:Defend_Gatherer","Gatherer:Defend_Gatherer","Gatherer:Centralize+1","Gatherer:FlowerWhip+3","Gatherer:PotentialSlash+1","Gatherer:SaveValuables","Gatherer:TreeGrowth+1","Gatherer:Nutrients","Gatherer:FlowerShield","Gatherer:FlowerShield","Gatherer:TreeGrowth","Gatherer:Snatch","Gatherer:Photoscythe","Gatherer:SmartManeuver","Gatherer:Pollute"],"relics":["Gatherer:AlchemyBag","ReplayTheSpireMod:TigerMarble","Replay:Multitool","Oddly Smooth Stone","Tiny Chest","Replay:Bottled Flurry","Philosopher\u0027s Stone"],"acts_visited":["Exordium","TheCity"],"potions_floor_usage":[7],"damage_taken":[{"damage":12,"enemies":"Jaw Worm","floor":1,"turns":4},{"damage":3,"enemies":"2 Louse","floor":5,"turns":1},{"damage":11,"enemies":"Lagavulin","floor":7,"turns":3},{"damage":12,"enemies":"3 Sentries","floor":11,"turns":6},{"damage":0,"enemies":"Cultist","floor":13,"turns":2},{"damage":3,"enemies":"3 Louse","floor":14,"turns":3},{"damage":24,"enemies":"Fading Forest","floor":16,"turns":11},{"damage":22,"enemies":"2 Thieves","floor":18,"turns":4},{"damage":46,"enemies":"3 Byrds","floor":19,"turns":8}],"seed_played":"116209354945518708","potions_obtained":[{"floor":1,"key":"Explosive Potion"},{"floor":7,"key":"DuplicationPotion"},{"floor":18,"key":"BlessingOfTheForge"}],"is_trial":false,"path_per_floor":["M","?","$","?","M","R","E","R","T","R","E","$","M","M","R","B",null,"M","M"],"character_chosen":"THE_GATHERER","items_purchased":["Gatherer:FlowerShield"],"campfire_rested":0,"item_purchase_floors":[12],"current_hp_per_floor":[60,46,46,46,43,43,32,32,32,53,41,41,41,38,59,45,72,50,4,4],"gold":174,"neow_bonus":"RANDOM_EVENT","is_daily":false,"chose_seed":false,"campfire_upgraded":2,"win_rate":0.0,"timestamp":1607987582,"path_taken":["M","?","$","?","M","R","E","R","T","R","E","$","?","M","R","BOSS","M","M"],"items_purchased_type":["Card"],"build_version":"2020-12-13","purchased_purges":2,"victory":false,"max_hp_per_floor":[72,72,72,72,72,72,72,72,72,72,72,72,72,72,72,72,72,72,72,72],"relic_stats":{"counters":[9,42],"Tiny Chest":0,"obtain_stats":[{"Oddly Smooth Stone":7,"Tiny Chest":9,"Philosopher\u0027s Stone":17,"ReplayTheSpireMod:TigerMarble":0,"Replay:Multitool":4,"Replay:Bottled Flurry":11,"Gatherer:AlchemyBag":0},{"Oddly Smooth Stone":3,"Tiny Chest":3,"Philosopher\u0027s Stone":7,"ReplayTheSpireMod:TigerMarble":0,"Replay:Multitool":1,"Replay:Bottled Flurry":4,"Gatherer:AlchemyBag":0},{"Oddly Smooth Stone":8,"Tiny Chest":8,"Philosopher\u0027s Stone":30,"ReplayTheSpireMod:TigerMarble":0,"Replay:Multitool":4,"Replay:Bottled Flurry":14,"Gatherer:AlchemyBag":0}]},"card_choices":[{"not_picked":["Gatherer:RecipeChange","Gatherer:ScrollOfWall"],"picked":"Gatherer:PotentialSlash","floor":1},{"not_picked":["Gatherer:AromaProtection","Gatherer:TacticalStrike"],"picked":"Gatherer:SaveValuables","floor":5},{"not_picked":["Gatherer:Frenzy","Gatherer:BomberForm"],"picked":"Gatherer:TreeGrowth","floor":7},{"not_picked":["Gatherer:SaveValuables","Gatherer:CollectorsShot"],"picked":"Gatherer:Nutrients","floor":11},{"not_picked":["Gatherer:FragileHammer","Gatherer:RecipeChange"],"picked":"Gatherer:TreeGrowth","floor":13},{"not_picked":["Gatherer:RecipeChange","Gatherer:BalancedGrowth"],"picked":"Gatherer:Snatch","floor":14},{"not_picked":["Gatherer:StoneFence","Gatherer:GrowBook"],"picked":"Gatherer:Photoscythe","floor":16},{"not_picked":["Gatherer:FragileHammer","Gatherer:PotentialSlash"],"picked":"Gatherer:SmartManeuver","floor":18},{"not_picked":["Gatherer:QuickSynthesis","Gatherer:Transmute"],"picked":"Gatherer:Pollute","floor":19}],"player_experience":137493,"relics_obtained":[{"floor":4,"key":"Replay:Multitool"},{"floor":7,"key":"Oddly Smooth Stone"},{"floor":9,"key":"Tiny Chest"},{"floor":11,"key":"Replay:Bottled Flurry"}],"event_choices":[{"damage_healed":0,"gold_gain":0,"player_choice":"Box","damage_taken":0,"relics_obtained":["ReplayTheSpireMod:TigerMarble"],"max_hp_gain":0,"max_hp_loss":0,"event_name":"Big Fish","floor":0,"gold_loss":0,"cards_obtained":["Regret"]},{"damage_healed":0,"gold_gain":0,"player_choice":"Entered Light","damage_taken":14,"max_hp_gain":0,"max_hp_loss":0,"event_name":"Shining Light","floor":2,"gold_loss":0,"cards_upgraded":["Gatherer:Centralize","Gatherer:Defend_Gatherer"]},{"damage_healed":0,"gold_gain":0,"player_choice":"Relic","damage_taken":0,"max_hp_gain":0,"max_hp_loss":0,"event_name":"Wheel of Change","floor":4,"gold_loss":0}],"is_beta":false,"boss_relics":[{"not_picked":["Ectoplasm","ReplayTheSpireMod:DimensionalGlitch"],"picked":"Philosopher\u0027s Stone"}],"items_purged_floors":[3,12],"is_endless":false,"potions_floor_spawned":[1,7,18],"killed_by":"3 Byrds","ascension_level":0}}