{"host":"15dd7v8o90xso62x","time":1607968298,"event":{"mods":["BaseMod","Minty Spire (QoL Compilation)","Quick Restart","StSLib"],"gold_per_floor":[119,131,56,71,71,71,104,104,154,154,154],"floor_reached":10,"playtime":253,"items_purged":["Defend_P"],"score":132,"play_id":"e060eeb3-dc26-49e9-a92a-9bdb2321f057","local_time":"20201215025138","is_ascension_mode":true,"campfire_choices":[{"data":"Eruption","floor":6.0,"key":"SMITH"},{"data":"Scrawl","floor":8.0,"key":"SMITH"}],"circlet_count":0,"master_deck":["AscendersBane","Strike_P","Strike_P","Defend_P","Defend_P","Eruption+1","Vigilance","EmptyMind","BowlingBash","CutThroughFate","SignatureMove","Scrawl+1"],"relics":["PureWater","Potion Belt","Nunchaku"],"acts_visited":[],"potions_floor_usage":[],"damage_taken":[{"damage":0.0,"enemies":"Cultist","floor":1.0,"turns":2.0},{"damage":1.0,"enemies":"2 Louse","floor":2.0,"turns":3.0},{"damage":4.0,"enemies":"Jaw Worm","floor":4.0,"turns":3.0},{"damage":40.0,"enemies":"Lagavulin","floor":7.0,"turns":5.0},{"damage":2,"enemies":"3 Sentries","floor":10,"turns":3}],"seed_played":"7078916427844125929","potions_obtained":[{"floor":4.0,"key":"StancePotion"},{"floor":7.0,"key":"GamblersBrew"}],"is_trial":false,"path_per_floor":["M","M","$","M","?","R","E","R","T","E"],"character_chosen":"WATCHER","items_purchased":[],"campfire_rested":0,"item_purchase_floors":[],"current_hp_per_floor":[61,60,60,56,56,56,16,16,16,14,14],"gold":154,"neow_bonus":"TRANSFORM_TWO_CARDS","is_daily":false,"chose_seed":false,"campfire_upgraded":2,"win_rate":0.0,"timestamp":1607968298,"path_taken":["M","M","?","?","?","R","E","R","T","E"],"items_purchased_type":[],"build_version":"2020-12-13","purchased_purges":1,"victory":false,"max_hp_per_floor":[62,62,62,62,62,62,62,62,62,62,62],"card_choices":[{"not_picked":["Evaluate","Crescendo"],"picked":"CutThroughFate","floor":1.0},{"not_picked":["Crescendo","SashWhip","Study"],"picked":"SKIP","floor":2.0},{"not_picked":["JustLucky","EmptyFist"],"picked":"SignatureMove","floor":4.0},{"not_picked":["Consecrate","Halt","Brilliance"],"picked":"SKIP","floor":7.0}],"player_experience":904542,"relics_obtained":[{"floor":7.0,"key":"Potion Belt"},{"floor":9.0,"key":"Nunchaku"}],"event_choices":[{"damage_healed":0.0,"max_hp_gain":0.0,"max_hp_loss":0.0,"gold_gain":0.0,"cards_transformed":["Strike_P"],"event_name":"Living Wall","player_choice":"Change","floor":5.0,"gold_loss":0.0,"damage_taken":0.0,"cards_obtained":["Scrawl"]}],"is_beta":false,"boss_relics":[],"items_purged_floors":[3],"is_endless":false,"potions_floor_spawned":[4,7],"killed_by":"3 Sentries","ascension_level":20}}