{"host":"a8v0czv88scrgx5i","time":1607918794,"event":{"mods":["2.2 Compatiblity","Act Like it!","Aspiration","Astrologer","Bard","BaseMod","Beaked The Cultist","Better Third Choice","BetterRewards","Colored Map","Colored Powertips","Dota2Spire","Downfall","Friendly Minions","GifTheSpireLib","GungeonMod","Hermit","Hubris","Infinite Spire","Luminous","Marisa????????","Minty Spire (QoL Compilation)","READ ME - Guardian Mod","Rare Cards Sparkle","Relic Sorter","Replay The Spire","Shade Mod","Shop Mod","StSLib","The Animator","The Blackbeard","The Bug Knight","The Construct","The Cursed","The Disciple","The Elementalist","The Hierophant","The Jungle","The Mystic","The Necromancer","The Runesmith","The Servant 0.9.4","The Spell Scribe","vexMod"],"gold_per_floor":[99,125,170,230,155,155,155,155,169,169,179,179,89,197,216,341,341,341,361,361,425,2,2,2,57,57,68,116,131,131,131,142,273,273,273,305,354,383,429,429,504,523,523,585,630,297,427,26,75,172,172,172,190,219,219,262,272,297,330,480,480,480,480,521,532,548,651,651,651,95,136,167,180,180,210,256,256,282,326,326,342,342,358,487,487,487,499,499,513,513,563,618,631,631,692,135,110,121,169,185,313,313,313],"floor_reached":102,"playtime":3886,"items_purged":["Guardian:Strike_Guardian","Guardian:CurlUp","Guardian:Defend_Guardian"],"score":2591,"play_id":"f056274b-84ef-4061-b76d-dcb2c96f86e9","local_time":"20201213230634","is_ascension_mode":false,"campfire_choices":[{"floor":1,"key":"RECALL"},{"floor":5,"key":"REST"},{"data":"Guardian:BaubleBeam","floor":8,"key":"SMITH"},{"data":"Guardian:TwinSlam","floor":10,"key":"SMITH"},{"data":"Guardian:GemFinder","floor":18,"key":"SMITH"},{"data":"Guardian:DonusPower","floor":23,"key":"SMITH"},{"data":"Guardian:DonusPower","floor":26,"key":"SMITH"},{"data":"Guardian:RefractedBeam+1","floor":35,"key":"SMITH"},{"data":"Guardian:RefractedBeam+2","floor":40,"key":"SMITH"},{"data":"Guardian:RefractedBeam+3","floor":43,"key":"SMITH"},{"data":"Guardian:RefractedBeam+4","floor":52,"key":"SMITH"},{"data":"Guardian:VentSteam","floor":55,"key":"SMITH"},{"data":"Guardian:DonusPower","floor":61,"key":"SMITH"},{"data":"ReplayTheSpireMod:Black Plague","floor":69,"key":"SMITH"},{"data":"Guardian:VentSteam","floor":74,"key":"SMITH"},{"data":"Guardian:RefractedBeam+5","floor":77,"key":"SMITH"},{"floor":86,"key":"DIG"},{"floor":88,"key":"DIG"},{"floor":90,"key":"DIG"},{"floor":94,"key":"DIG"}],"circlet_count":0,"master_deck":["Guardian:Strike_Guardian","Guardian:Strike_Guardian","Guardian:Strike_Guardian","Guardian:Defend_Guardian","Guardian:Defend_Guardian","Guardian:Defend_Guardian","Guardian:TwinSlam+1","AbeCurse","Guardian:FloatingOrbs","Guardian:BaubleBeam+1","Guardian:FloatingOrbs","Guardian:PrimingBeam+1","Guardian:GemFinder+1","Guardian:PolyBeam+1","Guardian:DonusPower+1","Guardian:DonusPower+1","Guardian:PrimingBeam+1","Guardian:RefractedBeam+6","Guardian:PolyBeam+1","Guardian:CrystalBeam+1","CurseOfTheBell","Guardian:AncientConstruct+1","Guardian:PrimingBeam+1","Guardian:PrimingBeam+1","Guardian:PolyBeam+1","Guardian:PrismaticBeam+1","hubris:Fate","Guardian:Planning+1","Guardian:VentSteam+1","Guardian:Planning+1","Guardian:BaubleBeam+1","Guardian:PrimingBeam+1","Guardian:DonusPower+1","Slimebound:Icky","Iron Wave+1","Guardian:CrystalBeam+1","Guardian:BaubleBeam+1","ReplayTheSpireMod:Black Plague+1","Guardian:PrismaticBeam+1","Guardian:VentSteam+1","Guardian:PrimingBeam+1","Guardian:WalkerClaw+1","Guardian:WalkerClaw+1","Guardian:BaubleBeam+1","Guardian:MultiBeam+1","Guardian:PrismaticBeam+1","Guardian:Gem_Red","Guardian:Gem_Synthetic"],"relics":["Abe\u0027s Treasure","Dota2Spire:DrumOfEndurance","Pen Nib","Dota2Spire:LotusOrb","DemoMod:ChaffGrenade","hubris:BundleOfHerbs","Dota2Spire:HandOfMidas","Dota2Spire:MonkeyKingBar","downfall:HeartBlessingRed","Molten Egg 2","aspiration:MobileForge","ReplayFunnel","Frozen Egg 2","infinitespire:BottledMercury","Gremlin Horn","DemoMod:ClearGuonStone","aspiration:FrozenJewel","Anchor","DemoMod:MonsterBlood","The Courier","infinitespire:Beetle Shell","vexMod:RetaliationKit","DemoMod:WhiteGuonStone","Dota2Spire:BattleFury","HandDrill","aspiration:Lifesprig","MerchantsRug","Dota2Spire:Desolator","DemoMod:GlassGuonStoneRelic","Ring of Chaos","SlaversCollar","infinitespire:ShieldingShard","Medical Kit","Shovel","Black Star","HollowMod:LifeEnderRelic","Pantograph","Garlic","Dota2Spire:ShivaGuard","Replay:Ringing Soul","Dota2Spire:Bloodstone"],"acts_visited":["Exordium","TheCity","TheBeyond","Exordium","Exordium","TheBeyond","Exordium"],"potions_floor_usage":[4,16,16,16,33,36,38,47,80,95,95,101],"damage_taken":[{"damage":34,"enemies":"Lagavulin","floor":2,"turns":9},{"damage":0,"enemies":"2 Louse","floor":3,"turns":4},{"damage":31,"enemies":"Gremlin Nob","floor":4,"turns":5},{"damage":0,"enemies":"Small Slimes","floor":9,"turns":2},{"damage":0,"enemies":"Cultist","floor":11,"turns":2},{"damage":1,"enemies":"downfall:FleeingMerchant","floor":13,"turns":4},{"damage":0,"enemies":"Lots of Slimes","floor":14,"turns":11},{"damage":5,"enemies":"3 Louse","floor":15,"turns":2},{"damage":13,"enemies":"downfall:Silent","floor":16,"turns":6},{"damage":0,"enemies":"Chosen","floor":19,"turns":3},{"damage":15,"enemies":"Gremlin Leader","floor":21,"turns":4},{"damage":7,"enemies":"downfall:FleeingMerchant","floor":22,"turns":4},{"damage":12,"enemies":"Nightmare","floor":25,"turns":4},{"damage":1,"enemies":"Centurion and Healer","floor":27,"turns":3},{"damage":0,"enemies":"Snecko","floor":28,"turns":2},{"damage":0,"enemies":"Cultist and Chosen","floor":29,"turns":2},{"damage":10,"enemies":"Centurion and Healer","floor":32,"turns":2},{"damage":14,"enemies":"downfall:Defect","floor":33,"turns":4},{"damage":30,"enemies":"Nemesis","floor":36,"turns":3},{"damage":0,"enemies":"Orb Walker","floor":37,"turns":2},{"damage":8,"enemies":"Reptomancer","floor":38,"turns":3},{"damage":0,"enemies":"3 Shapes","floor":39,"turns":2},{"damage":0,"enemies":"Sphere and 2 Shapes","floor":42,"turns":2},{"damage":7,"enemies":"Giant Head","floor":44,"turns":5},{"damage":5,"enemies":"Transient","floor":45,"turns":5},{"damage":6,"enemies":"infinitespire:Three Voidlings","floor":47,"turns":2},{"damage":46,"enemies":"Nightmare_Alpha","floor":47,"turns":7},{"damage":0,"enemies":"downfall:FleeingMerchant","floor":48,"turns":2},{"damage":0,"enemies":"3 Darklings","floor":49,"turns":3},{"damage":0,"enemies":"downfall:Watcher","floor":50,"turns":1},{"damage":0,"enemies":"2 Louse","floor":53,"turns":1},{"damage":0,"enemies":"3 Sentries","floor":54,"turns":2},{"damage":0,"enemies":"Small Slimes","floor":56,"turns":1},{"damage":0,"enemies":"Jaw Worm","floor":57,"turns":2},{"damage":0,"enemies":"Lagavulin","floor":59,"turns":2},{"damage":0,"enemies":"Blue Slaver","floor":64,"turns":1},{"damage":0,"enemies":"Exordium Thugs","floor":65,"turns":1},{"damage":0,"enemies":"2 Fungi Beasts","floor":66,"turns":1},{"damage":0,"enemies":"Slime Boss","floor":67,"turns":2},{"damage":0,"enemies":"theJungle:GiantWrat","floor":71,"turns":3},{"damage":0,"enemies":"theJungle:Cassacara","floor":72,"turns":1},{"damage":0,"enemies":"theJungle:MUSHROOMGANG","floor":73,"turns":1},{"damage":0,"enemies":"theJungle:2_Phrogs","floor":75,"turns":2},{"damage":0,"enemies":"theJungle:Snecko_Cultist_And_Trap","floor":76,"turns":2},{"damage":0,"enemies":"theJungle:MamaSnecko","floor":78,"turns":2},{"damage":0,"enemies":"theJungle:Lyon","floor":79,"turns":2},{"damage":0,"enemies":"Snake Plant","floor":81,"turns":1},{"damage":0,"enemies":"theJungle:2_Snecko_Cultists","floor":83,"turns":1},{"damage":0,"enemies":"theJungle:QueenSpyder","floor":84,"turns":3},{"damage":0,"enemies":"3 Shapes","floor":87,"turns":2},{"damage":0,"enemies":"Orb Walker","floor":89,"turns":1},{"damage":0,"enemies":"Reptomancer","floor":92,"turns":2},{"damage":0,"enemies":"4 Shapes","floor":93,"turns":2},{"damage":0,"enemies":"Nightmare","floor":95,"turns":3},{"damage":0,"enemies":"Writhing Mass","floor":98,"turns":3},{"damage":0,"enemies":"Transient","floor":99,"turns":2},{"damage":0,"enemies":"3 Darklings","floor":100,"turns":2},{"damage":41,"enemies":"infinitespire:MassOfShapes","floor":101,"turns":3}],"seed_played":"-5911095212022837320","potions_obtained":[{"floor":2,"key":"Adrenaline Potion"},{"floor":4,"key":"Block Potion"},{"floor":9,"key":"Guardian:DefensiveModePotion"},{"floor":14,"key":"Dota2Spire:HealingSalve"},{"floor":16,"key":"Fire Potion"},{"floor":27,"key":"LiquidBronze"},{"floor":28,"key":"Weak Potion"},{"floor":32,"key":"Energy Potion"},{"floor":42,"key":"EssenceOfSteel"},{"floor":44,"key":"Elixir"},{"floor":47,"key":"FearPotion"},{"floor":49,"key":"Dota2Spire:HealingSalve"},{"floor":50,"key":"Swift Potion"},{"floor":65,"key":"DistilledChaos"},{"floor":73,"key":"PowerPotion"},{"floor":76,"key":"Energy Potion"},{"floor":80,"key":"Fruit Juice"},{"floor":80,"key":"Explosive Potion"},{"floor":80,"key":"LiquidBronze"},{"floor":99,"key":"SkillPotion"},{"floor":101,"key":"Block Potion"}],"is_trial":false,"path_per_floor":["R","E","M","E","R","?","T","R","M","R","M","?","$","M","M","B",null,"R","M","?","E","$","R","T","NM","R","M","M","M","?","AVR","M","B",null,"R","E","M","E","M","R","T","M","R","E","M","?","?","$","M","B",null,"R","M","E","R","M","M","T","E","?","R","?","?","M","M","M","B",null,"R","$","M","E","M","R","E","M","R","E","M","?","M","?","M","B",null,"R","M","R","M","R","?","E","M","R","NM","$","?","M","M","M","B",null],"character_chosen":"GUARDIAN","items_purchased":["Frozen Egg 2","Guardian:DonusPower","Guardian:VentSteam","DemoMod:WhiteGuonStone","Dota2Spire:BattleFury","HandDrill","aspiration:Lifesprig","MerchantsRug","Dota2Spire:Desolator","Guardian:PrismaticBeam+1","DemoMod:ChaffGrenade","infinitespire:ShieldingShard","Medical Kit","Dota2Spire:ShivaGuard","Dota2Spire:DrumOfEndurance","Replay:Ringing Soul"],"campfire_rested":1,"item_purchase_floors":[22,22,48,48,48,48,48,48,48,70,70,70,70,96,96,96],"current_hp_per_floor":[80,46,46,15,39,39,39,39,39,39,39,39,38,38,33,35,80,80,80,80,72,65,65,65,53,53,52,52,52,52,52,42,28,87,87,57,57,56,56,56,56,56,56,49,44,106,77,77,77,77,106,106,106,106,106,106,106,106,106,106,106,106,106,106,106,106,106,106,106,106,106,106,106,106,106,106,106,106,106,111,111,49,49,49,111,111,111,111,111,111,111,111,111,111,111,111,111,111,114,117,79,120,120],"gold":313,"neow_bonus":"BOSS_RELIC","is_daily":false,"chose_seed":false,"campfire_upgraded":14,"win_rate":0.0,"timestamp":1607918794,"path_taken":["R","E","M","E","R","?","T","R","M","R","M","?","$","M","M","BOSS","R","M","?","E","$","R","T","NM","R","M","?","M","?","AVR","M","BOSS","R","E","M","E","M","R","T","M","R","E","M","?","?","$","M","BOSS","R","M","E","R","M","M","T","E","?","R","?","?","M","M","M","BOSS","R","$","M","?","M","R","E","M","R","E","?","?","?","?","M","BOSS","R","M","R","M","R","?","E","M","R","NM","$","?","M","M","M","BOSS"],"items_purchased_type":["Relic","Card","Card","Relic","Relic","Relic","Relic","Relic","Relic","Card","Relic","Relic","Relic","Relic","Relic","Relic"],"build_version":"2020-12-13","purchased_purges":3,"victory":false,"max_hp_per_floor":[80,80,80,80,80,80,80,80,80,80,80,80,80,80,80,80,80,80,80,80,87,87,87,87,87,87,87,87,87,87,87,87,87,87,87,87,87,94,94,94,94,94,94,94,94,106,106,106,106,106,106,106,106,106,106,106,106,106,106,106,106,106,106,106,106,106,106,106,106,106,106,106,106,106,106,106,106,106,106,111,111,111,111,111,111,111,111,111,111,111,111,111,111,111,111,111,111,111,114,117,120,120,120],"card_choices":[{"not_picked":["Guardian:ShieldSpikes","Guardian:Harden","Guardian:Planning"],"picked":"SKIP","floor":2},{"not_picked":["Guardian:Gem_Lightblue","Guardian:TemporalShield"],"picked":"Guardian:FloatingOrbs","floor":3},{"not_picked":["Guardian:Recover","Guardian:EvasiveProtocol"],"picked":"Guardian:BaubleBeam","floor":4},{"not_picked":["Guardian:Recover","Guardian:Gem_Cyan"],"picked":"Guardian:FloatingOrbs","floor":9},{"not_picked":["Guardian:CrystalBeam+1","Guardian:RollAttack+1"],"picked":"Guardian:PrimingBeam+1","floor":11},{"not_picked":["Guardian:TemporalStrike+1","Guardian:Recover","Guardian:ArmoredProtocol"],"picked":"SKIP","floor":13},{"not_picked":["Guardian:Incinerate+1","Guardian:Orbwalk","Guardian:HyperBeam_Guardian+1"],"picked":"SKIP","floor":14},{"not_picked":["Guardian:Clone","Guardian:Reroute+1","Guardian:TimeCapacitor"],"picked":"SKIP","floor":15},{"not_picked":["Guardian:BaubleBeam+1","Guardian:ExploitGems"],"picked":"Guardian:GemFinder","floor":16},{"not_picked":["Guardian:Gem_Lightblue","Guardian:Gem_Green"],"picked":"Guardian:Gem_Red","floor":19},{"not_picked":["Guardian:FuturePlans+1","Guardian:Gem_Lightblue","Guardian:Suspension"],"picked":"SKIP","floor":19},{"not_picked":["Guardian:Gem_Lightblue","Guardian:Gem_Cyan"],"picked":"Guardian:Gem_Red","floor":21},{"not_picked":["Guardian:DonusPower","Guardian:Incinerate+1"],"picked":"Guardian:PolyBeam+1","floor":21},{"not_picked":["Guardian:TemporalStrike+1","Guardian:TemporalShield","Guardian:PiercingHide"],"picked":"SKIP","floor":22},{"not_picked":["Guardian:Gem_Green","Guardian:Gem_Lightblue"],"picked":"Guardian:Gem_Red","floor":25},{"not_picked":["Guardian:PolyBeam+1","Guardian:Gem_Fragmented"],"picked":"Guardian:PrimingBeam+1","floor":25},{"not_picked":["Guardian:Gem_Cyan","Guardian:Gem_Lightblue"],"picked":"Guardian:Gem_Red","floor":27},{"not_picked":["Guardian:Recover","Guardian:SpikerProtocol+1"],"picked":"Guardian:Gem_Crimson","floor":27},{"not_picked":["Guardian:SentryBeam+1","Guardian:Gem_Blue"],"picked":"Guardian:RefractedBeam+1","floor":28},{"not_picked":["Guardian:Gem_Cyan","Guardian:Gem_Green"],"picked":"Guardian:Gem_Red","floor":29},{"not_picked":["Guardian:Suspension","Guardian:VentSteam"],"picked":"Guardian:PolyBeam+1","floor":29},{"not_picked":["Guardian:Planning","Guardian:Gem_Cyan"],"picked":"Guardian:CrystalBeam+1","floor":32},{"not_picked":["Guardian:Gem_Green","Guardian:Gem_Cyan"],"picked":"Guardian:Gem_Red","floor":33},{"not_picked":["Guardian:FastForward","Guardian:ConstructionForm+1"],"picked":"Guardian:HyperBeam_Guardian+1","floor":33},{"not_picked":["Guardian:PiercingHide","Guardian:Gem_Green"],"picked":"Guardian:AncientConstruct+1","floor":36},{"not_picked":["Guardian:BronzeArmor+1","Guardian:TimeBomb"],"picked":"Guardian:PrimingBeam+1","floor":37},{"not_picked":["Guardian:Gem_Green","Guardian:Gem_Cyan"],"picked":"Guardian:Gem_Red","floor":38},{"not_picked":["Guardian:ChargeCore+1","Guardian:CrystalBeam+1"],"picked":"Guardian:PrimingBeam+1","floor":38},{"not_picked":["Guardian:FuturePlans+1","Guardian:PrimingBeam+1"],"picked":"Guardian:PolyBeam+1","floor":39},{"not_picked":["Guardian:Emergency","Guardian:TemporalShield"],"picked":"Guardian:PrismaticBeam+1","floor":42},{"not_picked":["Guardian:Gem_Green","Guardian:Gem_Cyan"],"picked":"Guardian:Gem_Red","floor":44},{"not_picked":["Guardian:DecasProtection","Guardian:Gem_White"],"picked":"Guardian:Gem_Orange","floor":44},{"not_picked":["Guardian:Gem_Green","Guardian:Gem_Cyan"],"picked":"Guardian:Gem_Red","floor":45},{"not_picked":["Guardian:FuturePlans+1","Guardian:MultiBeam+1","Guardian:PolyBeam+1"],"picked":"SKIP","floor":45},{"not_picked":["Replay:Fractal Strike","infinitespire:UltimateForm"],"picked":"hubris:Fate","floor":47},{"not_picked":["Guardian:Reroute+1","Guardian:ShieldCharger"],"picked":"Guardian:Gem_Crimson","floor":47},{"not_picked":["Guardian:SentryBeam+1","Guardian:Gem_White"],"picked":"Guardian:Planning+1","floor":48},{"not_picked":["Guardian:TemporalStrike+1","Guardian:Harden+1"],"picked":"Guardian:Planning+1","floor":49},{"not_picked":["Guardian:Gem_Green","Guardian:Gem_Lightblue"],"picked":"Guardian:Gem_Red","floor":49},{"not_picked":["Guardian:TimeSifter+1","Guardian:HyperBeam_Guardian+1"],"picked":"Guardian:BaubleBeam+1","floor":50},{"not_picked":["Guardian:Reroute+1","Guardian:ChargeCore+1","Guardian:PiercingHide"],"picked":"SKIP","floor":53},{"not_picked":["Guardian:Suspension","Guardian:Gem_White"],"picked":"Guardian:PrimingBeam+1","floor":54},{"not_picked":["Guardian:ChargeCore+1","Guardian:Gem_Red"],"picked":"Guardian:DonusPower","floor":56},{"not_picked":["Guardian:TimeBomb","Guardian:Gem_Blue","Guardian:PolyBeam+1"],"picked":"SKIP","floor":57},{"not_picked":["Guardian:ChargeUp","Guardian:PiercingHide","Guardian:FloatingOrbs+1"],"picked":"SKIP","floor":59},{"not_picked":["Guardian:SentryBeam+1","Guardian:PiercingHide","Guardian:ShieldSpikes"],"picked":"SKIP","floor":64},{"not_picked":["Guardian:Gem_Green","Guardian:Gem_Cyan"],"picked":"Guardian:Gem_Red","floor":65},{"not_picked":["Guardian:Incinerate+1","Guardian:Reroute+1","Guardian:Gem_Green"],"picked":"SKIP","floor":65},{"not_picked":["Guardian:RollAttack+1","Guardian:VentSteam"],"picked":"Guardian:CrystalBeam+1","floor":66},{"not_picked":["Guardian:TimeSifter+1","Guardian:GemFinder+1"],"picked":"Guardian:BaubleBeam+1","floor":67},{"not_picked":["infinitespire:FinalStrike","infinitespire:Starlight"],"picked":"ReplayTheSpireMod:Black Plague","floor":67},{"not_picked":["Guardian:EvasiveProtocol+1","Guardian:Incinerate+1"],"picked":"Guardian:VentSteam","floor":71},{"not_picked":["Guardian:Gem_Green","Guardian:Incinerate+1"],"picked":"Guardian:PrimingBeam+1","floor":72},{"not_picked":["Guardian:VentSteam","Guardian:EvasiveProtocol+1"],"picked":"Guardian:Gem_Crimson","floor":73},{"not_picked":["Guardian:SphericShield","Guardian:PiercingHide","Guardian:Incinerate+1"],"picked":"SKIP","floor":75},{"not_picked":["Guardian:BronzeOrb+1","Guardian:Planning+1","Guardian:ChargeCore+1"],"picked":"SKIP","floor":76},{"not_picked":["Guardian:Gem_Green","Guardian:Gem_Cyan"],"picked":"Guardian:Gem_Red","floor":78},{"not_picked":["Guardian:TemporalStrike+1","Guardian:ChargeCore+1","Guardian:ShieldCharger"],"picked":"SKIP","floor":78},{"not_picked":["Guardian:Gem_Cyan","Guardian:Planning"],"picked":"Guardian:WalkerClaw+1","floor":79},{"not_picked":["Guardian:Emergency","Guardian:ArmoredProtocol+1"],"picked":"Guardian:WalkerClaw+1","floor":81},{"not_picked":["Guardian:GuardianWhirl+1","Guardian:Recover+1"],"picked":"Guardian:BaubleBeam+1","floor":83},{"not_picked":["Guardian:Gem_Lightblue","Guardian:Gem_Green"],"picked":"Guardian:Gem_Red","floor":87},{"not_picked":["Guardian:PiercingHide","Guardian:RollAttack+1","Guardian:Gem_Lightblue"],"picked":"SKIP","floor":87},{"not_picked":["Guardian:Reroute+1","Guardian:VentSteam","Guardian:Gem_Green"],"picked":"SKIP","floor":89},{"not_picked":["Guardian:ArmoredProtocol+1","Guardian:Emergency"],"picked":"Guardian:MultiBeam+1","floor":92},{"not_picked":["Guardian:CompilePackage","Guardian:ChargeUp+1","Guardian:Gem_Yellow"],"picked":"SKIP","floor":93},{"not_picked":["Guardian:PrimingBeam+1","Guardian:Incinerate+1","Guardian:RollAttack+1"],"picked":"SKIP","floor":95},{"not_picked":["Guardian:Gem_Yellow","Guardian:TemporalShield","Guardian:DecasProtection"],"picked":"SKIP","floor":98},{"not_picked":["Guardian:PrismaticBarrier","Guardian:CrystalBeam+1"],"picked":"Guardian:PrismaticBeam+1","floor":99},{"not_picked":["Guardian:Gem_Cyan","Guardian:Gem_Lightblue"],"picked":"Guardian:Gem_Red","floor":100},{"not_picked":["Guardian:VentSteam+1","Guardian:PiercingHide+1","Guardian:PrismaticBarrier+1"],"picked":"SKIP","floor":100},{"not_picked":["Guardian:GemFire+1","Guardian:CompilePackage"],"picked":"Guardian:Gem_Synthetic","floor":101}],"player_experience":927051,"relics_obtained":[{"floor":2,"key":"Dota2Spire:HandOfMidas"},{"floor":4,"key":"Dota2Spire:MonkeyKingBar"},{"floor":7,"key":"Molten Egg 2"},{"floor":20,"key":"ReplayFunnel"},{"floor":21,"key":"Strawberry"},{"floor":24,"key":"aspiration:FetidBarrel"},{"floor":25,"key":"infinitespire:BottledMercury"},{"floor":34,"key":"DemoMod:ClearGuonStone"},{"floor":34,"key":"aspiration:FrozenJewel"},{"floor":34,"key":"hubris:BundleOfHerbs"},{"floor":36,"key":"Anchor"},{"floor":38,"key":"DemoMod:MonsterBlood"},{"floor":41,"key":"The Courier"},{"floor":44,"key":"infinitespire:Beetle Shell"},{"floor":47,"key":"vexMod:RetaliationKit"},{"floor":58,"key":"Dota2Spire:LotusOrb"},{"floor":86,"key":"HollowMod:LifeEnderRelic"},{"floor":88,"key":"Pantograph"},{"floor":90,"key":"Pen Nib"},{"floor":94,"key":"Garlic"}],"event_choices":[{"damage_healed":0,"gold_gain":0,"player_choice":"Ignored","damage_taken":0,"max_hp_gain":0,"max_hp_loss":0,"event_name":"NoteForYourself","floor":12,"gold_loss":0},{"damage_healed":0,"gold_gain":0,"player_choice":"Relic","damage_taken":0,"max_hp_gain":0,"max_hp_loss":0,"event_name":"Wheel of Change","floor":20,"gold_loss":0},{"cards_removed":["Guardian:HyperBeam_Guardian"],"damage_healed":0,"gold_gain":0,"player_choice":"Took Card","damage_taken":0,"max_hp_gain":0,"max_hp_loss":0,"event_name":"NoteForYourself","floor":63,"gold_loss":0,"cards_obtained":["Iron Wave"]},{"damage_healed":0,"gold_gain":0,"player_choice":"Got Potions","damage_taken":0,"max_hp_gain":0,"max_hp_loss":0,"event_name":"Lab","floor":80,"gold_loss":0}],"is_beta":false,"boss_relics":[{"not_picked":["Dota2Spire:RefresherOrb","Replay:Wanted Poster"],"picked":"aspiration:MobileForge"},{"not_picked":["infinitespire:Cupcake","construct:ClawGrip"],"picked":"Calling Bell"},{"not_picked":["aspiration:IroncladSkillbook","aspiration:FutureDiary"],"picked":"Ring of Chaos"},{"not_picked":["hubris:ScarierMask","aspiration:SecretTechniqueScroll"],"picked":"SlaversCollar"},{"not_picked":["Replay:Drink Me","Snecko Eye"],"picked":"Black Star"},{"not_picked":["aspiration:RitualDagger","Philosopher\u0027s Stone"],"picked":"Dota2Spire:Bloodstone"}],"items_purged_floors":[13,22,31],"is_endless":true,"potions_floor_spawned":[2,4,9,14,15,16,27,28,29,32,42,44,47,47,49,50,56,57,64,65,67,73,76,78,83,87,93,99,101],"ascension_level":0}}