{"host":"1z4hbl9vfqrhg136","time":1607907483,"event":{"mods":["BaseMod","Minty Spire (QoL Compilation)"],"gold_per_floor":[118,131,131,281,281,281,22,50,77,97,128,186,186,204,204,204,204],"floor_reached":16,"playtime":1111,"items_purged":[],"score":216,"play_id":"666a54c1-76df-4d88-a41c-5663bb45de7e","local_time":"20201214005803","is_ascension_mode":true,"campfire_choices":[{"data":"Neutralize","floor":6,"key":"SMITH"},{"data":"Wraith Form v2","floor":15,"key":"SMITH"}],"circlet_count":0,"master_deck":["AscendersBane","Strike_G","Strike_G","Strike_G","Strike_G","Defend_G","Defend_G","Defend_G","Defend_G","Survivor","Neutralize+1","Leg Sweep","Bouncing Flask","Blur","Dash","Finisher","Infinite Blades","Wraith Form v2+1","Catalyst","Catalyst"],"relics":["Ring of the Snake","PreservedInsect","Bag of Marbles","MealTicket","Akabeko","Toy Ornithopter"],"acts_visited":["Exordium"],"potions_floor_usage":[12,16],"damage_taken":[{"damage":1,"enemies":"Small Slimes","floor":1,"turns":4},{"damage":0,"enemies":"2 Louse","floor":2,"turns":3},{"damage":4,"enemies":"Lagavulin","floor":8,"turns":5},{"damage":0,"enemies":"Jaw Worm","floor":10,"turns":4},{"damage":15,"enemies":"3 Sentries","floor":11,"turns":9},{"damage":12,"enemies":"Lagavulin Event","floor":12,"turns":3},{"damage":1,"enemies":"Looter","floor":14,"turns":4},{"damage":44,"enemies":"Slime Boss","floor":16,"turns":9}],"seed_played":"-7995775739736382419","potions_obtained":[{"floor":2,"key":"CunningPotion"},{"floor":11,"key":"Block Potion"},{"floor":14,"key":"Dexterity Potion"}],"is_trial":false,"path_per_floor":["M","M","?","?","?","R","$","E","T","M","E","?","?","M","R","B"],"character_chosen":"THE_SILENT","items_purchased":["PreservedInsect","Dash"],"campfire_rested":0,"item_purchase_floors":[7,7],"current_hp_per_floor":[64,64,64,64,57,57,57,53,53,53,38,26,26,25,25,0,0],"gold":204,"neow_bonus":"TEN_PERCENT_HP_BONUS","is_daily":false,"chose_seed":false,"campfire_upgraded":2,"win_rate":0.0,"timestamp":1607907483,"path_taken":["M","M","?","?","?","R","$","E","T","?","E","?","?","?","R","BOSS"],"items_purchased_type":["Relic","Card"],"build_version":"2020-12-13","purchased_purges":0,"victory":false,"max_hp_per_floor":[72,72,72,72,72,72,72,72,72,72,72,72,72,72,72,72,72],"card_choices":[{"not_picked":["Underhanded Strike","Flying Knee"],"picked":"Leg Sweep","floor":1},{"not_picked":["Dagger Spray","Caltrops"],"picked":"Bouncing Flask","floor":2},{"not_picked":["Quick Slash","Acrobatics"],"picked":"Finisher","floor":8},{"not_picked":["Backflip","Eviscerate"],"picked":"Infinite Blades","floor":10},{"not_picked":["Cloak And Dagger","Backflip"],"picked":"Wraith Form v2","floor":11},{"not_picked":["Flying Knee","Blade Dance"],"picked":"Catalyst","floor":12},{"not_picked":["Sucker Punch","Infinite Blades"],"picked":"Catalyst","floor":14}],"player_experience":1820906,"relics_obtained":[{"floor":8,"key":"Bag of Marbles"},{"floor":9,"key":"MealTicket"},{"floor":11,"key":"Akabeko"},{"floor":12,"key":"Toy Ornithopter"}],"event_choices":[{"damage_healed":0,"gold_gain":0,"cards_transformed":["Strike_G"],"player_choice":"Change","damage_taken":0,"max_hp_gain":0,"max_hp_loss":0,"event_name":"Living Wall","floor":3,"gold_loss":0,"cards_obtained":["Blur"]},{"damage_healed":0,"gold_gain":150,"player_choice":"AGREE","damage_taken":0,"max_hp_gain":0,"max_hp_loss":0,"event_name":"Liars Game","floor":4,"gold_loss":0,"cards_obtained":["Doubt"]},{"cards_removed":["Doubt"],"damage_healed":0,"gold_gain":0,"player_choice":"Card Removal","damage_taken":7,"max_hp_gain":0,"max_hp_loss":0,"event_name":"Golden Wing","floor":5,"gold_loss":0},{"damage_healed":0,"gold_gain":30,"player_choice":"Searched \u00273\u0027 times","damage_taken":0,"max_hp_gain":0,"max_hp_loss":0,"event_name":"Dead Adventurer","floor":12,"gold_loss":0},{"cards_removed":["Defend_G"],"damage_healed":0,"gold_gain":0,"player_choice":"Offered Basic","damage_taken":0,"max_hp_gain":0,"max_hp_loss":0,"event_name":"Bonfire Elementals","floor":13,"gold_loss":0}],"is_beta":false,"boss_relics":[],"items_purged_floors":[],"is_endless":false,"potions_floor_spawned":[2,11,14],"killed_by":"Slime Boss","ascension_level":20}}