{"host":"5a3ojr29q3aeapfp","time":1607958019,"event":{"mods":["BaseMod","CapriCore","Colored Powertips","Downfall","GungeonMod","Hermit","Koishi","Minty Spire (QoL Compilation)","Remilia£®¿Ÿ√◊¿Ú—«£©","Replay The Spire","Spicy Shops","StSLib","The Cursed","The Immortal","Youmu£®ªÍ∆«—˝√Œ£©","°æ“≈ŒÔø®≈∆°øREMEMod"],"gold_per_floor":[99,125,125,125,140,140,140,166,177,210,224,224,248,112,127,249,299,224,224,266,111,36,36,36,102,118,152,174,196,196,222,238,354,354,279,34,34,34,68,68,68,105,105,105,105],"floor_reached":44,"playtime":4637,"items_purged":["Pain","Decay","Wrath_TH"],"score":693,"play_id":"0f00c6f2-fcc2-4eea-877b-9befdbe3139c","local_time":"20201214230019","is_ascension_mode":false,"campfire_choices":[{"data":"ScarletCoffin","floor":1.0,"key":"SMITH"},{"data":"Slimebound:Split","floor":3.0,"key":"SMITH"},{"floor":18.0,"key":"RECALL"},{"data":"Slimebound:CorrosiveSpit","floor":22.0,"key":"SMITH"},{"data":"Slimebound:MinionMaster","floor":35,"key":"SMITH"},{"data":"EndlessPower","floor":38,"key":"SMITH"},{"data":"Slimebound:LeadByExample","floor":40,"key":"SMITH"}],"circlet_count":0,"master_deck":["Slimebound:Strike_Slimebound+1","Slimebound:Strike_Slimebound","Slimebound:Tackle","Slimebound:Defend_Slimebound","Slimebound:Defend_Slimebound+1","Slimebound:Defend_Slimebound+1","Slimebound:Defend_Slimebound+1","Slimebound:Split+1","Slimebound:CorrosiveSpit+1","ScarletCoffin+1","Slimebound:SlimeTap","Slimebound:SplitMire","Slimebound:FirmFortitude+1","Slimebound:SplitAcid","Slimebound:RollThrough+1","Slimebound:Schlurp+1","Slimebound:Replication+1","Slimebound:Nibble+1","Slimebound:SplitLeeching+1","Slimebound:OozeBath+1","Slimebound:SplitAcid+1","Slimebound:RainOfGoop+1","Slimebound:LeechingTouch+1","Slimebound:Repurpose+1","expansioncontent:QuickStudy+1","Slimebound:WasteNot+1","Slimebound:LevelUp","Slimebound:MinionMaster+1","Wrath_TH","EndlessPower+1","Slimebound:LevelUp","Slimebound:MassRepurpose+1","Slimebound:SamplingLick+1","Shame","Replay:SS_fish_2+1","Slimebound:LeadByExample+1","Slimebound:Darklings+1"],"relics":["Slimebound:AbsorbEndCombat","REME_ComplimentaryCards","Mango","WarpedTongs","DemoMod:BigBoy","Question Card","Toxic Egg 2","Replay:Bandana","Tiny House","downfall:HeartBlessingGreen","Gremlin Food","Strange Spoon","downfall:HeartBlessingRed","DemoMod:PinkGuonStone","Membership Card","DemoMod:WeirdEgg","InkBottle","Slimebound:TarBlob","downfall:HeartBlessingBlue","ReplayTheSpireMod:CursedCoin","DemoMod:WhiteGuonStone","Replay:WaspNest","AntiCross","Strawberry","Replay:Accelerometer","Simple Rune"],"acts_visited":["Exordium","TheCity","TheBeyond"],"potions_floor_usage":[33],"damage_taken":[{"damage":31.0,"enemies":"Gremlin Nob","floor":2.0,"turns":4.0},{"damage":11.0,"enemies":"Cultist","floor":5.0,"turns":2.0},{"damage":1.0,"enemies":"3 Sentries","floor":8.0,"turns":2.0},{"damage":12.0,"enemies":"Small Slimes","floor":9.0,"turns":2.0},{"damage":37.0,"enemies":"Lagavulin","floor":10.0,"turns":7.0},{"damage":20.0,"enemies":"Jaw Worm","floor":11.0,"turns":2.0},{"damage":23.0,"enemies":"downfall:FleeingMerchant","floor":14.0,"turns":4.0},{"damage":16.0,"enemies":"Exordium Wildlife","floor":15.0,"turns":2.0},{"damage":27.0,"enemies":"downfall:Ironclad","floor":16.0,"turns":6.0},{"damage":59.0,"enemies":"Slavers","floor":20.0,"turns":6.0},{"damage":13.0,"enemies":"downfall:FleeingMerchant","floor":21.0,"turns":4.0},{"damage":12.0,"enemies":"downfall:FleeingMerchant","floor":25.0,"turns":4.0},{"damage":26.0,"enemies":"3 Byrds","floor":26.0,"turns":4.0},{"damage":36.0,"enemies":"Book of Stabbing","floor":27.0,"turns":4.0},{"damage":32.0,"enemies":"Spheric Guardian","floor":28.0,"turns":4.0},{"damage":19.0,"enemies":"Cultist and Chosen","floor":29.0,"turns":3.0},{"damage":26.0,"enemies":"Centurion and Healer","floor":31.0,"turns":4.0},{"damage":64.0,"enemies":"Snecko","floor":32.0,"turns":5.0},{"damage":106,"enemies":"downfall:Silent","floor":33,"turns":5},{"damage":97,"enemies":"Nemesis","floor":39,"turns":3},{"damage":82,"enemies":"Reptomancer","floor":42,"turns":3},{"damage":68,"enemies":"R_Hoarder","floor":44,"turns":2}],"seed_played":"7558008495664960787","potions_obtained":[{"floor":2.0,"key":"Strength Potion"},{"floor":4.0,"key":"BlessingOfTheForge"},{"floor":4.0,"key":"Energy Potion"},{"floor":4.0,"key":"champ:CounterPotion"},{"floor":11.0,"key":"FairyPotion"},{"floor":11.0,"key":"DuplicationPotion"},{"floor":16.0,"key":"LifebloodPotion"},{"floor":17.0,"key":"Swift Potion"},{"floor":27.0,"key":"Dexterity Potion"},{"floor":28.0,"key":"Ancient Potion"},{"floor":33,"key":"Adrenaline Potion"}],"is_trial":false,"path_per_floor":["R","E","R","?","M","?","T","E","M","E","M","?","T","$","M","B",null,"R","?","E","$","R","T","T","$","M","E","M","M","?","M","M","B",null,"R","$","?","R","E","R","T","E","?","E"],"character_chosen":"SLIMEBOUND","items_purchased":["Slimebound:Nibble+1","Strange Spoon","Membership Card","expansioncontent:QuickStudy+1","DemoMod:WeirdEgg","ReplayTheSpireMod:CursedCoin","DemoMod:WhiteGuonStone","Slimebound:SamplingLick+1","Replay:WaspNest","Replay:SS_fish_2+1"],"campfire_rested":0,"item_purchase_floors":[14,21,25,25,25,36,36,36,36,36],"current_hp_per_floor":[66,61,61,61,62,62,62,61,61,52,48,53,53,58,66,79,90,90,90,67,78,78,78,85,97,95,95,86,91,91,97,57,27,97,107,107,107,107,108,108,108,60,60,0,0],"gold":105,"neow_bonus":"TEN_PERCENT_HP_BONUS","is_daily":false,"chose_seed":false,"campfire_upgraded":6,"win_rate":0.0,"timestamp":1607958019,"path_taken":["R","E","R","?","?","?","T","E","M","E","?","?","?","?","M","BOSS","R","?","E","$","R","?","T","$","?","E","M","M","?","M","M","BOSS","R","$","?","R","E","R","T","E","?","E"],"items_purchased_type":["Card","Relic","Relic","Card","Relic","Relic","Relic","Card","Relic","Card"],"build_version":"2020-12-13","purchased_purges":3,"victory":false,"max_hp_per_floor":[66,80,80,80,80,80,80,80,80,80,80,85,85,85,85,85,90,90,90,90,90,90,90,97,97,97,97,97,97,97,97,97,97,97,107,107,107,107,114,114,114,114,114,114,114],"card_choices":[{"not_picked":["Slimebound:ComboTackle","Slimebound:ForwardTackle"],"picked":"Slimebound:SlimeTap","floor":2.0},{"not_picked":["Slimebound:ProtectTheBoss","Slimebound:GoopSpray"],"picked":"Slimebound:SplitMire","floor":5.0},{"not_picked":["Slimebound:FinishingTackle","Slimebound:SplitLeeching"],"picked":"Slimebound:FirmFortitude","floor":8.0},{"not_picked":["Slimebound:GrowthPunch","Slimebound:LeechingTouch","Slimebound:GoopSpray"],"picked":"Slimebound:SplitAcid","floor":9.0},{"not_picked":["Slimebound:RainOfGoop+1","Slimebound:FormOfPuddle+1","Slimebound:ViciousTackle"],"picked":"Slimebound:RollThrough","floor":10.0},{"not_picked":["Slimebound:SplitMire+1","Slimebound:SplitBruiser+1","Slimebound:SplitAcid+1"],"picked":"Slimebound:Schlurp+1","floor":11.0},{"not_picked":["Slimebound:Equalize","Slimebound:TongueLash","Slimebound:PressTheAttack"],"picked":"Slimebound:Replication+1","floor":14.0},{"not_picked":["Slimebound:TongueLash","Slimebound:SplitBruiser+1","Slimebound:LeadByExample"],"picked":"Slimebound:SplitLeeching+1","floor":15.0},{"not_picked":["Slimebound:SelfFormingGoo","Slimebound:SlimeSlap","Slimebound:WasteNot+1"],"picked":"Slimebound:OozeBath+1","floor":16.0},{"not_picked":["Slimebound:LeadByExample","Slimebound:SplitBruiser+1","Slimebound:SplitLeeching+1"],"picked":"Slimebound:SplitAcid+1","floor":17.0},{"not_picked":["Slimebound:SlimeBarrage","Slimebound:SplitAcid+1","Slimebound:LeechEnergy"],"picked":"Slimebound:RainOfGoop+1","floor":20.0},{"not_picked":["Slimebound:ViciousTackle","Slimebound:Dissolve+1","Slimebound:SlimeTap+1"],"picked":"Slimebound:LeechingTouch+1","floor":21.0},{"not_picked":["Slimebound:FinishingTackle","Slimebound:TongueLash+1","Slimebound:MegaLick+1"],"picked":"Slimebound:Repurpose+1","floor":25.0},{"not_picked":["Slimebound:RollThrough","Slimebound:Schlurp+1","Slimebound:SplitAcid+1"],"picked":"Slimebound:WasteNot+1","floor":26.0},{"not_picked":["Slimebound:SlimeSpikes+1","Slimebound:FinishingTackle+1","Slimebound:SlimeSlap"],"picked":"Slimebound:LevelUp","floor":27.0},{"not_picked":["Slimebound:ComboTackle","Slimebound:LeechingTouch","Slimebound:RollThrough","Slimebound:Dissolve+1"],"picked":"SKIP","floor":28.0},{"not_picked":["Slimebound:SpikyOuterGoop","Slimebound:SplitBruiser+1","Slimebound:SplitLeeching+1"],"picked":"Slimebound:MinionMaster","floor":29.0},{"not_picked":["Slimebound:Schlurp+1","Slimebound:ViciousTackle","Slimebound:ComboTackle","Slimebound:GrowthPunch"],"picked":"SKIP","floor":31.0},{"not_picked":["Slimebound:SplitBruiser+1","Slimebound:SpikyOuterGoop","Slimebound:GoopSpray+1"],"picked":"Slimebound:LevelUp","floor":32.0},{"not_picked":["Slimebound:MinionMaster","Slimebound:OozeBath+1","Slimebound:WasteNot+1"],"picked":"Slimebound:MassRepurpose+1","floor":33},{"not_picked":["Slimebound:SlimeSpikes+1","Slimebound:DouseInSlime+1","Slimebound:FirmFortitude"],"picked":"Slimebound:LeadByExample","floor":39},{"not_picked":["Slimebound:GrowthPunch+1","Slimebound:ComboTackle+1","Slimebound:GoopSpray+1","Slimebound:MegaLick+1"],"picked":"SKIP","floor":42}],"player_experience":101019,"relics_obtained":[{"floor":2.0,"key":"Mango"},{"floor":7.0,"key":"DemoMod:BigBoy"},{"floor":8.0,"key":"Question Card"},{"floor":10.0,"key":"Toxic Egg 2"},{"floor":13.0,"key":"Replay:Bandana"},{"floor":20.0,"key":"Gremlin Food"},{"floor":24.0,"key":"DemoMod:PinkGuonStone"},{"floor":27.0,"key":"InkBottle"},{"floor":37,"key":"AntiCross"},{"floor":39,"key":"Strawberry"},{"floor":41,"key":"Replay:Accelerometer"},{"floor":42,"key":"Simple Rune"}],"event_choices":[{"damage_healed":0.0,"max_hp_gain":0.0,"max_hp_loss":0.0,"gold_gain":0.0,"event_name":"Lab","player_choice":"Got Potions","floor":4.0,"gold_loss":0.0,"damage_taken":0.0},{"damage_healed":0.0,"max_hp_gain":0.0,"max_hp_loss":0.0,"gold_gain":0.0,"event_name":"Accursed Blacksmith","player_choice":"Rummage","floor":6.0,"gold_loss":0.0,"damage_taken":0.0,"relics_obtained":["WarpedTongs"],"cards_obtained":["Pain"]},{"damage_healed":0.0,"max_hp_gain":5.0,"max_hp_loss":0.0,"gold_gain":0.0,"event_name":"Big Fish","player_choice":"Donut","floor":12.0,"gold_loss":0.0,"damage_taken":0.0},{"cards_removed":["Slimebound:Strike_Slimebound"],"damage_healed":0.0,"max_hp_gain":0.0,"max_hp_loss":0.0,"gold_gain":0.0,"event_name":"Back to Basics","player_choice":"Elegance","floor":19.0,"gold_loss":0.0,"damage_taken":0.0}],"is_beta":false,"boss_relics":[{"not_picked":["Replay:Wanted Poster","Runic Pyramid"],"picked":"Tiny House"},{"not_picked":["REME_LowDesire","Painkiller Herb"],"picked":"Slimebound:TarBlob"}],"items_purged_floors":[14,25,36],"is_endless":false,"potions_floor_spawned":[2,9,11,27,28,29,31,33,39],"killed_by":"R_Hoarder","ascension_level":0}}