{"host":"0vd2boh2oi7jm085","time":1607917477,"event":{"mods":["BaseMod","Colored Map","Colored Powertips","Highlight Path","Minty Spire (QoL Compilation)","Quick Restart","StSLib","The IronCluck"],"gold_per_floor":[365,365,365,390,27,27,40,59,59,109,20,20,20,38,38,115,115,128,128,128,128,140,171,171,171],"floor_reached":24,"playtime":348,"items_purged":[],"score":374,"play_id":"28b1314a-5433-4682-a951-f611ffc6744c","local_time":"20201213194437","is_ascension_mode":true,"campfire_choices":[{"data":"Flex","floor":6.0,"key":"SMITH"},{"floor":15.0,"key":"REST"}],"circlet_count":0,"master_deck":["AscendersBane","Strike_R","Strike_R","Strike_R","Strike_R","Strike_R","Defend_R","Defend_R+1","Defend_R+1","Defend_R","Bash","Flex+1","Heavy Blade+1","Inflame+1","Thunderclap+1","Necronomicurse"],"relics":["Burning Blood","War Paint","Nunchaku","ClockworkSouvenir","Singing Bowl","Cursed Key","Necronomicon","Juzu Bracelet"],"acts_visited":["Exordium","TheCity"],"potions_floor_usage":[],"damage_taken":[{"damage":4.0,"enemies":"2 Louse","floor":1.0,"turns":3.0},{"damage":6.0,"enemies":"Jaw Worm","floor":7.0,"turns":3.0},{"damage":0.0,"enemies":"Cultist","floor":8.0,"turns":3.0},{"damage":16.0,"enemies":"Blue Slaver","floor":14.0,"turns":3.0},{"damage":23.0,"enemies":"Hexaghost","floor":16.0,"turns":7.0},{"damage":0.0,"enemies":"Spheric Guardian","floor":18.0,"turns":3.0},{"damage":4.0,"enemies":"Chosen","floor":22.0,"turns":3.0},{"damage":52,"enemies":"Gremlin Leader","floor":23,"turns":4},{"damage":0,"enemies":"Snake Plant","floor":24,"turns":1}],"seed_played":"-6068211597334554658","potions_obtained":[{"floor":1.0,"key":"Weak Potion"}],"is_trial":false,"path_per_floor":["M","?","?","T","$","R","M","M","T","?","$","?","$","M","R","B",null,"M","$","?","?","M","E","M"],"character_chosen":"IRONCLAD","items_purchased":["Heavy Blade","Nunchaku","ClockworkSouvenir","Inflame"],"campfire_rested":1,"item_purchase_floors":[5,5,5,11],"current_hp_per_floor":[68,68,68,68,68,68,68,68,68,62,62,62,62,54,70,55,68,72,72,51,51,55,11,11,11],"gold":171,"neow_bonus":"TWO_FIFTY_GOLD","is_daily":false,"chose_seed":false,"campfire_upgraded":1,"win_rate":0.0,"timestamp":1607917477,"path_taken":["M","?","?","?","?","R","M","?","T","?","?","?","$","M","R","BOSS","M","$","?","?","?","E","M"],"items_purchased_type":["Card","Relic","Relic","Card"],"build_version":"2020-12-13","purchased_purges":0,"victory":false,"max_hp_per_floor":[68,68,68,68,68,68,68,68,68,68,68,68,68,70,70,72,72,72,72,72,72,74,76,76,76],"card_choices":[{"not_picked":["Rage","Reckless Charge"],"picked":"Flex","floor":1.0},{"not_picked":["Battle Trance","Clash","Sever Soul"],"picked":"SKIP","floor":7.0},{"not_picked":["Pommel Strike","Fire Breathing","Reckless Charge"],"picked":"SKIP","floor":8.0},{"not_picked":["Second Wind","Headbutt","Reckless Charge"],"picked":"Singing Bowl","floor":14.0},{"not_picked":["Berserk","Offering","Feed"],"picked":"Singing Bowl","floor":16.0},{"not_picked":["Combust","Body Slam"],"picked":"Thunderclap+1","floor":18.0},{"not_picked":["Dual Wield","Rage","Intimidate"],"picked":"Singing Bowl","floor":22.0},{"not_picked":["True Grit","Anger","Searing Blow"],"picked":"Singing Bowl","floor":23}],"player_experience":80788,"relics_obtained":[{"floor":4.0,"key":"War Paint"},{"floor":9.0,"key":"Singing Bowl"},{"floor":20.0,"key":"Necronomicon"},{"floor":23,"key":"Juzu Bracelet"}],"event_choices":[{"damage_healed":0.0,"max_hp_gain":0.0,"max_hp_loss":0.0,"gold_gain":0.0,"event_name":"The Cleric","player_choice":"Leave","floor":2.0,"gold_loss":0.0,"damage_taken":0.0},{"damage_healed":0.0,"max_hp_gain":0.0,"max_hp_loss":0.0,"gold_gain":0.0,"event_name":"Golden Wing","player_choice":"Ignored","floor":3.0,"gold_loss":0.0,"damage_taken":0.0},{"damage_healed":0.0,"max_hp_gain":0.0,"max_hp_loss":0.0,"gold_gain":50.0,"event_name":"FaceTrader","player_choice":"Touch","floor":10.0,"gold_loss":0.0,"damage_taken":6.0},{"damage_healed":0.0,"max_hp_gain":0.0,"max_hp_loss":0.0,"gold_gain":0.0,"event_name":"Living Wall","player_choice":"Grow","floor":12.0,"gold_loss":0.0,"damage_taken":0.0,"cards_upgraded":["Inflame"]},{"damage_healed":0.0,"max_hp_gain":0.0,"max_hp_loss":0.0,"gold_gain":0.0,"event_name":"Cursed Tome","player_choice":"Obtained Book","floor":20.0,"gold_loss":0.0,"damage_taken":21.0},{"damage_healed":0.0,"max_hp_gain":0.0,"max_hp_loss":0.0,"gold_gain":0.0,"event_name":"Accursed Blacksmith","player_choice":"Forge","floor":21.0,"gold_loss":0.0,"damage_taken":0.0,"cards_upgraded":["Heavy Blade"]}],"is_beta":false,"boss_relics":[{"not_picked":["Black Blood","Coffee Dripper"],"picked":"Cursed Key"}],"items_purged_floors":[],"is_endless":false,"potions_floor_spawned":[1],"killed_by":"Snake Plant","ascension_level":17}}