{"host":"x5ow3h9y3elojghk","time":1607917767,"event":{"mods":["BaseMod","Downfall","Duelist Mod","KinomotoSakuraMod(ƒæ÷Æ±æ”£)","KomeijiMod","Marisa£®ÏF”Í°°ƒß¿Ì…≥£©","Minty Spire (QoL Compilation)","Reimu£®≤©¿ˆ¡È√Œ£©","Remilia£®¿Ÿ√◊¿Ú—«£©","StSLib","The Administrix","The Bug Knight","The Construct","The Cursed","The Hierophant","The Poker Player","The Runesmith","The Senshi","The Servant 0.9.4","Youmu£®ªÍ∆«—˝√Œ£©","[IsaacMod]“‘»ˆº‚À˛"],"gold_per_floor":[111,123,138,138,155,155,182,182,208,219,64,90,90,105,105,203,203,221,181,181,191,191,191,191,220,220,255,275,293,293,71,71,168,168,185,198,211,0,0,0,29,29,108,108,121,121,156,175,175,175,175],"floor_reached":50,"playtime":3863,"items_purged":["Defend_YM"],"score":800,"play_id":"117e3be2-d4fc-442f-8d1f-c27ccb2be872","local_time":"20201214114927","is_ascension_mode":false,"campfire_choices":[{"data":"DoctorFetus","floor":6,"key":"SMITH"},{"data":"HeartExcerptSlash","floor":8,"key":"SMITH"},{"data":"HeavenGodSword","floor":15,"key":"SMITH"},{"data":"HeavenGodSword","floor":23,"key":"SMITH"},{"data":"IrresoluteSoul","floor":30,"key":"SMITH"},{"data":"HumanGodSword","floor":32,"key":"SMITH"},{"data":"HellRealmSword","floor":40,"key":"SMITH"},{"data":"ASingleThoughtAndInfiniteKalpas","floor":42,"key":"SMITH"},{"data":"SlashOfDelusionalInnerEye","floor":44,"key":"SMITH"},{"data":"AsuraSword","floor":49,"key":"SMITH"}],"circlet_count":0,"master_deck":["Defend_YM","Defend_YM","Defend_YM","SlashOfPresentWorld","WheelOfPainOfLivingAndDead","DoctorFetus+1","LightFlashOfTheNetherworld","SlashOfDelusionalInnerEye+1","LowerRealmReflectionSlash","HeartExcerptSlash+1","HumanGodSword+1","SpiritCuttingSword","HeavenGodSword+1","IrresoluteSoul+1","HeavenGodSword+1","LifeCuttingSword+1","ZunPunch:ReiMu","Bite","Bite","Bite","Bite","Bite","SlashOfMeditation","CrescentMoonSlash","HumanKnowledgeSword","SwordExtraction","HumanGodSword+1","ASingleThoughtAndInfiniteKalpas+1","HellRealmSword+1","ObsessionWithThePresentWorld+1","HellGodSword+1","PretaSword+1","AsuraSword+1","Wraith","SlashOfDepartureFromHesitation","DispleasureOfTheSevenHakus"],"relics":["HalfPhantom","HushsDoor","NineVolt","NeowsBlessing","Akabeko","ScarletDevilRocket","Roukanken","BookOfRevelations","Runic Dome","Nilry\u0027s Codex","DoctorsRemote","PreservedInsect","ChestCloth","Kunai","TheBean","Coffee Dripper","MomsKnife","Red Mask","Happy Flower","Boot"],"acts_visited":["Exordium","TheCity","TheBeyond"],"potions_floor_usage":[5,7,33,45,45],"damage_taken":[{"damage":0,"enemies":"Small Slimes","floor":1,"turns":1},{"damage":0,"enemies":"Jaw Worm","floor":2,"turns":1},{"damage":0,"enemies":"2 Louse","floor":3,"turns":2},{"damage":10,"enemies":"Exordium Wildlife","floor":5,"turns":3},{"damage":6,"enemies":"Lagavulin","floor":7,"turns":5},{"damage":16,"enemies":"Red Slaver","floor":10,"turns":4},{"damage":19,"enemies":"Gremlin Nob","floor":12,"turns":4},{"damage":0,"enemies":"Blue Slaver","floor":14,"turns":1},{"damage":0,"enemies":"Slime Boss","floor":16,"turns":5},{"damage":0,"enemies":"Shell Parasite","floor":18,"turns":2},{"damage":0,"enemies":"3 Byrds","floor":21,"turns":4},{"damage":9,"enemies":"Book of Stabbing","floor":25,"turns":3},{"damage":0,"enemies":"Slavers","floor":27,"turns":1},{"damage":0,"enemies":"3 Cultists","floor":28,"turns":2},{"damage":10,"enemies":"Cultist and Chosen","floor":29,"turns":3},{"damage":0,"enemies":"Automaton","floor":33,"turns":6},{"damage":0,"enemies":"3 Shapes","floor":35,"turns":1},{"damage":0,"enemies":"3 Darklings","floor":36,"turns":2},{"damage":0,"enemies":"Maw","floor":37,"turns":5},{"damage":0,"enemies":"Reptomancer","floor":41,"turns":1},{"damage":0,"enemies":"Transient","floor":45,"turns":5},{"damage":0,"enemies":"Nemesis","floor":47,"turns":1},{"damage":0,"enemies":"Jaw Worm Horde","floor":48,"turns":1},{"damage":42,"enemies":"Time Eater","floor":50,"turns":7}],"seed_played":"3871857195244025208","potions_obtained":[{"floor":1,"key":"CausticAgent"},{"floor":2,"key":"champ:CounterPotion"},{"floor":3,"key":"FairyPotion"},{"floor":16,"key":"SteroidPotion"},{"floor":21,"key":"ZuzhouPotion:ReiMu"},{"floor":27,"key":"FearPotion"},{"floor":29,"key":"Energy Potion"},{"floor":33,"key":"Energy Potion"},{"floor":41,"key":"champ:CounterPotion"}],"is_trial":false,"path_per_floor":["M","M","M","?","M","R","E","R","T","M","$","E","?","M","R","B",null,"M","?","?","M","?","R","T","E","T","E","M","M","R","$","R","B",null,"M","M","M","?","$","R","E","R","T","R","M","?","E","M","R","B"],"character_chosen":"YOUMU","items_purchased":["Roukanken","HeavenGodSword","TheBean","HumanGodSword","MomsKnife","HellRealmSword"],"campfire_rested":0,"item_purchase_floors":[11,17,31,31,34,34],"current_hp_per_floor":[75,75,75,68,60,60,56,56,56,42,42,25,25,27,27,29,66,66,66,66,66,50,50,50,43,43,45,51,47,47,47,47,59,30,30,30,30,30,30,30,30,30,30,30,30,30,30,30,30,0,0],"gold":175,"neow_bonus":"THREE_ENEMY_KILL","is_daily":false,"chose_seed":false,"campfire_upgraded":10,"win_rate":0.0,"timestamp":1607917767,"path_taken":["M","M","M","?","M","R","E","R","T","M","$","E","?","?","R","BOSS","M","?","?","?","?","R","?","E","T","E","?","M","R","$","R","BOSS","M","M","M","?","?","R","E","R","T","R","?","?","E","M","R","BOSS"],"items_purchased_type":["Relic","Card","Relic","Card","Relic","Card"],"build_version":"2020-12-13","purchased_purges":1,"victory":false,"max_hp_per_floor":[75,75,75,75,75,75,75,75,75,75,75,75,75,75,75,75,66,66,66,66,66,66,66,66,66,66,66,66,66,66,66,66,66,30,30,30,30,30,30,30,30,30,30,30,30,30,30,30,30,30,30],"card_choices":[{"not_picked":[],"picked":"DoctorFetus","floor":0},{"not_picked":["HumanKnowledgeSword","ConstancyOfTheConventionalTruth"],"picked":"LightFlashOfTheNetherworld","floor":1},{"not_picked":["SpiritCuttingSword","SlashOfMeditation","TwoHundredYojanaInOneSlash"],"picked":"SKIP","floor":2},{"not_picked":["ConstancyOfTheConventionalTruth","HumanKnowledgeSword"],"picked":"SlashOfDelusionalInnerEye","floor":3},{"not_picked":["TwoHundredYojanaInOneSlash","FlashingScatteredFlowers"],"picked":"LowerRealmReflectionSlash","floor":5},{"not_picked":["ReincarnationSword","LowerRealmReflectionSlash"],"picked":"HeartExcerptSlash","floor":7},{"not_picked":["SwordOfBindingDesires","SlashOfMeditation"],"picked":"HumanGodSword","floor":10},{"not_picked":["FourBirthsSword","ThreeKonsSevenHakus"],"picked":"SpiritCuttingSword","floor":12},{"not_picked":["Bomb","LifeCuttingSword"],"picked":"HeavenGodSword","floor":14},{"not_picked":["SlashOfTheEternalFuture","DeadlyForm"],"picked":"IrresoluteSoul","floor":16},{"not_picked":["TenKingsRetributionOnThePreta+1","PhosphoricSlash"],"picked":"LifeCuttingSword+1","floor":18},{"not_picked":["KarmicPunishmentOfTheIdleAndUnfocused","PhosphoricSlash+1"],"picked":"SlashOfMeditation","floor":21},{"not_picked":["TwoHundredYojanaInOneSlash","DispleasureOfTheSevenHakus"],"picked":"CrescentMoonSlash","floor":25},{"not_picked":["WickedSoul","AsTheSilentNirvana"],"picked":"HumanKnowledgeSword","floor":27},{"not_picked":["ThreeKonsSevenHakus","CrescentMoonSlash"],"picked":"SwordExtraction","floor":28},{"not_picked":["SlashOfMeditation","PretaSword","HeartExcerptSlash"],"picked":"SKIP","floor":29},{"not_picked":["IrresoluteSoul","SlashOfTheEternalFuture"],"picked":"ASingleThoughtAndInfiniteKalpas","floor":33},{"not_picked":["TwoHundredYojanaInOneSlash","PhosphoricSlash+1"],"picked":"ObsessionWithThePresentWorld+1","floor":35},{"not_picked":["SpiritCuttingSword+1","DispleasureOfTheSevenHakus","BizarrenessOfSixRealms"],"picked":"SKIP","floor":36},{"not_picked":["SpiritCuttingSword","LightFlashOfTheNetherworld+1"],"picked":"HellGodSword+1","floor":37},{"not_picked":["SanzenSekai","HesitationCuttingSword+1"],"picked":"PretaSword+1","floor":41},{"not_picked":["LowerRealmReflectionSlash+1","ConstancyOfTheConventionalTruth+1"],"picked":"AsuraSword","floor":45},{"not_picked":["SpiritCuttingSword+1","SlashOfAscensionToBuddhahood"],"picked":"SlashOfDepartureFromHesitation","floor":47},{"not_picked":["LifeCuttingSword","SpiritCuttingSword+1"],"picked":"DispleasureOfTheSevenHakus","floor":48}],"player_experience":294029,"relics_obtained":[{"floor":7,"key":"Akabeko"},{"floor":9,"key":"ScarletDevilRocket"},{"floor":12,"key":"BookOfRevelations"},{"floor":22,"key":"Nilry\u0027s Codex"},{"floor":24,"key":"DoctorsRemote"},{"floor":25,"key":"PreservedInsect"},{"floor":26,"key":"ChestCloth"},{"floor":27,"key":"Kunai"},{"floor":41,"key":"Happy Flower"},{"floor":47,"key":"Boot"}],"event_choices":[{"damage_healed":0,"gold_gain":0,"player_choice":"Success","damage_taken":7,"relics_obtained":["Blood Vial"],"max_hp_gain":0,"max_hp_loss":0,"event_name":"Scrap Ooze","floor":4,"gold_loss":0},{"damage_healed":0,"gold_gain":0,"player_choice":"Grow","damage_taken":0,"max_hp_gain":0,"max_hp_loss":0,"event_name":"Living Wall","floor":13,"gold_loss":0,"cards_upgraded":["HumanGodSword"]},{"damage_healed":0,"gold_gain":0,"player_choice":"Ωª≥ˆ…Òæ∆","damage_taken":0,"max_hp_gain":0,"max_hp_loss":0,"event_name":"ZunEvent","floor":19,"relics_lost":["ZunR:ReiMu"],"gold_loss":0,"cards_obtained":["ZunPunch:ReiMu"]},{"damage_healed":0,"gold_gain":0,"player_choice":"Became a vampire (Vial)","damage_taken":0,"max_hp_gain":0,"max_hp_loss":0,"event_name":"Vampires","floor":20,"relics_lost":["Blood Vial"],"gold_loss":0,"cards_obtained":["Bite","Bite","Bite","Bite","Bite"]},{"damage_healed":0,"gold_gain":0,"player_choice":"Obtained Book","damage_taken":16,"max_hp_gain":0,"max_hp_loss":0,"event_name":"Cursed Tome","floor":22,"gold_loss":0},{"damage_healed":0,"gold_gain":0,"player_choice":"Paid","damage_taken":0,"relics_obtained":["Red Mask"],"max_hp_gain":0,"max_hp_loss":0,"event_name":"Tomb of Lord Red Mask","floor":38,"gold_loss":211},{"damage_healed":0,"gold_gain":0,"player_choice":"Ignored","damage_taken":0,"max_hp_gain":0,"max_hp_loss":0,"event_name":"OrinTheCat","floor":46,"gold_loss":0}],"is_beta":false,"boss_relics":[{"not_picked":["Ectoplasm","Empty Cage"],"picked":"Runic Dome"},{"not_picked":[]},{"not_picked":["Busted Crown","Tiny House"],"picked":"Coffee Dripper"},{"not_picked":[]}],"items_purged_floors":[17],"is_endless":false,"potions_floor_spawned":[1,2,3,16,21,27,29,33,37,41],"killed_by":"Time Eater","ascension_level":0}}