{"host":"fvsruk02bthdqpa4","time":1607988198,"event":{"mods":["AchievementEnabler","Aspiration","BaseMod","Colored Map","Colored Powertips","Conspire","Energized Spire","Hubris","Infinite Spire","Minty Spire (QoL Compilation)","Quick Restart","Replay The Spire","Shop Mod","StSLib","SuperFastMode","The Blue Laboratory","The Runesmith","vexMod"],"gold_per_floor":[118,118,132,0,275,307,307,323,323,86,86,96,96,116,116,220,220,236,236,251,264,22,22,50,67,121,121,121],"floor_reached":27,"playtime":2206,"items_purged":["Overencumbered","Regret","conspire:GhostlyStrike","Runesmith:UnlimitedPower"],"score":233,"play_id":"fb0d1c62-8d9b-4171-956f-1ed077337a04","local_time":"20201214182318","is_ascension_mode":false,"campfire_choices":[{"data":"Runesmith:Grindstone","floor":7.0,"key":"SMITH"},{"data":"Runesmith:Permafrost","floor":11,"key":"SMITH"},{"floor":13,"key":"REST"},{"data":"Runesmith:Firestorm","floor":15,"key":"SMITH"},{"floor":23,"key":"REST"}],"circlet_count":0,"master_deck":["conspire:GhostlyStrike","conspire:GhostlyStrike","conspire:GhostlyDefend","conspire:GhostlyDefend","Runesmith:CraftFirestone","Runesmith:Fortify","Runesmith:Permafrost","Runesmith:Grindstone+1","Runesmith:CraftVitae","Runesmith:Permafrost+1","Runesmith:CraftMagma","Runesmith:HeatedChisel","Runesmith:LithiumIon","Runesmith:CraftMagma","Runesmith:CraftProtectio","Runesmith:Firestorm+1","Runesmith:FissionHammer","Runesmith:RuneHurl+1","Finesse+1","Runesmith:UnlimitedPower","PiercingWail+1"],"relics":["Pet Ghost","Another Sword","PrismaticShard","replay:Trail_Library","Counterbalance","infinitespire:Chaos","Runesmith:EmergencyProvisions","hubris:SlimyHat"],"acts_visited":["TheCity"],"potions_floor_usage":[21,24,27],"damage_taken":[{"damage":2.0,"enemies":"Jaw Worm","floor":1.0,"turns":4.0},{"damage":0.0,"enemies":"2 Louse","floor":3.0,"turns":6.0},{"damage":44.0,"enemies":"3 Sentries","floor":6.0,"turns":12.0},{"damage":11.0,"enemies":"infinitespire:Voidling","floor":8.0,"turns":5.0},{"damage":9,"enemies":"Gremlin Gang","floor":12,"turns":4},{"damage":0,"enemies":"2 Fungi Beasts","floor":14,"turns":4},{"damage":16,"enemies":"Hexaghost","floor":16,"turns":9},{"damage":10,"enemies":"conspire:FuzzyDice","floor":18,"turns":7},{"damage":36,"enemies":"3 Byrds","floor":20,"turns":7},{"damage":6,"enemies":"Snake Plant","floor":21,"turns":6},{"damage":14,"enemies":"Book of Stabbing","floor":24,"turns":8},{"damage":7,"enemies":"conspire:HollyBat","floor":25,"turns":8},{"damage":23,"enemies":"Snecko","floor":27,"turns":5}],"seed_played":"6282854501336611361","potions_obtained":[{"floor":8.0,"key":"blueLaboratory:LouseDecoction"},{"floor":12,"key":"Languid Potion"},{"floor":18,"key":"blueLaboratory:FrostheartPotion"},{"floor":20,"key":"LifebloodPotion"},{"floor":24,"key":"blueLaboratory:NullPotion"}],"is_trial":false,"path_per_floor":["M","?","M","$","?","E","R","M","T","$","R","M","R","M","R_BF","B",null,"M","AVR","M","M","$","R","E","M","T","M"],"character_chosen":"RUNESMITH_CLASS","items_purchased":["Runesmith:Grindstone","Runesmith:CraftVitae","ReplayTheSpireMod:CursedCoin","Runesmith:Permafrost","Runesmith:LithiumIon","Runesmith:CraftMagma","Swift Potion","Runesmith:UnlimitedPower"],"campfire_rested":2,"item_purchase_floors":[4,4,4,4,10,10,10,22],"current_hp_per_floor":[68,68,68,68,68,24,24,26,26,26,26,17,38,38,38,22,70,60,60,24,18,18,39,25,18,18,0,0],"gold":121,"neow_bonus":"REMOVE_CARD","is_daily":false,"chose_seed":false,"campfire_upgraded":3,"win_rate":0.0,"timestamp":1607988198,"path_taken":["M","?","M","$","?","E","R","M","T","AVR","R","M","R","M","R_BF","BOSS","M","AVR","M","M","$","R","E","M","T","M"],"items_purchased_type":["Card","Card","Relic","Card","Card","Card","Potion","Card"],"build_version":"2020-12-13","purchased_purges":4,"victory":false,"max_hp_per_floor":[70,70,70,70,70,70,70,70,70,70,70,70,70,70,70,70,70,70,70,70,70,70,70,70,70,70,70,70],"card_choices":[{"not_picked":["Runesmith:FrozenChisel","Runesmith:HammerAndChisel"],"picked":"Runesmith:Permafrost","floor":1.0},{"not_picked":["Runesmith:WhiteBalance","Runesmith:EnergizedChisel","Runesmith:Prism"],"picked":"SKIP","floor":3.0},{"not_picked":["Runesmith:HeatExchange","Runesmith:RuneHurl"],"picked":"Runesmith:CraftMagma","floor":6.0},{"not_picked":["Runesmith:HammerTime","Runesmith:EarthShield"],"picked":"Runesmith:HeatedChisel","floor":8.0},{"not_picked":["Runesmith:CraftMagma","Runesmith:Repurpose"],"picked":"Runesmith:CraftProtectio","floor":12},{"not_picked":["Runesmith:StaticCage","Runesmith:HammerThrow"],"picked":"Runesmith:Firestorm","floor":14},{"not_picked":["Runesmith:GenerateForcefield","Runesmith:LastStand"],"picked":"Runesmith:FissionHammer","floor":16},{"not_picked":["aspiration:UnbridledHammer","Runesmith:ElementalConversion","Runesmith:FieryHammer+1"],"picked":"SKIP","floor":18},{"not_picked":["Sever Soul","Runesmith:MakeshiftArmor+1"],"picked":"Runesmith:RuneHurl+1","floor":20},{"not_picked":["ReplayTheSpireMod:Strike From Hell+1","Barrage"],"picked":"Finesse+1","floor":21},{"not_picked":["EmptyFist","Blizzard+1","Runesmith:EnergizedChisel"],"picked":"SKIP","floor":24},{"not_picked":["Run Through","Stack"],"picked":"PiercingWail+1","floor":25}],"player_experience":328605,"relics_obtained":[{"floor":6.0,"key":"aspiration:Lifesprig"},{"floor":9.0,"key":"Vajra"},{"floor":24,"key":"Runesmith:EmergencyProvisions"},{"floor":26,"key":"hubris:SlimyHat"}],"event_choices":[{"damage_healed":0.0,"max_hp_gain":0.0,"max_hp_loss":0.0,"gold_gain":0.0,"event_name":"conspire:LoneGhost","player_choice":"Agree","floor":2.0,"gold_loss":0.0,"damage_taken":0.0},{"damage_healed":0.0,"max_hp_gain":0.0,"max_hp_loss":0.0,"gold_gain":275.0,"event_name":"Golden Shrine","player_choice":"Desecrate","floor":5.0,"gold_loss":0.0,"damage_taken":0.0,"cards_obtained":["Regret"]}],"is_beta":false,"boss_relics":[{"not_picked":["Ring of Chaos","vexMod:EndlessSickness"],"picked":"Empty Cage"}],"items_purged_floors":[4,10,19,22],"is_endless":false,"potions_floor_spawned":[8,12,16,18,20,24],"killed_by":"Snecko","ascension_level":0}}