{"host":"poshtwjux72eqzmy","time":1607971365,"event":{"mods":["BaseMod","Bestiary","Block Reminder","Colored Powertips","Highlight Path","Minty Spire (QoL Compilation)","Quick Restart","Relic Stats","ojb\u0027s Info Mod"],"gold_per_floor":[359,371,521,3,19,50,50,68,68,68,87,119,119,132,132,208,208,219,232,282,298,317,349,364,389,389,407,457,485,497,138,138,209,209,223,235,13,0,20,20,39,73,73,73,100,113,113,138,138,138,138,138,138,5,35,35,35],"floor_reached":56,"playtime":6748,"items_purged":["Doubt","Defend_B","Defend_B","Zap"],"score":2112,"play_id":"51171a33-0289-4bc0-9f28-c7e8f5896223","local_time":"20201214204245","is_ascension_mode":true,"campfire_choices":[{"data":"Chaos","floor":7.0,"key":"SMITH"},{"data":"Reprogram","floor":10.0,"key":"SMITH"},{"data":"Reinforced Body","floor":13.0,"key":"SMITH"},{"data":"Hologram","floor":15.0,"key":"SMITH"},{"data":"Buffer","floor":32.0,"key":"SMITH"},{"data":"Buffer","floor":40.0,"key":"SMITH"},{"floor":44.0,"key":"RECALL"},{"data":"Loop","floor":47.0,"key":"SMITH"},{"data":"PanicButton","floor":49.0,"key":"SMITH"},{"data":"Hyperbeam","floor":53.0,"key":"SMITH"}],"circlet_count":0,"master_deck":["AscendersBane","Strike_B","Strike_B","Strike_B+1","Strike_B","Dualcast","Compile Driver","Core Surge","Self Repair","Chaos+1","Go for the Eyes+1","Reprogram+1","Hello World","Reinforced Body+1","Hologram+1","Buffer+1","Defragment+1","Beam Cell","Sunder","Glacier","White Noise","Buffer+1","Heatsinks+1","Hyperbeam+1","Undo","Stack+1","FTL","Electrodynamics","Cold Snap+1","Skim+1","PanicButton+1","Loop+1","Force Field+1","Go for the Eyes+1","Lockon+1","Reprogram+1"],"relics":["Cracked Core","Anchor","OrangePellets","Whetstone","White Beast Statue","Eternal Feather","Coffee Dripper","MealTicket","Smiling Mask","StrikeDummy","Nunchaku","Orrery","Empty Cage","Red Mask","Happy Flower","Strawberry","Ginger","Mummified Hand"],"acts_visited":["Exordium","TheCity","TheBeyond","TheEnding"],"potions_floor_usage":[56,56],"damage_taken":[{"damage":13.0,"enemies":"Small Slimes","floor":1.0,"turns":4.0},{"damage":7.0,"enemies":"Jaw Worm","floor":2.0,"turns":3.0},{"damage":1.0,"enemies":"Cultist","floor":5.0,"turns":3.0},{"damage":25.0,"enemies":"Lagavulin","floor":6.0,"turns":10.0},{"damage":10.0,"enemies":"Lots of Slimes","floor":8.0,"turns":4.0},{"damage":4.0,"enemies":"Looter","floor":11.0,"turns":3.0},{"damage":17.0,"enemies":"Gremlin Nob","floor":12.0,"turns":4.0},{"damage":5.0,"enemies":"Gremlin Gang","floor":14.0,"turns":4.0},{"damage":12.0,"enemies":"The Guardian","floor":16.0,"turns":9.0},{"damage":4.0,"enemies":"Spheric Guardian","floor":18.0,"turns":3.0},{"damage":3.0,"enemies":"3 Byrds","floor":19.0,"turns":5.0},{"damage":11.0,"enemies":"Sentry and Sphere","floor":21.0,"turns":6.0},{"damage":20.0,"enemies":"Shelled Parasite and Fungi","floor":22.0,"turns":7.0},{"damage":0.0,"enemies":"Gremlin Leader","floor":23.0,"turns":7.0},{"damage":2.0,"enemies":"Chosen and Byrds","floor":24.0,"turns":6.0},{"damage":20.0,"enemies":"Slavers","floor":25.0,"turns":7.0},{"damage":0.0,"enemies":"Centurion and Healer","floor":27.0,"turns":7.0},{"damage":11.0,"enemies":"Gremlin Leader","floor":29.0,"turns":8.0},{"damage":6.0,"enemies":"Cultist and Chosen","floor":30.0,"turns":5.0},{"damage":15.0,"enemies":"Automaton","floor":33.0,"turns":13.0},{"damage":0.0,"enemies":"3 Shapes","floor":35.0,"turns":8.0},{"damage":28.0,"enemies":"Orb Walker","floor":36.0,"turns":4.0},{"damage":11.0,"enemies":"4 Shapes","floor":39.0,"turns":5.0},{"damage":0.0,"enemies":"Jaw Worm Horde","floor":41.0,"turns":4.0},{"damage":24.0,"enemies":"Nemesis","floor":42.0,"turns":15.0},{"damage":0.0,"enemies":"Giant Head","floor":45.0,"turns":9.0},{"damage":0.0,"enemies":"3 Darklings","floor":46.0,"turns":5.0},{"damage":0.0,"enemies":"Mind Bloom Boss Battle","floor":48.0,"turns":7.0},{"damage":54.0,"enemies":"Time Eater","floor":50.0,"turns":14.0},{"damage":14.0,"enemies":"Donu and Deca","floor":51.0,"turns":14.0},{"damage":23.0,"enemies":"Shield and Spear","floor":55.0,"turns":11.0},{"damage":59,"enemies":"The Heart","floor":56,"turns":9}],"seed_played":"-683044836712638619","potions_obtained":[{"floor":6.0,"key":"EssenceOfDarkness"},{"floor":11.0,"key":"Block Potion"},{"floor":12.0,"key":"Ancient Potion"},{"floor":14.0,"key":"FocusPotion"},{"floor":16.0,"key":"Swift Potion"},{"floor":19.0,"key":"Swift Potion"},{"floor":21.0,"key":"Fire Potion"},{"floor":22.0,"key":"Explosive Potion"},{"floor":23.0,"key":"ColorlessPotion"},{"floor":24.0,"key":"FocusPotion"},{"floor":25.0,"key":"Explosive Potion"},{"floor":27.0,"key":"FearPotion"},{"floor":29.0,"key":"SteroidPotion"},{"floor":30.0,"key":"ColorlessPotion"},{"floor":33.0,"key":"FocusPotion"},{"floor":36.0,"key":"BlessingOfTheForge"},{"floor":48.0,"key":"EntropicBrew"},{"floor":55.0,"key":"EssenceOfDarkness"}],"is_trial":false,"path_per_floor":["M","M","?","$","M","E","R","M","T","R","M","E","R","M","R","B",null,"M","M","?","M","M","E","M","E","T","M","?","E","M","$","R","B",null,"M","M","$","?","M","R","M","E","T","R","E","M","R","?","R","B","B",null,"R","$","E","B"],"character_chosen":"DEFECT","items_purchased":["Self Repair","Anchor","OrangePellets","Chaos","Orrery","FTL","Explosive Potion","PanicButton","Loop","LiquidBronze"],"campfire_rested":0,"item_purchase_floors":[4,4,4,4,31,31,31,37,37,54],"current_hp_per_floor":[51,44,44,44,50,32,32,29,29,29,32,22,31,26,38,33,56,59,63,63,52,39,46,51,38,38,45,45,41,42,57,64,56,62,64,43,58,58,54,64,64,47,47,64,71,71,71,71,71,17,17,58,71,71,55,0,0],"gold":35,"neow_bonus":"TWO_FIFTY_GOLD","is_daily":false,"chose_seed":false,"campfire_upgraded":9,"win_rate":0.0,"timestamp":1607971365,"path_taken":["M","M","?","$","M","E","R","M","T","R","M","E","R","M","R","BOSS","M","M","?","?","?","E","M","E","T","M","?","E","M","$","R","BOSS","M","?","$","?","M","R","M","E","T","R","E","M","R","?","R","BOSS","BOSS","R","$","E","BOSS"],"items_purchased_type":["Card","Relic","Relic","Card","Relic","Card","Potion","Card","Card","Potion"],"build_version":"2020-12-13","purchased_purges":4,"victory":false,"max_hp_per_floor":[64,64,64,64,64,64,64,64,64,64,64,64,64,64,64,64,64,64,64,64,64,64,64,64,64,64,64,64,64,64,64,64,64,64,64,64,64,64,64,64,64,64,64,64,71,71,71,71,71,71,71,71,71,71,71,71,71],"relic_stats":{"OrangePellets":[32],"Nunchaku":[23],"Happy Flower":[23],"counters":[32,222],"Mummified Hand":[6],"Eternal Feather":68,"MealTicket":30,"Whetstone":["Strike_B","Go for the Eyes"],"Ginger":[5],"Smiling Mask":225,"obtain_stats":[{"Happy Flower":42,"Eternal Feather":12,"Whetstone":6,"Ginger":48,"Smiling Mask":25,"Empty Cage":34,"White Beast Statue":9,"OrangePellets":4,"Anchor":4,"Nunchaku":29,"Mummified Hand":55,"Strawberry":45,"Orrery":31,"MealTicket":23,"Coffee Dripper":17,"Red Mask":38,"Cracked Core":0,"StrikeDummy":26},{"Happy Flower":25,"Eternal Feather":7,"Whetstone":4,"Ginger":28,"Smiling Mask":16,"Empty Cage":20,"White Beast Statue":5,"OrangePellets":2,"Anchor":2,"Nunchaku":18,"Mummified Hand":31,"Strawberry":26,"Orrery":19,"MealTicket":14,"Coffee Dripper":9,"Red Mask":22,"Cracked Core":0,"StrikeDummy":16},{"Happy Flower":153,"Eternal Feather":31,"Whetstone":20,"Ginger":174,"Smiling Mask":85,"Empty Cage":118,"White Beast Statue":24,"OrangePellets":7,"Anchor":7,"Nunchaku":100,"Mummified Hand":213,"Strawberry":162,"Orrery":105,"MealTicket":72,"Coffee Dripper":44,"Red Mask":130,"Cracked Core":0,"StrikeDummy":85}]},"card_choices":[{"not_picked":["Leap","Stack"],"picked":"Compile Driver","floor":1.0},{"not_picked":["Reprogram","Sweeping Beam"],"picked":"Core Surge","floor":2.0},{"not_picked":["Static Discharge","Tempest"],"picked":"Go for the Eyes","floor":5.0},{"not_picked":["Rebound","Recycle"],"picked":"Reprogram","floor":6.0},{"not_picked":["Ball Lightning","Rebound"],"picked":"Hello World","floor":8.0},{"not_picked":["Self Repair","Double Energy","Fusion"],"picked":"SKIP","floor":11.0},{"not_picked":["Tempest","Storm"],"picked":"Reinforced Body","floor":12.0},{"not_picked":["Reinforced Body","Conserve Battery"],"picked":"Hologram","floor":14.0},{"not_picked":["Creative AI","Seek"],"picked":"Buffer","floor":16.0},{"not_picked":["White Noise","Beam Cell"],"picked":"Defragment+1","floor":18.0},{"not_picked":["Rebound","Blizzard","Turbo"],"picked":"SKIP","floor":19.0},{"not_picked":["Tempest","Streamline"],"picked":"Beam Cell","floor":21.0},{"not_picked":["Stack","Hologram"],"picked":"Sunder","floor":22.0},{"not_picked":["Go for the Eyes","Double Energy"],"picked":"Glacier","floor":23.0},{"not_picked":["Hologram","Cold Snap"],"picked":"White Noise","floor":24.0},{"not_picked":["Steam","Turbo"],"picked":"Buffer","floor":25.0},{"not_picked":["Gash","Leap","Sweeping Beam"],"picked":"SKIP","floor":27.0},{"not_picked":["Reprogram","Genetic Algorithm"],"picked":"Heatsinks+1","floor":29.0},{"not_picked":["Beam Cell","Redo","Sweeping Beam"],"picked":"SKIP","floor":30.0},{"not_picked":["Force Field","Conserve Battery"],"picked":"Hyperbeam","floor":31.0},{"not_picked":["Barrage","Coolheaded"],"picked":"Undo","floor":31.0},{"not_picked":["Streamline","Hologram"],"picked":"Stack+1","floor":31.0},{"not_picked":["Hyperbeam","Buffer"],"picked":"Electrodynamics","floor":33.0},{"not_picked":["Self Repair","Genetic Algorithm+1"],"picked":"Cold Snap+1","floor":35.0},{"not_picked":["Coolheaded","Streamline"],"picked":"Skim+1","floor":36.0},{"not_picked":["Cold Snap","Lockon","Beam Cell"],"picked":"SKIP","floor":39.0},{"not_picked":["White Noise","Gash","Genetic Algorithm"],"picked":"SKIP","floor":41.0},{"not_picked":["Storm","Turbo+1"],"picked":"Force Field+1","floor":42.0},{"not_picked":["Stack","Core Surge","Sweeping Beam+1"],"picked":"SKIP","floor":45.0},{"not_picked":["Melter","Compile Driver"],"picked":"Go for the Eyes+1","floor":46.0},{"not_picked":["Sweeping Beam","Defragment+1"],"picked":"Lockon+1","floor":48.0},{"not_picked":["Cold Snap","Stack"],"picked":"Reprogram+1","floor":55.0}],"player_experience":940001,"relics_obtained":[{"floor":6.0,"key":"Whetstone"},{"floor":9.0,"key":"White Beast Statue"},{"floor":12.0,"key":"Eternal Feather"},{"floor":23.0,"key":"MealTicket"},{"floor":25.0,"key":"Smiling Mask"},{"floor":26.0,"key":"StrikeDummy"},{"floor":29.0,"key":"Nunchaku"},{"floor":42.0,"key":"Happy Flower"},{"floor":45.0,"key":"Strawberry"},{"floor":48.0,"key":"Ginger"},{"floor":55.0,"key":"Mummified Hand"}],"event_choices":[{"damage_healed":0.0,"max_hp_gain":0.0,"max_hp_loss":0.0,"gold_gain":150.0,"event_name":"Liars Game","player_choice":"AGREE","floor":3.0,"gold_loss":0.0,"damage_taken":0.0,"cards_obtained":["Doubt"]},{"damage_healed":0.0,"max_hp_gain":0.0,"max_hp_loss":0.0,"gold_gain":50.0,"event_name":"Golden Shrine","player_choice":"Pray","floor":20.0,"gold_loss":0.0,"damage_taken":0.0},{"damage_healed":0.0,"max_hp_gain":0.0,"max_hp_loss":0.0,"gold_gain":100.0,"event_name":"The Joust","player_choice":"Bet on Murderer","floor":28.0,"gold_loss":50.0,"damage_taken":0.0},{"damage_healed":0.0,"max_hp_gain":0.0,"max_hp_loss":0.0,"gold_gain":0.0,"event_name":"Tomb of Lord Red Mask","player_choice":"Paid","floor":38.0,"gold_loss":13.0,"damage_taken":0.0,"relics_obtained":["Red Mask"]},{"damage_healed":0.0,"max_hp_gain":0.0,"max_hp_loss":0.0,"gold_gain":0.0,"event_name":"MindBloom","player_choice":"Fight","floor":48.0,"gold_loss":0.0,"damage_taken":0.0}],"is_beta":false,"boss_relics":[{"not_picked":["Ectoplasm","Busted Crown"],"picked":"Coffee Dripper"},{"not_picked":["Calling Bell","Pandora\u0027s Box"],"picked":"Empty Cage"}],"items_purged_floors":[4,31,37,54],"is_endless":false,"potions_floor_spawned":[6,11,12,14,16,18,19,21,22,23,24,25,27,29,30,33,35,36,39,41,42,45,46,48,55],"killed_by":"The Heart","ascension_level":20}}