{"host":"l8lkgdumzpe3823a","time":1607918979,"event":{"mods":["Aspiration","BaseMod","Better Note","Colored Powertips","Curses Come First","Custom Start","DeckTracker","Defuse TimeMaze Blight","Highlight Path","Hubris","Infinite Spire","Minty Spire (QoL Compilation)","Quick Restart","Replay The Spire","Shop Mod","StSLib","SuperFastMode","The Construct","The Dragon Tamer","vexMod"],"gold_per_floor":[110,210,60,74,74,101,101,129,129,129,77,77,97,126,126,228,228,252,261,261,261,360,360,395,416,416,454,249,249,272,291,291,291,291],"floor_reached":33,"playtime":1275,"items_purged":["Strike_G","Defend_G","Strike_G+1"],"score":356,"play_id":"b8ca0941-14d8-420d-82f9-451a19baa2cf","local_time":"20201213220939","is_ascension_mode":true,"campfire_choices":[{"data":"ReplayTheSpireMod:Scrap Shanks","floor":7.0,"key":"SMITH"},{"data":"Tools of the Trade","floor":10.0,"key":"SMITH"},{"floor":15,"key":"REST"},{"data":"Calculated Gamble","floor":23,"key":"SMITH"},{"data":"1","floor":32,"key":"LIFT"}],"circlet_count":0,"master_deck":["Strike_G+1","Strike_G+1","Strike_G+1","Defend_G+1","Defend_G+1","Defend_G+1","Defend_G+1","Survivor+1","Neutralize","Quick Slash","ReplayTheSpireMod:Scrap Shanks+1","Choke","infinitespire:Starlight","Tools of the Trade+1","Hidden Blade","Cloak And Dagger","Calculated Gamble+1","CurseOfTheBell","Noxious Fumes","J.A.X.","Malaise","hubris:Sniper","After Image","Prepared","Tactician","Blade Dance"],"relics":["Ring of the Snake","NeowsBlessing","Replay:Bottled Steam","hubris:AncientText","Snack Pack","Paper Crane","Calling Bell","CeramicFish","hubris:DeckOfHolding","Girya","Bronze Scales","ReplayTheSpireMod:Ninjato","Art of War","hubris:BottledHeart"],"acts_visited":["Exordium","TheCity"],"potions_floor_usage":[14,16,16,16,18,25],"damage_taken":[{"damage":0.0,"enemies":"Jaw Worm","floor":1.0,"turns":1.0},{"damage":0.0,"enemies":"Cultist","floor":4.0,"turns":1.0},{"damage":0.0,"enemies":"Gremlin Nob","floor":6.0,"turns":1.0},{"damage":23.0,"enemies":"Lagavulin","floor":8.0,"turns":6.0},{"damage":0.0,"enemies":"2 Louse","floor":13.0,"turns":3.0},{"damage":13,"enemies":"3 Sentries","floor":14,"turns":7},{"damage":23,"enemies":"Hexaghost","floor":16,"turns":8},{"damage":43,"enemies":"Shell Parasite","floor":18,"turns":6},{"damage":28,"enemies":"Book of Stabbing","floor":24,"turns":5},{"damage":19,"enemies":"2 Thieves","floor":25,"turns":3},{"damage":59,"enemies":"Slavers","floor":27,"turns":5},{"damage":0,"enemies":"Cultist and Chosen","floor":30,"turns":4},{"damage":0,"enemies":"Snecko","floor":31,"turns":4},{"damage":9,"enemies":"Collector","floor":33,"turns":3}],"seed_played":"2231944911443694930","potions_obtained":[{"floor":1.0,"key":"EntropicBrew"},{"floor":8.0,"key":"CunningPotion"},{"floor":13.0,"key":"Adrenaline Potion"},{"floor":16,"key":"SpeedPotion"},{"floor":18,"key":"FearPotion"},{"floor":24,"key":"FairyPotion"},{"floor":30,"key":"SteroidPotion"}],"is_trial":false,"path_per_floor":["M","?","$","M","?","E","R","E","T","R","$","?","M","E","R","B",null,"M","?","AVR","?","?","R","E","M","T","E","$","?","M","M","R","B"],"character_chosen":"THE_SILENT","items_purchased":["ReplayTheSpireMod:Scrap Shanks","Cloak And Dagger","Prepared","Tactician"],"campfire_rested":1,"item_purchase_floors":[3,11,28,28],"current_hp_per_floor":[70,70,70,70,54,54,54,41,41,41,41,27,27,34,55,60,70,41,41,41,41,41,41,29,24,24,19,19,1,1,1,1,0,0],"gold":291,"neow_bonus":"THREE_ENEMY_KILL","is_daily":false,"chose_seed":false,"campfire_upgraded":3,"win_rate":0.0,"timestamp":1607918979,"path_taken":["M","?","?","M","?","E","R","E","T","R","$","?","M","E","R","BOSS","M","?","AVR","?","?","R","E","M","T","E","$","?","M","?","R","BOSS"],"items_purchased_type":["Card","Card","Card","Card"],"build_version":"2020-12-13","purchased_purges":3,"victory":false,"max_hp_per_floor":[70,70,70,70,70,70,70,70,70,70,70,70,70,70,70,70,70,70,70,70,70,70,70,70,70,70,70,70,1,1,1,1,1,1],"card_choices":[{"not_picked":["hubris:Counter","Outmaneuver"],"picked":"Quick Slash","floor":1.0},{"not_picked":["Underhanded Strike","Dagger Spray"],"picked":"Choke","floor":4.0},{"not_picked":["infinitespire:SevenWalls","ReplayTheSpireMod:Chaos Vortex"],"picked":"infinitespire:Starlight","floor":5.0},{"not_picked":["Dagger Spray","Infinite Blades"],"picked":"Tools of the Trade","floor":6.0},{"not_picked":["Dodge and Roll","Well Laid Plans"],"picked":"Hidden Blade","floor":8.0},{"not_picked":["Slice","ReplayTheSpireMod:Speed Training"],"picked":"Calculated Gamble","floor":13.0},{"not_picked":["Backflip","Dodge and Roll","Poisoned Stab"],"picked":"SKIP","floor":14},{"not_picked":["Dagger Spray","Sucker Punch+1"],"picked":"Noxious Fumes","floor":18},{"not_picked":["Slice+1","Well Laid Plans"],"picked":"Malaise","floor":24},{"not_picked":["Escape Plan","Flying Knee"],"picked":"hubris:Sniper","floor":25},{"not_picked":["Underhanded Strike","Setup"],"picked":"After Image","floor":27},{"not_picked":["Deflect","Underhanded Strike"],"picked":"Blade Dance","floor":30},{"not_picked":["Backstab","Poisoned Stab","Flying Knee"],"picked":"SKIP","floor":31}],"player_experience":550630,"relics_obtained":[{"floor":6.0,"key":"Replay:Bottled Steam"},{"floor":8.0,"key":"hubris:AncientText"},{"floor":9.0,"key":"Snack Pack"},{"floor":14,"key":"Paper Crane"},{"floor":17,"key":"CeramicFish"},{"floor":17,"key":"hubris:DeckOfHolding"},{"floor":17,"key":"Girya"},{"floor":24,"key":"ReplayTheSpireMod:Ninjato"},{"floor":27,"key":"Art of War"}],"event_choices":[{"damage_healed":0.0,"max_hp_gain":0.0,"max_hp_loss":0.0,"gold_gain":100.0,"event_name":"Golden Shrine","player_choice":"Pray","floor":2.0,"gold_loss":0.0,"damage_taken":0.0},{"damage_healed":0.0,"max_hp_gain":0.0,"max_hp_loss":0.0,"gold_gain":0.0,"event_name":"Shining Light","player_choice":"Entered Light","floor":12.0,"gold_loss":0.0,"damage_taken":14.0,"cards_upgraded":["Survivor","Strike_G"]},{"damage_healed":0,"gold_gain":0,"player_choice":"Obtain J.A.X.","damage_taken":0,"max_hp_gain":0,"max_hp_loss":0,"event_name":"Drug Dealer","floor":19,"gold_loss":0,"cards_obtained":["J.A.X."]},{"damage_healed":0,"gold_gain":0,"player_choice":"Simplicity","damage_taken":0,"max_hp_gain":0,"max_hp_loss":0,"event_name":"Back to Basics","floor":21,"gold_loss":0,"cards_upgraded":["Strike_G","Strike_G","Strike_G","Defend_G","Defend_G","Defend_G","Defend_G"]},{"damage_healed":0,"gold_gain":99,"player_choice":"Stole From Cult","damage_taken":0,"max_hp_gain":0,"max_hp_loss":0,"event_name":"Nest","floor":22,"gold_loss":0}],"is_beta":false,"boss_relics":[{"not_picked":["aspiration:RitualDagger","vexMod:EndlessSickness"],"picked":"Calling Bell"}],"items_purged_floors":[3,20,28],"is_endless":false,"potions_floor_spawned":[1,8,13,16,18,24,30],"killed_by":"Collector","ascension_level":2}}