{"host":"0tiuc76yumknr6qf","time":1607908790,"event":{"mods":["BaseMod","Minty Spire (QoL Compilation)","StSLib"],"gold_per_floor":[111,125,138,138,157,157,190,205,228,228,228,228,259,279,279,357,357,374,388,401,73,92,92,92,92],"floor_reached":24,"playtime":1411,"items_purged":[],"score":420,"play_id":"cf5d6fc3-225a-437a-b232-45f172cafd73","local_time":"20201213191950","is_ascension_mode":true,"campfire_choices":[{"data":"Darkness","floor":6.0,"key":"SMITH"},{"floor":10.0,"key":"REST"},{"data":"Doom and Gloom","floor":12.0,"key":"SMITH"},{"data":"Defragment","floor":15.0,"key":"SMITH"},{"floor":23,"key":"REST"}],"circlet_count":0,"master_deck":["AscendersBane","Strike_B","Strike_B","Strike_B","Strike_B","Defend_B","Defend_B+1","Defend_B","Defend_B+1","Zap","Dualcast","Melter","Doom and Gloom+1","Darkness+1","Defragment+1","Conserve Battery","Ball Lightning","Glacier","Creative AI","BootSequence","Undo","Rebound+1","Skim"],"relics":["Cracked Core","Dead Branch","Blood Vial","War Paint","CultistMask","Vajra","Sozu","Incense Burner"],"acts_visited":["Exordium","TheCity"],"potions_floor_usage":[16,24,24],"damage_taken":[{"damage":0.0,"enemies":"Cultist","floor":1.0,"turns":3.0},{"damage":2.0,"enemies":"Jaw Worm","floor":2.0,"turns":3.0},{"damage":5.0,"enemies":"Small Slimes","floor":3.0,"turns":2.0},{"damage":11.0,"enemies":"3 Louse","floor":5.0,"turns":3.0},{"damage":25.0,"enemies":"Lagavulin","floor":7.0,"turns":6.0},{"damage":7.0,"enemies":"Looter","floor":8.0,"turns":3.0},{"damage":4.0,"enemies":"Gremlin Nob","floor":13.0,"turns":3.0},{"damage":5.0,"enemies":"Lots of Slimes","floor":14.0,"turns":2.0},{"damage":26,"enemies":"Hexaghost","floor":16,"turns":9},{"damage":9,"enemies":"Chosen","floor":18,"turns":4},{"damage":8,"enemies":"Shell Parasite","floor":19,"turns":4},{"damage":18,"enemies":"Shelled Parasite and Fungi","floor":20,"turns":6},{"damage":11,"enemies":"Snake Plant","floor":22,"turns":6},{"damage":39,"enemies":"Slavers","floor":24,"turns":4}],"seed_played":"-149056064426263469","potions_obtained":[{"floor":1.0,"key":"PowerPotion"},{"floor":2.0,"key":"CultistPotion"},{"floor":16,"key":"ColorlessPotion"}],"is_trial":false,"path_per_floor":["M","M","M","?","M","R","E","M","T","R","?","R","E","M","R","B",null,"M","M","M","$","M","R","E"],"character_chosen":"DEFECT","items_purchased":["Incense Burner"],"campfire_rested":2,"item_purchase_floors":[21],"current_hp_per_floor":[64,62,57,57,46,46,21,16,16,35,35,35,33,30,30,6,50,43,37,21,21,12,31,0,0],"gold":92,"neow_bonus":"ONE_RARE_RELIC","is_daily":false,"chose_seed":false,"campfire_upgraded":3,"win_rate":0.0,"timestamp":1607908790,"path_taken":["M","M","M","?","M","R","E","M","T","R","?","R","E","M","R","BOSS","M","?","M","$","?","R","E"],"items_purchased_type":["Relic"],"build_version":"2020-12-13","purchased_purges":0,"victory":false,"max_hp_per_floor":[64,64,64,64,64,64,64,64,64,64,64,64,64,64,64,64,64,64,64,64,64,64,64,64,64],"card_choices":[{"not_picked":["Force Field","Conserve Battery"],"picked":"Melter","floor":1.0},{"not_picked":["Redo","Steam"],"picked":"Doom and Gloom","floor":2.0},{"not_picked":["Reprogram","Leap"],"picked":"Darkness","floor":3.0},{"not_picked":["Rebound","Redo"],"picked":"Defragment","floor":5.0},{"not_picked":["Compile Driver","Sweeping Beam"],"picked":"Conserve Battery","floor":7.0},{"not_picked":["Rip and Tear","Leap"],"picked":"Ball Lightning","floor":8.0},{"not_picked":["Compile Driver","Loop"],"picked":"Glacier","floor":13.0},{"not_picked":["Leap","Reprogram","Sweeping Beam"],"picked":"SKIP","floor":14.0},{"not_picked":["Hyperbeam","Amplify"],"picked":"Creative AI","floor":16},{"not_picked":["Conserve Battery","Cold Snap+1"],"picked":"BootSequence","floor":18},{"not_picked":["Hologram","Double Energy"],"picked":"Undo","floor":19},{"not_picked":["Blizzard","Ball Lightning"],"picked":"Rebound+1","floor":20},{"not_picked":["Double Energy","Ball Lightning"],"picked":"Skim","floor":22}],"player_experience":1795517,"relics_obtained":[{"floor":7.0,"key":"Blood Vial"},{"floor":9.0,"key":"War Paint"},{"floor":13.0,"key":"Vajra"}],"event_choices":[{"damage_healed":0.0,"max_hp_gain":0.0,"max_hp_loss":0.0,"gold_gain":0.0,"event_name":"Shining Light","player_choice":"Ignored","floor":4.0,"gold_loss":0.0,"damage_taken":0.0},{"damage_healed":0.0,"max_hp_gain":0.0,"max_hp_loss":0.0,"gold_gain":0.0,"event_name":"FaceTrader","player_choice":"Trade","floor":11.0,"gold_loss":0.0,"damage_taken":0.0,"relics_obtained":["CultistMask"]}],"is_beta":false,"boss_relics":[{"not_picked":["Empty Cage","Calling Bell"],"picked":"Sozu"}],"items_purged_floors":[],"is_endless":false,"potions_floor_spawned":[1,2,3,8,16,20,22],"killed_by":"Slavers","ascension_level":20}}