{"host":"28p8ce41sjwa6lzf","time":1607958618,"event":{"mods":["BaseMod","Colored Map","Colored Powertips","Highlight Path","Minty Spire (QoL Compilation)","Permanent Neow","Quick Restart","Random Character Button","Rare Cards Sparkle","Relic Stats","StSLib","Unceasing Turn Reminder"],"gold_per_floor":[113,127,143,159,209,209,238,238,238,238,250,265,290,301,301,379,379,393,393,405,405,418,418,447,447,447,482,482,499,512,8,8,8,8],"floor_reached":33,"playtime":1795,"items_purged":["Strike_G"],"score":648,"play_id":"badb874f-86a6-4649-8a5e-f95d898daeeb","local_time":"20201214091018","is_ascension_mode":true,"campfire_choices":[{"data":"Terror","floor":6.0,"key":"SMITH"},{"data":"Blade Dance","floor":8.0,"key":"SMITH"},{"floor":10.0,"key":"REST"},{"data":"All Out Attack","floor":15.0,"key":"SMITH"},{"data":"Prepared","floor":23.0,"key":"SMITH"},{"data":"Reflex","floor":25.0,"key":"SMITH"},{"data":"Acrobatics","floor":28.0,"key":"SMITH"},{"data":"Blade Dance","floor":32.0,"key":"SMITH"}],"circlet_count":0,"master_deck":["AscendersBane","Strike_G","Strike_G","Strike_G","Strike_G","Defend_G","Defend_G","Defend_G","Defend_G","Defend_G","Survivor","Neutralize","Acrobatics+1","Blade Dance+1","Terror+1","Prepared+1","PiercingWail","Reflex+1","Dagger Throw","All Out Attack+1","Die Die Die","Corpse Explosion","Die Die Die","Blade Dance+1","Tactician"],"relics":["Ring of the Snake","Orichalcum","Pen Nib","Ornamental Fan","Question Card","HoveringKite","Mummified Hand","Mango","Toy Ornithopter","Sundial","Bronze Scales"],"acts_visited":["Exordium","TheCity"],"potions_floor_usage":[33],"damage_taken":[{"damage":6.0,"enemies":"Small Slimes","floor":1.0,"turns":5.0},{"damage":0.0,"enemies":"Cultist","floor":2.0,"turns":4.0},{"damage":0.0,"enemies":"2 Louse","floor":3.0,"turns":4.0},{"damage":4.0,"enemies":"Red Slaver","floor":4.0,"turns":2.0},{"damage":26.0,"enemies":"Gremlin Nob","floor":7.0,"turns":4.0},{"damage":1.0,"enemies":"Blue Slaver","floor":11.0,"turns":3.0},{"damage":0.0,"enemies":"2 Fungi Beasts","floor":12.0,"turns":3.0},{"damage":16.0,"enemies":"3 Sentries","floor":13.0,"turns":9.0},{"damage":0.0,"enemies":"Exordium Wildlife","floor":14.0,"turns":3.0},{"damage":21.0,"enemies":"Hexaghost","floor":16.0,"turns":9.0},{"damage":9.0,"enemies":"Chosen","floor":18.0,"turns":4.0},{"damage":4.0,"enemies":"2 Thieves","floor":20.0,"turns":2.0},{"damage":2.0,"enemies":"Centurion and Healer","floor":22.0,"turns":3.0},{"damage":0.0,"enemies":"Gremlin Leader","floor":24.0,"turns":4.0},{"damage":22.0,"enemies":"Book of Stabbing","floor":27.0,"turns":5.0},{"damage":2.0,"enemies":"Cultist and Chosen","floor":29.0,"turns":3.0},{"damage":0.0,"enemies":"Shelled Parasite and Fungi","floor":30.0,"turns":1.0},{"damage":42,"enemies":"Collector","floor":33,"turns":6}],"seed_played":"4934047630776751779","potions_obtained":[{"floor":2.0,"key":"SteroidPotion"},{"floor":7.0,"key":"FairyPotion"},{"floor":12.0,"key":"LiquidBronze"},{"floor":18.0,"key":"Fire Potion"},{"floor":24.0,"key":"Fire Potion"},{"floor":30.0,"key":"EssenceOfSteel"}],"is_trial":false,"path_per_floor":["M","M","M","M","?","R","E","R","T","R","M","M","E","M","R","B",null,"M","?","M","?","M","R","E","R","T","E","R","M","M","$","R","B"],"character_chosen":"THE_SILENT","items_purchased":["Sundial","Bronze Scales"],"campfire_rested":1,"item_purchase_floors":[31,31],"current_hp_per_floor":[53,53,53,49,49,49,23,23,23,42,41,41,25,25,25,4,51,42,42,38,38,36,36,36,36,50,28,28,26,36,36,36,0,0],"gold":8,"neow_bonus":"RANDOM_COMMON_RELIC","is_daily":false,"chose_seed":false,"campfire_upgraded":7,"win_rate":0.0,"timestamp":1607958618,"path_taken":["M","M","M","M","?","R","E","R","T","R","?","?","E","M","R","BOSS","M","?","M","?","M","R","E","R","T","E","R","M","M","$","R","BOSS"],"items_purchased_type":["Relic","Relic"],"build_version":"2020-12-13","purchased_purges":1,"victory":false,"max_hp_per_floor":[66,66,66,66,66,66,66,66,66,66,66,66,66,66,66,66,66,66,66,66,66,66,66,66,66,80,80,80,80,80,80,80,80,80],"relic_stats":{"counters":[18,74],"Ornamental Fan":[148],"Mummified Hand":[0],"Sundial":[0],"Bronze Scales":[9],"HoveringKite":[18],"Pen Nib":[17],"Orichalcum":[144],"Question Card":9,"obtain_stats":[{"Ornamental Fan":9,"Mummified Hand":24,"Sundial":31,"Bronze Scales":31,"HoveringKite":17,"Mango":26,"Pen Nib":7,"Orichalcum":0,"Question Card":13,"Toy Ornithopter":27,"Ring of the Snake":0},{"Ornamental Fan":5,"Mummified Hand":14,"Sundial":17,"Bronze Scales":17,"HoveringKite":10,"Mango":14,"Pen Nib":5,"Orichalcum":0,"Question Card":8,"Toy Ornithopter":15,"Ring of the Snake":0},{"Ornamental Fan":19,"Mummified Hand":59,"Sundial":68,"Bronze Scales":68,"HoveringKite":46,"Mango":59,"Pen Nib":19,"Orichalcum":0,"Question Card":34,"Toy Ornithopter":64,"Ring of the Snake":0}],"Toy Ornithopter":15,"Ring of the Snake":[36]},"card_choices":[{"not_picked":["Bane","Slice"],"picked":"Acrobatics","floor":1.0},{"not_picked":["PiercingWail","Slice"],"picked":"Blade Dance","floor":2.0},{"not_picked":["Outmaneuver","Dagger Spray"],"picked":"Terror","floor":3.0},{"not_picked":["Backflip","Blur"],"picked":"Prepared","floor":4.0},{"not_picked":["Backflip","Flechettes"],"picked":"PiercingWail","floor":7.0},{"not_picked":["All Out Attack","Deflect"],"picked":"Reflex","floor":11.0},{"not_picked":["Flying Knee","Outmaneuver"],"picked":"Dagger Throw","floor":12.0},{"not_picked":["Underhanded Strike","Bane"],"picked":"All Out Attack","floor":13.0},{"not_picked":["Calculated Gamble","Poisoned Stab","Deflect"],"picked":"Die Die Die","floor":14.0},{"not_picked":["A Thousand Cuts","Night Terror","Glass Knife"],"picked":"Corpse Explosion","floor":16.0},{"not_picked":["Sucker Punch","Quick Slash","Underhanded Strike","Flying Knee"],"picked":"SKIP","floor":18.0},{"not_picked":["Calculated Gamble","Caltrops","Skewer"],"picked":"Die Die Die","floor":20.0},{"not_picked":["Flying Knee","Backstab","Bane","Masterful Stab"],"picked":"SKIP","floor":22.0},{"not_picked":["Well Laid Plans","Tactician","Underhanded Strike"],"picked":"Blade Dance","floor":24.0},{"not_picked":["Endless Agony","Acrobatics","Riddle With Holes+1","Outmaneuver"],"picked":"SKIP","floor":27.0},{"not_picked":["Bane","Blade Dance","Riddle With Holes+1","PiercingWail"],"picked":"SKIP","floor":29.0},{"not_picked":["Accuracy","Bouncing Flask","Blade Dance"],"picked":"Tactician","floor":30.0}],"player_experience":982737,"relics_obtained":[{"floor":7.0,"key":"Pen Nib"},{"floor":9.0,"key":"Ornamental Fan"},{"floor":13.0,"key":"Question Card"},{"floor":24.0,"key":"Mummified Hand"},{"floor":26.0,"key":"Mango"},{"floor":27.0,"key":"Toy Ornithopter"}],"event_choices":[{"damage_healed":0.0,"max_hp_gain":0.0,"max_hp_loss":0.0,"gold_gain":50.0,"event_name":"Golden Shrine","player_choice":"Pray","floor":5.0,"gold_loss":0.0,"damage_taken":0.0},{"damage_healed":0.0,"max_hp_gain":0.0,"max_hp_loss":0.0,"gold_gain":0.0,"event_name":"The Mausoleum","player_choice":"Ignored","floor":19.0,"gold_loss":0.0,"damage_taken":0.0},{"damage_healed":0.0,"max_hp_gain":0.0,"max_hp_loss":0.0,"gold_gain":0.0,"event_name":"Lab","player_choice":"Got Potions","floor":21.0,"gold_loss":0.0,"damage_taken":0.0}],"is_beta":false,"boss_relics":[{"not_picked":["Runic Dome","Fusion Hammer"],"picked":"HoveringKite"}],"items_purged_floors":[31],"is_endless":false,"potions_floor_spawned":[2,7,12,13,18,24,29,30],"killed_by":"Collector","ascension_level":20}}