{"host":"h5acbxt0wmjo1kpm","time":1607906174,"event":{"mods":["2.2 Compatiblity","Act Like it!","AlwaysNeverKeys","Aspiration","Bartender","BaseMod","Better Third Choice","Colored Map","Elementarium","Gensokyo","GifTheSpireLib","Hallownest","Marisa????????","Minty Spire (QoL Compilation)","Permanent Neow","Potionbrewer","Relic Filter","Replay The Spire","Robot Space Explorer","RumiaBox-????????","Shade Mod","Spicy Shops","StSLib","The Blackbeard","The Dragon Tamer","The Forsaken","The Gatherer","The Problem Sleuth","The Servant 0.9.4","Wandering Minibosses","vexMod"],"gold_per_floor":[111,124,134,134,148,148,173,185,251,274,133,184,184,220,220,315,315,363,363,406,46,67,69,69,69],"floor_reached":23,"playtime":1579,"items_purged":[],"score":369,"play_id":"633868a2-024c-48a2-998b-924c7e012042","local_time":"20201213163614","is_ascension_mode":true,"metric_token":2001,"campfire_choices":[{"data":"Gatherer:Transmute","floor":6.0,"key":"SMITH"},{"data":"Gatherer:Centralize","floor":13.0,"key":"SMITH"},{"floor":15.0,"key":"REST"}],"circlet_count":0,"master_deck":["AscendersBane","Gatherer:Strike_Gatherer","Gatherer:Strike_Gatherer","Gatherer:Strike_Gatherer","Gatherer:Strike_Gatherer","Gatherer:Strike_Gatherer","Gatherer:Defend_Gatherer","Gatherer:Defend_Gatherer","Gatherer:Defend_Gatherer","Gatherer:Defend_Gatherer","Gatherer:Defend_Gatherer","Gatherer:Centralize+1","Gatherer:FlowerWhip","Gatherer:Transmute+1","Gatherer:MiningStrike","Gatherer:DrugPower","Gatherer:WitheringStrike","Gatherer:VenomBarrier","Gatherer:FlowerShield","Gatherer:ScentOfRosmari","Gatherer:ColorfulGarden","Gatherer:Transmute","Gatherer:CollectorsShot","Gatherer:TacticalStrike","Gatherer:WitheringStrike+1"],"relics":["Gatherer:AlchemyBag","theForsaken:Lifeblossom","MawBank","Mummified Hand","Nunchaku","Replay:Bandana","Ornamental Fan","Juzu Bracelet","SacredBark","Toy Ornithopter","MealTicket"],"acts_visited":["Exordium","TheCity"],"potions_floor_usage":[18,20,20],"damage_taken":[{"damage":2.0,"enemies":"Cultist","floor":1.0,"turns":4.0},{"damage":0.0,"enemies":"2 Louse","floor":2.0,"turns":5.0},{"damage":0.0,"enemies":"Small Slimes","floor":3.0,"turns":4.0},{"damage":7.0,"enemies":"3 Louse","floor":5.0,"turns":3.0},{"damage":19.0,"enemies":"Lagavulin","floor":7.0,"turns":7.0},{"damage":4.0,"enemies":"Looter","floor":10.0,"turns":3.0},{"damage":24.0,"enemies":"3 Sentries","floor":12.0,"turns":6.0},{"damage":29.0,"enemies":"Lagavulin","floor":14.0,"turns":6.0},{"damage":4,"enemies":"Hexaghost","floor":16,"turns":13},{"damage":6,"enemies":"Chosen","floor":18,"turns":6},{"damage":8,"enemies":"Shell Parasite","floor":20,"turns":8},{"damage":31,"enemies":"Shelled Parasite and Fungi","floor":22,"turns":7},{"damage":0,"enemies":"Slavers","floor":23,"turns":1}],"seed_played":"-6663978192439175758","potions_obtained":[{"floor":1.0,"key":"PowerPotion"},{"floor":5.0,"key":"potionbrewer:AcidPotion"},{"floor":10.0,"key":"potionbrewer:ToxicPotion"},{"floor":12.0,"key":"Fire Potion"},{"floor":14.0,"key":"potionbrewer:NoxiousPotion"},{"floor":18,"key":"potionbrewer:MidasPotion"}],"is_trial":false,"path_per_floor":["M","M","M","$","M","R","E","T","T","M","$","E","R","E","R","B",null,"M","?","M","$","M","E"],"character_chosen":"THE_GATHERER","items_purchased":["Replay:Bandana","Toy Ornithopter","MealTicket","Gatherer:TacticalStrike"],"campfire_rested":1,"item_purchase_floors":[11,21,21,21],"current_hp_per_floor":[64,67,67,67,61,61,48,48,48,49,49,31,31,8,28,30,58,58,40,38,38,13,13,13,13],"gold":69,"neow_bonus":"RANDOM_COMMON_RELIC","is_daily":false,"chose_seed":false,"campfire_upgraded":2,"win_rate":0.0,"timestamp":1607906174,"path_taken":["M","?","M","$","M","R","E","?","T","?","$","E","R","E","R","BOSS","M","?","M","$","M","E"],"items_purchased_type":["Relic","Relic","Relic","Card"],"build_version":"2020-12-13","purchased_purges":0,"victory":false,"max_hp_per_floor":[67,67,67,67,67,67,67,67,67,67,67,67,67,67,67,67,67,67,72,72,72,72,72,72,72],"card_choices":[{"not_picked":["Gatherer:BalancedGrowth","Gatherer:RecoveryHerb"],"picked":"Gatherer:Transmute","floor":1.0},{"not_picked":["Gatherer:QuickSynthesis","Gatherer:CarefulStrike"],"picked":"Gatherer:MiningStrike","floor":2.0},{"not_picked":["Gatherer:BalancedGrowth","Gatherer:SealedBomb"],"picked":"Gatherer:DrugPower","floor":3.0},{"not_picked":["Gatherer:GatherMaterial","Gatherer:AcidicSpray"],"picked":"Gatherer:WitheringStrike","floor":5.0},{"not_picked":["Gatherer:FlowerFalling","Gatherer:Duplicator"],"picked":"Gatherer:VenomBarrier","floor":7.0},{"not_picked":["Gatherer:BigPouch","Gatherer:PotentialSlash"],"picked":"Gatherer:FlowerShield","floor":10.0},{"not_picked":["Gatherer:BalancedGrowth","Gatherer:WoolGloves","Gatherer:Frenzy"],"picked":"SKIP","floor":12.0},{"not_picked":["Gatherer:BambuSword","Gatherer:TreeGrowth"],"picked":"Gatherer:ScentOfRosmari","floor":14.0},{"not_picked":["Gatherer:LuckyClover","Gatherer:Examine"],"picked":"Gatherer:ColorfulGarden","floor":16},{"not_picked":["Gatherer:CarefulStrike","Gatherer:GlowingPlant+1"],"picked":"Gatherer:Transmute","floor":18},{"not_picked":["Gatherer:Enchant","Gatherer:Frenzy"],"picked":"Gatherer:CollectorsShot","floor":20},{"not_picked":["Gatherer:CarefulStrike+1","Gatherer:OddSpoils"],"picked":"Gatherer:WitheringStrike+1","floor":22}],"player_experience":1909892,"relics_obtained":[{"floor":7.0,"key":"MawBank"},{"floor":8.0,"key":"Mummified Hand"},{"floor":9.0,"key":"Nunchaku"},{"floor":12.0,"key":"Ornamental Fan"},{"floor":14.0,"key":"Juzu Bracelet"}],"event_choices":[{"damage_healed":0,"gold_gain":0,"player_choice":"Shed Blood","damage_taken":23,"max_hp_gain":5,"max_hp_loss":0,"event_name":"Forgotten Altar","floor":19,"gold_loss":0}],"is_beta":false,"boss_relics":[{"not_picked":["vexMod:NewClearReactor","Painkiller Herb"],"picked":"SacredBark"}],"items_purged_floors":[],"is_endless":false,"potions_floor_spawned":[1,5,10,12,14,18],"killed_by":"Slavers","ascension_level":15}}