{"host":"mo4d2vii2wc3uyp7","time":1607939191,"event":{"mods":["AchievementEnabler","BaseMod","Colored Map","Highlight Path","Keyboard Shortcuts","Minty Spire (QoL Compilation)","Permanent Neow","Quick Restart","Shop Mod","StSLib","SuperFastMode","everything is the same but u backflip on backflip"],"gold_per_floor":[113,133,144,24,34,60,60,60,85,115,129,139,169,185,185,185,185],"floor_reached":16,"playtime":488,"items_purged":["Strike_R"],"score":174,"play_id":"056682bc-24b5-4482-897e-a4284072e03c","local_time":"20201214184631","is_ascension_mode":true,"campfire_choices":[{"data":"Armaments","floor":7.0,"key":"SMITH"},{"floor":15,"key":"REST"}],"circlet_count":0,"master_deck":["Strike_R","Strike_R","Strike_R","Defend_R","Defend_R","Defend_R","Defend_R","Bash","Armaments+1","Shrug It Off","Wild Strike","Pommel Strike","Anger","Decay","Carnage","Headbutt"],"relics":["Burning Blood","Oddly Smooth Stone","Ancient Tea Set","Boot","Lantern"],"acts_visited":[],"potions_floor_usage":[10,10,11,16],"damage_taken":[{"damage":3.0,"enemies":"Jaw Worm","floor":1.0,"turns":5.0},{"damage":7.0,"enemies":"Cultist","floor":2.0,"turns":5.0},{"damage":10.0,"enemies":"2 Louse","floor":3.0,"turns":3.0},{"damage":10.0,"enemies":"2 Fungi Beasts","floor":5.0,"turns":5.0},{"damage":39.0,"enemies":"3 Sentries","floor":6.0,"turns":11.0},{"damage":8,"enemies":"Lagavulin","floor":10,"turns":6},{"damage":0,"enemies":"Large Slime","floor":11,"turns":5},{"damage":2,"enemies":"Looter","floor":12,"turns":3},{"damage":29,"enemies":"Gremlin Nob","floor":13,"turns":4},{"damage":0,"enemies":"2 Fungi Beasts","floor":14,"turns":3},{"damage":48,"enemies":"The Guardian","floor":16,"turns":11}],"seed_played":"-322663085595276641","potions_obtained":[{"floor":2.0,"key":"FearPotion"},{"floor":3.0,"key":"Energy Potion"},{"floor":6.0,"key":"SkillPotion"},{"floor":13,"key":"DistilledChaos"}],"is_trial":false,"path_per_floor":["M","M","M","$","M","E","R","?","T","E","M","M","E","M","R","B"],"character_chosen":"IRONCLAD","items_purchased":["Wild Strike"],"campfire_rested":1,"item_purchase_floors":[4],"current_hp_per_floor":[75,74,70,70,66,33,33,33,33,31,37,41,18,24,48,0,0],"gold":185,"neow_bonus":"REMOVE_CARD","is_daily":false,"chose_seed":false,"campfire_upgraded":1,"win_rate":0.0,"timestamp":1607939191,"path_taken":["M","M","M","$","M","E","R","?","T","E","M","M","E","M","R","BOSS"],"items_purchased_type":["Card"],"build_version":"2020-12-13","purchased_purges":1,"victory":false,"max_hp_per_floor":[80,80,80,80,80,80,80,80,80,80,80,80,80,80,80,80,80],"card_choices":[{"not_picked":["Thunderclap","Whirlwind"],"picked":"Armaments","floor":1.0},{"not_picked":["Armaments","Exhume","Metallicize"],"picked":"SKIP","floor":2.0},{"not_picked":["Heavy Blade","Havoc"],"picked":"Shrug It Off","floor":3.0},{"not_picked":["Headbutt","Blood for Blood"],"picked":"Pommel Strike","floor":5.0},{"not_picked":["Dual Wield","Iron Wave"],"picked":"Anger","floor":6.0},{"not_picked":["Shockwave","Entrench"],"picked":"Carnage","floor":10},{"not_picked":["True Grit","Clash","Thunderclap"],"picked":"SKIP","floor":11},{"not_picked":["Armaments","Heavy Blade","Shrug It Off"],"picked":"SKIP","floor":12},{"not_picked":["Sever Soul","Bludgeon"],"picked":"Headbutt","floor":13},{"not_picked":["Clothesline","Armaments","Wild Strike"],"picked":"SKIP","floor":14}],"player_experience":600905,"relics_obtained":[{"floor":6.0,"key":"Oddly Smooth Stone"},{"floor":9.0,"key":"Ancient Tea Set"},{"floor":10,"key":"Boot"},{"floor":13,"key":"Lantern"}],"event_choices":[{"damage_healed":0.0,"max_hp_gain":0.0,"max_hp_loss":0.0,"gold_gain":0.0,"event_name":"Wheel of Change","player_choice":"Cursed","floor":8.0,"gold_loss":0.0,"damage_taken":0.0,"cards_obtained":["Decay"]}],"is_beta":false,"boss_relics":[],"items_purged_floors":[4],"is_endless":false,"potions_floor_spawned":[2,3,6,13],"killed_by":"The Guardian","ascension_level":8}}