{"host":"fhq3k2nq5elnbks3","time":1607911692,"event":{"mods":["2.2 Compatiblity","AchievementEnabler","Act Like it!","AlwaysNeverKeys","Aspiration","Astrologer","Bard","Bartender","BaseMod","Better Altar","Better Skull","Better Vampires","Better-Laid Plans","CCEM","CapriCore","Card Filter","CatGirl Mod","Chen","Colored Powertips","Displayed Cursed Tome","Ekko","Eldritch Tears","Fiend Mod","Fireblade Mod","Friendly Minions","FutureSeer","GifTheSpireLib","Gremlin Skip","Hermit","HololiveMod","Hunter ??","JesterMod","Koishi","Mad Scientist","Mathematician","Mathemortician","Minty Spire (QoL Compilation)","Onozuka Komachi Mod","Permanent Neow","Potionbrewer","Prisma Mod","QueenMod","Quick Restart","READ ME - Guardian Mod","Reimu??????","Relic Filter","Robot Space Explorer","Ruin Mod","SOS???????","Shop Mod","Somnambulant","Spikes Relics","StSLib","SuperFastMode","The Animator","The Blackbeard","The Bladedancer","The Bug Knight","The Clintock","The Construct","The Cursed","The Exordian Avenger","The Forsaken","The Gatherer","The Hierophant","The Immortal","The Necromancer","The Runesmith","The Servant 0.9.4","The Trickster","The Wild Card","TheBandit","TheFirefly","Transform Curses","Uncapped","Unknown Chances","Virulent Crown","Yohane!","Yuri Mod","thorton","vexMod"],"gold_per_floor":[115,134,147,147,166,166,191,211,234,250,104,104,121,138,138,138,138],"floor_reached":16,"playtime":2981,"items_purged":[],"score":156,"play_id":"d56a34a9-f328-4449-a68d-f4a2dcf2a631","local_time":"20201213200812","is_ascension_mode":false,"campfire_choices":[{"data":"TheCursedMod:StingEye","floor":6,"key":"SMITH"},{"data":"TheCursedMod:CleanUpWorkshop","floor":12,"key":"SMITH"},{"data":"TheCursedMod:CursedWand","floor":15,"key":"SMITH"}],"circlet_count":0,"master_deck":["TheCursedMod:Strike_TheCursed","TheCursedMod:Strike_TheCursed","TheCursedMod:Strike_TheCursed","TheCursedMod:Strike_TheCursed","TheCursedMod:Defend_TheCursed","TheCursedMod:Defend_TheCursed","TheCursedMod:Defend_TheCursed","TheCursedMod:Defend_TheCursed","TheCursedMod:CursedWand+1","TheCursedMod:CleanUpWorkshop+1","TheCursedMod:Dregs","TheCursedMod:SurpriseAttack","TheCursedMod:StingEye+1","TheCursedMod:SurpriseAttack","TheCursedMod:SurpriseAttack"],"relics":["TheCursedMod:BlackMagic101","FlyPower:ReiMu","Protect_Vest","MerchantsRug","CCEMRelics:JestersCrown"],"acts_visited":["Exordium"],"potions_floor_usage":[],"damage_taken":[{"damage":0,"enemies":"Small Slimes","floor":1,"turns":3},{"damage":0,"enemies":"Cultist","floor":2,"turns":4},{"damage":0,"enemies":"2 Louse","floor":3,"turns":2},{"damage":0,"enemies":"Lots of Slimes","floor":5,"turns":4},{"damage":13,"enemies":"Lagavulin","floor":7,"turns":7},{"damage":0,"enemies":"Looter","floor":8,"turns":2},{"damage":0,"enemies":"Blue Slaver","floor":10,"turns":2},{"damage":0,"enemies":"Large Slime","floor":13,"turns":6},{"damage":0,"enemies":"Looter","floor":14,"turns":1},{"damage":39,"enemies":"The Guardian","floor":16,"turns":16}],"seed_played":"4007590758861922144","potions_obtained":[{"floor":1,"key":"Dexterity Potion"},{"floor":2,"key":"MagicPotion:ReiMu"},{"floor":4,"key":"CultistPotion"},{"floor":14,"key":"Ancient Potion"}],"is_trial":false,"path_per_floor":["M","M","M","?","M","R","E","M","T","M","$","R","M","M","R","B"],"character_chosen":"THE_CURSED","items_purchased":["MerchantsRug","CCEMRelics:JestersCrown"],"campfire_rested":0,"item_purchase_floors":[11,11],"current_hp_per_floor":[75,75,75,75,75,75,62,62,62,62,62,62,62,62,62,23,23],"gold":138,"neow_bonus":"NOSTALGIA","is_daily":false,"chose_seed":false,"campfire_upgraded":3,"win_rate":0.0,"timestamp":1607911692,"path_taken":["M","M","M","?","M","R","E","M","T","M","$","R","?","M","R","BOSS"],"items_purchased_type":["Relic","Relic"],"build_version":"2020-12-13","purchased_purges":0,"victory":false,"max_hp_per_floor":[75,75,75,75,75,75,75,75,75,75,75,75,75,75,75,75,75],"card_choices":[{"not_picked":["TheCursedMod:SoulCrush","TheCursedMod:Wield"],"picked":"TheCursedMod:SurpriseAttack","floor":1},{"not_picked":["TheCursedMod:SoulReap","TheCursedMod:BlessingInDisguise"],"picked":"TheCursedMod:StingEye","floor":2},{"not_picked":["TheCursedMod:BlessingInDisguise","TheCursedMod:SpitefulStrike","TheCursedMod:CircleOfFlame"],"picked":"SKIP","floor":3},{"not_picked":["TheCursedMod:Grudge","TheCursedMod:Stigma"],"picked":"TheCursedMod:SurpriseAttack","floor":5},{"not_picked":["TheCursedMod:CursedStaff","TheCursedMod:ShockAndAwe","TheCursedMod:BlessingInDisguise"],"picked":"SKIP","floor":7},{"not_picked":["TheCursedMod:Obscuration","TheCursedMod:SoulReap"],"picked":"TheCursedMod:SurpriseAttack","floor":8},{"not_picked":["TheCursedMod:SaltUponWound","TheCursedMod:DoubleShield","TheCursedMod:CircleOfCorruption"],"picked":"SKIP","floor":10},{"not_picked":["TheCursedMod:BlessingInDisguise","TheCursedMod:RavingStaff","TheCursedMod:CircleOfFlame"],"picked":"SKIP","floor":13},{"not_picked":["TheCursedMod:SoulCrush","TheCursedMod:SmokeScreen","TheCursedMod:CircleOfCorruption"],"picked":"SKIP","floor":14}],"player_experience":534604,"relics_obtained":[{"floor":7,"key":"Protect_Vest"},{"floor":9,"key":"potionbrewer:ToyAutogyro"}],"event_choices":[{"damage_healed":0,"gold_gain":0,"player_choice":"Got Potions","damage_taken":0,"max_hp_gain":0,"max_hp_loss":0,"event_name":"Lab","floor":4,"gold_loss":0}],"is_beta":false,"boss_relics":[],"items_purged_floors":[],"is_endless":false,"potions_floor_spawned":[1,2,7,14],"killed_by":"The Guardian","ascension_level":0}}