{"host":"ecr3kz287jr92u81","time":1607925490,"event":{"mods":["Act Like it!","BaseMod","Dota2Spire","Hallownest","Lobotomy","LobotomyExtend","Minty Spire (QoL Compilation)","Pale of the Ancients","Quick Restart","Replay The Spire","RumiaBox-露米娅的神秘盒子","Spicy Shops","StSLib","[IsaacMod]以撒尖塔","vexMod","【东方二次创作】八云紫mod"],"gold_per_floor":[174,234,74,115,163,247,283,367,394,535,640,772,877,1000,1000,1258,1267,1391,519,4,219,279,411,498,666,666,936,945,945],"floor_reached":28,"playtime":2156,"items_purged":["Defend_purpleEX","Defend_purpleEX","Defend_purpleEX"],"score":1326,"play_id":"78a60601-06b3-499f-9139-5b6e2a9f5cf9","local_time":"20201214135810","daily_mods":["Vintage","Diverse","Heirloom","Time Dilation","Flight","DeadlyEvents","Elite Swarm","Midas"],"is_ascension_mode":true,"campfire_choices":[{"floor":15.0,"key":"REST"}],"circlet_count":0,"master_deck":["AscendersBane","Judgement","ContainerChange_purple","Monsters_DoubleDeathButterfly_purple","WangLiang_LineAndCurveDreams_purple","DarkRealmRedLine_purple+1","DimensionStaggered_purple","OpenedBox_purple","Berserk","Double Tap+1","Atom Bomb+1","Malaise+1","ElectricPowerLearning+1","Burst+1","Multi-Cast+1","Bludgeon+1","Know_ledgeAbilityRealm_purple","SharpContractionReality_purple"],"relics":["Boundary_crack","Memoryfragments_purpleEX","replay:Trail_Library","HushsDoor","Replay:Multitool","Dota2Spire:AghanimScepter","LetterFromLob","CeramicFish","PreservedInsect","Replay:Bottled Eggs","Torii","SatanicBible","PunchingBag","War Paint","Dota2Spire:HandOfMidas","Bottled Lightning","Dota2Spire:Mjollnir","Oddly Smooth Stone","Singing Bowl","Dota2Spire:PowerTreads","Dota2Spire:Bloodstone","BloodDonationBag","Boot","Bag of Preparation","ClockworkSouvenir","vexMod:PlasmaPancake","ReplayFunnel","Replay:Baseball","ForgetMeNow","Meat on the Bone","Whetstone","GodSword6","Centennial Puzzle","SumBook","PokeGo","Ginger","MagicBullet_r"],"acts_visited":["Exordium","TheCity"],"potions_floor_usage":[25],"damage_taken":[{"damage":6.0,"enemies":"Cultist","floor":1.0,"turns":5.0},{"damage":2.0,"enemies":"Jaw Worm","floor":2.0,"turns":4.0},{"damage":0.0,"enemies":"2 Louse","floor":4.0,"turns":3.0},{"damage":9.0,"enemies":"2 Fungi Beasts","floor":5.0,"turns":2.0},{"damage":16.0,"enemies":"3 Sentries","floor":6.0,"turns":5.0},{"damage":14.0,"enemies":"Large Slime","floor":7.0,"turns":6.0},{"damage":8.0,"enemies":"Gremlin Nob","floor":8.0,"turns":3.0},{"damage":6.0,"enemies":"Lagavulin","floor":10.0,"turns":2.0},{"damage":5.0,"enemies":"Gremlin Nob","floor":11.0,"turns":4.0},{"damage":0.0,"enemies":"Replay:BlueRogue","floor":12.0,"turns":2.0},{"damage":0.0,"enemies":"Gremlin Nob","floor":13.0,"turns":4.0},{"damage":0.0,"enemies":"Replay:BlueRogue","floor":14.0,"turns":4.0},{"damage":0.0,"enemies":"Slime Boss","floor":16.0,"turns":6.0},{"damage":0.0,"enemies":"Chosen","floor":18.0,"turns":4.0},{"damage":0,"enemies":"3 Byrds","floor":21,"turns":2},{"damage":0,"enemies":"Centurion and Healer","floor":22,"turns":3},{"damage":0,"enemies":"Gremlin Leader","floor":23,"turns":1},{"damage":0,"enemies":"Book of Stabbing","floor":24,"turns":3},{"damage":0,"enemies":"Slavers","floor":25,"turns":1},{"damage":0,"enemies":"Snecko","floor":27,"turns":1}],"seed_played":"4059431357723423559","potions_obtained":[{"floor":2.0,"key":"PowerPotion"},{"floor":4.0,"key":"ColorlessPotion"},{"floor":6.0,"key":"Fruit Juice"},{"floor":7.0,"key":"Energy Potion"},{"floor":8.0,"key":"Toxic Potion"},{"floor":11.0,"key":"Block Potion"},{"floor":16.0,"key":"Weak Potion"}],"is_trial":true,"path_per_floor":["M","M","$","M","M","E","M","E","T","E","E","E","E","E","R","B",null,"M","$","$","M","M","E","E","E","T","M","E"],"character_chosen":"Youkari","items_purchased":["PreservedInsect","DarkRealmRedLine_purple","DimensionStaggered_purple","Bag of Preparation","ClockworkSouvenir","vexMod:PlasmaPancake","ReplayFunnel","OpenedBox_purple","Replay:Baseball","ForgetMeNow"],"campfire_rested":1,"item_purchase_floors":[3,17,19,19,19,19,19,20,20,20],"current_hp_per_floor":[55,54,54,55,47,38,26,20,20,16,15,17,24,28,50,57,64,59,65,29,10,33,43,69,73,73,32,0,0],"gold":945,"neow_bonus":"","is_daily":false,"chose_seed":false,"campfire_upgraded":0,"win_rate":0.0,"timestamp":1607925490,"path_taken":["M","M","$","M","M","E","M","E","T","E","E","E","E","E","R","BOSS","M","$","$","M","M","E","E","E","T","M","E"],"items_purchased_type":["Relic","Card","Card","Relic","Relic","Relic","Relic","Card","Relic","Relic"],"build_version":"2020-12-13","purchased_purges":3,"victory":false,"max_hp_per_floor":[65,65,65,65,65,70,70,70,70,70,70,70,72,74,74,74,66,66,72,72,72,72,72,74,74,74,74,74,74],"card_choices":[{"not_picked":["Venomology","Doppelganger"],"picked":"Judgement","floor":6.0},{"not_picked":["Storm of Steel","Corruption","Brilliance"],"picked":"SKIP","floor":8.0},{"not_picked":["Omniscience","DeusExMachina"],"picked":"ContainerChange_purple","floor":10.0},{"not_picked":["Vault","Burst","Replay:Many Hands"],"picked":"SKIP","floor":11.0},{"not_picked":["Feed","Core Surge"],"picked":"Monsters_DoubleDeathButterfly_purple","floor":12.0},{"not_picked":["Wraith Form v2","Thunder Strike","Human_Monster_Realm_purple"],"picked":"Singing Bowl","floor":13.0},{"not_picked":["Price_of_realm_purpleEX","Echo Form","Seek"],"picked":"Singing Bowl","floor":14.0},{"not_picked":["Phantasmal Killer","Wish"],"picked":"WangLiang_LineAndCurveDreams_purple","floor":16.0},{"not_picked":["A Thousand Cuts","Juggernaut"],"picked":"Berserk","floor":23},{"not_picked":["Bullet Time","Monsters_DoubleDeathButterfly_purple","Wraith Form v2"],"picked":"Singing Bowl","floor":24},{"not_picked":["ReplayTheSpireMod:From All Sides","Fission"],"picked":"Know_ledgeAbilityRealm_purple","floor":25}],"player_experience":149431,"relics_obtained":[{"floor":1.0,"key":"Dota2Spire:AghanimScepter"},{"floor":1.0,"key":"LetterFromLob"},{"floor":2.0,"key":"CeramicFish"},{"floor":4.0,"key":"Replay:Bottled Eggs"},{"floor":5.0,"key":"Torii"},{"floor":6.0,"key":"SatanicBible"},{"floor":7.0,"key":"PunchingBag"},{"floor":8.0,"key":"War Paint"},{"floor":9.0,"key":"Dota2Spire:HandOfMidas"},{"floor":10.0,"key":"Bottled Lightning"},{"floor":11.0,"key":"Dota2Spire:Mjollnir"},{"floor":12.0,"key":"Oddly Smooth Stone"},{"floor":13.0,"key":"Singing Bowl"},{"floor":14.0,"key":"Dota2Spire:PowerTreads"},{"floor":18.0,"key":"Boot"},{"floor":21,"key":"Meat on the Bone"},{"floor":22,"key":"Whetstone"},{"floor":23,"key":"GodSword6"},{"floor":24,"key":"Centennial Puzzle"},{"floor":25,"key":"SumBook"},{"floor":26,"key":"PokeGo"},{"floor":27,"key":"Ginger"}],"event_choices":[],"is_beta":false,"boss_relics":[{"not_picked":["vexMod:EndlessSickness","Replay:Bronze Core"],"picked":"Dota2Spire:Bloodstone"},{"not_picked":[]}],"items_purged_floors":[17,19,19],"is_endless":true,"potions_floor_spawned":[2,4,6,7,8,11,16,21,23],"ascension_level":20}}