{"host":"zftkeu5v9gqs3wr3","time":1607941319,"event":{"mods":["Act Like it!","Bard","BaseMod","CapriCore","Elementarium","Gensokyo","Jorbs\u0027s Wanderer Trilogy","Mad Scientist","Minty Spire (QoL Compilation)","Potionbrewer","Rare Cards Sparkle","Shade Mod","StSLib","The Cursed","The Immortal","The Runesmith","TheSwordswoman"],"gold_per_floor":[117,129,13,32,51,78,78,106,133,208,208,208,222,256,256,355,355,370,384,58,68,85,85,445,445,445,457,475,475,475,395,395,395,395],"floor_reached":33,"playtime":3506,"items_purged":[],"score":267,"play_id":"469b7e6f-3614-4f3f-ab77-74f2f00eafbe","local_time":"20201214102159","is_ascension_mode":false,"campfire_choices":[{"data":"TheCursedMod:SpreadPlague","floor":7,"key":"SMITH"},{"floor":15,"key":"REST"},{"floor":23,"key":"REST"},{"floor":25,"key":"REST"},{"floor":29,"key":"REST"},{"floor":32,"key":"REST"}],"circlet_count":0,"master_deck":["TheCursedMod:Strike_TheCursed+1","TheCursedMod:Strike_TheCursed+1","TheCursedMod:Strike_TheCursed+1","TheCursedMod:Strike_TheCursed+1","TheCursedMod:Defend_TheCursed+1","TheCursedMod:Defend_TheCursed+1","TheCursedMod:Defend_TheCursed+1","TheCursedMod:Defend_TheCursed+1","TheCursedMod:CursedWand","TheCursedMod:CleanUpWorkshop","TheCursedMod:Dregs","TheCursedMod:RavingStaff","TheCursedMod:SpreadPlague+1","TheCursedMod:AbyssShockwave","TheCursedMod:Mangle","TheCursedMod:CursedBlade","TheCursedMod:CursedSpellbook","TheCursedMod:LuckyCharm+1","TheCursedMod:DemonSword","Parasite","TheCursedMod:FuryStrike","TheCursedMod:TacticalStrike","TheCursedMod:VoidForm","TheCursedMod:HellfireBreathing","TheCursedMod:TacticalStrike+1","TheCursedMod:Wield","Mayhem","TheCursedMod:Hemoplague","TheCursedMod:Stretching","TheCursedMod:CursedStaff","TheCursedMod:SpitefulStrike","Deep Breath","TheCursedMod:SurpriseAttack","TheCursedMod:CursedShiv"],"relics":["TheCursedMod:BlackMagic101","NeowsBlessing","Centennial Puzzle","Potion Belt","Nunchaku","potionbrewer:Torch","Philosopher\u0027s Stone","Letter Opener"],"acts_visited":["Exordium","TheCity"],"potions_floor_usage":[8,14,16,21,22,28],"damage_taken":[{"damage":0,"enemies":"Small Slimes","floor":1,"turns":1},{"damage":0,"enemies":"Jaw Worm","floor":2,"turns":1},{"damage":0,"enemies":"2 Louse","floor":4,"turns":1},{"damage":3,"enemies":"Gremlin Gang","floor":5,"turns":2},{"damage":19,"enemies":"3 Sentries","floor":6,"turns":3},{"damage":18,"enemies":"Lagavulin","floor":8,"turns":4},{"damage":11,"enemies":"Blue Slaver","floor":13,"turns":4},{"damage":2,"enemies":"Gremlin Nob","floor":14,"turns":3},{"damage":23,"enemies":"Hexaghost","floor":16,"turns":6},{"damage":9,"enemies":"Chosen","floor":18,"turns":4},{"damage":13,"enemies":"Shell Parasite","floor":19,"turns":4},{"damage":6,"enemies":"Chosen and Byrds","floor":21,"turns":3},{"damage":17,"enemies":"Cultist and Chosen","floor":22,"turns":5},{"damage":6,"enemies":"Snecko","floor":27,"turns":3},{"damage":16,"enemies":"Snake Plant","floor":28,"turns":2},{"damage":60,"enemies":"Collector","floor":33,"turns":7}],"seed_played":"-5146246225001103477","potions_obtained":[{"floor":6,"key":"Energy Potion"},{"floor":13,"key":"Block Potion"},{"floor":14,"key":"potionbrewer:ToxicPotion"},{"floor":16,"key":"EssenceOfSteel"},{"floor":18,"key":"Block Potion"},{"floor":19,"key":"PowerPotion"}],"is_trial":false,"path_per_floor":["M","M","$","M","M","E","R","E","T","?","?","?","M","E","R","B",null,"M","M","$","M","M","R","?","R","T","M","M","R","?","?","R","B"],"character_chosen":"THE_CURSED","items_purchased":["TheCursedMod:AbyssShockwave","TheCursedMod:Mangle","TheCursedMod:Wield","Mayhem","TheCursedMod:Hemoplague","TheCursedMod:Stretching"],"campfire_rested":5,"item_purchase_floors":[3,3,20,20,20,20],"current_hp_per_floor":[75,75,75,75,72,53,53,35,35,24,9,27,16,14,36,13,75,66,53,53,47,30,52,10,32,32,26,10,32,32,32,54,0,0],"gold":395,"neow_bonus":"THREE_ENEMY_KILL","is_daily":false,"chose_seed":false,"campfire_upgraded":1,"win_rate":0.0,"timestamp":1607941319,"path_taken":["M","M","$","M","M","E","R","E","T","?","?","?","M","E","R","BOSS","M","M","$","M","M","R","?","R","T","?","M","R","?","?","R","BOSS"],"items_purchased_type":["Card","Card","Card","Card","Card","Card"],"build_version":"2020-12-13","purchased_purges":0,"victory":false,"max_hp_per_floor":[75,75,75,75,75,75,75,75,75,75,75,75,75,75,75,75,75,75,75,75,75,75,75,75,75,75,75,75,75,75,75,75,75,75],"card_choices":[{"not_picked":["TheCursedMod:FleshFromBone","TheCursedMod:TroublousMinions"],"picked":"TheCursedMod:RavingStaff","floor":1},{"not_picked":["TheCursedMod:Torture","TheCursedMod:SpitefulPray"],"picked":"TheCursedMod:SpreadPlague","floor":2},{"not_picked":["TheCursedMod:SoulReap","TheCursedMod:Evocation"],"picked":"TheCursedMod:CursedBlade","floor":4},{"not_picked":["TheCursedMod:SaltUponWound","TheCursedMod:Wield"],"picked":"TheCursedMod:CursedSpellbook","floor":5},{"not_picked":["TheCursedMod:CircleOfAbyss","TheCursedMod:SpitefulStrike"],"picked":"TheCursedMod:LuckyCharm","floor":6},{"not_picked":["TheCursedMod:SpitefulStrike","TheCursedMod:CircleOfAmplification"],"picked":"TheCursedMod:DemonSword","floor":8},{"not_picked":["TheCursedMod:TacticalStrike","TheCursedMod:CursedMace"],"picked":"TheCursedMod:FuryStrike","floor":13},{"not_picked":["TheCursedMod:DoubleShield","TheCursedMod:ReleasedKnowledge"],"picked":"TheCursedMod:TacticalStrike","floor":14},{"not_picked":["TheCursedMod:CircleOfAbyss","TheCursedMod:ManaCirculation"],"picked":"TheCursedMod:VoidForm","floor":16},{"not_picked":["TheCursedMod:PrepareRite+1","TheCursedMod:CursedAmulet"],"picked":"TheCursedMod:HellfireBreathing","floor":18},{"not_picked":["TheCursedMod:CursedStaff","TheCursedMod:Torture"],"picked":"TheCursedMod:TacticalStrike+1","floor":19},{"not_picked":["TheCursedMod:CursedAmulet","TheCursedMod:Evocation"],"picked":"TheCursedMod:CursedStaff","floor":21},{"not_picked":["TheCursedMod:SpitefulPlan+1","TheCursedMod:SpreadPlague"],"picked":"TheCursedMod:SpitefulStrike","floor":22},{"not_picked":["TheCursedMod:RavingStaff","TheCursedMod:CursedAmulet"],"picked":"TheCursedMod:SurpriseAttack","floor":27},{"not_picked":["TheCursedMod:TacticalStrike","TheCursedMod:CircleOfAbyss"],"picked":"TheCursedMod:CursedShiv","floor":28}],"player_experience":45187,"relics_obtained":[{"floor":6,"key":"Centennial Puzzle"},{"floor":8,"key":"Potion Belt"},{"floor":9,"key":"Nunchaku"},{"floor":14,"key":"potionbrewer:Torch"},{"floor":26,"key":"Letter Opener"}],"event_choices":[{"damage_healed":0,"gold_gain":75,"player_choice":"Gather Gold","damage_taken":11,"max_hp_gain":0,"max_hp_loss":0,"event_name":"World of Goop","floor":10,"gold_loss":0},{"damage_healed":0,"gold_gain":0,"player_choice":"Entered Light","damage_taken":15,"max_hp_gain":0,"max_hp_loss":0,"event_name":"Shining Light","floor":11,"gold_loss":0,"cards_upgraded":["TheCursedMod:Strike_TheCursed","TheCursedMod:LuckyCharm"]},{"damage_healed":18,"gold_gain":0,"player_choice":"Healed and dodged fight","damage_taken":0,"max_hp_gain":0,"max_hp_loss":0,"event_name":"Mushrooms","floor":12,"gold_loss":0,"cards_obtained":["Parasite"]},{"damage_healed":0,"gold_gain":360,"player_choice":"GOLD CARD GOLD GOLD GOLD ","damage_taken":42,"max_hp_gain":0,"max_hp_loss":0,"event_name":"Knowing Skull","floor":24,"potions_obtained":[],"gold_loss":0,"cards_obtained":["Deep Breath"]},{"damage_healed":0,"gold_gain":0,"player_choice":"Simplicity","damage_taken":0,"max_hp_gain":0,"max_hp_loss":0,"event_name":"Back to Basics","floor":30,"gold_loss":0,"cards_upgraded":["TheCursedMod:Strike_TheCursed","TheCursedMod:Strike_TheCursed","TheCursedMod:Strike_TheCursed","TheCursedMod:Defend_TheCursed","TheCursedMod:Defend_TheCursed","TheCursedMod:Defend_TheCursed","TheCursedMod:Defend_TheCursed"]}],"is_beta":false,"boss_relics":[{"not_picked":["Empty Cage","Fusion Hammer"],"picked":"Philosopher\u0027s Stone"}],"items_purged_floors":[],"is_endless":false,"potions_floor_spawned":[6,13,14,16,18,19],"killed_by":"Collector","ascension_level":0}}