{"host":"wudi","time":1607904540,"event":{"mods":["BaseMod","Luminous","Minty Spire (QoL Compilation)","Replay The Spire","StSLib","The Cursed","The Servant 0.9.4"],"gold_per_floor":[114,64,128,94,107,107,137,203,229,1,19,50,74,74,74,171,171,184,184,202,221,239,239,13,38,38,49,49,49,49,61,61,166,166,177,188,202,212,48,48,68,68,117,117,117,117,132,132,132,132,132,132,24,57,57],"floor_reached":56,"playtime":3590,"items_purged":[],"score":1393,"play_id":"b57a60fc-cb66-436f-a17d-7c6a08ffdc26","local_time":"20201214080900","is_ascension_mode":true,"campfire_choices":[{"data":"Ricochet","floor":6.0,"key":"SMITH"},{"floor":23.0,"key":"REST"},{"data":"Duplication","floor":29.0,"key":"SMITH"},{"data":"BottledTime","floor":32.0,"key":"SMITH"},{"floor":40.0,"key":"RECALL"},{"data":"Apotheosis","floor":46.0,"key":"SMITH"},{"data":"Duplication","floor":49.0,"key":"SMITH"},{"data":"TheWorld","floor":52.0,"key":"SMITH"}],"circlet_count":0,"master_deck":["Defend_S","Defend_S","Defend_S","Defend_S","KidneyShot","Exchange","Desolation","DualDimension","ShatteredReality+1","Ricochet+1","Duplication+1","Desolation","BottledTime+1","Spin","Duplication+1","Moondial","Initiator","FastForward+1","BestPractice","WasteNot+1","InstantArmor+1","Alleviate+1","Replay:Sssssssssstrike","TheWorld+1","MoonPhase+1","DualDimension+1","SilverBlades","FlawlessForm","Hightail+1","Replace+1","MoonPhase+1","Apotheosis+1","ReplayTheSpireMod:Private Reserves","Read+1"],"relics":["Uniform","NeowsBlessing","ReplayTheSpireMod:TigerMarble","Orichalcum","Lantern","Regal Pillow","Thread and Needle","Odd Mushroom","Tiny Chest","Honey Jar","Replay:Mystery Machine","Divine Protection","Singing Bowl","Painkiller Herb","ReplayTheSpireMod:Shallot","Ring of Peace","Ring of Searing","Bag of Marbles"],"acts_visited":["Exordium","TheCity","TheBeyond","TheEnding"],"potions_floor_usage":[],"damage_taken":[{"damage":0.0,"enemies":"Cultist","floor":1.0,"turns":1.0},{"damage":0.0,"enemies":"Small Slimes","floor":5.0,"turns":1.0},{"damage":0.0,"enemies":"Lagavulin","floor":7.0,"turns":1.0},{"damage":0.0,"enemies":"2 Louse","floor":11.0,"turns":2.0},{"damage":19.0,"enemies":"Gremlin Nob","floor":12.0,"turns":5.0},{"damage":0.0,"enemies":"The Mushroom Lair","floor":13.0,"turns":2.0},{"damage":0.0,"enemies":"Hexaghost","floor":16.0,"turns":7.0},{"damage":1.0,"enemies":"2 Thieves","floor":18.0,"turns":4.0},{"damage":1.0,"enemies":"Spheric Guardian","floor":20.0,"turns":4.0},{"damage":17.0,"enemies":"Snake Plant","floor":21.0,"turns":5.0},{"damage":0.0,"enemies":"Shelled Parasite and Fungi","floor":22.0,"turns":5.0},{"damage":0.0,"enemies":"Gremlin Leader","floor":25.0,"turns":6.0},{"damage":0.0,"enemies":"Cultist and Chosen","floor":27.0,"turns":3.0},{"damage":0.0,"enemies":"Chosen and Byrds","floor":31.0,"turns":7.0},{"damage":0.0,"enemies":"Automaton","floor":33.0,"turns":9.0},{"damage":0.0,"enemies":"3 Darklings","floor":35.0,"turns":6.0},{"damage":0.0,"enemies":"Orb Walker","floor":36.0,"turns":6.0},{"damage":0.0,"enemies":"Writhing Mass","floor":37.0,"turns":6.0},{"damage":0.0,"enemies":"3 Darklings","floor":38.0,"turns":2.0},{"damage":0.0,"enemies":"Spire Growth","floor":41.0,"turns":3.0},{"damage":0.0,"enemies":"Transient","floor":47.0,"turns":5.0},{"damage":0.0,"enemies":"Replay:Hell Engine","floor":50.0,"turns":6.0},{"damage":0.0,"enemies":"Shield and Spear","floor":54.0,"turns":5.0},{"damage":0,"enemies":"The Heart","floor":55,"turns":11}],"seed_played":"-8245641711989060449","potions_obtained":[{"floor":3.0,"key":"EssenceOfSteel"},{"floor":3.0,"key":"Fruit Juice"},{"floor":7.0,"key":"Milkshake"},{"floor":12.0,"key":"DistilledChaos"},{"floor":20.0,"key":"SteroidPotion"},{"floor":21.0,"key":"PowerPotion"},{"floor":33.0,"key":"Languid Potion"}],"is_trial":false,"path_per_floor":["M","?","?","$","M","R","E","?","T","$","M","E","?","?","R","B",null,"M","?","M","M","M","R","$","E","T","M","T","R","?","M","R","B",null,"?","?","?","?","T","T","?","?","T","T","?","T","?","?","T","B",null,"T","T","E","B",null],"character_chosen":"THE_SERVANT","items_purchased":["ShatteredReality+1","Desolation","Regal Pillow","Replay:Sssssssssstrike","TheWorld","Apotheosis","Elixir","LiquidMemories"],"campfire_rested":1,"item_purchase_floors":[4,10,10,24,24,39,53,53],"current_hp_per_floor":[65,65,65,65,65,65,65,65,65,65,65,51,51,44,44,44,70,69,69,68,51,51,70,70,70,70,70,70,70,70,70,70,70,70,70,70,72,72,72,72,74,74,74,74,74,74,76,76,76,76,76,76,76,76,76],"gold":57,"neow_bonus":"THREE_ENEMY_KILL","is_daily":false,"chose_seed":false,"campfire_upgraded":6,"win_rate":0.0,"timestamp":1607904540,"path_taken":["M","?","?","$","M","R","E","?","T","$","M","E","?","?","R","BOSS","M","?","M","M","?","R","$","E","T","?","?","R","?","?","R","BOSS","?","?","?","?","T","T","?","?","T","?","?","T","?","?","T","BOSS","T","T","E","BOSS"],"items_purchased_type":["Card","Card","Relic","Card","Card","Card","Potion","Potion"],"build_version":"2020-12-07","purchased_purges":0,"victory":true,"max_hp_per_floor":[65,65,65,65,65,65,65,65,65,65,65,70,70,70,70,70,70,70,70,70,70,70,70,70,70,70,70,70,70,70,70,70,70,70,70,70,72,72,72,72,74,74,74,74,74,74,76,76,76,76,76,76,76,76,76],"card_choices":[{"not_picked":["Alleviate","Defy"],"picked":"Desolation","floor":1.0},{"not_picked":["Potential","Starlight"],"picked":"DualDimension","floor":3.0},{"not_picked":["Starlight","Replace"],"picked":"Ricochet","floor":5.0},{"not_picked":["Revamp","Advance"],"picked":"Duplication","floor":7.0},{"not_picked":["FastForward","Alleviate"],"picked":"BottledTime","floor":11.0},{"not_picked":["Defy","Ricochet"],"picked":"Spin","floor":12.0},{"not_picked":["Alleviate","Rearm"],"picked":"Duplication","floor":13.0},{"not_picked":["Dilation","Duplication"],"picked":"Initiator","floor":16.0},{"not_picked":["Spin","Barrier","ShatteredReality"],"picked":"FastForward+1","floor":18.0},{"not_picked":["Collapse+1","Rearm","Comet+1"],"picked":"WasteNot+1","floor":20.0},{"not_picked":["Rearm","Spin+1","Replace+1"],"picked":"InstantArmor+1","floor":21.0},{"not_picked":["FastForward","Ricochet","Foresight"],"picked":"Alleviate+1","floor":22.0},{"not_picked":["Gouge","Starlight","Reset"],"picked":"MoonPhase+1","floor":25.0},{"not_picked":["GearUp","BottledTime","Contraction"],"picked":"DualDimension+1","floor":27.0},{"not_picked":["Shuttle+1","Duplication","Snipe+1"],"picked":"SilverBlades","floor":31.0},{"not_picked":["Duplication","Deny","Sunlight"],"picked":"FlawlessForm","floor":33.0},{"not_picked":["Defy","Ricochet+1","Comet+1"],"picked":"Hightail+1","floor":35.0},{"not_picked":["Starlight+1","Revamp","Ricochet+1"],"picked":"Replace+1","floor":36.0},{"not_picked":["Starlight+1","Revamp","Orbit","FastForward+1"],"picked":"Singing Bowl","floor":37.0},{"not_picked":["Spin","DualDimension","WasteNot+1"],"picked":"MoonPhase+1","floor":38.0},{"not_picked":["Ricochet+1","Defy","Unruled","Starlight+1"],"picked":"Singing Bowl","floor":41.0},{"not_picked":["WasteNot","Snipe","Rearm","FastForward"],"picked":"Singing Bowl","floor":47.0},{"not_picked":["Forethought","Trip","Replay:Sssssssssstrike"],"picked":"ReplayTheSpireMod:Private Reserves","floor":48.0},{"not_picked":["Snipe","KillingDoll","StarChef+1"],"picked":"Read+1","floor":54.0}],"player_experience":479758,"relics_obtained":[{"floor":3.0,"key":"ReplayTheSpireMod:TigerMarble"},{"floor":7.0,"key":"Orichalcum"},{"floor":9.0,"key":"Lantern"},{"floor":12.0,"key":"Thread and Needle"},{"floor":13.0,"key":"Odd Mushroom"},{"floor":25.0,"key":"Replay:Mystery Machine"},{"floor":26.0,"key":"Divine Protection"},{"floor":28.0,"key":"Singing Bowl"},{"floor":44.0,"key":"ReplayTheSpireMod:Shallot"},{"floor":45.0,"key":"Ring of Peace"},{"floor":45.0,"key":"Ring of Searing"},{"floor":54.0,"key":"Bag of Marbles"}],"event_choices":[{"cards_removed":["Strike_S"],"damage_healed":0.0,"max_hp_gain":0.0,"max_hp_loss":0.0,"gold_gain":0.0,"event_name":"The Cleric","player_choice":"Card Removal","floor":2.0,"gold_loss":50.0,"damage_taken":0.0},{"damage_healed":0.0,"max_hp_gain":0.0,"max_hp_loss":0.0,"gold_gain":66.0,"event_name":"Golden Wing","player_choice":"Gained Gold","floor":8.0,"gold_loss":0.0,"damage_taken":0.0},{"damage_healed":0.0,"max_hp_gain":0.0,"max_hp_loss":0.0,"gold_gain":0.0,"event_name":"Mushrooms","player_choice":"Fought Mushrooms","floor":13.0,"gold_loss":0.0,"damage_taken":0.0},{"damage_healed":0.0,"max_hp_gain":0.0,"max_hp_loss":0.0,"gold_gain":0.0,"event_name":"Scrap Ooze","player_choice":"Success","floor":14.0,"gold_loss":0.0,"damage_taken":7.0,"relics_obtained":["Tiny Chest"]},{"damage_healed":0.0,"max_hp_gain":0.0,"max_hp_loss":0.0,"gold_gain":0.0,"cards_transformed":["Strike_S"],"event_name":"Transmorgrifier","player_choice":"Transformed","floor":19.0,"gold_loss":0.0,"damage_taken":0.0,"cards_obtained":["BestPractice"]},{"cards_removed":["Strike_S"],"damage_healed":0.0,"max_hp_gain":0.0,"max_hp_loss":0.0,"gold_gain":0.0,"event_name":"Bonfire Elementals","player_choice":"Offered Basic","floor":30.0,"gold_loss":0.0,"damage_taken":0.0},{"damage_healed":0.0,"max_hp_gain":0.0,"max_hp_loss":0.0,"gold_gain":0.0,"event_name":"Tomb of Lord Red Mask","player_choice":"Ignored","floor":42.0,"gold_loss":0.0,"damage_taken":0.0},{"damage_healed":0.0,"max_hp_gain":0.0,"max_hp_loss":0.0,"gold_gain":0.0,"event_name":"SensoryStone","player_choice":"Memory 1","floor":48.0,"gold_loss":0.0,"damage_taken":0.0}],"is_beta":true,"boss_relics":[{"not_picked":["SacredBark","Replay:Drink Me"],"picked":"Honey Jar"},{"not_picked":["ChewingGum","Snecko Eye"],"picked":"Painkiller Herb"}],"items_purged_floors":[],"is_endless":false,"potions_floor_spawned":[7,12,20,21,33,37,47],"ascension_level":3}}