{"host":"x912fd5p2c4a0dpk","time":1607910234,"event":{"mods":["BaseMod","Duelist Mod","GifTheSpireLib","Infinite Spire","Minty Spire (QoL Compilation)","Replay The Spire","StSLib","The Problem Sleuth"],"gold_per_floor":[137,137,147,147,165,190,240,240,240,255,274,274,239,83,174,271,271,287,304,314,314,314,343,343,354,401,401,401,436,436,465,465,565,565,583,602,82,82,92,92,117,117,143,177,177,0,13,31,31,31],"floor_reached":51,"playtime":4384,"items_purged":["theDuelist:CastleWalls","Decay"],"score":924,"play_id":"fc84f1d7-5df9-4ae3-9be7-413a9362c197","local_time":"20201213204354","is_ascension_mode":true,"campfire_choices":[{"floor":8,"key":"REST"},{"data":"theDuelist:NaturiaSunflower","floor":12,"key":"SMITH"},{"floor":28,"key":"REST"},{"floor":32,"key":"REST"},{"floor":40,"key":"REST"},{"data":"theDuelist:NaturiaParadizo","floor":42,"key":"PURGE"},{"floor":49,"key":"REST"}],"circlet_count":0,"master_deck":["theDuelist:LonefireBlossom","theDuelist:BloodSparks","theDuelist:CastleWalls","theDuelist:NaturiaBeast","theDuelist:NaturiaCliff","theDuelist:NaturiaRock","theDuelist:NaturiaTulip","theDuelist:Sparks","theDuelist:Sparks","theDuelist:DarkHole","theDuelist:NaturiaRosewhip","theDuelist:LuminousMoss+2","theDuelist:NaturiaSunflower+1","theDuelist:NaturiaButterfly+1","theDuelist:NaturiaCherries","theDuelist:NaturiaForest","theDuelist:BottomlessTrapHole+1","theDuelist:NaturiaGuardian+1","Sadistic Nature+1","theDuelist:NaturiaDragonfly","theDuelist:NaturiaMosquito","J.A.X.","theDuelist:HammerShot","theDuelist:HeartUnderdog","theDuelist:MultiplicationOfAnts+1","theDuelist:NaturiaParadizo+1","infinitespire:Execution","theDuelist:NaturiaMantis+1","theDuelist:LonefireBlossom","theDuelist:NaturiaDragonfly+1","theDuelist:SliferSky"],"relics":["theDuelist:MillenniumPuzzle","theDuelist:CardPoolRelic","theDuelist:CardPoolBasicRelic","theDuelist:BoosterPackPoolRelic","theDuelist:CardPoolAddRelic","theDuelist:CardPoolMinusRelic","theDuelist:CardPoolSaveRelic","theDuelist:CardPoolOptionsRelic","Replay:Multitool","Lizard Tail","Black Star","theDuelist:MillenniumArmor","theDuelist:MetronomeRelicD","infinitespire:Satchel","infinitespire:SolderingIron","Replay:Arrowhead","Torii","Bronze Scales","Philosopher\u0027s Stone","Chameleon Ring","War Paint","Thread and Needle","theDuelist:ArmorPlateA","Nunchaku","Counterbalance","Bronze Scales"],"acts_visited":["Exordium","TheCity","TheBeyond"],"potions_floor_usage":[6,6,16,19,23,25,33,48,50],"damage_taken":[{"damage":4,"enemies":"Cultist","floor":1,"turns":5},{"damage":0,"enemies":"Small Slimes","floor":3,"turns":4},{"damage":0,"enemies":"Jaw Worm","floor":5,"turns":4},{"damage":40,"enemies":"Lagavulin","floor":6,"turns":9},{"damage":6,"enemies":"Large Slime","floor":10,"turns":5},{"damage":13,"enemies":"3 Louse","floor":11,"turns":4},{"damage":40,"enemies":"Fading Forest","floor":16,"turns":11},{"damage":4,"enemies":"Shell Parasite","floor":18,"turns":7},{"damage":41,"enemies":"Chosen","floor":19,"turns":6},{"damage":0,"enemies":"Sentry and Sphere","floor":20,"turns":4},{"damage":19,"enemies":"theDuelist:KaibaA2","floor":23,"turns":4},{"damage":2,"enemies":"Centurion and Healer","floor":25,"turns":4},{"damage":18,"enemies":"Replay:Snechameleon","floor":29,"turns":7},{"damage":26,"enemies":"theDuelist:KaibaA2","floor":31,"turns":6},{"damage":39,"enemies":"Champ","floor":33,"turns":12},{"damage":43,"enemies":"3 Shapes","floor":35,"turns":4},{"damage":23,"enemies":"3 Darklings","floor":36,"turns":3},{"damage":40,"enemies":"4 Shapes","floor":39,"turns":4},{"damage":0,"enemies":"Nemesis","floor":41,"turns":5},{"damage":19,"enemies":"R_Hoarder","floor":44,"turns":7},{"damage":0,"enemies":"Spire Growth","floor":47,"turns":4},{"damage":30,"enemies":"3 Darklings","floor":48,"turns":4},{"damage":43,"enemies":"infinitespire:MassOfShapes","floor":50,"turns":9}],"seed_played":"-7996483626993531383","potions_obtained":[{"floor":1,"key":"theDuelist:VoidBottle"},{"floor":3,"key":"Flashbang"},{"floor":11,"key":"Energy Potion"},{"floor":16,"key":"theDuelist:FlamingBottle"},{"floor":18,"key":"Fire Potion"},{"floor":23,"key":"Fire Potion"},{"floor":31,"key":"infinitespire:BlackPotion"},{"floor":36,"key":"theDuelist:TokenPotion"},{"floor":39,"key":"infinitespire:BlackPotion"},{"floor":41,"key":"theDuelist:FlamingBottle"}],"is_trial":false,"path_per_floor":["M","?","M","?","M","E","?","R","T","M","M","R","?","$","R","B",null,"M","M","M","?","?","E","R","M","T","?","R","E","?","E","R","B",null,"M","M","?","AVR","M","R","E","R","T","E","?","?","M","M","R","B",null],"character_chosen":"THE_DUELIST","items_purchased":["theDuelist:NaturiaCherries"],"campfire_rested":5,"item_purchase_floors":[14],"current_hp_per_floor":[84,84,88,88,92,52,52,79,79,73,64,64,88,88,88,62,96,92,51,51,51,51,32,60,58,58,58,86,68,68,42,70,31,96,53,30,30,30,40,68,68,68,68,49,49,49,49,19,47,4],"gold":31,"neow_bonus":"TEN_PERCENT_HP_BONUS","is_daily":false,"chose_seed":false,"campfire_upgraded":1,"win_rate":0.0,"timestamp":1607910234,"path_taken":["M","?","M","?","M","E","?","R","T","?","M","R","?","$","R","BOSS","M","M","M","?","?","E","R","?","T","?","R","E","?","E","R","BOSS","M","M","?","AVR","M","R","E","R","T","E","?","?","M","M","R","BOSS"],"items_purchased_type":["Card"],"build_version":"2020-12-13","purchased_purges":2,"victory":true,"max_hp_per_floor":[88,84,88,88,92,92,92,92,92,92,96,96,96,96,96,96,96,96,96,96,96,96,96,96,96,96,96,96,96,96,96,96,96,96,96,96,96,96,96,96,96,96,96,96,96,96,96,96,96,96],"card_choices":[{"not_picked":["theDuelist:Fissure","theDuelist:MillenniumScorpion","theDuelist:DummyGolem","theDuelist:EarthEffigy"],"picked":"theDuelist:DarkHole","floor":1},{"not_picked":["theDuelist:NaturiaCliff","theDuelist:NaturiaTulip","theDuelist:NaturiaAntjaw","theDuelist:SangaEarth"],"picked":"theDuelist:NaturiaRosewhip","floor":3},{"not_picked":["theDuelist:NaturiaGuardian","theDuelist:NaturiaStinkbug","theDuelist:PotDuality","theDuelist:ExterioFang"],"picked":"theDuelist:NaturiaParadizo","floor":5},{"not_picked":["theDuelist:Wiretap","theDuelist:Wiretap","theDuelist:DianKeto+1","theDuelist:RedMedicine+1"],"picked":"theDuelist:LuminousMoss+1","floor":6},{"not_picked":["theDuelist:NaturiaCliff","theDuelist:NaturiaMarron","theDuelist:NaturiaHydrangea","theDuelist:NaturiaLadybug"],"picked":"theDuelist:NaturiaSunflower","floor":10},{"not_picked":["theDuelist:HuntingInstinct","theDuelist:DigitalBug","theDuelist:FossilExcavation","theDuelist:NaturiaVein"],"picked":"theDuelist:NaturiaButterfly","floor":11},{"not_picked":["theDuelist:NaturiaBarkion","theDuelist:MultiplicationOfAnts","theDuelist:Wildfire","theDuelist:NaturiaHorneedle"],"picked":"theDuelist:NaturiaForest","floor":16},{"not_picked":["theDuelist:NaturiaHydrangea","theDuelist:NaturiaEggplant","theDuelist:NaturiaDragonfly","theDuelist:NaturiaCliff"],"picked":"theDuelist:BottomlessTrapHole","floor":18},{"not_picked":["theDuelist:NaturiaHydrangea","theDuelist:NaturiaEggplant+1","theDuelist:NaturiaDragonfly","theDuelist:NaturiaCliff+1"],"picked":"theDuelist:NaturiaGuardian","floor":19},{"not_picked":["Deep Breath","Impatience","Secret Technique"],"picked":"Sadistic Nature+1","floor":20},{"not_picked":["theDuelist:NaturiaHydrangea","theDuelist:NaturiaSunflower","theDuelist:NaturiaBeans","theDuelist:DigitalBug"],"picked":"theDuelist:NaturiaDragonfly","floor":23},{"not_picked":["theDuelist:NaturiaEggplant","theDuelist:NaturiaCliff+1","theDuelist:NaturiaAntjaw+1","theDuelist:Spore"],"picked":"theDuelist:NaturiaMosquito","floor":25},{"not_picked":["theDuelist:Sangan","theDuelist:AttackTheMoon+1","theDuelist:GraniteLoyalist","theDuelist:DestroyerGolem"],"picked":"theDuelist:HammerShot","floor":29},{"not_picked":["theDuelist:DestroyerGolem","theDuelist:HammerShot","theDuelist:MudGolem","theDuelist:AttackTheMoon","theDuelist:MillenniumGolem"],"picked":"SKIP","floor":31},{"not_picked":["theDuelist:DemiseLand+1","theDuelist:SeismicShockwave","theDuelist:HuntingInstinct","theDuelist:NaturiaHorneedle"],"picked":"theDuelist:HeartUnderdog","floor":33},{"not_picked":["theDuelist:NaturiaVein+1","theDuelist:HuntingInstinct"],"picked":"theDuelist:MultiplicationOfAnts+1","floor":35},{"not_picked":["theDuelist:NaturiaExterio","theDuelist:NaturiaTulip+1","theDuelist:Spore+1","theDuelist:CrystalRose+1"],"picked":"theDuelist:NaturiaParadizo+1","floor":36},{"not_picked":["ReplayTheSpireMod:Chaos Vortex","infinitespire:NeuralNetwork"],"picked":"infinitespire:Execution","floor":37},{"not_picked":["theDuelist:NaturiaHydrangea+1","theDuelist:NaturiaCliff+1","theDuelist:Spore","theDuelist:ConvulsionNature+1"],"picked":"theDuelist:NaturiaMantis+1","floor":39},{"not_picked":["theDuelist:NaturiaHydrangea+1","theDuelist:NaturiaEggplant+1","theDuelist:NaturiaTulip+1","theDuelist:NaturiaWhiteOak"],"picked":"theDuelist:LonefireBlossom","floor":41},{"not_picked":["theDuelist:NaturiaRock+1","theDuelist:NaturiaStinkbug","theDuelist:NaturiaCliff","theDuelist:FrozenRose"],"picked":"theDuelist:NaturiaDragonfly+1","floor":44},{"not_picked":["theDuelist:DestroyerGolem","theDuelist:MagicHoleGolem","theDuelist:MagicCylinder","theDuelist:PotForbidden"],"picked":"theDuelist:SliferSky","floor":47},{"not_picked":["theDuelist:NaturiaDragonfly+1","theDuelist:NaturiaRock","theDuelist:LonefireBlossom","theDuelist:NaturiaTulip","theDuelist:SeedSacredTree+1"],"picked":"SKIP","floor":48}],"player_experience":372211,"relics_obtained":[{"floor":6,"key":"Replay:Multitool"},{"floor":9,"key":"Lizard Tail"},{"floor":23,"key":"theDuelist:MillenniumArmor"},{"floor":23,"key":"theDuelist:MetronomeRelicD"},{"floor":26,"key":"infinitespire:Satchel"},{"floor":29,"key":"infinitespire:SolderingIron"},{"floor":29,"key":"Replay:Arrowhead"},{"floor":31,"key":"Torii"},{"floor":31,"key":"Bronze Scales"},{"floor":41,"key":"War Paint"},{"floor":41,"key":"Thread and Needle"},{"floor":43,"key":"theDuelist:ArmorPlateA"},{"floor":44,"key":"Nunchaku"},{"floor":44,"key":"Counterbalance"}],"event_choices":[{"damage_healed":0,"gold_gain":0,"player_choice":"Brew - 2x Potion Slots","duelist":true,"damage_taken":0,"max_hp_gain":0,"max_hp_loss":0,"event_name":"Aknamkanon\u0027s Tomb","floor":2,"gold_loss":0},{"damage_healed":0,"gold_gain":0,"player_choice":"Leave","duelist":true,"damage_taken":0,"max_hp_gain":0,"max_hp_loss":0,"event_name":"Tomb of the Nameless","floor":4,"gold_loss":0},{"damage_healed":0,"gold_gain":50,"player_choice":"Gained Gold","damage_taken":0,"max_hp_gain":0,"max_hp_loss":0,"event_name":"Golden Wing","floor":7,"gold_loss":0},{"damage_healed":24,"gold_gain":0,"player_choice":"Healed","damage_taken":0,"max_hp_gain":0,"max_hp_loss":0,"event_name":"The Cleric","floor":13,"gold_loss":35},{"damage_healed":0,"gold_gain":0,"player_choice":"Smashed Altar","damage_taken":0,"max_hp_gain":0,"max_hp_loss":0,"event_name":"Forgotten Altar","floor":21,"gold_loss":0,"cards_obtained":["Decay"]},{"damage_healed":0,"gold_gain":0,"player_choice":"Forge","damage_taken":0,"max_hp_gain":0,"max_hp_loss":0,"event_name":"Accursed Blacksmith","floor":22,"gold_loss":0,"cards_upgraded":["theDuelist:NaturiaGuardian"]},{"damage_healed":0,"gold_gain":0,"player_choice":"Obtain J.A.X.","damage_taken":0,"max_hp_gain":0,"max_hp_loss":0,"event_name":"Drug Dealer","floor":27,"gold_loss":0,"cards_obtained":["J.A.X."]},{"damage_healed":0,"gold_gain":0,"player_choice":"Traded Castle Walls for Lonefire Blossom","duelist":true,"damage_taken":0,"max_hp_gain":0,"max_hp_loss":0,"event_name":"Card Trader","floor":30,"gold_loss":0},{"damage_healed":0,"gold_gain":0,"player_choice":"Duplicated Relic - Bronze Scales","duelist":true,"damage_taken":0,"max_hp_gain":0,"max_hp_loss":0,"event_name":"Relic Duplicator","floor":46,"gold_loss":0}],"is_beta":false,"boss_relics":[{"not_picked":["Velvet Choker","theDuelist:HauntedRelic"],"picked":"Black Star"},{"not_picked":["Abe\u0027s Treasure","Replay:Ancient Bell"],"picked":"Philosopher\u0027s Stone"}],"items_purged_floors":[14,38],"is_endless":false,"potions_floor_spawned":[1,3,11,16,18,23,31,36,39,41],"ascension_level":3}}