{"host":"Á¤±Û¸µ","time":1607965633,"event":{"mods":["AchievementEnabler","BaseMod","Colored Map","DeckTracker","Highlight Path","Keyboard Shortcuts","Minty Spire (QoL Compilation)","Permanent Neow","Quick Restart","Rare Cards Sparkle","StSLib","SuperFastMode","everything is the same but u backflip on backflip"],"gold_per_floor":[109,120,45,45,57,57,68,68,91,101,101,1,11,25,25,124,124,141,152,169,44,44,44,57,57,57,57,57,57,72,84,84,84,84],"floor_reached":33,"playtime":879,"items_purged":["Defend_P","Defend_P","Strike_P"],"score":241,"play_id":"18e6582d-3f4c-46a4-ad14-bcb31cebeec6","local_time":"20201215020713","is_ascension_mode":false,"campfire_choices":[{"data":"Eruption","floor":6.0,"key":"SMITH"},{"data":"Vigilance","floor":8.0,"key":"SMITH"},{"data":"MentalFortress","floor":11.0,"key":"SMITH"},{"floor":15.0,"key":"REST"},{"data":"Vault","floor":23.0,"key":"SMITH"},{"floor":28.0,"key":"REST"},{"floor":32,"key":"REST"}],"circlet_count":0,"master_deck":["Strike_P","Strike_P","Defend_P","Defend_P","Eruption+1","Vigilance+1","MentalFortress+1","Vault+1"],"relics":["VioletLotus"],"acts_visited":["Exordium","TheCity"],"potions_floor_usage":[30,30,31],"damage_taken":[{"damage":5.0,"enemies":"Jaw Worm","floor":1.0,"turns":3.0},{"damage":0.0,"enemies":"2 Louse","floor":2.0,"turns":2.0},{"damage":3.0,"enemies":"Cultist","floor":5.0,"turns":3.0},{"damage":4.0,"enemies":"2 Fungi Beasts","floor":7.0,"turns":3.0},{"damage":14.0,"enemies":"3 Louse","floor":10.0,"turns":4.0},{"damage":3.0,"enemies":"Gremlin Gang","floor":13.0,"turns":4.0},{"damage":24.0,"enemies":"Exordium Thugs","floor":14.0,"turns":5.0},{"damage":42.0,"enemies":"The Guardian","floor":16.0,"turns":13.0},{"damage":20.0,"enemies":"Spheric Guardian","floor":18.0,"turns":4.0},{"damage":5.0,"enemies":"Chosen","floor":19.0,"turns":6.0},{"damage":8.0,"enemies":"Shelled Parasite and Fungi","floor":20.0,"turns":7.0},{"damage":11.0,"enemies":"Centurion and Healer","floor":24.0,"turns":10.0},{"damage":0,"enemies":"Chosen and Byrds","floor":30,"turns":4},{"damage":27,"enemies":"Snake Plant","floor":31,"turns":5},{"damage":2,"enemies":"Automaton","floor":33,"turns":4}],"seed_played":"-5012211445418255859","potions_obtained":[{"floor":1.0,"key":"DuplicationPotion"},{"floor":14.0,"key":"DuplicationPotion"},{"floor":16.0,"key":"Block Potion"},{"floor":19.0,"key":"Block Potion"},{"floor":20.0,"key":"PowerPotion"},{"floor":24.0,"key":"FearPotion"}],"is_trial":false,"path_per_floor":["M","M","$","?","M","R","M","R","T","M","R","$","M","M","R","B",null,"M","M","M","$","?","R","M","?","T","$","R","?","M","M","R","B"],"character_chosen":"WATCHER","items_purchased":[],"campfire_rested":3,"item_purchase_floors":[],"current_hp_per_floor":[67,67,67,72,69,69,65,65,65,51,51,51,48,24,47,5,77,57,52,44,44,44,44,33,19,19,19,43,43,43,16,40,38,38],"gold":84,"neow_bonus":"BOSS_RELIC","is_daily":false,"chose_seed":false,"campfire_upgraded":4,"win_rate":0.0,"timestamp":1607965633,"path_taken":["M","M","$","?","M","R","M","R","T","M","R","$","M","M","R","BOSS","M","M","M","$","?","R","?","?","T","$","R","?","M","?","R","BOSS"],"items_purchased_type":[],"build_version":"2020-12-07","purchased_purges":3,"victory":false,"max_hp_per_floor":[72,72,72,77,77,77,77,77,77,77,77,77,77,77,77,77,77,77,77,77,77,77,77,77,82,82,82,82,82,82,82,82,82,82],"card_choices":[{"not_picked":["WreathOfFlame","SandsOfTime"],"picked":"MentalFortress","floor":1.0},{"not_picked":["Consecrate","Protect","PathToVictory"],"picked":"SKIP","floor":2.0},{"not_picked":["Vengeance","PathToVictory","WaveOfTheHand"],"picked":"SKIP","floor":5.0},{"not_picked":["WaveOfTheHand","CutThroughFate","Wallop"],"picked":"SKIP","floor":7.0},{"not_picked":["WindmillStrike","Nirvana","CrushJoints"],"picked":"SKIP","floor":10.0},{"not_picked":["Meditate","MentalFortress","SashWhip"],"picked":"SKIP","floor":13.0},{"not_picked":["Crescendo","Halt","EmptyBody"],"picked":"SKIP","floor":14.0},{"not_picked":["Ragnarok","ConjureBlade"],"picked":"Vault","floor":16.0},{"not_picked":["EmptyBody","DeceiveReality","Halt"],"picked":"SKIP","floor":18.0},{"not_picked":["Prostrate","FlurryOfBlows","EmptyBody"],"picked":"SKIP","floor":19.0},{"not_picked":["Wallop","Tantrum","FlurryOfBlows"],"picked":"SKIP","floor":20.0},{"not_picked":["LikeWater","ThirdEye+1","ClearTheMind"],"picked":"SKIP","floor":24.0},{"not_picked":["CutThroughFate","MasterReality","CrushJoints+1"],"picked":"SKIP","floor":30},{"not_picked":["FlurryOfBlows","DeceiveReality","MentalFortress"],"picked":"SKIP","floor":31}],"player_experience":465039,"relics_obtained":[],"event_choices":[{"damage_healed":0.0,"max_hp_gain":5.0,"max_hp_loss":0.0,"gold_gain":0.0,"event_name":"Big Fish","player_choice":"Donut","floor":4.0,"gold_loss":0.0,"damage_taken":0.0},{"damage_healed":0.0,"max_hp_gain":0.0,"max_hp_loss":0.0,"gold_gain":0.0,"event_name":"WeMeetAgain","player_choice":"Ignored","floor":22.0,"gold_loss":0.0,"damage_taken":0.0},{"damage_healed":0.0,"max_hp_gain":5.0,"max_hp_loss":0.0,"gold_gain":0.0,"event_name":"Forgotten Altar","player_choice":"Shed Blood","floor":25.0,"gold_loss":0.0,"damage_taken":19.0},{"cards_removed":["Strike_P"],"damage_healed":0.0,"max_hp_gain":0.0,"max_hp_loss":0.0,"gold_gain":0.0,"event_name":"Bonfire Elementals","player_choice":"Offered Basic","floor":29.0,"gold_loss":0.0,"damage_taken":0.0}],"is_beta":true,"boss_relics":[{"not_picked":["Runic Dome","Calling Bell","Sozu"]}],"items_purged_floors":[3,12,21],"is_endless":false,"potions_floor_spawned":[1,14,16,19,20,24],"killed_by":"Automaton","ascension_level":0}}