{"host":"qw1m3zcvi888b4j7","time":1607909059,"event":{"mods":["AchievementEnabler","BaseMod","Block Reminder","Colored Map","Colored Powertips","DeckTracker","Highlight Path","Minty Spire (QoL Compilation)","Quick Restart","Rare Cards Sparkle","Relic Sorter","Relic Stats"],"gold_per_floor":[115,115,290,307,52,52,82,82,82,94,44,60,60,60,60,157,157,167,167,184,201,214,214,245,256,256,74,89,89,104,122,122,122,122],"floor_reached":33,"playtime":2155,"items_purged":["Doubt"],"score":269,"play_id":"797603fe-492e-4dd9-be26-78438504a128","local_time":"20201214022419","is_ascension_mode":false,"campfire_choices":[{"floor":6,"key":"RECALL"},{"data":"Conclude","floor":8,"key":"SMITH"},{"data":"CrushJoints","floor":13,"key":"SMITH"},{"data":"LikeWater","floor":15,"key":"SMITH"},{"data":"ConjureBlade","floor":23,"key":"SMITH"},{"floor":29,"key":"REST"},{"floor":32,"key":"REST"}],"circlet_count":0,"master_deck":["Strike_P","Strike_P","Strike_P","Strike_P","Defend_P","Defend_P","Defend_P","Eruption+1","Vigilance","Swivel","LikeWater+1","FollowUp","CrushJoints+1","Sanctity","ConjureBlade+1","FlurryOfBlows+1","Armaments+1","PathToVictory+1","EmptyBody","Halt","Scrawl","FollowUp","WheelKick","CrushJoints+1","FlurryOfBlows","Adaptation"],"relics":["HolyWater","Bronze Scales","Happy Flower","Letter Opener","White Beast Statue","Tiny Chest","Damaru"],"acts_visited":["TheCity"],"potions_floor_usage":[12,16,20,22,24,24,24,28,31,31,31,33],"damage_taken":[{"damage":0.0,"enemies":"Small Slimes","floor":1.0,"turns":3.0},{"damage":0,"enemies":"2 Louse","floor":4,"turns":2},{"damage":12,"enemies":"Gremlin Nob","floor":7,"turns":3},{"damage":0,"enemies":"Cultist","floor":10,"turns":3},{"damage":0,"enemies":"Lots of Slimes","floor":12,"turns":1},{"damage":16,"enemies":"The Guardian","floor":16,"turns":9},{"damage":1,"enemies":"Chosen","floor":18,"turns":2},{"damage":6,"enemies":"Spheric Guardian","floor":20,"turns":4},{"damage":23,"enemies":"Cultist and Chosen","floor":21,"turns":5},{"damage":21,"enemies":"Shelled Parasite and Fungi","floor":22,"turns":4},{"damage":36,"enemies":"Gremlin Leader","floor":24,"turns":5},{"damage":0,"enemies":"3 Cultists","floor":25,"turns":4},{"damage":0,"enemies":"Centurion and Healer","floor":28,"turns":4},{"damage":20,"enemies":"Sentry and Sphere","floor":30,"turns":4},{"damage":0,"enemies":"Snake Plant","floor":31,"turns":2},{"damage":46,"enemies":"Champ","floor":33,"turns":5}],"seed_played":"8769843157270133158","potions_obtained":[{"floor":4,"key":"Explosive Potion"},{"floor":7,"key":"EssenceOfSteel"},{"floor":16,"key":"Regen Potion"},{"floor":18,"key":"BlessingOfTheForge"},{"floor":20,"key":"Dexterity Potion"},{"floor":21,"key":"Explosive Potion"},{"floor":22,"key":"DistilledChaos"},{"floor":24,"key":"StancePotion"},{"floor":25,"key":"PowerPotion"},{"floor":28,"key":"Explosive Potion"},{"floor":30,"key":"Explosive Potion"},{"floor":31,"key":"BottledMiracle"}],"is_trial":false,"path_per_floor":["M","?","?","M","$","R","E","R","T","M","?","M","R","T","R","B",null,"M","?","M","M","M","R","E","M","T","$","M","R","M","M","R","B"],"character_chosen":"WATCHER","items_purchased":["Bronze Scales","LikeWater","Damaru","WheelKick"],"campfire_rested":2,"item_purchase_floors":[5,5,27,27],"current_hp_per_floor":[79,79,79,79,79,79,67,67,67,67,67,67,67,67,67,51,79,78,78,72,49,28,28,6,6,6,6,6,29,9,9,32,0,0],"gold":122,"neow_bonus":"TEN_PERCENT_HP_BONUS","is_daily":false,"chose_seed":false,"campfire_upgraded":4,"win_rate":0.0,"timestamp":1607909059,"path_taken":["M","?","?","M","$","R","E","R","T","M","?","M","R","?","R","BOSS","M","?","M","M","?","R","E","?","T","$","M","R","M","M","R","BOSS"],"items_purchased_type":["Relic","Card","Relic","Card"],"build_version":"2020-12-13","purchased_purges":1,"victory":false,"max_hp_per_floor":[79,79,79,79,79,79,79,79,79,79,79,79,79,79,79,79,79,79,79,79,79,79,79,79,79,79,79,79,79,79,79,79,79,79],"relic_stats":{"Happy Flower":[17],"counters":[15,57],"Bronze Scales":[114],"Tiny Chest":0,"Letter Opener":[121],"obtain_stats":[{"Happy Flower":7,"Bronze Scales":5,"HolyWater":17,"Damaru":27,"Tiny Chest":24,"Letter Opener":9,"PureWater":0,"White Beast Statue":14},{"Happy Flower":2,"Bronze Scales":1,"HolyWater":5,"Damaru":11,"Tiny Chest":10,"Letter Opener":2,"PureWater":0,"White Beast Statue":4},{"Happy Flower":5,"Bronze Scales":2,"HolyWater":18,"Damaru":42,"Tiny Chest":38,"Letter Opener":5,"PureWater":0,"White Beast Statue":9}]},"card_choices":[{"not_picked":["JustLucky","CutThroughFate"],"picked":"Conclude","floor":1.0},{"not_picked":["ThirdEye","PathToVictory"],"picked":"Swivel","floor":4},{"not_picked":["FlurryOfBlows","EmptyFist"],"picked":"FollowUp","floor":7},{"not_picked":["Prostrate","ClearTheMind"],"picked":"CrushJoints","floor":10},{"not_picked":["EmptyFist","DeusExMachina"],"picked":"Sanctity","floor":12},{"not_picked":["MasterReality","Vault"],"picked":"ConjureBlade","floor":16},{"not_picked":["CarveReality+1","Wallop+1"],"picked":"FlurryOfBlows+1","floor":18},{"not_picked":["Nirvana","CutThroughFate"],"picked":"PathToVictory+1","floor":20},{"not_picked":["ClearTheMind","Study"],"picked":"EmptyBody","floor":21},{"not_picked":["Worship+1","EmptyBody"],"picked":"Halt","floor":22},{"not_picked":["CrushJoints","SashWhip+1"],"picked":"Scrawl","floor":24},{"not_picked":["LikeWater","Indignation"],"picked":"FollowUp","floor":25},{"not_picked":["ClearTheMind","ThirdEye"],"picked":"CrushJoints+1","floor":28},{"not_picked":["TalkToTheHand","BowlingBash"],"picked":"FlurryOfBlows","floor":30},{"not_picked":["CrushJoints+1","Study"],"picked":"Adaptation","floor":31}],"player_experience":56766,"relics_obtained":[{"floor":7,"key":"Happy Flower"},{"floor":9,"key":"Letter Opener"},{"floor":14,"key":"White Beast Statue"},{"floor":24,"key":"Tiny Chest"}],"event_choices":[{"damage_healed":0.0,"max_hp_gain":0.0,"max_hp_loss":0.0,"gold_gain":0.0,"event_name":"Living Wall","player_choice":"Grow","floor":2.0,"gold_loss":0.0,"damage_taken":0.0,"cards_upgraded":["Eruption"]},{"damage_healed":0.0,"max_hp_gain":0.0,"max_hp_loss":0.0,"gold_gain":175.0,"event_name":"Liars Game","player_choice":"AGREE","floor":3.0,"gold_loss":0.0,"damage_taken":0.0,"cards_obtained":["Doubt"]},{"cards_removed":["Defend_P"],"damage_healed":0,"gold_gain":0,"player_choice":"Card Removal","damage_taken":0,"max_hp_gain":0,"max_hp_loss":0,"event_name":"The Cleric","floor":11,"gold_loss":50},{"cards_removed":["Conclude"],"damage_healed":0,"gold_gain":0,"player_choice":"Took Card","damage_taken":0,"max_hp_gain":0,"max_hp_loss":0,"event_name":"NoteForYourself","floor":19,"gold_loss":0,"cards_obtained":["Armaments"]}],"is_beta":false,"boss_relics":[{"not_picked":["Empty Cage","Runic Dome"],"picked":"HolyWater"}],"items_purged_floors":[5],"is_endless":false,"potions_floor_spawned":[4,7,16,18,20,21,22,24,25,28,30,31],"killed_by":"Champ","ascension_level":0}}