{"host":"e87rn453naquue3h","time":1607923680,"event":{"mods":["AchievementEnabler","BaseMod","Minty Spire (QoL Compilation)","Relic Stats","StSLib"],"gold_per_floor":[213,231,2,12,31,31,43,43,43,59,59,59,93,93,93,165,165,175,274,274,23,59,59,103,103,154,154,203,228,228,30,30,30,30],"floor_reached":33,"playtime":1350,"items_purged":["Defend_P","Strike_P"],"score":451,"play_id":"0ea18283-1567-4443-968a-321c26bffdeb","local_time":"20201214002800","is_ascension_mode":true,"campfire_choices":[{"data":"Eruption","floor":6,"key":"SMITH"},{"data":"FlurryOfBlows","floor":8,"key":"SMITH"},{"floor":12,"key":"REST"},{"floor":15,"key":"REST"},{"data":"Wish","floor":23,"key":"SMITH"},{"data":"Consecrate","floor":25,"key":"SMITH"},{"floor":30,"key":"REST"},{"data":"Scrawl","floor":32,"key":"SMITH"}],"circlet_count":0,"master_deck":["AscendersBane","Strike_P","Strike_P","Strike_P","Defend_P","Defend_P","Defend_P","Eruption+1","Vigilance","FlurryOfBlows+1","InnerPeace","Consecrate+1","Crescendo","DevaForm","CarveReality","BattleHymn+1","Wish+1","Halt+1","Scrawl+1"],"relics":["PureWater","Vajra","Eternal Feather","Philosopher\u0027s Stone","PreservedInsect","Juzu Bracelet","Singing Bowl","Strawberry"],"acts_visited":["Exordium","TheCity"],"potions_floor_usage":[10,16,29,33],"damage_taken":[{"damage":3,"enemies":"Small Slimes","floor":1,"turns":3},{"damage":6,"enemies":"2 Louse","floor":2,"turns":3},{"damage":2,"enemies":"Jaw Worm","floor":4,"turns":3},{"damage":0,"enemies":"Large Slime","floor":5,"turns":3},{"damage":1,"enemies":"Exordium Wildlife","floor":7,"turns":2},{"damage":39,"enemies":"Exordium Thugs","floor":10,"turns":3},{"damage":20,"enemies":"3 Sentries","floor":13,"turns":3},{"damage":39,"enemies":"The Guardian","floor":16,"turns":8},{"damage":24,"enemies":"3 Byrds","floor":18,"turns":4},{"damage":4,"enemies":"Chosen","floor":22,"turns":3},{"damage":13,"enemies":"3 Cultists","floor":24,"turns":4},{"damage":11,"enemies":"Snecko","floor":28,"turns":3},{"damage":24,"enemies":"Book of Stabbing","floor":29,"turns":3},{"damage":87,"enemies":"Champ","floor":33,"turns":7}],"seed_played":"-428864243969263335","potions_obtained":[{"floor":5,"key":"PowerPotion"},{"floor":7,"key":"SteroidPotion"},{"floor":28,"key":"Explosive Potion"}],"is_trial":false,"path_per_floor":["M","M","$","M","M","R","M","R","T","M","?","R","E","?","R","B",null,"M","?","?","$","M","R","M","R","T","?","M","E","R","$","R","B"],"character_chosen":"WATCHER","items_purchased":["Vajra","PreservedInsect","Strawberry","BottledMiracle"],"campfire_rested":3,"item_purchase_floors":[3,21,31,31],"current_hp_per_floor":[58,52,52,50,50,50,49,49,49,10,15,45,25,25,55,16,59,35,35,59,59,55,64,51,60,60,47,36,12,44,51,60,0,0],"gold":30,"neow_bonus":"HUNDRED_GOLD","is_daily":false,"chose_seed":false,"campfire_upgraded":5,"win_rate":0.0,"timestamp":1607923680,"path_taken":["M","M","$","M","M","R","M","R","T","M","?","R","E","?","R","BOSS","M","?","?","$","M","R","?","R","T","?","M","E","R","?","R","BOSS"],"items_purchased_type":["Relic","Relic","Relic","Potion"],"build_version":"2020-12-13","purchased_purges":2,"victory":false,"max_hp_per_floor":[68,68,68,68,68,68,68,68,68,68,73,73,73,73,73,73,73,73,73,73,73,73,73,73,73,73,78,78,78,78,85,85,85,85],"relic_stats":{"Singing Bowl":0,"counters":[14,52],"Eternal Feather":54,"PreservedInsect":43,"Juzu Bracelet":0,"obtain_stats":[{"Singing Bowl":29,"Strawberry":31,"Vajra":3,"Eternal Feather":9,"Philosopher\u0027s Stone":17,"PreservedInsect":21,"Juzu Bracelet":26,"PureWater":0},{"Singing Bowl":13,"Strawberry":13,"Vajra":2,"Eternal Feather":5,"Philosopher\u0027s Stone":8,"PreservedInsect":9,"Juzu Bracelet":11,"PureWater":0},{"Singing Bowl":45,"Strawberry":45,"Vajra":6,"Eternal Feather":14,"Philosopher\u0027s Stone":28,"PreservedInsect":32,"Juzu Bracelet":39,"PureWater":0}]},"card_choices":[{"not_picked":["Crescendo","PathToVictory"],"picked":"FlurryOfBlows","floor":1},{"not_picked":["Crescendo","Fasting2"],"picked":"InnerPeace","floor":2},{"not_picked":["JustLucky","FlurryOfBlows"],"picked":"Consecrate","floor":4},{"not_picked":["ClearTheMind","PathToVictory"],"picked":"Crescendo","floor":5},{"not_picked":["FlyingSleeves","Evaluate"],"picked":"DevaForm","floor":7},{"not_picked":["Adaptation","FlyingSleeves"],"picked":"CarveReality","floor":10},{"not_picked":["Evaluate","ClearTheMind"],"picked":"BattleHymn","floor":13},{"not_picked":["DeusExMachina","Alpha"],"picked":"Wish","floor":16},{"not_picked":["Swivel","WreathOfFlame","ForeignInfluence"],"picked":"SKIP","floor":18},{"not_picked":["FollowUp","ClearTheMind+1","Weave"],"picked":"SKIP","floor":22},{"not_picked":["Collect","JustLucky"],"picked":"Halt+1","floor":24},{"not_picked":["EmptyBody","ThirdEye","BowlingBash+1"],"picked":"SKIP","floor":28},{"not_picked":["Consecrate","SashWhip"],"picked":"Scrawl","floor":29}],"player_experience":2262913,"relics_obtained":[{"floor":9,"key":"Eternal Feather"},{"floor":26,"key":"Juzu Bracelet"},{"floor":29,"key":"Singing Bowl"}],"event_choices":[{"damage_healed":0,"gold_gain":0,"player_choice":"Donut","damage_taken":0,"max_hp_gain":5,"max_hp_loss":0,"event_name":"Big Fish","floor":11,"gold_loss":0},{"damage_healed":0,"gold_gain":0,"player_choice":"Grow","damage_taken":0,"max_hp_gain":0,"max_hp_loss":0,"event_name":"Living Wall","floor":14,"gold_loss":0,"cards_upgraded":["BattleHymn"]},{"damage_healed":0,"gold_gain":99,"player_choice":"Stole From Cult","damage_taken":0,"max_hp_gain":0,"max_hp_loss":0,"event_name":"Nest","floor":19,"gold_loss":0},{"damage_healed":24,"gold_gain":0,"player_choice":"Heal","damage_taken":0,"max_hp_gain":0,"max_hp_loss":0,"event_name":"The Library","floor":20,"gold_loss":0},{"damage_healed":0,"gold_gain":0,"player_choice":"Shed Blood","damage_taken":18,"max_hp_gain":5,"max_hp_loss":0,"event_name":"Forgotten Altar","floor":27,"gold_loss":0}],"is_beta":false,"boss_relics":[{"not_picked":["SacredBark","Ectoplasm"],"picked":"Philosopher\u0027s Stone"}],"items_purged_floors":[3,21],"is_endless":false,"potions_floor_spawned":[5,7,28],"killed_by":"Champ","ascension_level":14}}