{"host":"h5acbxt0wmjo1kpm","time":1607906682,"event":{"mods":["2.2 Compatiblity","Act Like it!","AlwaysNeverKeys","Aspiration","Bartender","BaseMod","Better Third Choice","Colored Map","Elementarium","Gensokyo","GifTheSpireLib","Hallownest","Marisa????????","Minty Spire (QoL Compilation)","Permanent Neow","Potionbrewer","Relic Filter","Replay The Spire","Robot Space Explorer","RumiaBox-????????","Shade Mod","Spicy Shops","StSLib","The Blackbeard","The Dragon Tamer","The Forsaken","The Gatherer","The Problem Sleuth","The Servant 0.9.4","Wandering Minibosses","vexMod"],"gold_per_floor":[368,424,199,349,425,460,460,460,460,460],"floor_reached":8,"playtime":491,"items_purged":["theSleuth:Strike","Gatherer:Strike_Gatherer"],"score":95,"play_id":"798bb011-8fb3-4229-a6ea-614cb775ea70","local_time":"20201213164442","is_ascension_mode":true,"metric_token":2001,"campfire_choices":[{"data":"Gatherer:Centralize","floor":7,"key":"SMITH"}],"circlet_count":0,"master_deck":["AscendersBane","Gatherer:Strike_Gatherer","Gatherer:Strike_Gatherer","Gatherer:Strike_Gatherer","Gatherer:Strike_Gatherer","Gatherer:Defend_Gatherer","Gatherer:Defend_Gatherer","Gatherer:Defend_Gatherer","Gatherer:Defend_Gatherer","Gatherer:Defend_Gatherer","Gatherer:Centralize+1","Gatherer:FlowerWhip","blackbeard:IntimidatingStrike","Gatherer:DrugPower+1","Gatherer:GlowingPlant","Gatherer:Shadow","Gatherer:Light","Gatherer:SaveValuables","Doubt","Gatherer:ScentOfRosmari","Gatherer:DrugPower+1"],"relics":["Gatherer:AlchemyBag","ReplayFunnel","Replay:Bottled Eggs"],"acts_visited":["Exordium"],"potions_floor_usage":[5,6],"damage_taken":[{"damage":0,"enemies":"Small Slimes","floor":1,"turns":5},{"damage":3,"enemies":"2 Louse","floor":5,"turns":6},{"damage":20,"enemies":"Gremlin Nob","floor":6,"turns":4},{"damage":15,"enemies":"3 Sentries","floor":8,"turns":2}],"seed_played":"4093134437752300878","potions_obtained":[{"floor":1,"key":"AttackPotion"},{"floor":2,"key":"Venom Potion"}],"is_trial":false,"path_per_floor":["M","?","$","?","M","E","R","E"],"character_chosen":"THE_GATHERER","items_purchased":["Gatherer:SaveValuables"],"campfire_rested":0,"item_purchase_floors":[3],"current_hp_per_floor":[60,38,38,38,35,15,15,0,0,0],"gold":460,"neow_bonus":"TWO_FIFTY_GOLD","is_daily":false,"chose_seed":false,"campfire_upgraded":1,"win_rate":0.0,"timestamp":1607906682,"path_taken":["M","?","$","?","?","E","R","E"],"items_purchased_type":["Card"],"build_version":"2020-12-13","purchased_purges":2,"victory":false,"max_hp_per_floor":[67,67,67,67,67,67,67,67,67,67],"card_choices":[{"not_picked":["Gatherer:ScrollOfWall","Gatherer:AcidicSpray"],"picked":"Gatherer:DrugPower","floor":1},{"not_picked":["Gatherer:FlowerFalling","Gatherer:TreeGrowth"],"picked":"Gatherer:GlowingPlant","floor":2},{"not_picked":["Gatherer:CarefulStrike","Gatherer:BambuSword"],"picked":"Gatherer:ScentOfRosmari","floor":5},{"not_picked":["Gatherer:AcidicSpray","Gatherer:PotentialSlash"],"picked":"Gatherer:DrugPower","floor":6}],"player_experience":1911471,"relics_obtained":[{"floor":2,"key":"ReplayFunnel"},{"floor":6,"key":"Replay:Bottled Eggs"}],"event_choices":[{"damage_healed":0,"gold_gain":150,"player_choice":"AGREE","damage_taken":199,"max_hp_gain":0,"max_hp_loss":0,"event_name":"betterThird:BetterSerpent","floor":4,"gold_loss":0}],"is_beta":false,"boss_relics":[],"items_purged_floors":[3,3],"is_endless":false,"potions_floor_spawned":[1],"killed_by":"3 Sentries","ascension_level":15}}