{"host":"cmxkjr0hek4mqvmn","time":1607910084,"event":{"mods":["BaseMod","Beaked The Cultist","Better Match","Better Skull","Better Third Choice","BetterRewards","Clawfect","Colored Map","Displayed Cursed Tome","Duelist Mod","GifTheSpireLib","Hermit","Hubris","JesterMod","Mimic Mod","Minty Spire (QoL Compilation)","Quick Restart","Robot Space Explorer","StSLib","The Bladedancer","The Blue Laboratory","The Cursed","Thieving Mod","Waifu the Spire"],"gold_per_floor":[116,132,149,165,165,165,192,6,6,18,35,45,45,62,62,164,164,183,197,232,232,245,245,275,287,319,345,6,38,38,56,56,156,156,171,171,46,64,64,64,84,84,84,84,96,96,114,133,133,133],"floor_reached":51,"playtime":4025,"items_purged":[],"score":813,"play_id":"45fb22da-46b1-4ec8-9023-635fe9612db3","local_time":"20201213204124","is_ascension_mode":false,"campfire_choices":[{"data":"RobotSpaceExplorer:TurboDodge","floor":6.0,"key":"SMITH"},{"data":"RobotSpaceExplorer:RigExplosive","floor":13.0,"key":"SMITH"},{"data":"RobotSpaceExplorer:HighVoltage","floor":15.0,"key":"SMITH"},{"floor":23.0,"key":"REST"},{"data":"RobotSpaceExplorer:Explosion","floor":32,"key":"SMITH"},{"data":"RobotSpaceExplorer:ChargingLaser","floor":40,"key":"SMITH"},{"data":"RobotSpaceExplorer:ChargingLaser","floor":42,"key":"SMITH"},{"floor":49,"key":"REST"}],"circlet_count":0,"master_deck":["RobotSpaceExplorer:Strike","RobotSpaceExplorer:Strike","RobotSpaceExplorer:Strike","RobotSpaceExplorer:Strike","RobotSpaceExplorer:Defend","RobotSpaceExplorer:Defend","RobotSpaceExplorer:Defend+1","RobotSpaceExplorer:MiniLasers","RobotSpaceExplorer:Pulsar","RobotSpaceExplorer:Probe","RobotSpaceExplorer:StunGrenade","RobotSpaceExplorer:SurgingShield","RobotSpaceExplorer:TurboDodge+1","RobotSpaceExplorer:ScrapShield","RobotSpaceExplorer:RigExplosive+1","RobotSpaceExplorer:PowerCollector","RobotSpaceExplorer:Probe","RobotSpaceExplorer:MiniDrones","RobotSpaceExplorer:HighVoltage+1","RobotSpaceExplorer:Explosion+1","RobotSpaceExplorer:ExhaustFan+1","RobotSpaceExplorer:ScrapMissile+1","RobotSpaceExplorer:DualCore","RobotSpaceExplorer:Probe","RobotSpaceExplorer:Reload+1","RobotSpaceExplorer:ShovelStrike+1","RobotSpaceExplorer:LuckyStrike","RobotSpaceExplorer:Accelerator","RobotSpaceExplorer:MiniDrones","RobotSpaceExplorer:SlimeMissile","RobotSpaceExplorer:JunkDive","RobotSpaceExplorer:ChargingLaser+1","RobotSpaceExplorer:DualCore","RobotSpaceExplorer:ChargingLaser+1","RobotSpaceExplorer:ImprovisedAttack","RobotSpaceExplorer:DoubleFind+1","RobotSpaceExplorer:MiniDrones+1","RobotSpaceExplorer:ScrapMissile+1","RobotSpaceExplorer:ChargingLaser+1","RobotSpaceExplorer:DualCore","RobotSpaceExplorer:MiniDrones+1"],"relics":["RobotSpaceExplorer:RoboCore","hubris:Metronome","Bronze Scales","Mummified Hand","RobotSpaceExplorer:SearchSpecs","Red Mask","Toy Ornithopter","Blue Candle","StrikeDummy","hubris:64BitClover","beaked:ShinyBauble","SlaversCollar","Pear","hubris:Towel","War Paint"],"acts_visited":["Exordium","TheCity","TheBeyond"],"potions_floor_usage":[26,26,27,29,30,31,33,33,33,35,41,41,48,48,50,50],"damage_taken":[{"damage":0.0,"enemies":"Jaw Worm","floor":1.0,"turns":4.0},{"damage":0.0,"enemies":"Cultist","floor":2.0,"turns":3.0},{"damage":0.0,"enemies":"2 Louse","floor":3.0,"turns":3.0},{"damage":0.0,"enemies":"Looter","floor":4.0,"turns":3.0},{"damage":14.0,"enemies":"3 Sentries","floor":7.0,"turns":12.0},{"damage":0.0,"enemies":"2 Fungi Beasts","floor":10.0,"turns":2.0},{"damage":2.0,"enemies":"Exordium Wildlife","floor":11.0,"turns":2.0},{"damage":3.0,"enemies":"Looter","floor":12.0,"turns":2.0},{"damage":0.0,"enemies":"2 Fungi Beasts","floor":14.0,"turns":2.0},{"damage":14.0,"enemies":"Slime Boss","floor":16.0,"turns":5.0},{"damage":0.0,"enemies":"Spheric Guardian","floor":18.0,"turns":2.0},{"damage":0.0,"enemies":"2 Thieves","floor":19.0,"turns":2.0},{"damage":9.0,"enemies":"Masked Bandits","floor":20.0,"turns":3.0},{"damage":11.0,"enemies":"Snecko","floor":22.0,"turns":3.0},{"damage":7.0,"enemies":"theDuelist:KaibaA2","floor":24.0,"turns":4.0},{"damage":0.0,"enemies":"Snake Plant","floor":25.0,"turns":2.0},{"damage":6,"enemies":"Cultist and Chosen","floor":26,"turns":3},{"damage":0,"enemies":"Book of Stabbing","floor":27,"turns":2},{"damage":12,"enemies":"theDuelist:KaibaA2","floor":29,"turns":2},{"damage":2,"enemies":"Cultist and Chosen","floor":31,"turns":2},{"damage":0,"enemies":"Collector","floor":33,"turns":6},{"damage":0,"enemies":"Orb Walker","floor":35,"turns":2},{"damage":9,"enemies":"3 Darklings","floor":38,"turns":3},{"damage":0,"enemies":"Maw","floor":41,"turns":6},{"damage":9,"enemies":"Jaw Worm Horde","floor":45,"turns":4},{"damage":19,"enemies":"Spire Growth","floor":47,"turns":3},{"damage":10,"enemies":"Transient","floor":48,"turns":5},{"damage":79,"enemies":"Awakened One","floor":50,"turns":9}],"seed_played":"-4412779698961283614","potions_obtained":[{"floor":3.0,"key":"PowerPotion"},{"floor":7.0,"key":"blueLaboratory:BottledHope"},{"floor":10.0,"key":"Ancient Potion"},{"floor":12.0,"key":"LiquidMemories"},{"floor":16.0,"key":"Swift Potion"},{"floor":19.0,"key":"Strength Potion"},{"floor":24.0,"key":"blueLaboratory:HummingbirdPotion"},{"floor":25.0,"key":"Strength Potion"},{"floor":27,"key":"blueLaboratory:FrostheartPotion"},{"floor":29,"key":"PowerPotion"},{"floor":30,"key":"Fruit Juice"},{"floor":30,"key":"RobotSpaceExplorer:RecyclePotion"},{"floor":35,"key":"blueLaboratory:FruitPreserves"},{"floor":38,"key":"SkillPotion"},{"floor":47,"key":"Swift Potion"},{"floor":48,"key":"SkillPotion"}],"is_trial":false,"path_per_floor":["M","M","M","M","?","R","E","$","T","M","M","M","R","M","R","B",null,"M","M","?","?","M","R","E","M","MIM","E","$","E","?","M","R","B",null,"M","?","$","M","?","R","M","R","T","?","M","?","M","M","R","B",null],"character_chosen":"RobotSpaceExplorer","items_purchased":["Bronze Scales","RobotSpaceExplorer:RigExplosive","hubris:64BitClover","RobotSpaceExplorer:MiniDrones","RobotSpaceExplorer:ChargingLaser","RobotSpaceExplorer:ImprovisedAttack"],"campfire_rested":2,"item_purchase_floors":[8,8,28,28,37,37],"current_hp_per_floor":[75,75,75,75,75,75,61,61,61,61,59,56,56,56,56,42,75,75,75,66,66,55,75,68,68,69,74,74,67,77,78,78,80,80,80,80,80,71,71,71,80,80,90,90,81,81,62,62,89,15],"gold":133,"neow_bonus":"THREE_CARDS","is_daily":false,"chose_seed":false,"campfire_upgraded":6,"win_rate":0.0,"timestamp":1607910084,"path_taken":["M","M","M","M","?","R","E","$","T","?","M","M","R","M","R","BOSS","M","M","?","?","M","R","E","M","MIM","E","?","E","?","?","R","BOSS","M","?","?","M","?","R","M","R","T","?","M","?","?","M","R","BOSS"],"items_purchased_type":["Relic","Card","Relic","Card","Card","Card"],"build_version":"2020-12-13","purchased_purges":0,"victory":true,"max_hp_per_floor":[75,75,75,75,75,75,75,75,75,75,75,75,75,75,75,75,75,75,75,75,75,75,75,75,75,75,75,75,75,80,80,80,80,80,80,80,80,80,80,80,80,80,90,90,90,90,90,90,90,90],"card_choices":[{"not_picked":["RobotSpaceExplorer:SwiftStep","RobotSpaceExplorer:JunkDive"],"picked":"RobotSpaceExplorer:Pulsar","floor":0.0},{"not_picked":["RobotSpaceExplorer:ImprovisedAttack","RobotSpaceExplorer:SwiftStep"],"picked":"RobotSpaceExplorer:Probe","floor":1.0},{"not_picked":["RobotSpaceExplorer:IronShell","RobotSpaceExplorer:SwiftStep"],"picked":"RobotSpaceExplorer:StunGrenade","floor":2.0},{"not_picked":["RobotSpaceExplorer:SwiftStep","RobotSpaceExplorer:MetalStrike"],"picked":"RobotSpaceExplorer:SurgingShield","floor":3.0},{"not_picked":["RobotSpaceExplorer:SurgingShield","RobotSpaceExplorer:Ammunition"],"picked":"RobotSpaceExplorer:TurboDodge","floor":4.0},{"not_picked":["RobotSpaceExplorer:SlimeMissile","RobotSpaceExplorer:Probe"],"picked":"RobotSpaceExplorer:ScrapShield","floor":7.0},{"not_picked":["RobotSpaceExplorer:Reload","RobotSpaceExplorer:ScrapMissile"],"picked":"RobotSpaceExplorer:PowerCollector","floor":10.0},{"not_picked":["RobotSpaceExplorer:Ammunition","RobotSpaceExplorer:TurboDodge"],"picked":"RobotSpaceExplorer:Probe","floor":11.0},{"not_picked":["RobotSpaceExplorer:FranticSearch","RobotSpaceExplorer:SurgingShield"],"picked":"RobotSpaceExplorer:MiniDrones","floor":12.0},{"not_picked":["RobotSpaceExplorer:Discharger","RobotSpaceExplorer:ShovelStrike"],"picked":"RobotSpaceExplorer:HighVoltage","floor":14.0},{"not_picked":["RobotSpaceExplorer:DroneSwarm","RobotSpaceExplorer:ShockMissile"],"picked":"RobotSpaceExplorer:Explosion","floor":16.0},{"not_picked":["RobotSpaceExplorer:TurboDodge","RobotSpaceExplorer:FreezingShield+1"],"picked":"RobotSpaceExplorer:ExhaustFan+1","floor":18.0},{"not_picked":["RobotSpaceExplorer:MetalStrike+1","RobotSpaceExplorer:DualCore"],"picked":"RobotSpaceExplorer:ScrapMissile+1","floor":19.0},{"not_picked":["RobotSpaceExplorer:Counterblock","RobotSpaceExplorer:MetalStrike+1"],"picked":"RobotSpaceExplorer:DualCore","floor":20.0},{"not_picked":["RobotSpaceExplorer:Smokescreen","RobotSpaceExplorer:Blitz+1"],"picked":"RobotSpaceExplorer:Probe","floor":22.0},{"not_picked":["RobotSpaceExplorer:StunGrenade+1","RobotSpaceExplorer:PowerGlove"],"picked":"RobotSpaceExplorer:Reload","floor":24.0},{"not_picked":["RobotSpaceExplorer:SwiftStep","RobotSpaceExplorer:Discharger+1"],"picked":"RobotSpaceExplorer:ShovelStrike+1","floor":25.0},{"not_picked":["RobotSpaceExplorer:MiniDrones+1","RobotSpaceExplorer:Counterblock+1"],"picked":"RobotSpaceExplorer:LuckyStrike","floor":26},{"not_picked":["RobotSpaceExplorer:SwiftStep","RobotSpaceExplorer:ShockKick"],"picked":"RobotSpaceExplorer:Accelerator","floor":27},{"not_picked":["RobotSpaceExplorer:GlueSpray","RobotSpaceExplorer:Jetpack"],"picked":"RobotSpaceExplorer:SlimeMissile","floor":29},{"not_picked":["RobotSpaceExplorer:GlueShot","RobotSpaceExplorer:Electropulse+1"],"picked":"RobotSpaceExplorer:JunkDive","floor":31},{"not_picked":["RobotSpaceExplorer:Explosion","RobotSpaceExplorer:HighVoltage"],"picked":"RobotSpaceExplorer:ChargingLaser","floor":33},{"not_picked":["RobotSpaceExplorer:Blitz+1","RobotSpaceExplorer:FreezingShield"],"picked":"RobotSpaceExplorer:DualCore","floor":35},{"not_picked":["RobotSpaceExplorer:MakeshiftVolley","RobotSpaceExplorer:Electroshield+1"],"picked":"RobotSpaceExplorer:DoubleFind+1","floor":38},{"not_picked":["RobotSpaceExplorer:MetalStrike+1","RobotSpaceExplorer:ScrapToss"],"picked":"RobotSpaceExplorer:MiniDrones+1","floor":41},{"not_picked":["RobotSpaceExplorer:SwiftStep+1","RobotSpaceExplorer:MiniBoosters"],"picked":"RobotSpaceExplorer:ScrapMissile+1","floor":45},{"not_picked":["RobotSpaceExplorer:MetalStrike+1","RobotSpaceExplorer:StunGrenade"],"picked":"RobotSpaceExplorer:DualCore","floor":47},{"not_picked":["RobotSpaceExplorer:SurgingShield+1","RobotSpaceExplorer:ShovelStrike+1"],"picked":"RobotSpaceExplorer:MiniDrones+1","floor":48}],"player_experience":510557,"relics_obtained":[{"floor":7.0,"key":"hubris:Metronome"},{"floor":9.0,"key":"Mummified Hand"},{"floor":20.0,"key":"Red Mask"},{"floor":24.0,"key":"Toy Ornithopter"},{"floor":26,"key":"Blue Candle"},{"floor":27,"key":"StrikeDummy"},{"floor":29,"key":"beaked:ShinyBauble"},{"floor":43,"key":"Pear"},{"floor":47,"key":"War Paint"}],"event_choices":[{"cards_removed":["RobotSpaceExplorer:Defend"],"damage_healed":0.0,"max_hp_gain":0.0,"max_hp_loss":0.0,"gold_gain":0.0,"event_name":"Bonfire Elementals","player_choice":"Offered Basic","floor":5.0,"gold_loss":0.0,"damage_taken":0.0},{"damage_healed":0.0,"max_hp_gain":0.0,"max_hp_loss":0.0,"gold_gain":0.0,"event_name":"Masked Bandits","player_choice":"Fought Bandits","floor":20.0,"gold_loss":0.0,"damage_taken":0.0},{"damage_healed":0.0,"max_hp_gain":0.0,"max_hp_loss":0.0,"gold_gain":0.0,"event_name":"Ghosts","player_choice":"Ignored","floor":21.0,"gold_loss":0.0,"damage_taken":0.0},{"damage_healed":0,"gold_gain":0,"player_choice":"Got Potions","damage_taken":0,"max_hp_gain":0,"max_hp_loss":0,"event_name":"Lab","floor":30,"gold_loss":0},{"damage_healed":0,"gold_gain":0,"player_choice":"Ignored","damage_taken":0,"max_hp_gain":0,"max_hp_loss":0,"event_name":"Purifier","floor":36,"gold_loss":0},{"cards_removed":["RobotSpaceExplorer:Scan"],"damage_healed":0,"gold_gain":0,"player_choice":"Removed Skill","damage_taken":0,"max_hp_gain":0,"max_hp_loss":0,"event_name":"Falling","floor":39,"gold_loss":0},{"damage_healed":0,"gold_gain":0,"player_choice":"Copied","damage_taken":0,"max_hp_gain":0,"max_hp_loss":0,"event_name":"Duplicator","floor":46,"gold_loss":0,"cards_obtained":["RobotSpaceExplorer:ChargingLaser"]}],"is_beta":false,"boss_relics":[{"not_picked":["hubris:RunicObelisk","hubris:VirtuousBlindfold"],"picked":"RobotSpaceExplorer:SearchSpecs"},{"not_picked":["hubris:GrandSneckoEye","Fusion Hammer"],"picked":"SlaversCollar"}],"items_purged_floors":[],"is_endless":false,"potions_floor_spawned":[3,7,10,12,14,16,19,24,25,27,29,35,38,47,48],"ascension_level":0}}