{"host":"og6lam4kt3nibbw0","time":1607910638,"event":{"mods":["AchievementEnabler","BaseMod","Colored Map","DeckTracker","Highlight Path","Keyboard Shortcuts","Minty Spire (QoL Compilation)","Permanent Neow","Quick Restart","StSLib","SuperFastMode"],"gold_per_floor":[110,110,54,54,2,32,44,67,159,201,223,235,263,286,298,310,310],"floor_reached":16,"playtime":314,"items_purged":[],"score":270,"play_id":"755d1c5a-0d0a-4ea1-b28e-6c332c17b053","local_time":"20201214105038","is_ascension_mode":true,"campfire_choices":[{"floor":12.0,"key":"REST"},{"floor":15,"key":"REST"}],"circlet_count":0,"master_deck":["AscendersBane","Strike_G","Strike_G","Strike_G","Strike_G","Strike_G","Defend_G","Defend_G","Defend_G","Defend_G","Survivor","Neutralize","Calculated Gamble+1","Dagger Throw","Prepared","Backflip","Die Die Die"],"relics":["Ring of the Snake","NeowsBlessing","MawBank","HornCleat","FossilizedHelix"],"acts_visited":["Exordium"],"potions_floor_usage":[],"damage_taken":[{"damage":0.0,"enemies":"Jaw Worm","floor":1.0,"turns":1.0},{"damage":0.0,"enemies":"Gremlin Nob","floor":6.0,"turns":1.0},{"damage":0.0,"enemies":"2 Louse","floor":8.0,"turns":1.0},{"damage":42.0,"enemies":"Lagavulin","floor":10.0,"turns":7.0},{"damage":0.0,"enemies":"Cultist","floor":11.0,"turns":3.0},{"damage":7.0,"enemies":"Large Slime","floor":13.0,"turns":5.0},{"damage":0,"enemies":"3 Louse","floor":14,"turns":3},{"damage":19,"enemies":"Hexaghost","floor":16,"turns":9}],"seed_played":"-6080346617768166286","potions_obtained":[{"floor":1.0,"key":"AttackPotion"},{"floor":6.0,"key":"Ancient Potion"}],"is_trial":false,"path_per_floor":["M","?","$","?","$","E","?","M","T","E","M","R","M","M","R","B"],"character_chosen":"THE_SILENT","items_purchased":["Dagger Throw","Prepared"],"campfire_rested":2,"item_purchase_floors":[3,5],"current_hp_per_floor":[59,59,59,59,59,59,59,59,59,17,17,36,29,29,48,29,29],"gold":310,"neow_bonus":"THREE_ENEMY_KILL","is_daily":false,"chose_seed":false,"campfire_upgraded":0,"win_rate":0.0,"timestamp":1607910638,"path_taken":["M","?","$","?","$","E","?","M","T","E","M","R","M","M","R","BOSS"],"items_purchased_type":["Card","Card"],"build_version":"2020-12-13","purchased_purges":0,"victory":false,"max_hp_per_floor":[66,66,66,66,66,66,66,66,66,66,66,66,66,66,66,66,66],"card_choices":[{"not_picked":["Terror","Dodge and Roll"],"picked":"Calculated Gamble","floor":1.0},{"not_picked":["Heel Hook","Riddle With Holes","Bane"],"picked":"SKIP","floor":6.0},{"not_picked":["Setup","Dagger Spray"],"picked":"Backflip","floor":8.0},{"not_picked":["Prepared","Crippling Poison","Bouncing Flask"],"picked":"SKIP","floor":10.0},{"not_picked":["Slice","Deadly Poison"],"picked":"Die Die Die","floor":11.0},{"not_picked":["Slice","Flying Knee","Poisoned Stab"],"picked":"SKIP","floor":13.0},{"not_picked":["Accuracy","Flying Knee","Underhanded Strike"],"picked":"SKIP","floor":14}],"player_experience":741809,"relics_obtained":[{"floor":6.0,"key":"MawBank"},{"floor":9.0,"key":"HornCleat"},{"floor":10.0,"key":"FossilizedHelix"}],"event_choices":[{"cards_removed":["Defend_G"],"damage_healed":0.0,"max_hp_gain":0.0,"max_hp_loss":0.0,"gold_gain":0.0,"event_name":"Living Wall","player_choice":"Forget","floor":2.0,"gold_loss":0.0,"damage_taken":0.0},{"damage_healed":0.0,"max_hp_gain":0.0,"max_hp_loss":0.0,"gold_gain":0.0,"event_name":"Shining Light","player_choice":"Ignored","floor":4.0,"gold_loss":0.0,"damage_taken":0.0},{"damage_healed":0.0,"max_hp_gain":0.0,"max_hp_loss":0.0,"gold_gain":0.0,"event_name":"Upgrade Shrine","player_choice":"Upgraded","floor":7.0,"gold_loss":0.0,"damage_taken":0.0,"cards_upgraded":["Calculated Gamble"]}],"is_beta":false,"boss_relics":[],"items_purged_floors":[],"is_endless":false,"potions_floor_spawned":[1,6],"killed_by":"Hexaghost","ascension_level":20}}