{"host":"46dxij13gllk3u9t","time":1607970931,"event":{"mods":["BaseMod","Better Note","BetterRewards","Colored Powertips","Custom Start","Downfall","Minty Spire (QoL Compilation)","Relic Sorter","Shop Mod","StSLib","The IronCluck","slay the spire mod where everything is the same but ironclad has a cowboy hat"],"gold_per_floor":[99,114,114,141,201,214,214,214,239,164,26,26,37,50,61,165,165,90,90,90,101,120,145,145,180,8,8,22,22,122,135,145,240,240,165,359,372,406,417,417,440,458,474,509,525,525,543,643,657,657,657,689,262,262,262],"floor_reached":56,"playtime":10059,"items_purged":["Slimebound:Defend_Slimebound","Slimebound:FlameTackle","Slimebound:ProtectTheBoss"],"score":1209,"play_id":"798d41a7-ddbe-48c5-8e0b-7f596ba1086c","local_time":"20201214133531","is_ascension_mode":false,"campfire_choices":[{"data":"Slimebound:Split","floor":1.0,"key":"SMITH"},{"data":"Slimebound:GrowthPunch","floor":3.0,"key":"SMITH"},{"data":"Slimebound:Schlurp","floor":8.0,"key":"SMITH"},{"floor":10.0,"key":"RECALL"},{"data":"Slimebound:Schlurp","floor":18.0,"key":"SMITH"},{"data":"Slimebound:CorrosiveSpit","floor":20.0,"key":"SMITH"},{"floor":27.0,"key":"DIG"},{"floor":35.0,"key":"DIG"},{"floor":40,"key":"DIG"},{"floor":54,"key":"DIG"}],"circlet_count":0,"master_deck":["Slimebound:Tackle","Slimebound:Split+1","Slimebound:CorrosiveSpit+1","Slimebound:MinionMaster","Slimebound:GrowthPunch+1","Slimebound:Schlurp+1","Slimebound:OneTwoCombo","Slimebound:ItLooksTasty","Slimebound:SamplingLick","Slimebound:SamplingLick","Slimebound:RejuvenatingLick","Slimebound:Schlurp+1","Slimebound:OneTwoCombo","Slimebound:MassRepurpose","Slimebound:Repurpose","Slimebound:ProtectTheBoss","Slimebound:SamplingLick","Slimebound:SplitLeeching","Slimebound:SplitLeeching","Slimebound:SplitAcid+1","Slimebound:SplitLeeching","Slimebound:SplitBruiser","Slimebound:Schlurp+1","Slimebound:SplitAcid","Slimebound:SamplingLick","Slimebound:SplitLeeching","Slimebound:SlimeSpikes+1","Slimebound:SplitBruiser+1","Slimebound:SamplingLick+1","Slimebound:MegaLick+1","Slimebound:OneTwoCombo"],"relics":["Slimebound:AbsorbEndCombatUpgraded","Dead Branch","Dream Catcher","Pear","Nunchaku","downfall:HeartBlessingGreen","Pandora\u0027s Box","downfall:HeartBlessingRed","Shovel","Omamori","Membership Card","Darkstone Periapt","Prayer Wheel","HornCleat","downfall:HeartBlessingBlue","Orichalcum","Medical Kit","InkBottle","Toxic Egg 2","Strawberry","Bottled Lightning","Potion Belt","Strange Spoon","Eternal Feather","Chemical X","Bronze Scales","Du-Vu Doll","Gremlin Horn"],"acts_visited":["TheEnding"],"potions_floor_usage":[43,43,55,55,55,55],"damage_taken":[{"damage":10.0,"enemies":"Small Slimes","floor":2.0,"turns":4.0},{"damage":34.0,"enemies":"Gremlin Nob","floor":4.0,"turns":4.0},{"damage":16.0,"enemies":"Lagavulin Event","floor":5.0,"turns":2.0},{"damage":10.0,"enemies":"2 Louse","floor":6.0,"turns":2.0},{"damage":24.0,"enemies":"3 Sentries","floor":9.0,"turns":6.0},{"damage":19.0,"enemies":"downfall:FleeingMerchant","floor":11.0,"turns":4.0},{"damage":8.0,"enemies":"Cultist","floor":13.0,"turns":3.0},{"damage":9.0,"enemies":"Large Slime","floor":14.0,"turns":2.0},{"damage":8.0,"enemies":"Blue Slaver","floor":15.0,"turns":2.0},{"damage":43.0,"enemies":"downfall:CharBossIronclad","floor":16.0,"turns":8.0},{"damage":13.0,"enemies":"Chosen","floor":21.0,"turns":3.0},{"damage":12.0,"enemies":"Spheric Guardian","floor":22.0,"turns":2.0},{"damage":23.0,"enemies":"Slavers","floor":23.0,"turns":4.0},{"damage":33.0,"enemies":"Book of Stabbing","floor":25.0,"turns":3.0},{"damage":20.0,"enemies":"downfall:FleeingMerchant","floor":26.0,"turns":4.0},{"damage":34.0,"enemies":"Cultist and Chosen","floor":28.0,"turns":5.0},{"damage":12.0,"enemies":"Colosseum Nobs","floor":30.0,"turns":3.0},{"damage":10.0,"enemies":"Snake Plant","floor":31.0,"turns":3.0},{"damage":34.0,"enemies":"Chosen and Byrds","floor":32.0,"turns":3.0},{"damage":47.0,"enemies":"downfall:CharBossSilent","floor":33.0,"turns":5.0},{"damage":4.0,"enemies":"downfall:FleeingMerchant","floor":36.0,"turns":1.0},{"damage":4.0,"enemies":"3 Shapes","floor":37.0,"turns":2.0},{"damage":36.0,"enemies":"Giant Head","floor":38.0,"turns":4.0},{"damage":16,"enemies":"3 Darklings","floor":39,"turns":2},{"damage":24,"enemies":"Maw","floor":42,"turns":4},{"damage":12,"enemies":"Jaw Worm Horde","floor":43,"turns":2},{"damage":24,"enemies":"Reptomancer","floor":44,"turns":3},{"damage":17,"enemies":"Sphere and 2 Shapes","floor":45,"turns":2},{"damage":32,"enemies":"Maw","floor":47,"turns":2},{"damage":24,"enemies":"downfall:LadyInBlue","floor":48,"turns":3},{"damage":20,"enemies":"Jaw Worm Horde","floor":49,"turns":1},{"damage":0,"enemies":"downfall:CharBossWatcher","floor":50,"turns":13},{"damage":68,"enemies":"downfall:CharBossMerchant","floor":52,"turns":5},{"damage":86,"enemies":"downfall:NeowBoss","floor":55,"turns":14}],"seed_played":"5903771085373343439","potions_obtained":[{"floor":4.0,"key":"sneckomod:MuddlingPotion"},{"floor":9.0,"key":"SkillPotion"},{"floor":12.0,"key":"CultistPotion"},{"floor":12.0,"key":"PowerPotion"},{"floor":22.0,"key":"sneckomod:MuddlingPotion"},{"floor":25.0,"key":"Slimebound:SlimyTonguePotion"},{"floor":30.0,"key":"Guardian:BlockOnCardUsePotion"},{"floor":32.0,"key":"DistilledChaos"},{"floor":37.0,"key":"EntropicBrew"},{"floor":48,"key":"CultistPotion"},{"floor":48,"key":"FearPotion"}],"is_trial":false,"path_per_floor":["R","M","R","E","?","M","T","R","E","R","$","?","M","M","M","B",null,"R","?","R","M","M","E","T","E","$","R","M","?","?","M","M","B",null,"R","$","M","E","M","R","T","M","M","E","M","?","M","?","M","B",null,"E","$","R","B",null],"character_chosen":"SLIMEBOUND","items_purchased":["Slimebound:SamplingLick","Membership Card","Slimebound:SplitAcid","Medical Kit","Chemical X","Slimebound:OneTwoCombo","Bronze Scales","Du-Vu Doll"],"campfire_rested":0,"item_purchase_floors":[11,26,36,36,53,53,53,53],"current_hp_per_floor":[60,60,60,40,52,54,64,64,62,62,67,67,70,70,70,67,70,70,70,70,70,70,70,70,65,70,70,68,68,70,70,64,61,70,80,80,80,80,76,76,83,87,87,87,87,87,87,87,83,87,87,78,78,87,87],"gold":262,"neow_bonus":"TRANSFORM_CARD","is_daily":false,"chose_seed":false,"campfire_upgraded":5,"win_rate":0.0,"timestamp":1607970931,"path_taken":["R","M","R","E","?","M","T","R","E","R","$","?","?","M","M","BOSS","R","?","R","M","M","E","T","E","$","R","?","?","?","M","M","BOSS","R","$","M","E","M","R","T","M","M","E","M","?","?","?","M","BOSS","E","$","R","BOSS"],"items_purchased_type":["Card","Relic","Card","Relic","Relic","Card","Relic","Relic"],"build_version":"2020-12-13","purchased_purges":3,"victory":true,"max_hp_per_floor":[60,60,60,60,60,60,70,70,70,70,70,70,70,70,70,70,70,70,70,70,70,70,70,70,70,70,70,70,70,70,70,70,70,70,80,80,80,80,80,80,87,87,87,87,87,87,87,87,87,87,87,87,87,87,87],"card_choices":[{"not_picked":["Slimebound:SlimeSpikes","Slimebound:LeechEnergy"],"picked":"Slimebound:GrowthPunch","floor":2.0},{"not_picked":["Slimebound:SlimeBrawl","Slimebound:RollThrough"],"picked":"Slimebound:Schlurp","floor":4.0},{"not_picked":["Slimebound:SplitLeeching","Slimebound:AcidTongue"],"picked":"Slimebound:OneTwoCombo","floor":5.0},{"not_picked":["Slimebound:AcidTongue","Slimebound:PressTheAttack","Slimebound:SplitMire"],"picked":"SKIP","floor":6.0},{"not_picked":["Slimebound:DivideAndConquer","Slimebound:BestDefense"],"picked":"Slimebound:ItLooksTasty","floor":9.0},{"not_picked":["Slimebound:Equalize","Slimebound:DivideAndConquer"],"picked":"Slimebound:SamplingLick","floor":13.0},{"not_picked":["Slimebound:SplitAcid","Slimebound:Gluttony"],"picked":"Slimebound:RejuvenatingLick","floor":14.0},{"not_picked":["Slimebound:SplitMire","Slimebound:FinishingTackle"],"picked":"Slimebound:Schlurp","floor":15.0},{"not_picked":["Slimebound:Teamwork","Slimebound:MinionMaster"],"picked":"Slimebound:OneTwoCombo","floor":16.0},{"not_picked":["Slimebound:Repurpose","Slimebound:SplitAcid"],"picked":"Slimebound:SamplingLick","floor":21.0},{"not_picked":["Slimebound:LeechingTouch","Slimebound:ViciousTackle","Slimebound:FlameTackle+1"],"picked":"SKIP","floor":22.0},{"not_picked":["Slimebound:ComboTackle","Slimebound:LeechEnergy","Slimebound:LeechingTouch"],"picked":"SKIP","floor":23.0},{"not_picked":["Slimebound:MassRepurpose","Slimebound:ProtectTheBoss"],"picked":"Slimebound:SplitLeeching","floor":25.0},{"not_picked":["Slimebound:FinishingTackle","Slimebound:Dissolve"],"picked":"Slimebound:SplitLeeching","floor":28.0},{"not_picked":["Slimebound:Overexert","Slimebound:GrowthPunch"],"picked":"Slimebound:SplitAcid+1","floor":30.0},{"not_picked":["Slimebound:DivideAndConquer","Slimebound:TongueLash"],"picked":"Slimebound:SplitLeeching","floor":31.0},{"not_picked":["Slimebound:Nibble","Slimebound:HauntingLick"],"picked":"Slimebound:SplitBruiser","floor":31.0},{"not_picked":["Slimebound:Dissolve","Slimebound:ProtectTheBoss"],"picked":"Slimebound:Schlurp+1","floor":32.0},{"not_picked":["Slimebound:ComboTackle+1","Slimebound:GoopSpray+1","Slimebound:AcidTongue"],"picked":"SKIP","floor":32.0},{"not_picked":["Slimebound:FinishingTackle","Slimebound:FirmFortitude+1"],"picked":"Slimebound:SamplingLick","floor":37.0},{"not_picked":["Slimebound:RollThrough","Slimebound:Replication","Slimebound:ForwardTackle+1"],"picked":"SKIP","floor":37.0},{"not_picked":["Slimebound:DivideAndConquer","Slimebound:LeechEnergy"],"picked":"Slimebound:SplitLeeching","floor":38},{"not_picked":["Slimebound:FlameTackle+1","Slimebound:FirmFortitude"],"picked":"Slimebound:SlimeSpikes+1","floor":39},{"not_picked":["Slimebound:GoopTackle+1","Slimebound:SlimeTap","Slimebound:RollThrough+1"],"picked":"SKIP","floor":39},{"not_picked":["Slimebound:Chomp","Slimebound:Dissolve+1","Slimebound:GrowthPunch+1"],"picked":"SKIP","floor":42},{"not_picked":["Slimebound:GoopSpray+1","Slimebound:LeechingTouch+1","Slimebound:Grow+1"],"picked":"SKIP","floor":42},{"not_picked":["Slimebound:ItLooksTasty","Slimebound:ServeAndProtect+1"],"picked":"Slimebound:SplitBruiser+1","floor":43},{"not_picked":["Slimebound:Prepare+1","Slimebound:LeechingTouch","Slimebound:RainOfGoop+1"],"picked":"SKIP","floor":43},{"not_picked":["Slimebound:SpikyOuterGoop","Slimebound:DivideAndConquer+1"],"picked":"Slimebound:SamplingLick+1","floor":44},{"not_picked":["Slimebound:SplitBruiser+1","Slimebound:SelfFormingGoo"],"picked":"Slimebound:MegaLick+1","floor":45},{"not_picked":["Slimebound:LeechingTouch+1","Slimebound:Schlurp+1","Slimebound:PressTheAttack+1"],"picked":"SKIP","floor":45},{"not_picked":["Slimebound:ComboTackle+1","Slimebound:HauntingLick+1","Slimebound:FormOfPuddle+1"],"picked":"SKIP","floor":47},{"not_picked":["Slimebound:Repurpose+1","Slimebound:ForwardTackle","Slimebound:Dissolve+1"],"picked":"SKIP","floor":47},{"not_picked":["Slimebound:PressTheAttack","Slimebound:SlimeSpikes+1","Slimebound:GoopSpray+1"],"picked":"SKIP","floor":49},{"not_picked":["Slimebound:SamplingLick+1","Slimebound:RollThrough+1","Slimebound:FlameTackle"],"picked":"SKIP","floor":49},{"not_picked":["Slimebound:DuplicatedForm","Slimebound:DivideAndConquer+1","Slimebound:SplitAcid+1"],"picked":"SKIP","floor":52}],"player_experience":378544,"relics_obtained":[{"floor":4.0,"key":"Dead Branch"},{"floor":5.0,"key":"Dream Catcher"},{"floor":7.0,"key":"Pear"},{"floor":9.0,"key":"Nunchaku"},{"floor":23.0,"key":"Shovel"},{"floor":25.0,"key":"Omamori"},{"floor":27.0,"key":"Darkstone Periapt"},{"floor":30.0,"key":"Prayer Wheel"},{"floor":30.0,"key":"HornCleat"},{"floor":35.0,"key":"Orichalcum"},{"floor":38,"key":"InkBottle"},{"floor":40,"key":"Toxic Egg 2"},{"floor":41,"key":"Strawberry"},{"floor":44,"key":"Bottled Lightning"},{"floor":48,"key":"Potion Belt"},{"floor":52,"key":"Strange Spoon"},{"floor":52,"key":"Eternal Feather"},{"floor":54,"key":"Gremlin Horn"}],"event_choices":[{"damage_healed":0.0,"max_hp_gain":0.0,"max_hp_loss":0.0,"gold_gain":0.0,"event_name":"Lab","player_choice":"Got Potions","floor":12.0,"gold_loss":0.0,"damage_taken":0.0},{"cards_removed":["Slimebound:Tackle"],"damage_healed":0.0,"max_hp_gain":0.0,"max_hp_loss":0.0,"gold_gain":0.0,"event_name":"betterNote:BetterNote","player_choice":"Give","floor":19.0,"gold_loss":0.0,"damage_taken":0.0,"cards_obtained":["hexamod:HauntingEcho"]}],"is_beta":false,"boss_relics":[{"not_picked":["SacredBark","Runic Pyramid"],"picked":"Pandora\u0027s Box"},{"not_picked":["Calling Bell","Velvet Choker"],"picked":"Slimebound:AbsorbEndCombatUpgraded"}],"items_purged_floors":[11,36,53],"is_endless":false,"potions_floor_spawned":[4,9,13,22,25,30,32,37,43,47,52],"ascension_level":0}}