{"host":"w97dq1whmpm6b2tc","time":1607984849,"event":{"mods":["BaseMod","Challenge The Spire","Downfall","Minty Spire (QoL Compilation)","Replay The Spire","StSLib"],"gold_per_floor":[99,99,24,24,24,50,50,50,77,77,89,37,50,66,77,77,77],"floor_reached":16,"playtime":1191,"items_purged":[],"score":133,"play_id":"a66cf26f-192c-417a-b4b2-ab0d31d367ac","local_time":"20201215002729","is_ascension_mode":false,"campfire_choices":[{"floor":1,"key":"RECALL"},{"data":"champ:Taunt","floor":3,"key":"SMITH"},{"data":"champ:StanceDance","floor":8,"key":"SMITH"},{"data":"champ:IronFortress","floor":10,"key":"SMITH"}],"circlet_count":0,"master_deck":["champ:Strike+1","champ:Strike","champ:Strike","champ:Strike","champ:Defend","champ:Defend","champ:Defend","champ:Execute+1","champ:Taunt+1","champ:StanceDance+1","champ:ViciousMockery","champ:IronFortress+1","champ:StanceDance","champ:DeathBlow","champ:RapidStrikes","champ:StanceDance"],"relics":["champ:ChampionCrown","downfall:HeartsMalice","downfall:HeartBlessingRed","Nunchaku","ReplayTheSpireMod:Ninjato","Whetstone"],"acts_visited":["Exordium"],"potions_floor_usage":[9,15,16],"damage_taken":[{"damage":0,"enemies":"Jaw Worm","floor":4,"turns":1},{"damage":0,"enemies":"Cultist","floor":5,"turns":1},{"damage":0,"enemies":"3 Sentries","floor":6,"turns":1},{"damage":31,"enemies":"Lagavulin","floor":9,"turns":7},{"damage":5,"enemies":"Small Slimes","floor":11,"turns":2},{"damage":0,"enemies":"downfall:FleeingMerchant","floor":12,"turns":4},{"damage":47,"enemies":"Blue Slaver","floor":13,"turns":4},{"damage":43,"enemies":"Exordium Wildlife","floor":14,"turns":4},{"damage":40,"enemies":"Large Slime","floor":15,"turns":6},{"damage":68,"enemies":"downfall:Watcher","floor":16,"turns":6}],"seed_played":"-4584557936226759294","potions_obtained":[{"floor":6,"key":"champ:CounterPotion"},{"floor":9,"key":"champ:OpenerPotion"},{"floor":11,"key":"champ:CounterPotion"},{"floor":13,"key":"Block Potion"}],"is_trial":false,"path_per_floor":["R","?","R","M","M","E","T","R","E","R","M","$","M","M","M","B"],"character_chosen":"THE_CHAMP","items_purchased":["champ:DeathBlow"],"campfire_rested":0,"item_purchase_floors":[12],"current_hp_per_floor":[90,90,90,90,90,90,90,90,74,74,74,74,67,49,49,8,8],"gold":77,"neow_bonus":"THREE_ENEMY_KILL","is_daily":false,"chose_seed":false,"campfire_upgraded":3,"win_rate":0.0,"timestamp":1607984849,"path_taken":["R","?","R","?","M","E","T","R","E","R","M","?","?","M","M","BOSS"],"items_purchased_type":["Card"],"build_version":"2020-12-13","purchased_purges":0,"victory":false,"max_hp_per_floor":[90,90,90,90,90,90,90,90,90,90,90,90,90,90,90,90,90],"card_choices":[{"not_picked":["champ:AdrenalArmor","champ:PerfectedStrike"],"picked":"champ:StanceDance","floor":4},{"not_picked":["champ:EnGarde","champ:FalseCounter"],"picked":"champ:ViciousMockery","floor":5},{"not_picked":["champ:Backstep","champ:EnragedBash","champ:Lariat"],"picked":"SKIP","floor":6},{"not_picked":["champ:Duel","champ:TornadoPunch"],"picked":"champ:IronFortress","floor":9},{"not_picked":["champ:Riposte","champ:Encircle"],"picked":"champ:StanceDance","floor":11},{"not_picked":["champ:BerserkerStyle","champ:BerserkersShout","champ:GutPunch"],"picked":"SKIP","floor":12},{"not_picked":["champ:Haymaker","champ:PerfectedStrike"],"picked":"champ:RapidStrikes","floor":13},{"not_picked":["champ:EnGarde","champ:AdrenalArmor"],"picked":"champ:StanceDance","floor":14},{"not_picked":["champ:AdrenalArmor","champ:PerfectedStrike","champ:DefensiveShout"],"picked":"SKIP","floor":15}],"player_experience":3656795,"relics_obtained":[{"floor":6,"key":"Nunchaku"},{"floor":7,"key":"ReplayTheSpireMod:Ninjato"},{"floor":9,"key":"Whetstone"}],"event_choices":[{"cards_removed":["champ:Defend"],"damage_healed":0,"gold_gain":0,"player_choice":"Offered Basic","damage_taken":0,"max_hp_gain":0,"max_hp_loss":0,"event_name":"Bonfire Elementals","floor":2,"gold_loss":0}],"is_beta":false,"boss_relics":[],"items_purged_floors":[],"is_endless":false,"potions_floor_spawned":[6,9,11,13],"killed_by":"downfall:Watcher","ascension_level":0}}