{"host":"0hb9w7uizu7y13wj","time":1607984658,"event":{"mods":["Act Like it!","Aspiration","BaseMod","BetterRewards","Colored Map","Conspire","Downfall","Energized Spire","FTL Soundtrack","Friendly Minions","Halation","Hubris","Infinite Spire","Minty Spire (QoL Compilation)","Quick Restart","Replay The Spire","StSLib","Synergy Search","The Factory","The Hierophant","The Jungle","The Poker Player","Trackpad","everything is the same but u backflip on backflip","vexMod"],"gold_per_floor":[110,185,22,22,33,33,47,47,47],"floor_reached":8,"playtime":271,"items_purged":["Defend_R"],"score":92,"play_id":"7aa628c5-110c-414c-b8f4-b3a635595eb5","local_time":"20201214222418","is_ascension_mode":true,"campfire_choices":[{"floor":6.0,"key":"REST"}],"circlet_count":0,"master_deck":["AscendersBane","Strike_R","Strike_R","Strike_R","Strike_R","Strike_R","Defend_R","Defend_R","Defend_R","Bash","Metallicize","Panacea","Metallicize"],"relics":["Burning Blood","conspire:TreasureMap","hubris:64BitClover","DollysMirror"],"acts_visited":["Exordium"],"potions_floor_usage":[8],"damage_taken":[{"damage":10.0,"enemies":"Small Slimes","floor":1.0,"turns":4.0},{"damage":0.0,"enemies":"conspire:RoseBush","floor":5.0,"turns":6.0},{"damage":6.0,"enemies":"Cultist","floor":7.0,"turns":4.0},{"damage":48,"enemies":"Lagavulin","floor":8,"turns":10}],"seed_played":"5084868808346849544","potions_obtained":[{"floor":1.0,"key":"Swift Potion"},{"floor":7.0,"key":"LifebloodPotion"}],"is_trial":false,"path_per_floor":["M","?","$","?","M","R","M","E"],"character_chosen":"IRONCLAD","items_purchased":["conspire:TreasureMap","Metallicize","Panacea","DollysMirror"],"campfire_rested":1,"item_purchase_floors":[0,0,0,3],"current_hp_per_floor":[29,18,18,18,24,46,46,0,0],"gold":47,"neow_bonus":"","is_daily":false,"chose_seed":false,"campfire_upgraded":0,"win_rate":0.0,"timestamp":1607984658,"path_taken":["M","?","$","?","M","R","M","E"],"items_purchased_type":["Relic","Card","Card","Relic"],"build_version":"2020-12-13","purchased_purges":1,"victory":false,"max_hp_per_floor":[75,75,75,75,75,75,75,75,75],"card_choices":[{"not_picked":["Heavy Blade","Body Slam","Sword Boomerang"],"picked":"SKIP","floor":1.0},{"not_picked":["Havoc","Perfected Strike","Infernal Blade"],"picked":"SKIP","floor":5.0},{"not_picked":["Sword Boomerang","Havoc","True Grit"],"picked":"SKIP","floor":7.0}],"player_experience":889573,"relics_obtained":[],"event_choices":[{"damage_healed":0.0,"max_hp_gain":0.0,"max_hp_loss":0.0,"gold_gain":75.0,"event_name":"World of Goop","player_choice":"Gather Gold","floor":2.0,"gold_loss":0.0,"damage_taken":11.0}],"is_beta":false,"boss_relics":[],"items_purged_floors":[0],"is_endless":false,"potions_floor_spawned":[1,7],"killed_by":"Lagavulin","ascension_level":20}}