{"host":"28p8ce41sjwa6lzf","time":1607969293,"event":{"mods":["BaseMod","Colored Map","Colored Powertips","Highlight Path","Minty Spire (QoL Compilation)","Permanent Neow","Quick Restart","Random Character Button","Rare Cards Sparkle","Relic Stats","StSLib","Unceasing Turn Reminder"],"gold_per_floor":[117,135,135,1,1,1,29,29,29,29,29,29,64,77,77,149,149,165,178,178,178,178,178,178,178],"floor_reached":24,"playtime":867,"items_purged":[],"score":500,"play_id":"87f0cabb-16dc-41ed-a677-49560a6e6003","local_time":"20201214120813","is_ascension_mode":true,"campfire_choices":[{"data":"Rip and Tear","floor":6.0,"key":"SMITH"},{"data":"Streamline","floor":8.0,"key":"SMITH"},{"data":"Zap","floor":10.0,"key":"SMITH"},{"data":"Loop","floor":12.0,"key":"SMITH"},{"data":"Glacier","floor":15.0,"key":"SMITH"},{"data":"Defragment","floor":23.0,"key":"SMITH"}],"circlet_count":0,"master_deck":["AscendersBane","Strike_B","Strike_B","Defend_B+1","Defend_B","Defend_B+1","Defend_B","Zap+1","Dualcast","Steam","Loop+1","Rip and Tear+1","Streamline+1","Multi-Cast","Glacier+1","Creative AI","Defragment+1","Undo"],"relics":["Cracked Core","Calipers","Eternal Feather","Ice Cream","InkBottle","Pen Nib","Sozu"],"acts_visited":["Exordium","TheCity"],"potions_floor_usage":[],"damage_taken":[{"damage":7.0,"enemies":"Small Slimes","floor":1.0,"turns":4.0},{"damage":1.0,"enemies":"2 Louse","floor":2.0,"turns":2.0},{"damage":7.0,"enemies":"Lagavulin","floor":7.0,"turns":6.0},{"damage":15.0,"enemies":"3 Sentries","floor":13.0,"turns":6.0},{"damage":0.0,"enemies":"Cultist","floor":14.0,"turns":2.0},{"damage":0.0,"enemies":"Slime Boss","floor":16.0,"turns":6.0},{"damage":0.0,"enemies":"Spheric Guardian","floor":18.0,"turns":6.0},{"damage":4.0,"enemies":"3 Byrds","floor":19.0,"turns":3.0},{"damage":75,"enemies":"Gremlin Leader","floor":24,"turns":6}],"seed_played":"-749537273781798243","potions_obtained":[{"floor":2.0,"key":"EssenceOfSteel"},{"floor":13.0,"key":"PowerPotion"},{"floor":16.0,"key":"Explosive Potion"}],"is_trial":false,"path_per_floor":["M","M","?","$","?","R","E","R","T","R","?","R","E","M","R","B",null,"M","M","?","?","?","R","E"],"character_chosen":"DEFECT","items_purchased":["Loop","Rip and Tear"],"campfire_rested":0,"item_purchase_floors":[4,4],"current_hp_per_floor":[57,56,45,45,26,32,25,34,34,43,43,52,37,37,46,46,60,60,56,56,56,56,64,0,0],"gold":178,"neow_bonus":"ONE_RARE_RELIC","is_daily":false,"chose_seed":false,"campfire_upgraded":6,"win_rate":0.0,"timestamp":1607969293,"path_taken":["M","M","?","$","?","R","E","R","T","R","?","R","E","M","R","BOSS","M","M","?","?","?","R","E"],"items_purchased_type":["Card","Card"],"build_version":"2020-12-13","purchased_purges":0,"victory":false,"max_hp_per_floor":[64,64,64,64,64,64,64,64,64,64,64,64,64,64,64,64,64,64,64,64,64,64,64,64,64],"relic_stats":{"Sozu":1,"counters":[9,41],"Eternal Feather":50,"Pen Nib":[2],"obtain_stats":[{"Ice Cream":7,"Sozu":17,"Calipers":0,"Eternal Feather":3,"Pen Nib":13,"Cracked Core":0,"InkBottle":9},{"Ice Cream":3,"Sozu":6,"Calipers":0,"Eternal Feather":2,"Pen Nib":4,"Cracked Core":0,"InkBottle":3},{"Ice Cream":12,"Sozu":26,"Calipers":0,"Eternal Feather":6,"Pen Nib":18,"Cracked Core":0,"InkBottle":12}],"InkBottle":[7]},"card_choices":[{"not_picked":["Redo","Beam Cell","Barrage"],"picked":"SKIP","floor":1.0},{"not_picked":["Force Field","Stack"],"picked":"Steam","floor":2.0},{"not_picked":["Go for the Eyes","Redo"],"picked":"Streamline","floor":7.0},{"not_picked":["Barrage","Ball Lightning"],"picked":"Glacier","floor":13.0},{"not_picked":["Beam Cell","Compile Driver","Scrape"],"picked":"SKIP","floor":14.0},{"not_picked":["Fission","All For One"],"picked":"Creative AI","floor":16.0},{"not_picked":["Stack+1","Steam"],"picked":"Defragment","floor":18.0},{"not_picked":["Leap","Redo"],"picked":"Undo","floor":19.0}],"player_experience":987763,"relics_obtained":[{"floor":7.0,"key":"Ice Cream"},{"floor":9.0,"key":"InkBottle"},{"floor":13.0,"key":"Pen Nib"}],"event_choices":[{"damage_healed":0.0,"max_hp_gain":0.0,"max_hp_loss":0.0,"gold_gain":0.0,"event_name":"Scrap Ooze","player_choice":"Success","floor":3.0,"gold_loss":0.0,"damage_taken":11.0,"relics_obtained":["Eternal Feather"]},{"damage_healed":0.0,"max_hp_gain":0.0,"max_hp_loss":0.0,"gold_gain":0.0,"event_name":"Shining Light","player_choice":"Entered Light","floor":5.0,"gold_loss":0.0,"damage_taken":19.0,"cards_upgraded":["Defend_B","Defend_B"]},{"damage_healed":0.0,"max_hp_gain":0.0,"max_hp_loss":0.0,"gold_gain":0.0,"cards_transformed":["Strike_B"],"event_name":"Living Wall","player_choice":"Change","floor":11.0,"gold_loss":0.0,"damage_taken":0.0,"cards_obtained":["Multi-Cast"]},{"damage_healed":0.0,"max_hp_gain":0.0,"max_hp_loss":0.0,"gold_gain":0.0,"event_name":"Vampires","player_choice":"Ignored","floor":20.0,"gold_loss":0.0,"damage_taken":0.0},{"damage_healed":0.0,"max_hp_gain":0.0,"max_hp_loss":0.0,"gold_gain":0.0,"event_name":"Cursed Tome","player_choice":"Ignored","floor":21.0,"gold_loss":0.0,"damage_taken":0.0},{"cards_removed":["Strike_B"],"damage_healed":0.0,"max_hp_gain":0.0,"max_hp_loss":0.0,"gold_gain":0.0,"event_name":"Back to Basics","player_choice":"Elegance","floor":22.0,"gold_loss":0.0,"damage_taken":0.0}],"is_beta":false,"boss_relics":[{"not_picked":["Calling Bell","FrozenCore"],"picked":"Sozu"}],"items_purged_floors":[],"is_endless":false,"potions_floor_spawned":[2,13,16,19],"killed_by":"Gremlin Leader","ascension_level":20}}