{"host":"nk1hwk2qadwaubm5","time":1607952457,"event":{"mods":["BaseMod","Hermit","Infinite Spire","Minty Spire (QoL Compilation)","Replay The Spire","StSLib","The Animator","The Cursed","The Jungle","The Servant 0.9.4"],"gold_per_floor":[118,118,128,128,128,128,148,190,228,340,15,15,28,59,59,159,209,223,240,240,88,99,124,124,124,149,149,168,168,12,12,12,110,110,121,149,236,256,276,276,276,276,276,295,295,309,320,86,86,86],"floor_reached":49,"playtime":6066,"items_purged":["animator:Strike","Writhe"],"score":540,"play_id":"ec5cedf6-cfb4-464e-969d-108c550aa5ba","local_time":"20201214142737","is_ascension_mode":false,"campfire_choices":[{"data":"animator:DolaSchwi","floor":6,"key":"SMITH"},{"data":"animator:ElricEdward","floor":12,"key":"SMITH"},{"data":"animator:Eve","floor":15,"key":"SMITH"},{"floor":27,"key":"REST"},{"floor":29,"key":"DIG"},{"floor":32,"key":"DIG"},{"floor":40,"key":"DIG"},{"floor":43,"key":"REST"}],"circlet_count":0,"master_deck":["animator:Strike_NoGameNoLife","animator:Defend_NoGameNoLife","animator:Strike","animator:Defend","animator:Defend+1","animator:Defend","animator:DolaSchwi+1","animator:DolaCouronne+1","animator:DolaSchwi+1","animator:ElricEdward+1","animator:Jibril","animator:Eve+1","animator:Eve","animator:DolaStephanie+1","animator:AcuraTooru+1","animator:Cirno"],"relics":["animator:LivingPicture","animator:TheMissingPiece","Ancient Tea Set","infinitespire:Eraser","MawBank","Dream Catcher","ReplayTheSpireMod:Ninjato","infinitespire:EmpoweringShard","Tiny House","Boot","Bottled Flame","Shovel","PreservedInsect","Bag of Preparation","Lee\u0027s Waffle","Orichalcum","Philosopher\u0027s Stone","Replay:Wax Seal","War Paint","Chameleon Ring","Runic Capacitor"],"acts_visited":["Exordium","Exordium","TheBeyond"],"potions_floor_usage":[23,28,28,33,35,35,49],"damage_taken":[{"damage":2,"enemies":"Jaw Worm","floor":1,"turns":4},{"damage":0,"enemies":"Small Slimes","floor":3,"turns":3},{"damage":0,"enemies":"2 Louse","floor":7,"turns":2},{"damage":15,"enemies":"Gremlin Nob","floor":8,"turns":4},{"damage":0,"enemies":"Looter","floor":13,"turns":2},{"damage":0,"enemies":"Replay:BlueRogue","floor":14,"turns":3},{"damage":0,"enemies":"Slime Boss","floor":16,"turns":6},{"damage":22,"enemies":"theJungle:MUSHROOMGANG","floor":18,"turns":4},{"damage":7,"enemies":"theJungle:GiantWrat","floor":19,"turns":5},{"damage":21,"enemies":"theJungle:SlimyTreeVines","floor":22,"turns":5},{"damage":13,"enemies":"theJungle:Cassacara","floor":23,"turns":5},{"damage":11,"enemies":"theJungle:JungleHuntersEncounter","floor":28,"turns":5},{"damage":5,"enemies":"theJungle:QueenSpyder","floor":33,"turns":9},{"damage":7,"enemies":"3 Darklings","floor":35,"turns":5},{"damage":15,"enemies":"Orb Walker","floor":36,"turns":3},{"damage":14,"enemies":"Spire Growth","floor":38,"turns":3},{"damage":11,"enemies":"Jaw Worm Horde","floor":39,"turns":4},{"damage":0,"enemies":"Sphere and 2 Shapes","floor":44,"turns":3},{"damage":14,"enemies":"Writhing Mass","floor":46,"turns":5},{"damage":0,"enemies":"Transient","floor":47,"turns":5},{"damage":22,"enemies":"Jaw Worm Horde","floor":49,"turns":1}],"seed_played":"-9042101439259184204","potions_obtained":[{"floor":1,"key":"Energy Potion"},{"floor":13,"key":"EntropicBrew"},{"floor":14,"key":"SteroidPotion"},{"floor":18,"key":"Adrenaline Potion"},{"floor":28,"key":"SkillPotion"},{"floor":39,"key":"SteroidPotion"}],"is_trial":false,"path_per_floor":["M","?","M","?","?","R","M","E","T","?","$","R","M","E","R","B",null,"M","M","?","$","M","E","?","AVR","T","R","M","R","$","?","R","B",null,"M","M","?","M","M","R","PTL","PTL","R","M","T","M","M","$","M"],"character_chosen":"THE_ANIMATOR","items_purchased":["ReplayTheSpireMod:Ninjato","Boot","Lee\u0027s Waffle","Runic Capacitor","animator:Cirno"],"campfire_rested":2,"item_purchase_floors":[11,21,30,48,48],"current_hp_per_floor":[64,57,57,57,57,57,57,42,42,42,42,42,42,42,42,42,71,49,42,32,32,17,4,4,4,4,25,14,14,78,78,78,73,78,72,57,38,24,13,13,13,13,36,36,36,22,22,22,0,0],"gold":86,"neow_bonus":"RANDOM_COMMON_RELIC","is_daily":false,"chose_seed":false,"campfire_upgraded":3,"win_rate":0.0,"timestamp":1607952457,"path_taken":["M","?","M","?","?","R","M","E","T","?","$","R","M","E","R","BOSS","M","?","?","$","M","E","?","AVR","T","R","M","R","$","?","R","BOSS","M","?","?","?","M","R","PTL","PTL","R","M","T","?","M","?","M"],"items_purchased_type":["Relic","Relic","Relic","Relic","Card"],"build_version":"2020-12-13","purchased_purges":2,"victory":false,"max_hp_per_floor":[66,66,66,66,66,66,66,66,66,66,66,66,66,66,66,66,71,71,71,71,71,71,71,71,71,71,71,71,71,78,78,78,78,78,79,79,79,79,79,79,79,79,79,79,79,79,79,79,79,79],"card_choices":[{"not_picked":["animator:Kuribayashi","animator:OrikoMikuni"],"picked":"animator:DolaSchwi","floor":1},{"not_picked":["animator:RoyMustang","animator:Raven"],"picked":"animator:ElricEdward","floor":3},{"not_picked":["animator:Gluttony","animator:YachiyoNanami","animator:MamiTomoe"],"picked":"SKIP","floor":7},{"not_picked":["animator:DolaStephanie","animator:DolaRiku"],"picked":"animator:Jibril","floor":8},{"not_picked":["animator:ElricAlphonse","animator:Chung","animator:ElricEdward"],"picked":"SKIP","floor":13},{"not_picked":["animator:Sora","animator:ChaikaBohdan"],"picked":"animator:Eve","floor":14},{"not_picked":["animator:Raven","animator:ChaikaBohdan"],"picked":"animator:RoryMercury","floor":17},{"not_picked":["animator:SayakaMiki","animator:Bozes","animator:Add+1"],"picked":"SKIP","floor":18},{"not_picked":["animator:Konayuki+1","animator:Tet","animator:IrohaTamaki"],"picked":"SKIP","floor":22},{"not_picked":["animator:Greed","animator:Emonzaemon","animator:Gillette"],"picked":"SKIP","floor":23},{"not_picked":["animator:UneriGinkaku","animator:Sloth+1","animator:Viivi"],"picked":"SKIP","floor":28},{"not_picked":["animator:Sora","animator:MadokaKaname"],"picked":"animator:Eve","floor":33},{"not_picked":["animator:DolaRiku","animator:Tet"],"picked":"animator:DolaStephanie","floor":35},{"not_picked":["animator:YuiTsuruno","animator:ElricAlphonse"],"picked":"animator:AcuraTooru+1","floor":36},{"not_picked":["animator:Guy+1","animator:Rena","animator:RoyMustang"],"picked":"SKIP","floor":38},{"not_picked":["animator:OrikoMikuni","animator:DolaSchwi","animator:YaoHaDucy"],"picked":"SKIP","floor":39},{"not_picked":["animator:AcuraAkari+1","animator:Guy+1","animator:SayakaMiki"],"picked":"SKIP","floor":46},{"not_picked":["animator:MadokaKaname","animator:ZankiKiguchi+1","animator:Gillette+1"],"picked":"SKIP","floor":47}],"player_experience":143060,"relics_obtained":[{"floor":8,"key":"MawBank"},{"floor":9,"key":"Dream Catcher"},{"floor":14,"key":"infinitespire:EmpoweringShard"},{"floor":23,"key":"Bottled Flame"},{"floor":26,"key":"PreservedInsect"},{"floor":29,"key":"Bag of Preparation"},{"floor":32,"key":"Orichalcum"},{"floor":37,"key":"Replay:Wax Seal"},{"floor":40,"key":"War Paint"},{"floor":45,"key":"Chameleon Ring"}],"event_choices":[{"damage_healed":0,"gold_gain":0,"player_choice":"Success","damage_taken":7,"relics_obtained":["infinitespire:Eraser"],"max_hp_gain":0,"max_hp_loss":0,"event_name":"Scrap Ooze","floor":2,"gold_loss":0},{"damage_healed":0,"gold_gain":0,"player_choice":"Leave","damage_taken":0,"max_hp_gain":0,"max_hp_loss":0,"event_name":"The Cleric","floor":4,"gold_loss":0},{"damage_healed":0,"gold_gain":0,"player_choice":"Grow","damage_taken":0,"max_hp_gain":0,"max_hp_loss":0,"event_name":"Living Wall","floor":5,"gold_loss":0,"cards_upgraded":["animator:DolaSchwi"]},{"damage_healed":0,"gold_gain":100,"player_choice":"Pray","damage_taken":0,"max_hp_gain":0,"max_hp_loss":0,"event_name":"Golden Shrine","floor":10,"gold_loss":0},{"cards_removed":["animator:Strike"],"damage_healed":0,"gold_gain":0,"player_choice":"Purged","damage_taken":0,"max_hp_gain":0,"max_hp_loss":0,"event_name":"Purifier","floor":31,"gold_loss":0}],"is_beta":false,"boss_relics":[{"not_picked":["Ectoplasm","Mark of Pain"],"picked":"Tiny House"},{"not_picked":["SlaversCollar","Sozu"],"picked":"Philosopher\u0027s Stone"}],"items_purged_floors":[11,25],"is_endless":false,"potions_floor_spawned":[1,13,14,18,22,28,39],"killed_by":"Jaw Worm Horde","ascension_level":0}}