{"host":"3j2m8n0ywf988fwb","time":1607931536,"event":{"mods":["BaseMod","Colored Map","Colored Powertips","Downfall","Highlight Path","Minty Spire (QoL Compilation)","StSLib"],"gold_per_floor":[113,38,38,38,49,49,80,161,233,253,253,267,298,298,298,428,428,448,147,187,87,106,106,142,142,142,181,181,181,201,220,220,340,340,356,370,592,613,613,649,649,667,692,755,790,790,823,546,546,546,546,546,94,135,135,135],"floor_reached":55,"playtime":2851,"items_purged":["Strike_G","Injury"],"score":1342,"play_id":"8356ae90-5c21-4653-8954-0ec6ef7c17f2","local_time":"20201214013856","is_ascension_mode":true,"campfire_choices":[{"data":"Tools of the Trade","floor":6.0,"key":"SMITH"},{"data":"Neutralize","floor":15.0,"key":"SMITH"},{"data":"Finisher","floor":23.0,"key":"SMITH"},{"data":"Predator","floor":25.0,"key":"SMITH"},{"data":"Survivor","floor":32.0,"key":"SMITH"},{"data":"Choke","floor":41.0,"key":"SMITH"},{"floor":46,"key":"RECALL"},{"data":"A Thousand Cuts","floor":49,"key":"SMITH"},{"data":"Caltrops","floor":52,"key":"SMITH"}],"circlet_count":0,"master_deck":["Survivor+1","Neutralize+1","Tools of the Trade+1","Predator+1","Slice","Terror+1","Blade Dance+1","Slice","All Out Attack","Die Die Die","Concentrate+1","Finisher+1","Endless Agony","Dagger Spray","Outmaneuver+1","Caltrops+1","Crippling Poison+1","PiercingWail+1","Infinite Blades","Calculated Gamble+1","Cloak And Dagger+1","Backflip+1","Choke+1","Underhanded Strike","Cloak And Dagger+1","Infinite Blades","Phantasmal Killer+1","Storm of Steel+1","Cloak And Dagger+1","Well Laid Plans","Prepared+1","Infinite Blades+1","Blade Dance+1","A Thousand Cuts+1","Predator","Swift Strike","Backstab","Backstab","Accuracy+1"],"relics":["Toxic Egg 2","Kunai","Eternal Feather","Tough Bandages","Golden Idol","Pandora\u0027s Box","Gremlin Horn","Red Mask","Centennial Puzzle","HornCleat","Blood Vial","Ornamental Fan","Nloth\u0027s Gift","HoveringKite","Strawberry","Mango","Letter Opener","Ancient Tea Set","InkBottle","DollysMirror","Mummified Hand"],"acts_visited":["TheEnding"],"potions_floor_usage":[47,50,55,55],"damage_taken":[{"damage":1.0,"enemies":"Cultist","floor":1.0,"turns":7.0},{"damage":0.0,"enemies":"2 Louse","floor":5.0,"turns":2.0},{"damage":32.0,"enemies":"Gremlin Nob","floor":7.0,"turns":6.0},{"damage":0.0,"enemies":"Small Slimes","floor":10.0,"turns":3.0},{"damage":5.0,"enemies":"Gremlin Gang","floor":12.0,"turns":5.0},{"damage":5.0,"enemies":"Lagavulin","floor":13.0,"turns":5.0},{"damage":4.0,"enemies":"Hexaghost","floor":16.0,"turns":7.0},{"damage":9.0,"enemies":"Chosen","floor":18.0,"turns":3.0},{"damage":6.0,"enemies":"Masked Bandits","floor":20.0,"turns":3.0},{"damage":0.0,"enemies":"3 Byrds","floor":22.0,"turns":3.0},{"damage":0.0,"enemies":"Gremlin Leader","floor":24.0,"turns":5.0},{"damage":4.0,"enemies":"Book of Stabbing","floor":27.0,"turns":4.0},{"damage":3.0,"enemies":"Snecko","floor":30.0,"turns":5.0},{"damage":14.0,"enemies":"Shelled Parasite and Fungi","floor":31.0,"turns":3.0},{"damage":0.0,"enemies":"Collector","floor":33.0,"turns":4.0},{"damage":3.0,"enemies":"3 Shapes","floor":35.0,"turns":4.0},{"damage":23.0,"enemies":"3 Darklings","floor":36.0,"turns":3.0},{"damage":17.0,"enemies":"Sphere and 2 Shapes","floor":38.0,"turns":2.0},{"damage":13.0,"enemies":"Giant Head","floor":40.0,"turns":7.0},{"damage":22.0,"enemies":"Writhing Mass","floor":42.0,"turns":4.0},{"damage":2.0,"enemies":"Mind Bloom Boss Battle","floor":44.0,"turns":6.0},{"damage":0.0,"enemies":"Nemesis","floor":45.0,"turns":7.0},{"damage":24,"enemies":"Reptomancer","floor":47,"turns":4},{"damage":57,"enemies":"Awakened One","floor":50,"turns":11},{"damage":48,"enemies":"Shield and Spear","floor":54,"turns":5},{"damage":46,"enemies":"The Heart","floor":55,"turns":5}],"seed_played":"4159369788118580978","potions_obtained":[{"floor":1.0,"key":"Ancient Potion"},{"floor":7.0,"key":"LiquidMemories"},{"floor":12.0,"key":"SkillPotion"},{"floor":16.0,"key":"Swift Potion"},{"floor":20.0,"key":"LiquidMemories"},{"floor":22.0,"key":"SkillPotion"},{"floor":24.0,"key":"LiquidMemories"},{"floor":33.0,"key":"Fire Potion"},{"floor":44.0,"key":"EssenceOfSteel"}],"is_trial":false,"path_per_floor":["M","$","?","?","M","R","E","T","T","M","?","M","E","?","R","B",null,"M","$","?","$","M","R","E","R","T","E","T","?","M","M","R","B",null,"M","M","?","M","?","E","R","M","T","?","E","R","E","$","R","B",null,"R","$","E","B"],"character_chosen":"THE_SILENT","items_purchased":["Infinite Blades","Gremlin Horn","Cloak And Dagger+1","Backflip+1","GhostInAJar","Swift Strike","InkBottle","Backstab","DollysMirror"],"campfire_rested":0,"item_purchase_floors":[19,19,21,21,48,48,53,53,53],"current_hp_per_floor":[62,62,48,48,48,48,16,16,16,16,39,34,29,29,38,34,61,52,52,46,46,46,61,61,70,70,66,66,66,65,53,68,70,70,67,46,46,31,31,27,45,25,25,39,41,62,40,40,61,6,70,91,91,43,0,0],"gold":135,"neow_bonus":"ONE_RANDOM_RARE_CARD","is_daily":false,"chose_seed":false,"campfire_upgraded":8,"win_rate":0.0,"timestamp":1607931536,"path_taken":["M","?","?","?","?","R","E","?","T","M","?","M","E","?","R","BOSS","M","$","?","$","M","R","E","R","T","E","?","?","?","M","R","BOSS","M","M","?","M","?","E","R","M","T","?","E","R","E","$","R","BOSS","R","$","E","BOSS"],"items_purchased_type":["Card","Relic","Card","Card","Potion","Card","Relic","Card","Relic"],"build_version":"2020-12-13","purchased_purges":2,"victory":false,"max_hp_per_floor":[70,70,70,70,70,70,70,70,70,70,70,70,70,70,70,70,70,70,70,70,70,70,70,70,70,70,70,70,70,70,70,70,70,70,70,70,70,70,70,77,77,77,77,91,91,91,91,91,91,91,91,91,91,91,91,91],"card_choices":[{"not_picked":["Calculated Gamble","Setup"],"picked":"Predator","floor":1.0},{"not_picked":["Prepared","Backflip"],"picked":"Slice","floor":5.0},{"not_picked":["Setup+1","Catalyst+1"],"picked":"Terror+1","floor":7.0},{"not_picked":["Deadly Poison+1","Skewer"],"picked":"Blade Dance+1","floor":10.0},{"not_picked":["Backstab","Backflip+1"],"picked":"Slice","floor":12.0},{"not_picked":["Predator","Outmaneuver+1"],"picked":"All Out Attack","floor":13.0},{"not_picked":["Grand Finale","Doppelganger+1"],"picked":"Die Die Die","floor":16.0},{"not_picked":["Calculated Gamble+1","Deadly Poison+1"],"picked":"PiercingWail+1","floor":18.0},{"not_picked":["Flechettes","Expertise+1"],"picked":"Calculated Gamble+1","floor":20.0},{"not_picked":["Flying Knee","Footwork+1"],"picked":"Choke","floor":22.0},{"not_picked":["Dagger Throw+1","Outmaneuver+1"],"picked":"Underhanded Strike","floor":24.0},{"not_picked":["Skewer","Sucker Punch"],"picked":"Cloak And Dagger+1","floor":27.0},{"not_picked":["Dagger Throw","Heel Hook"],"picked":"Infinite Blades","floor":30.0},{"not_picked":["Bane","Backflip+1"],"picked":"Phantasmal Killer+1","floor":31.0},{"not_picked":["Burst+1","Venomology+1"],"picked":"Storm of Steel+1","floor":33.0},{"not_picked":["Quick Slash+1","Dodge and Roll+1"],"picked":"Cloak And Dagger+1","floor":35.0},{"not_picked":["Outmaneuver+1","Acrobatics+1"],"picked":"Well Laid Plans","floor":36.0},{"not_picked":["Backflip+1","Quick Slash"],"picked":"Prepared+1","floor":38.0},{"not_picked":["Burst+1","Dagger Spray"],"picked":"Infinite Blades+1","floor":40.0},{"not_picked":["Expertise+1","Prepared+1","Underhanded Strike"],"picked":"SKIP","floor":42.0},{"not_picked":["Die Die Die","Dagger Throw"],"picked":"Blade Dance+1","floor":44.0},{"not_picked":["Leg Sweep+1","Blur+1"],"picked":"A Thousand Cuts","floor":45.0},{"not_picked":["Night Terror+1","Outmaneuver+1"],"picked":"Predator","floor":47},{"not_picked":["PiercingWail+1","Burst+1"],"picked":"Accuracy+1","floor":54}],"player_experience":916685,"relics_obtained":[{"floor":7.0,"key":"Toxic Egg 2"},{"floor":8.0,"key":"Kunai"},{"floor":9.0,"key":"Eternal Feather"},{"floor":13.0,"key":"Tough Bandages"},{"floor":20.0,"key":"Red Mask"},{"floor":24.0,"key":"Centennial Puzzle"},{"floor":26.0,"key":"HornCleat"},{"floor":27.0,"key":"Blood Vial"},{"floor":28.0,"key":"Ornamental Fan"},{"floor":40.0,"key":"Strawberry"},{"floor":44.0,"key":"Mango"},{"floor":45.0,"key":"Letter Opener"},{"floor":47,"key":"Ancient Tea Set"},{"floor":54,"key":"Mummified Hand"}],"event_choices":[{"damage_healed":0.0,"max_hp_gain":0.0,"max_hp_loss":0.0,"gold_gain":0.0,"event_name":"Shining Light","player_choice":"Entered Light","floor":3.0,"gold_loss":0.0,"damage_taken":14.0,"cards_upgraded":["Defend_G","Defend_G"]},{"cards_removed":["Strike_G"],"damage_healed":0.0,"max_hp_gain":0.0,"max_hp_loss":0.0,"gold_gain":0.0,"event_name":"Purifier","player_choice":"Purged","floor":4.0,"gold_loss":0.0,"damage_taken":0.0},{"damage_healed":23.0,"max_hp_gain":0.0,"max_hp_loss":0.0,"gold_gain":0.0,"event_name":"Big Fish","player_choice":"Banana","floor":11.0,"gold_loss":0.0,"damage_taken":0.0},{"damage_healed":0.0,"max_hp_gain":0.0,"max_hp_loss":0.0,"gold_gain":0.0,"event_name":"Golden Idol","player_choice":"Take Wound","floor":14.0,"gold_loss":0.0,"damage_taken":0.0,"relics_obtained":["Golden Idol"],"cards_obtained":["Injury"]},{"damage_healed":0.0,"max_hp_gain":0.0,"max_hp_loss":0.0,"gold_gain":0.0,"event_name":"Masked Bandits","player_choice":"Fought Bandits","floor":20.0,"gold_loss":0.0,"damage_taken":0.0},{"damage_healed":0.0,"max_hp_gain":0.0,"max_hp_loss":0.0,"gold_gain":0.0,"event_name":"N\u0027loth","player_choice":"Traded Relic","floor":29.0,"relics_lost":["Ring of the Snake"],"gold_loss":0.0,"damage_taken":0.0,"relics_obtained":["Nloth\u0027s Gift"]},{"damage_healed":0.0,"max_hp_gain":0.0,"max_hp_loss":0.0,"gold_gain":222.0,"event_name":"Tomb of Lord Red Mask","player_choice":"Wore Mask","floor":37.0,"gold_loss":0.0,"damage_taken":0.0},{"cards_removed":["Grand Finale"],"damage_healed":0.0,"max_hp_gain":0.0,"max_hp_loss":0.0,"gold_gain":0.0,"event_name":"Falling","player_choice":"Removed Attack","floor":39.0,"gold_loss":0.0,"damage_taken":0.0},{"damage_healed":0.0,"max_hp_gain":0.0,"max_hp_loss":0.0,"gold_gain":0.0,"event_name":"MindBloom","player_choice":"Fight","floor":44.0,"gold_loss":0.0,"damage_taken":0.0}],"is_beta":false,"boss_relics":[{"not_picked":["Sozu","Ectoplasm"],"picked":"Pandora\u0027s Box"},{"not_picked":["Philosopher\u0027s Stone","Calling Bell"],"picked":"HoveringKite"}],"items_purged_floors":[2,48],"is_endless":false,"potions_floor_spawned":[1,7,12,16,20,22,24,30,33,35,44],"killed_by":"The Heart","ascension_level":9}}