{"host":"i344ixtilokuekwt","time":1607960530,"event":{"mods":["BaseMod","Card Forge","Colored Powertips","Minty Spire (QoL Compilation)","Quick Restart","Relic Stats","StSLib"],"gold_per_floor":[209,209,226,175,195,227,242,274,347,347,363,313,332,28,28,28,28],"floor_reached":16,"playtime":549,"items_purged":["Strike_R"],"score":112,"play_id":"9f39b6be-d536-426f-b863-e64cd8a22ecc","local_time":"20201214104210","is_ascension_mode":false,"campfire_choices":[{"data":"Inflame","floor":15,"key":"SMITH"}],"circlet_count":0,"master_deck":["Strike_R","Strike_R","Strike_R","Defend_R","Defend_R","Defend_R","Defend_R","Bash","Shrug It Off","Battle Trance","Uppercut","Immolate","Seeing Red","Whirlwind","Shrug It Off","Offering","Inflame+1"],"relics":["Burning Blood","Hammer of Thor","Seething Fire","Anvil of the Gods","Blood Vial","Dead Branch","Bottled Flame","Golden Idol"],"acts_visited":["Exordium"],"potions_floor_usage":[6,6,8],"damage_taken":[{"damage":1,"enemies":"2 Louse","floor":1,"turns":3},{"damage":0,"enemies":"Small Slimes","floor":3,"turns":3},{"damage":2,"enemies":"Cultist","floor":5,"turns":4},{"damage":26,"enemies":"Lagavulin","floor":6,"turns":5},{"damage":1,"enemies":"3 Louse","floor":7,"turns":2},{"damage":9,"enemies":"3 Sentries","floor":8,"turns":4},{"damage":0,"enemies":"Lots of Slimes","floor":11,"turns":1},{"damage":5,"enemies":"Looter","floor":13,"turns":3},{"damage":84,"enemies":"The Guardian","floor":16,"turns":18}],"seed_played":"-1264492544660109624","potions_obtained":[{"floor":1,"key":"SneckoOil"},{"floor":5,"key":"SkillPotion"},{"floor":13,"key":"FearPotion"}],"is_trial":false,"path_per_floor":["M","?","M","$","M","E","M","E","T","?","M","?","M","$","R","B"],"character_chosen":"IRONCLAD","items_purchased":["Strength Potion","Offering","Inflame"],"campfire_rested":0,"item_purchase_floors":[4,14,14],"current_hp_per_floor":[80,85,85,85,85,65,72,71,71,71,79,79,79,79,79,0,0],"gold":28,"neow_bonus":"HUNDRED_GOLD","is_daily":false,"chose_seed":false,"campfire_upgraded":1,"win_rate":0.0,"timestamp":1607960530,"path_taken":["M","?","M","$","M","E","M","E","T","?","M","?","M","$","R","BOSS"],"items_purchased_type":["Potion","Card","Card"],"build_version":"2020-12-13","purchased_purges":1,"victory":false,"max_hp_per_floor":[80,85,85,85,85,85,85,85,85,79,79,79,79,79,79,79,79],"relic_stats":{"Blood Vial":6,"counters":[9,43],"Golden Idol":7,"Dead Branch":[2],"obtain_stats":[{"Blood Vial":6,"Bottled Flame":9,"Anvil of the Gods":0,"Golden Idol":10,"Dead Branch":8,"Hammer of Thor":0,"Seething Fire":0,"Burning Blood":0},{"Blood Vial":4,"Bottled Flame":6,"Anvil of the Gods":0,"Golden Idol":6,"Dead Branch":6,"Hammer of Thor":0,"Seething Fire":0,"Burning Blood":0},{"Blood Vial":15,"Bottled Flame":21,"Anvil of the Gods":0,"Golden Idol":21,"Dead Branch":21,"Hammer of Thor":0,"Seething Fire":0,"Burning Blood":0}],"Burning Blood":32},"card_choices":[{"not_picked":["Pummel","Warcry"],"picked":"Shrug It Off","floor":1},{"not_picked":["Armaments","Shrug It Off"],"picked":"Battle Trance","floor":3},{"not_picked":["Armaments","Headbutt"],"picked":"Uppercut","floor":5},{"not_picked":["Seeing Red","Thunderclap"],"picked":"Immolate","floor":6},{"not_picked":["Power Through","Dual Wield"],"picked":"Seeing Red","floor":7},{"not_picked":["Cleave","Sword Boomerang"],"picked":"Whirlwind","floor":8},{"not_picked":["Armaments","Heavy Blade","Cleave"],"picked":"SKIP","floor":11},{"not_picked":["Body Slam","Cleave"],"picked":"Shrug It Off","floor":13}],"player_experience":657944,"relics_obtained":[{"floor":6,"key":"Blood Vial"},{"floor":8,"key":"Dead Branch"},{"floor":9,"key":"Bottled Flame"}],"event_choices":[{"damage_healed":0,"gold_gain":0,"player_choice":"Donut","damage_taken":0,"max_hp_gain":5,"max_hp_loss":0,"event_name":"Big Fish","floor":2,"gold_loss":0},{"damage_healed":0,"gold_gain":0,"player_choice":"Lose Max HP","damage_taken":0,"relics_obtained":["Golden Idol"],"max_hp_gain":0,"max_hp_loss":6,"event_name":"Golden Idol","floor":10,"gold_loss":0},{"cards_removed":["Strike_R"],"damage_healed":0,"gold_gain":0,"player_choice":"Card Removal","damage_taken":0,"max_hp_gain":0,"max_hp_loss":0,"event_name":"The Cleric","floor":12,"gold_loss":50}],"is_beta":false,"boss_relics":[],"items_purged_floors":[14],"is_endless":false,"potions_floor_spawned":[1,5,13],"killed_by":"The Guardian","ascension_level":0}}