{"host":"vhx0trycrgkx6gko","time":1607965261,"event":{"mods":["AchievementEnabler","BaseMod","Colored Map","Colored Powertips","Highlight Path","Minty Spire (QoL Compilation)","Permanent Neow","Quick Restart","Relic Sorter","Synergy Search"],"gold_per_floor":[117,134,148,148,148,180,180,130,130,143,143,143,143,62,62,157,157,168,178,189,189,289,289,168,168,239,97,97,26,37,47,47,148,148,163,29,47,47,47,47,0,0,0,16,16,26,26,55,55,55,55],"floor_reached":50,"playtime":7304,"items_purged":["Strike_P","Defend_P"],"score":516,"play_id":"18252b09-17e8-491c-8804-4699d67a99eb","local_time":"20201214120101","is_ascension_mode":true,"campfire_choices":[{"floor":7.0,"key":"REST"},{"data":"FlyingSleeves","floor":11.0,"key":"SMITH"},{"data":"EmptyFist","floor":13.0,"key":"SMITH"},{"floor":15.0,"key":"REST"},{"data":"Scrawl","floor":23.0,"key":"SMITH"},{"data":"ClearTheMind","floor":25.0,"key":"SMITH"},{"data":"Vigilance","floor":28.0,"key":"SMITH"},{"floor":32.0,"key":"REST"},{"floor":40.0,"key":"RECALL"},{"data":"Crescendo","floor":42.0,"key":"SMITH"},{"floor":47.0,"key":"REST"},{"data":"EmptyFist","floor":49.0,"key":"SMITH"}],"circlet_count":0,"master_deck":["Strike_P","Strike_P","Strike_P","Defend_P","Defend_P+1","Eruption+1","Vigilance+1","EmptyFist+1","EmptyFist+1","FlyingSleeves+1","MentalFortress+1","Scrawl+1","BattleHymn+1","Consecrate+1","SashWhip","ClearTheMind+1","Adaptation+1","Indignation","Vengeance","Crescendo+1","FearNoEvil","Halt","Madness","Madness","FlyingSleeves+1"],"relics":["HolyWater","NeowsBlessing","FossilizedHelix","Frozen Egg 2","Mummified Hand","Busted Crown","Red Mask","Shuriken"],"acts_visited":[],"potions_floor_usage":[50],"damage_taken":[{"damage":0.0,"enemies":"Cultist","floor":1.0,"turns":1.0},{"damage":0.0,"enemies":"Small Slimes","floor":2.0,"turns":1.0},{"damage":0.0,"enemies":"Jaw Worm","floor":3.0,"turns":1.0},{"damage":18.0,"enemies":"Lagavulin","floor":6.0,"turns":9.0},{"damage":0.0,"enemies":"Exordium Thugs","floor":10.0,"turns":3.0},{"damage":14.0,"enemies":"The Guardian","floor":16.0,"turns":13.0},{"damage":0.0,"enemies":"Chosen","floor":18.0,"turns":4.0},{"damage":1.0,"enemies":"3 Byrds","floor":19.0,"turns":5.0},{"damage":0.0,"enemies":"Centurion and Healer","floor":20.0,"turns":4.0},{"damage":0.0,"enemies":"Snecko","floor":30.0,"turns":3.0},{"damage":16.0,"enemies":"Snake Plant","floor":31.0,"turns":3.0},{"damage":69.0,"enemies":"Automaton","floor":33.0,"turns":9.0},{"damage":0.0,"enemies":"3 Darklings","floor":35.0,"turns":3.0},{"damage":0.0,"enemies":"Orb Walker","floor":37.0,"turns":2.0},{"damage":5.0,"enemies":"Transient","floor":44.0,"turns":5.0},{"damage":15.0,"enemies":"Spire Growth","floor":46.0,"turns":4.0},{"damage":0.0,"enemies":"Giant Head","floor":48.0,"turns":5.0},{"damage":71,"enemies":"Awakened One","floor":50,"turns":7}],"seed_played":"-2439284147492731508","potions_obtained":[{"floor":2.0,"key":"GamblersBrew"},{"floor":10.0,"key":"Ancient Potion"},{"floor":16.0,"key":"DistilledChaos"},{"floor":18.0,"key":"Energy Potion"},{"floor":20.0,"key":"DistilledChaos"},{"floor":31.0,"key":"Fire Potion"},{"floor":44.0,"key":"Energy Potion"},{"floor":46.0,"key":"SteroidPotion"},{"floor":48.0,"key":"Dexterity Potion"}],"is_trial":false,"path_per_floor":["M","M","M","?","?","E","R","?","T","M","R","?","R","$","R","B",null,"M","M","M","?","?","R","$","R","T","$","R","$","M","M","R","B",null,"M","$","M","?","?","R","?","R","T","M","$","M","R","E","R","B"],"character_chosen":"WATCHER","items_purchased":["MentalFortress+1","ClearTheMind","Adaptation+1","Indignation","Vengeance","FearNoEvil"],"campfire_rested":4,"item_purchase_floors":[14,24,27,27,29,36],"current_hp_per_floor":[72,72,72,58,58,40,61,61,61,61,61,66,66,66,77,63,77,77,76,76,76,76,76,76,76,76,76,76,76,76,60,77,8,77,77,77,77,67,67,67,67,67,67,62,62,47,70,70,70,0,0],"gold":55,"neow_bonus":"THREE_ENEMY_KILL","is_daily":false,"chose_seed":false,"campfire_upgraded":7,"win_rate":0.0,"timestamp":1607965261,"path_taken":["M","M","M","?","?","E","R","?","T","M","R","?","R","$","R","BOSS","M","M","M","?","?","R","$","R","T","$","R","$","M","M","R","BOSS","M","$","M","?","?","R","?","R","T","M","$","M","R","E","R","BOSS"],"items_purchased_type":["Card","Card","Card","Card","Card","Card"],"build_version":"2020-12-13","purchased_purges":2,"victory":false,"max_hp_per_floor":[72,72,72,72,72,72,72,72,72,72,72,77,77,77,77,77,77,77,77,77,77,77,77,77,77,77,77,77,77,77,77,77,77,77,77,77,77,77,77,77,77,77,77,77,77,77,77,77,77,77,77],"card_choices":[{"not_picked":["Protect","SashWhip"],"picked":"EmptyFist","floor":1.0},{"not_picked":["FlyingSleeves","Meditate"],"picked":"EmptyBody","floor":2.0},{"not_picked":["BowlingBash","SignatureMove"],"picked":"EmptyFist","floor":3.0},{"not_picked":["SandsOfTime","PathToVictory"],"picked":"FlyingSleeves","floor":6.0},{"not_picked":["ForeignInfluence","JustLucky","EmptyBody"],"picked":"SKIP","floor":10.0},{"not_picked":["Ragnarok","Judgement"],"picked":"Scrawl","floor":16.0},{"not_picked":["EmptyMind","EmptyFist"],"picked":"BattleHymn+1","floor":18.0},{"not_picked":["Prostrate","Evaluate"],"picked":"Consecrate+1","floor":19.0},{"not_picked":["Consecrate","Wallop"],"picked":"SashWhip","floor":20.0},{"not_picked":["Protect+1","CarveReality+1","DevaForm+1"],"picked":"SKIP","floor":30.0},{"not_picked":["BattleHymn+1","PathToVictory","Vengeance"],"picked":"SKIP","floor":31.0},{"not_picked":[],"picked":"Crescendo","floor":35.0},{"not_picked":[],"picked":"Halt","floor":37.0},{"not_picked":["Prostrate+1"],"picked":"SKIP","floor":44.0},{"not_picked":[],"picked":"FlyingSleeves+1","floor":46.0},{"not_picked":["JustLucky+1"],"picked":"SKIP","floor":48.0}],"player_experience":563688,"relics_obtained":[{"floor":6.0,"key":"FossilizedHelix"},{"floor":9.0,"key":"Frozen Egg 2"},{"floor":26.0,"key":"Mummified Hand"},{"floor":48.0,"key":"Shuriken"}],"event_choices":[{"damage_healed":0.0,"max_hp_gain":0.0,"max_hp_loss":0.0,"gold_gain":0.0,"event_name":"Shining Light","player_choice":"Entered Light","floor":4.0,"gold_loss":0.0,"damage_taken":14.0,"cards_upgraded":["Defend_P","Eruption"]},{"damage_healed":0.0,"max_hp_gain":0.0,"max_hp_loss":0.0,"gold_gain":0.0,"event_name":"Golden Idol","player_choice":"Ignored","floor":5.0,"gold_loss":0.0,"damage_taken":0.0},{"cards_removed":["Defend_P"],"damage_healed":0.0,"max_hp_gain":0.0,"max_hp_loss":0.0,"gold_gain":0.0,"event_name":"The Cleric","player_choice":"Card Removal","floor":8.0,"gold_loss":50.0,"damage_taken":0.0},{"damage_healed":0.0,"max_hp_gain":5.0,"max_hp_loss":0.0,"gold_gain":0.0,"event_name":"Big Fish","player_choice":"Donut","floor":12.0,"gold_loss":0.0,"damage_taken":0.0},{"damage_healed":0.0,"max_hp_gain":0.0,"max_hp_loss":0.0,"gold_gain":0.0,"event_name":"Ghosts","player_choice":"Ignored","floor":21.0,"gold_loss":0.0,"damage_taken":0.0},{"damage_healed":0.0,"max_hp_gain":0.0,"max_hp_loss":0.0,"gold_gain":100.0,"event_name":"Golden Shrine","player_choice":"Pray","floor":22.0,"gold_loss":0.0,"damage_taken":0.0},{"damage_healed":0.0,"max_hp_gain":0.0,"max_hp_loss":0.0,"gold_gain":0.0,"event_name":"Winding Halls","player_choice":"Embrace Madness","floor":38.0,"gold_loss":0.0,"damage_taken":10.0,"cards_obtained":["Madness","Madness"]},{"cards_removed":["EmptyBody"],"damage_healed":0.0,"max_hp_gain":0.0,"max_hp_loss":0.0,"gold_gain":0.0,"event_name":"Falling","player_choice":"Removed Skill","floor":39.0,"gold_loss":0.0,"damage_taken":0.0},{"damage_healed":0.0,"max_hp_gain":0.0,"max_hp_loss":0.0,"gold_gain":0.0,"event_name":"Tomb of Lord Red Mask","player_choice":"Paid","floor":41.0,"gold_loss":47.0,"damage_taken":0.0,"relics_obtained":["Red Mask"]}],"is_beta":false,"boss_relics":[{"not_picked":["Coffee Dripper","Tiny House"],"picked":"HolyWater"},{"not_picked":["Calling Bell","Fusion Hammer"],"picked":"Busted Crown"}],"items_purged_floors":[24,36],"is_endless":false,"potions_floor_spawned":[2,10,16,18,20,31,44,46,48],"killed_by":"Awakened One","ascension_level":1}}