{"host":"2pgz2fctomabfk86","time":1607934376,"event":{"mods":["AchievementEnabler","BaseMod","Colored Map","DeckTracker","Minty Spire (QoL Compilation)","StSLib","SuperFastMode"],"gold_per_floor":[118,118,133,148,158,185,185,260,260,260,273,285,300,300,300,377,377,387,402,402,12,12,12,40,57,57,37,37,53,53,103,103,175,175,185,85,85,101,101,101,116,116,116,116,129,148,179,204,204,204],"floor_reached":51,"playtime":2615,"items_purged":["Catalyst","Deadly Poison"],"score":1507,"play_id":"a498aaf9-855d-4cae-b7de-8e5730303e55","local_time":"20201214172616","is_ascension_mode":true,"campfire_choices":[{"floor":7.0,"key":"REST"},{"data":"Blade Dance","floor":10.0,"key":"SMITH"},{"floor":15.0,"key":"REST"},{"data":"Tactician","floor":23.0,"key":"SMITH"},{"data":"Acrobatics","floor":30.0,"key":"SMITH"},{"data":"Calculated Gamble","floor":32.0,"key":"SMITH"},{"data":"Backflip","floor":40.0,"key":"SMITH"},{"data":"After Image","floor":42.0,"key":"SMITH"},{"floor":49,"key":"REST"}],"circlet_count":0,"master_deck":["AscendersBane","Survivor","Neutralize","Blade Dance+1","Poisoned Stab","Dagger Spray","Prepared","Tactician+1","Phantasmal Killer","After Image+1","Finisher","Accuracy","Calculated Gamble+1","Reflex","Infinite Blades","Escape Plan","Expertise+1","Acrobatics+1","Backflip+1","Cloak And Dagger","Prepared+1","Accuracy"],"relics":["Cursed Key","Bag of Preparation","Pandora\u0027s Box","TungstenRod","Incense Burner","Lantern","WristBlade","Pocketwatch","Mango"],"acts_visited":["Exordium","TheCity","TheBeyond"],"potions_floor_usage":[47,50],"damage_taken":[{"damage":7.0,"enemies":"Jaw Worm","floor":1.0,"turns":5.0},{"damage":0.0,"enemies":"2 Louse","floor":3.0,"turns":4.0},{"damage":0.0,"enemies":"Cultist","floor":4.0,"turns":3.0},{"damage":0.0,"enemies":"Exordium Thugs","floor":5.0,"turns":3.0},{"damage":17.0,"enemies":"3 Sentries","floor":6.0,"turns":6.0},{"damage":0.0,"enemies":"Large Slime","floor":11.0,"turns":4.0},{"damage":7.0,"enemies":"Red Slaver","floor":12.0,"turns":5.0},{"damage":0.0,"enemies":"Exordium Wildlife","floor":13.0,"turns":2.0},{"damage":25.0,"enemies":"Hexaghost","floor":16.0,"turns":8.0},{"damage":0.0,"enemies":"Chosen","floor":18.0,"turns":2.0},{"damage":21.0,"enemies":"3 Byrds","floor":19.0,"turns":4.0},{"damage":15.0,"enemies":"Book of Stabbing","floor":24.0,"turns":3.0},{"damage":0.0,"enemies":"Centurion and Healer","floor":25.0,"turns":3.0},{"damage":0.0,"enemies":"Cultist and Chosen","floor":29.0,"turns":3.0},{"damage":0.0,"enemies":"Collector","floor":33.0,"turns":2.0},{"damage":0.0,"enemies":"3 Darklings","floor":35.0,"turns":2.0},{"damage":15.0,"enemies":"3 Shapes","floor":38.0,"turns":4.0},{"damage":0.0,"enemies":"Spire Growth","floor":41.0,"turns":2.0},{"damage":7.0,"enemies":"Sphere and 2 Shapes","floor":45.0,"turns":4.0},{"damage":0.0,"enemies":"Transient","floor":46.0,"turns":6.0},{"damage":0,"enemies":"Reptomancer","floor":47,"turns":2},{"damage":0,"enemies":"Mind Bloom Boss Battle","floor":48,"turns":3},{"damage":15,"enemies":"Awakened One","floor":50,"turns":5}],"seed_played":"-3774784982725908228","potions_obtained":[{"floor":1.0,"key":"DistilledChaos"},{"floor":5.0,"key":"DistilledChaos"},{"floor":6.0,"key":"DuplicationPotion"},{"floor":12.0,"key":"CunningPotion"},{"floor":16.0,"key":"Regen Potion"},{"floor":19.0,"key":"SteroidPotion"},{"floor":24.0,"key":"FearPotion"},{"floor":27.0,"key":"CunningPotion"},{"floor":35.0,"key":"DistilledChaos"},{"floor":38.0,"key":"Swift Potion"},{"floor":48,"key":"Weak Potion"}],"is_trial":false,"path_per_floor":["M","?","M","M","M","E","R","?","T","R","M","M","M","?","R","B",null,"M","M","?","$","$","R","E","M","T","?","$","M","R","?","R","B",null,"M","$","$","M","$","R","M","R","T","?","M","M","E","?","R","B",null],"character_chosen":"THE_SILENT","items_purchased":["Incense Burner"],"campfire_rested":3,"item_purchase_floors":[21],"current_hp_per_floor":[52,32,32,32,32,15,34,23,23,23,23,16,16,16,35,10,52,52,40,40,40,40,40,25,25,25,25,25,25,25,25,25,25,56,56,56,56,41,41,41,41,41,41,41,34,34,34,48,72,57],"gold":204,"neow_bonus":"BOSS_RELIC","is_daily":false,"chose_seed":false,"campfire_upgraded":6,"win_rate":0.0,"timestamp":1607934376,"path_taken":["M","?","M","M","M","E","R","?","T","R","M","M","M","?","R","BOSS","M","M","?","$","?","R","E","M","T","?","$","?","R","?","R","BOSS","M","$","?","?","$","R","M","R","T","?","M","?","E","?","R","BOSS"],"items_purchased_type":["Relic"],"build_version":"2020-12-13","purchased_purges":2,"victory":true,"max_hp_per_floor":[66,66,66,66,66,66,66,66,66,66,66,66,66,66,66,66,66,66,66,66,66,66,66,66,66,66,66,66,66,66,66,66,66,66,66,66,66,66,66,66,66,66,66,66,66,66,66,80,80,80],"card_choices":[{"not_picked":["Choke","All Out Attack"],"picked":"Blade Dance","floor":1.0},{"not_picked":["Slice","Escape Plan"],"picked":"Poisoned Stab","floor":3.0},{"not_picked":["Expertise","Cloak And Dagger"],"picked":"Choke","floor":4.0},{"not_picked":["Sucker Punch","Flying Knee"],"picked":"Dagger Spray","floor":5.0},{"not_picked":["Dagger Throw","Quick Slash"],"picked":"Prepared","floor":6.0},{"not_picked":["Deflect","Sucker Punch"],"picked":"Tactician","floor":11.0},{"not_picked":["Slice","Poisoned Stab"],"picked":"Phantasmal Killer","floor":12.0},{"not_picked":["Flying Knee","Burst","Dagger Spray"],"picked":"SKIP","floor":13.0},{"not_picked":["Die Die Die","Doppelganger"],"picked":"After Image","floor":16.0},{"not_picked":["Outmaneuver","Sucker Punch","Finisher"],"picked":"SKIP","floor":18.0},{"not_picked":["Underhanded Strike","Accuracy","Distraction+1"],"picked":"SKIP","floor":19.0},{"not_picked":["Distraction","Bane"],"picked":"Expertise+1","floor":24.0},{"not_picked":["Tactician+1","Backflip"],"picked":"Acrobatics","floor":25.0},{"not_picked":["Crippling Poison","Outmaneuver"],"picked":"Backflip","floor":29.0},{"not_picked":["Footwork","Dagger Spray"],"picked":"Cloak And Dagger","floor":35.0},{"not_picked":["Slice","Dodge and Roll+1"],"picked":"Prepared+1","floor":38.0},{"not_picked":["Blade Dance","Outmaneuver","Backflip"],"picked":"SKIP","floor":41.0},{"not_picked":["Bane","Prepared","Blade Dance+1"],"picked":"SKIP","floor":45.0},{"not_picked":["Flying Knee","Poisoned Stab","Skewer"],"picked":"SKIP","floor":46.0},{"not_picked":["Heel Hook+1","Accuracy","Underhanded Strike+1"],"picked":"SKIP","floor":47}],"player_experience":948750,"relics_obtained":[{"floor":6.0,"key":"Bag of Preparation"},{"floor":24.0,"key":"Lantern"},{"floor":47,"key":"Pocketwatch"},{"floor":48,"key":"Mango"}],"event_choices":[{"damage_healed":0.0,"max_hp_gain":0.0,"max_hp_loss":0.0,"gold_gain":0.0,"event_name":"Shining Light","player_choice":"Entered Light","floor":2.0,"gold_loss":0.0,"damage_taken":20.0,"cards_upgraded":["Defend_G","Defend_G"]},{"damage_healed":0.0,"max_hp_gain":0.0,"max_hp_loss":0.0,"gold_gain":75.0,"event_name":"World of Goop","player_choice":"Gather Gold","floor":8.0,"gold_loss":0.0,"damage_taken":11.0},{"cards_removed":["Strike_G"],"damage_healed":0.0,"max_hp_gain":0.0,"max_hp_loss":0.0,"gold_gain":0.0,"event_name":"Bonfire Elementals","player_choice":"Offered Basic","floor":14.0,"gold_loss":0.0,"damage_taken":0.0},{"cards_removed":["Accuracy"],"damage_healed":0.0,"max_hp_gain":0.0,"max_hp_loss":0.0,"gold_gain":0.0,"event_name":"WeMeetAgain","player_choice":"Gave Card","floor":20.0,"gold_loss":0.0,"damage_taken":0.0,"relics_obtained":["TungstenRod"]},{"damage_healed":0.0,"max_hp_gain":0.0,"max_hp_loss":0.0,"gold_gain":0.0,"event_name":"The Woman in Blue","player_choice":"Bought 1 Potion","floor":27.0,"gold_loss":0.0,"damage_taken":0.0},{"damage_healed":0.0,"max_hp_gain":0.0,"max_hp_loss":0.0,"gold_gain":100.0,"event_name":"The Joust","player_choice":"Bet on Murderer","floor":31.0,"gold_loss":50.0,"damage_taken":0.0},{"damage_healed":0.0,"max_hp_gain":0.0,"max_hp_loss":0.0,"gold_gain":0.0,"cards_transformed":["Choke"],"event_name":"Transmorgrifier","player_choice":"Transformed","floor":44.0,"gold_loss":0.0,"damage_taken":0.0,"cards_obtained":["Accuracy"]},{"damage_healed":0,"gold_gain":0,"player_choice":"Fight","damage_taken":0,"max_hp_gain":0,"max_hp_loss":0,"event_name":"MindBloom","floor":48,"gold_loss":0}],"is_beta":false,"boss_relics":[{"not_picked":["Sozu","HoveringKite"],"picked":"Pandora\u0027s Box"},{"not_picked":["Velvet Choker","Busted Crown"],"picked":"WristBlade"}],"items_purged_floors":[21,36],"is_endless":false,"potions_floor_spawned":[1,5,6,12,16,19,24,35,38,48],"ascension_level":19}}