{"host":"5uvzo7moqy5vd63g","time":1607972302,"event":{"mods":["Aspiration","BaseMod","Conspire","Dio Mod","Downfall","Hermit","Hubris","Jedi Mod","Jorbs\u0027s Wanderer Trilogy","Mimic Mod","Minty Spire (QoL Compilation)","Replay The Spire","StSLib","The Animator","Wandering Minibosses"],"gold_per_floor":[122,122,47,58,58,90,90,121,157,187,202,218,218,241,241,343,343,357,374,392,101,200,225,225,259,295,328,368,401,429,15,15,116,116,135,135,154,167,205,205,225,40,63,90,35,84,103,131,131,131,131,131,432,494,549,549,549,86,86,86],"floor_reached":59,"playtime":6671,"items_purged":["animator:Strike","animator:Strike","animator:Defend"],"score":1228,"play_id":"bd89b3ee-1051-459d-9d33-b8af7a28934e","local_time":"20201214135822","is_ascension_mode":true,"campfire_choices":[{"data":"animator:Fredrika","floor":7.0,"key":"SMITH"},{"data":"animator:Demiurge","floor":13.0,"key":"SMITH"},{"floor":15.0,"key":"DIG"},{"floor":24.0,"key":"REST"},{"floor":32.0,"key":"REST"},{"floor":40.0,"key":"RECALL"},{"floor":49,"key":"REST"},{"floor":52,"key":"REST"}],"circlet_count":0,"master_deck":["animator:Strike_Overlord","animator:Defend_Overlord+1","animator:Strike+1","animator:Cocytus+1","animator:Demiurge+1","animator:Evileye","animator:ElricEdward","animator:Fredrika","animator:Shalltear","animator:Viivi","animator:Fredrika","animator:Caster","animator:NarberalGamma","animator:HigakiRinne+1","animator:AcuraAkari","animator:NarberalGamma","animator:Albedo","animator:Entoma","animator:WinryRockbell","animator:AcuraTooru","animator:Ainz","animator:Arpeggio+1","animator:Sebas","animator:Ainz+1","animator:Scar","animator:Shalltear+1","animator:HarukoHaruhara","animator:Fredrika+1","animator:WinryRockbell+1","animator:Pride","animator:HigakiRinne+1","animator:MetalKnight+1","animator:Melzalgald+1","animator:Kagari"],"relics":["animator:TheEgnaroPiece","animator:AncientMedallion"],"acts_visited":["Exordium","TheCity","TheBeyond","TheEnding","EYB:TheUnnamedReign"],"potions_floor_usage":[47,48,50,50,55],"damage_taken":[{"damage":0.0,"enemies":"Jaw Worm","floor":1.0,"turns":1.0},{"damage":0.0,"enemies":"Cultist","floor":4.0,"turns":1.0},{"damage":0.0,"enemies":"3 Sentries","floor":6.0,"turns":1.0},{"damage":0.0,"enemies":"Lagavulin","floor":8.0,"turns":5.0},{"damage":0.0,"enemies":"Small Slimes","floor":9.0,"turns":6.0},{"damage":22.0,"enemies":"Gremlin Nob","floor":10.0,"turns":4.0},{"damage":3.0,"enemies":"Small Slimes","floor":11.0,"turns":3.0},{"damage":4.0,"enemies":"Blue Slaver","floor":12.0,"turns":4.0},{"damage":0.0,"enemies":"Gremlin Gang","floor":14.0,"turns":4.0},{"damage":0.0,"enemies":"Hexaghost","floor":16.0,"turns":9.0},{"damage":6.0,"enemies":"2 Thieves","floor":18.0,"turns":4.0},{"damage":0.0,"enemies":"3 Byrds","floor":19.0,"turns":3.0},{"damage":0.0,"enemies":"3 Cultists","floor":20.0,"turns":5.0},{"damage":23.0,"enemies":"Book of Stabbing","floor":23.0,"turns":7.0},{"damage":8.0,"enemies":"Replay:Snechameleon","floor":25.0,"turns":4.0},{"damage":0.0,"enemies":"Snecko","floor":26.0,"turns":4.0},{"damage":0.0,"enemies":"Gremlin Leader","floor":27.0,"turns":6.0},{"damage":6.0,"enemies":"Snecko","floor":28.0,"turns":4.0},{"damage":6.0,"enemies":"conspire:MimicChest","floor":29.0,"turns":6.0},{"damage":7.0,"enemies":"conspire:SneckoGhost","floor":30.0,"turns":5.0},{"damage":23.0,"enemies":"StardustCrusaders","floor":33.0,"turns":9.0},{"damage":4.0,"enemies":"3 Darklings","floor":35.0,"turns":4.0},{"damage":0.0,"enemies":"Orb Walker","floor":37.0,"turns":2.0},{"damage":0.0,"enemies":"Jaw Worm Horde","floor":38.0,"turns":4.0},{"damage":0.0,"enemies":"3 Darklings","floor":39.0,"turns":5.0},{"damage":0.0,"enemies":"3 Darklings","floor":41.0,"turns":3.0},{"damage":29.0,"enemies":"Nemesis","floor":44.0,"turns":7.0},{"damage":0.0,"enemies":"2 Orb Walkers","floor":46.0,"turns":4.0},{"damage":7,"enemies":"Writhing Mass","floor":47,"turns":3},{"damage":2,"enemies":"R_Hoarder","floor":48,"turns":7},{"damage":10,"enemies":"Jotaro","floor":50,"turns":6},{"damage":42,"enemies":"animator:TRIPLE_SHAPES_WEAK","floor":54,"turns":12},{"damage":53,"enemies":"animator:UNNAMED_CULTIST_1","floor":55,"turns":13},{"damage":32,"enemies":"animator:TRIPLE_LAGAVULIN","floor":59,"turns":4}],"seed_played":"2104086470872076843","potions_obtained":[{"floor":1.0,"key":"Elixir"},{"floor":2.0,"key":"DuplicationPotion"},{"floor":2.0,"key":"Dexterity Potion"},{"floor":2.0,"key":"LifebloodPotion"},{"floor":10.0,"key":"Toxic Potion"},{"floor":12.0,"key":"BlessingOfTheForge"},{"floor":18.0,"key":"DistilledChaos"},{"floor":25.0,"key":"AttackPotion"},{"floor":27.0,"key":"GamblersBrew"},{"floor":28.0,"key":"EssenceOfSteel"},{"floor":29.0,"key":"Reflective Coating"},{"floor":37.0,"key":"Reflective Coating"},{"floor":47,"key":"Reflective Coating"},{"floor":47,"key":"Adrenaline Potion"},{"floor":48,"key":"sneckomod:MuddlingPotion"},{"floor":54,"key":"animator:FalseLifePotion"},{"floor":55,"key":"animator:FalseLifePotion"}],"is_trial":false,"path_per_floor":["M","?","$","M","?","E","R","E","MIM","E","M","M","R","M","R","B",null,"M","M","M","$","?","E","R","E","MIM","E","M","?","E","$","R","B",null,"M","?","M","M","MIM","R","M","$","T","E","$","?","M","E","R","B",null,"R","??","M","M","T","?","$","M"],"character_chosen":"THE_ANIMATOR","items_purchased":["animator:Albedo","ClockworkSouvenir","DataDisk","Anchor","animator:HarukoHaruhara","animator:WinryRockbell","animator:AncientMedallion","animator:Kagari"],"campfire_rested":4,"item_purchase_floors":[21,21,31,31,42,45,58,58],"current_hp_per_floor":[66,66,66,66,66,66,66,67,67,45,42,38,38,38,38,38,60,54,54,54,54,54,32,52,44,44,44,38,32,27,27,48,25,59,55,55,55,55,55,55,55,55,55,26,26,26,19,19,40,30,60,70,98,56,8,8,8,8,0,0],"gold":86,"neow_bonus":"THREE_ENEMY_KILL","is_daily":false,"chose_seed":false,"campfire_upgraded":2,"win_rate":0.0,"timestamp":1607972302,"path_taken":["M","?","$","?","?","E","R","E","MIM","E","?","M","R","M","R","BOSS","M","M","M","$","?","E","R","E","MIM","E","M","?","E","$","R","BOSS","M","?","?","?","?","R","M","$","T","E","?","?","M","E","R","BOSS","R","??","M","M","T","?","$","M"],"items_purchased_type":["Card","Relic","Relic","Relic","Card","Card","Relic","Card"],"build_version":"2020-12-13","purchased_purges":3,"victory":false,"max_hp_per_floor":[66,66,66,66,66,66,66,67,67,67,67,67,67,67,67,67,67,67,67,67,67,67,68,68,68,68,68,68,68,70,70,70,70,70,70,70,70,70,70,70,70,70,70,70,70,70,70,70,70,70,70,70,98,98,99,99,99,99,99,99],"card_choices":[{"not_picked":["animator:DwarfShaman","animator:PandorasActor"],"picked":"animator:Evileye","floor":1.0},{"not_picked":["animator:Chris","animator:Verdia"],"picked":"animator:ElricEdward","floor":4.0},{"not_picked":["animator:Kazuma","animator:Demiurge"],"picked":"animator:Fredrika","floor":6.0},{"not_picked":["animator:Cocytus","animator:PandorasActor"],"picked":"animator:Shalltear","floor":8.0},{"not_picked":["animator:YaoHaDucy","animator:Demiurge"],"picked":"animator:Viivi","floor":9.0},{"not_picked":["animator:Geryuganshoop","animator:Demiurge"],"picked":"animator:Fredrika","floor":10.0},{"not_picked":["animator:Alexander","animator:ZankiKiguchi"],"picked":"animator:Caster","floor":11.0},{"not_picked":["animator:DwarfShaman","animator:Verdia","animator:CowGirl"],"picked":"SKIP","floor":12.0},{"not_picked":["animator:Demiurge","animator:Sebas"],"picked":"animator:NarberalGamma","floor":14.0},{"not_picked":["animator:Wiz","animator:Greed"],"picked":"animator:HigakiRinne","floor":16.0},{"not_picked":["animator:Entoma","animator:Cocytus"],"picked":"animator:AcuraAkari","floor":18.0},{"not_picked":["animator:ElricEdward","animator:Viivi"],"picked":"animator:NarberalGamma","floor":19.0},{"not_picked":["animator:TsurugaMeisai","animator:MetalKnight","animator:ElricAlphonse"],"picked":"SKIP","floor":20.0},{"not_picked":["animator:PandorasActor","animator:Cocytus"],"picked":"animator:Entoma","floor":23.0},{"not_picked":["animator:Caster","animator:Megumin","animator:ElricAlphonse"],"picked":"SKIP","floor":25.0},{"not_picked":["animator:DwarfShaman+1","animator:Gillette"],"picked":"animator:WinryRockbell","floor":26.0},{"not_picked":["animator:AcuraAkari","animator:Viivi"],"picked":"animator:AcuraTooru+1","floor":27.0},{"not_picked":["animator:TsurugaMeisai+1","animator:Konayuki"],"picked":"animator:Ainz","floor":28.0},{"not_picked":["animator:NarberalGamma","animator:Demiurge+1"],"picked":"animator:Arpeggio+1","floor":29.0},{"not_picked":["animator:Entoma","animator:Shalltear","animator:Evileye"],"picked":"animator:Sebas","floor":30.0},{"not_picked":["animator:SwordMaiden","animator:Boros","animator:PinaCoLada"],"picked":"animator:Ainz","floor":33.0},{"not_picked":["animator:Witch+1","animator:Togame","animator:Gillette+1","animator:Viivi"],"picked":"SKIP","floor":35.0},{"not_picked":["animator:Aqua+1","animator:Gillette","animator:AcuraTooru+1","animator:Vanir"],"picked":"SKIP","floor":37.0},{"not_picked":["animator:Demiurge","animator:Assassin","animator:Illya","animator:Sloth+1"],"picked":"SKIP","floor":38.0},{"not_picked":["animator:ElricEdward","animator:Gillette","animator:AcuraAkari"],"picked":"animator:Scar","floor":39.0},{"not_picked":["animator:Demiurge","animator:Cocytus","animator:PandorasActor"],"picked":"animator:Shalltear","floor":41.0},{"not_picked":["animator:Viivi","animator:RoyMustang","animator:ElricEdward+1"],"picked":"animator:Fredrika","floor":44.0},{"not_picked":["animator:WinryRockbell","animator:Archer","animator:PandorasActor"],"picked":"animator:Pride","floor":47},{"not_picked":["animator:Arpeggio+1","animator:PandorasActor+1","animator:Gillette","animator:Viivi+1"],"picked":"SKIP","floor":47},{"not_picked":["animator:MaesHughes+1","animator:Assassin","animator:Layla+1","animator:Biyorigo"],"picked":"SKIP","floor":48},{"not_picked":["animator:Nanami","animator:Archer+1"],"picked":"animator:MetalKnight","floor":54},{"not_picked":["animator:Vanir","animator:Viivi"],"picked":"animator:Melzalgald","floor":55}],"player_experience":1299137,"relics_obtained":[{"floor":6.0,"key":"Thread and Needle"},{"floor":8.0,"key":"Art of War"},{"floor":9.0,"key":"Vajra"},{"floor":10.0,"key":"ReplayFunnel"},{"floor":15.0,"key":"Whetstone"},{"floor":23.0,"key":"aspiration:ChemicalBlood"},{"floor":25.0,"key":"Pondfish Scales"},{"floor":26.0,"key":"animator:BattleDrones"},{"floor":27.0,"key":"Bottled Lightning"},{"floor":29.0,"key":"Question Card"},{"floor":30.0,"key":"Tiny Chest"},{"floor":43.0,"key":"Pet Ghost"},{"floor":44.0,"key":"The Courier"},{"floor":46.0,"key":"Prayer Wheel"},{"floor":48,"key":"hubris:DuctTape"},{"floor":53,"key":"animator:TheEgnaroPiece"},{"floor":53,"key":"animator:AncientMedallion"},{"floor":56,"key":"animator:AncientMedallion"}],"event_choices":[{"damage_healed":0.0,"max_hp_gain":0.0,"max_hp_loss":0.0,"gold_gain":0.0,"event_name":"Lab","player_choice":"Got Potions","floor":2.0,"gold_loss":0.0,"damage_taken":0.0},{"damage_healed":0.0,"max_hp_gain":0.0,"max_hp_loss":0.0,"gold_gain":0.0,"event_name":"Liars Game","player_choice":"Ignored","floor":5.0,"gold_loss":0.0,"damage_taken":0.0},{"damage_healed":0.0,"max_hp_gain":0.0,"max_hp_loss":0.0,"gold_gain":99.0,"event_name":"Nest","player_choice":"Stole From Cult","floor":22.0,"gold_loss":0.0,"damage_taken":0.0},{"damage_healed":0.0,"max_hp_gain":0.0,"max_hp_loss":0.0,"gold_gain":0.0,"event_name":"Upgrade Shrine","player_choice":"Upgraded","floor":36.0,"gold_loss":0.0,"damage_taken":0.0,"cards_upgraded":["animator:Shalltear"]},{"damage_healed":0.0,"max_hp_gain":0.0,"max_hp_loss":0.0,"gold_gain":0.0,"event_name":"Mysterious Sphere","player_choice":"Fight","floor":46.0,"gold_loss":0.0,"damage_taken":0.0}],"is_beta":false,"boss_relics":[{"not_picked":["conspire:SpecialSausage","hubris:ScarierMask"],"picked":"aspiration:PoetsPen_weak"},{"not_picked":["aspiration:WatcherSkillbook","Ring of Chaos"],"picked":"Fusion Hammer"}],"items_purged_floors":[3,31,58],"is_endless":false,"potions_floor_spawned":[1,4,10,12,14,18,25,27,28,29,30,37,44,46,47,48,55],"killed_by":"animator:TRIPLE_LAGAVULIN","ascension_level":5}}