{"host":"o3so5oxo9aakc7d5","time":1607912382,"event":{"mods":["BaseMod","Better Altar","Better Match","Better Sensory Stone","Better Skull","Better Third Choice","Block Reminder","CapriCore","Challenge The Spire","Googly Eyes","Jorbs\u0027s Wanderer Trilogy","Minty Spire (QoL Compilation)","Rare Cards Sparkle","Spicy Shops","StSLib"],"gold_per_floor":[19,38,52,65,77,77,106,106,106,140,105,117,117,117,117,117,117],"floor_reached":16,"playtime":468,"items_purged":[],"score":118,"play_id":"c0d0fa7b-1430-4095-817e-7a2f38da1a7b","local_time":"20201213191942","is_ascension_mode":true,"campfire_choices":[{"data":"Dagger Spray","floor":6,"key":"SMITH"},{"data":"Skewer","floor":8,"key":"SMITH"},{"floor":15,"key":"REST"}],"circlet_count":0,"master_deck":["Strike_G","Strike_G","Strike_G","Strike_G","Defend_G","Defend_G","Defend_G","Defend_G","Survivor","Neutralize","Skewer+1","Dagger Spray+1","Flying Knee","Deflect","Flying Knee","Outmaneuver+1"],"relics":["Ring of the Snake","Ginger","Boot","Snake Skull","Golden Idol"],"acts_visited":["Exordium"],"potions_floor_usage":[10,12,16],"damage_taken":[{"damage":1,"enemies":"Cultist","floor":1,"turns":4},{"damage":1,"enemies":"Small Slimes","floor":2,"turns":3},{"damage":0,"enemies":"Jaw Worm","floor":3,"turns":5},{"damage":0,"enemies":"2 Fungi Beasts","floor":4,"turns":2},{"damage":3,"enemies":"Lots of Slimes","floor":5,"turns":5},{"damage":22,"enemies":"3 Sentries","floor":7,"turns":6},{"damage":36,"enemies":"Lagavulin","floor":10,"turns":4},{"damage":0,"enemies":"Red Slaver","floor":12,"turns":6},{"damage":29,"enemies":"Hexaghost","floor":16,"turns":8}],"seed_played":"-3398371949594555481","potions_obtained":[{"floor":1,"key":"Swift Potion"},{"floor":3,"key":"DuplicationPotion"},{"floor":10,"key":"CunningPotion"}],"is_trial":false,"path_per_floor":["M","M","M","M","M","R","E","R","T","E","?","M","?","?","R","B"],"character_chosen":"THE_SILENT","items_purchased":[],"campfire_rested":1,"item_purchase_floors":[],"current_hp_per_floor":[69,68,68,68,65,65,43,43,43,7,24,24,7,7,28,0,0],"gold":117,"neow_bonus":"REMOVE_TWO","is_daily":false,"chose_seed":false,"campfire_upgraded":2,"win_rate":0.0,"timestamp":1607912382,"path_taken":["M","?","M","M","M","R","E","R","T","E","?","M","?","?","R","BOSS"],"items_purchased_type":[],"build_version":"2020-12-13","purchased_purges":0,"victory":false,"max_hp_per_floor":[70,70,70,70,70,70,70,70,70,70,70,70,70,70,70,70,70],"card_choices":[{"not_picked":["Setup","Sucker Punch"],"picked":"Skewer","floor":1},{"not_picked":["Deflect","Choke"],"picked":"Dagger Spray","floor":2},{"not_picked":["Deadly Poison","Blade Dance"],"picked":"Flying Knee","floor":3},{"not_picked":["Underhanded Strike","Flechettes"],"picked":"Deflect","floor":4},{"not_picked":["Predator","Dodge and Roll","Dash"],"picked":"SKIP","floor":5},{"not_picked":["Acrobatics","Burst","Tactician"],"picked":"SKIP","floor":7},{"not_picked":["Dodge and Roll","Backflip"],"picked":"Flying Knee","floor":10},{"not_picked":["Poisoned Stab","Skewer"],"picked":"Outmaneuver","floor":12}],"player_experience":512651,"relics_obtained":[{"floor":7,"key":"Ginger"},{"floor":9,"key":"Boot"},{"floor":10,"key":"Snake Skull"}],"event_choices":[{"damage_healed":17,"gold_gain":0,"player_choice":"Healed","damage_taken":0,"max_hp_gain":0,"max_hp_loss":0,"event_name":"The Cleric","floor":11,"gold_loss":35},{"damage_healed":0,"gold_gain":0,"player_choice":"Take Damage","damage_taken":17,"relics_obtained":["Golden Idol"],"max_hp_gain":0,"max_hp_loss":0,"event_name":"Golden Idol","floor":13,"gold_loss":0},{"damage_healed":0,"gold_gain":0,"player_choice":"Forge","damage_taken":0,"max_hp_gain":0,"max_hp_loss":0,"event_name":"Accursed Blacksmith","floor":14,"gold_loss":0,"cards_upgraded":["Outmaneuver"]}],"is_beta":false,"boss_relics":[],"items_purged_floors":[],"is_endless":false,"potions_floor_spawned":[1,3,10],"killed_by":"Hexaghost","ascension_level":1}}