{"host":"soyfmymeou4emntr","time":1607972483,"event":{"mods":["BaseMod","Minty Spire (QoL Compilation)","Relic Sorter","Relic Stats","StSLib"],"gold_per_floor":[115,115,40,58,5,39,58,87,112,146,146,157,157,29,29,103,103,115,125,158,158,158,158],"floor_reached":22,"playtime":1307,"items_purged":["Strike_R"],"score":454,"play_id":"ef59dff0-be36-4ebb-b21c-c8392c97a0f2","local_time":"20201214120123","is_ascension_mode":true,"campfire_choices":[{"data":"Spot Weakness","floor":11.0,"key":"SMITH"},{"data":"Bash","floor":13.0,"key":"SMITH"},{"data":"Heavy Blade","floor":15.0,"key":"SMITH"}],"circlet_count":0,"master_deck":["AscendersBane","Strike_R","Strike_R","Strike_R","Defend_R+1","Defend_R+1","Defend_R","Defend_R","Bash+1","Heavy Blade+1","Anger","True Grit","Pummel","Spot Weakness+1","Impervious","Thunderclap","Feed","Feel No Pain","Evolve","RitualDagger"],"relics":["Burning Blood","NeowsBlessing","Art of War","Potion Belt","MealTicket","WingedGreaves","Snecko Eye","Red Mask"],"acts_visited":["Exordium","TheCity"],"potions_floor_usage":[20,22],"damage_taken":[{"damage":0.0,"enemies":"Jaw Worm","floor":1.0,"turns":1.0},{"damage":0.0,"enemies":"Small Slimes","floor":4.0,"turns":1.0},{"damage":0.0,"enemies":"Lagavulin","floor":6.0,"turns":1.0},{"damage":0.0,"enemies":"2 Louse","floor":7.0,"turns":2.0},{"damage":33.0,"enemies":"Gremlin Nob","floor":8.0,"turns":4.0},{"damage":31.0,"enemies":"3 Sentries","floor":10.0,"turns":11.0},{"damage":7.0,"enemies":"Exordium Wildlife","floor":12.0,"turns":5.0},{"damage":13.0,"enemies":"Slime Boss","floor":16.0,"turns":9.0},{"damage":1.0,"enemies":"3 Byrds","floor":18.0,"turns":4.0},{"damage":20,"enemies":"Shell Parasite","floor":19,"turns":4},{"damage":51,"enemies":"Masked Bandits","floor":20,"turns":6},{"damage":13,"enemies":"Centurion and Healer","floor":22,"turns":3}],"seed_played":"-6030689618120237200","potions_obtained":[{"floor":7.0,"key":"BlessingOfTheForge"},{"floor":12.0,"key":"DistilledChaos"},{"floor":20,"key":"Dexterity Potion"}],"is_trial":false,"path_per_floor":["M","?","?","M","$","E","M","E","T","E","R","M","R","$","R","B",null,"M","M","?","?","M"],"character_chosen":"IRONCLAD","items_purchased":["True Grit","Fire Potion"],"campfire_rested":0,"item_purchase_floors":[5,14],"current_hp_per_floor":[74,51,51,57,57,63,69,42,42,17,17,16,16,31,31,24,62,70,59,17,11,0,0],"gold":158,"neow_bonus":"THREE_ENEMY_KILL","is_daily":false,"chose_seed":false,"campfire_upgraded":3,"win_rate":0.0,"timestamp":1607972483,"path_taken":["M","?","?","M","$","E","M","E","T","E","R","M","R","?","R","BOSS","M","M","?","?","M"],"items_purchased_type":["Card","Potion"],"build_version":"2020-12-13","purchased_purges":1,"victory":false,"max_hp_per_floor":[75,75,75,75,75,75,75,75,75,75,75,75,75,75,75,75,75,78,81,84,84,84,84],"relic_stats":{"counters":[12,51],"Snecko Eye":[27,31,29,28],"MealTicket":15,"Art of War":[3],"obtain_stats":[{"Potion Belt":8,"NeowsBlessing":0,"Snecko Eye":17,"MealTicket":9,"WingedGreaves":10,"Art of War":6,"Red Mask":20,"Burning Blood":0},{"Potion Belt":5,"NeowsBlessing":0,"Snecko Eye":8,"MealTicket":5,"WingedGreaves":6,"Art of War":3,"Red Mask":11,"Burning Blood":0},{"Potion Belt":9,"NeowsBlessing":0,"Snecko Eye":34,"MealTicket":9,"WingedGreaves":20,"Art of War":3,"Red Mask":48,"Burning Blood":0}],"Burning Blood":66},"card_choices":[{"not_picked":["Armaments","Headbutt"],"picked":"Heavy Blade","floor":1.0},{"not_picked":["Bloodletting","Warcry"],"picked":"Anger","floor":4.0},{"not_picked":["Wild Strike","Body Slam"],"picked":"Pummel","floor":6.0},{"not_picked":["Heavy Blade","Second Wind"],"picked":"Spot Weakness","floor":7.0},{"not_picked":["Intimidate","Cleave"],"picked":"Impervious","floor":8.0},{"not_picked":["Twin Strike","Flex","Bloodletting"],"picked":"SKIP","floor":10.0},{"not_picked":["Headbutt","Bloodletting"],"picked":"Thunderclap","floor":12.0},{"not_picked":["Brutality","Impervious"],"picked":"Feed","floor":16.0},{"not_picked":["Clash+1","Reckless Charge","Iron Wave"],"picked":"SKIP","floor":18.0},{"not_picked":["Armaments","Havoc"],"picked":"Feel No Pain","floor":19},{"not_picked":["Dark Embrace","Clash"],"picked":"Evolve","floor":20}],"player_experience":2527027,"relics_obtained":[{"floor":6.0,"key":"Art of War"},{"floor":8.0,"key":"Potion Belt"},{"floor":9.0,"key":"MealTicket"},{"floor":10.0,"key":"WingedGreaves"},{"floor":20,"key":"Red Mask"}],"event_choices":[{"damage_healed":0.0,"max_hp_gain":0.0,"max_hp_loss":0.0,"gold_gain":0.0,"event_name":"Shining Light","player_choice":"Entered Light","floor":2.0,"gold_loss":0.0,"damage_taken":23.0,"cards_upgraded":["Defend_R","Defend_R"]},{"cards_removed":["Strike_R"],"damage_healed":0.0,"max_hp_gain":0.0,"max_hp_loss":0.0,"gold_gain":0.0,"event_name":"The Cleric","player_choice":"Card Removal","floor":3.0,"gold_loss":75.0,"damage_taken":0.0},{"damage_healed":0,"gold_gain":0,"player_choice":"Fought Bandits","damage_taken":0,"max_hp_gain":0,"max_hp_loss":0,"event_name":"Masked Bandits","floor":20,"gold_loss":0},{"damage_healed":0,"gold_gain":0,"player_choice":"Joined the Cult","damage_taken":6,"max_hp_gain":0,"max_hp_loss":0,"event_name":"Nest","floor":21,"gold_loss":0,"cards_obtained":["RitualDagger"]}],"is_beta":false,"boss_relics":[{"not_picked":["Runic Dome","Ectoplasm"],"picked":"Snecko Eye"}],"items_purged_floors":[14],"is_endless":false,"potions_floor_spawned":[7,12,20],"killed_by":"Centurion and Healer","ascension_level":20}}