{"host":"6wux4armhsntp4yb","time":1607945483,"event":{"mods":["BaseMod","Colored Map","Minty Spire (QoL Compilation)","Relic Stats"],"gold_per_floor":[11,27,27,27,37,37,66,85,111,111,111,144,121,168,180,271,283,305,344,356,156,156,156,186,197,197,227,240,254,7,57,57,57,57],"floor_reached":33,"playtime":2721,"items_purged":["Strike_G"],"score":602,"play_id":"9422689a-5172-4a5f-8634-dab2c776d166","local_time":"20201214203123","is_ascension_mode":true,"campfire_choices":[{"data":"Dash","floor":6.0,"key":"SMITH"},{"data":"Neutralize","floor":10.0,"key":"SMITH"},{"data":"Blade Dance","floor":15.0,"key":"SMITH"},{"data":"Bullet Time","floor":23.0,"key":"SMITH"},{"data":"Secret Technique","floor":32.0,"key":"SMITH"}],"circlet_count":0,"master_deck":["AscendersBane","Strike_G","Strike_G","Defend_G","Defend_G","Defend_G","Defend_G","Defend_G","Survivor","Neutralize+1","Blade Dance+1","Backstab","Dash+1","Flechettes","Tools of the Trade","Predator","Blur","Bullet Time+1","Predator","Well Laid Plans","Acrobatics","Secret Technique+1","Secret Technique","Night Terror","Well Laid Plans","Skewer+1","Footwork","Backflip"],"relics":["Ring of the Snake","Torii","Boot","Centennial Puzzle","MawBank","Blue Candle","Empty Cage","Red Mask","Sundial","Meat on the Bone","Akabeko","Frozen Eye"],"acts_visited":["Exordium","TheCity"],"potions_floor_usage":[33,33],"damage_taken":[{"damage":4.0,"enemies":"Cultist","floor":1.0,"turns":6.0},{"damage":1.0,"enemies":"Small Slimes","floor":2.0,"turns":3.0},{"damage":1.0,"enemies":"2 Louse","floor":5.0,"turns":3.0},{"damage":5.0,"enemies":"3 Sentries","floor":7.0,"turns":13.0},{"damage":1.0,"enemies":"Lots of Slimes","floor":8.0,"turns":5.0},{"damage":21.0,"enemies":"Lagavulin","floor":12.0,"turns":7.0},{"damage":8.0,"enemies":"Gremlin Nob","floor":14.0,"turns":3.0},{"damage":9.0,"enemies":"Hexaghost","floor":16.0,"turns":11.0},{"damage":1.0,"enemies":"3 Byrds","floor":18.0,"turns":4.0},{"damage":1.0,"enemies":"Masked Bandits","floor":19.0,"turns":5.0},{"damage":2.0,"enemies":"Book of Stabbing","floor":24.0,"turns":4.0},{"damage":2.0,"enemies":"Shell Parasite","floor":25.0,"turns":4.0},{"damage":3.0,"enemies":"Gremlin Leader","floor":27.0,"turns":6.0},{"damage":7.0,"enemies":"Snake Plant","floor":28.0,"turns":3.0},{"damage":5.0,"enemies":"Sentry and Sphere","floor":29.0,"turns":9.0},{"damage":40,"enemies":"Collector","floor":33,"turns":7}],"seed_played":"-989918268928244257","potions_obtained":[{"floor":2.0,"key":"Swift Potion"},{"floor":4.0,"key":"Fruit Juice"},{"floor":4.0,"key":"Poison Potion"},{"floor":8.0,"key":"Energy Potion"},{"floor":14.0,"key":"Swift Potion"},{"floor":18.0,"key":"FearPotion"},{"floor":25.0,"key":"Dexterity Potion"},{"floor":28.0,"key":"DuplicationPotion"},{"floor":29.0,"key":"SteroidPotion"}],"is_trial":false,"path_per_floor":["M","M","?","?","M","R","E","M","T","R","$","E","?","E","R","B",null,"M","?","?","$","?","R","E","M","T","E","M","M","$","?","R","B"],"character_chosen":"THE_SILENT","items_purchased":["Secret Technique","Frozen Eye"],"campfire_rested":0,"item_purchase_floors":[21,30],"current_hp_per_floor":[55,54,54,59,58,58,53,52,52,52,52,31,48,40,40,31,61,60,59,59,59,59,59,57,55,55,52,45,40,40,33,33,0,0],"gold":57,"neow_bonus":"ONE_RARE_RELIC","is_daily":false,"chose_seed":false,"campfire_upgraded":5,"win_rate":0.0,"timestamp":1607945483,"path_taken":["M","?","?","?","M","R","E","?","T","R","$","E","?","E","R","BOSS","M","?","?","$","?","R","E","M","T","E","?","M","$","?","R","BOSS"],"items_purchased_type":["Card","Relic"],"build_version":"2020-12-13","purchased_purges":1,"victory":false,"max_hp_per_floor":[66,66,66,71,71,71,71,71,71,71,71,71,71,71,71,71,71,71,71,71,71,71,71,71,71,71,71,71,71,71,71,71,71,71],"relic_stats":{"Centennial Puzzle":[33],"Torii":76,"counters":[16,93],"Sundial":[6],"Blue Candle":[0],"Boot":[169],"MawBank":108,"obtain_stats":[{"Frozen Eye":30,"Centennial Puzzle":9,"Torii":0,"Sundial":24,"Blue Candle":14,"Red Mask":19,"Boot":7,"MawBank":12,"Empty Cage":17,"Akabeko":27,"Ring of the Snake":0,"Meat on the Bone":26},{"Frozen Eye":15,"Centennial Puzzle":5,"Torii":0,"Sundial":11,"Blue Candle":7,"Red Mask":10,"Boot":4,"MawBank":6,"Empty Cage":8,"Akabeko":13,"Ring of the Snake":0,"Meat on the Bone":12},{"Frozen Eye":86,"Centennial Puzzle":30,"Torii":0,"Sundial":64,"Blue Candle":40,"Red Mask":60,"Boot":25,"MawBank":37,"Empty Cage":51,"Akabeko":74,"Ring of the Snake":0,"Meat on the Bone":68}],"Ring of the Snake":[32],"Meat on the Bone":0},"card_choices":[{"not_picked":["Dodge and Roll","Acrobatics"],"picked":"Blade Dance","floor":1.0},{"not_picked":["Underhanded Strike","Bane"],"picked":"Backstab","floor":2.0},{"not_picked":["Riddle With Holes","Sucker Punch"],"picked":"Dash","floor":5.0},{"not_picked":["Bane","Skewer"],"picked":"Flechettes","floor":7.0},{"not_picked":["Deflect","Quick Slash"],"picked":"Tools of the Trade","floor":8.0},{"not_picked":["Doppelganger","Blur"],"picked":"Predator","floor":12.0},{"not_picked":["Unload","Flying Knee"],"picked":"Blur","floor":14.0},{"not_picked":["Burst","Malaise"],"picked":"Bullet Time","floor":16.0},{"not_picked":["Sucker Punch","Deflect"],"picked":"Predator","floor":18.0},{"not_picked":["Finisher","Bane"],"picked":"Well Laid Plans","floor":19.0},{"not_picked":["PiercingWail","Dagger Throw"],"picked":"Night Terror","floor":24.0},{"not_picked":["Cloak And Dagger","Sucker Punch"],"picked":"Well Laid Plans","floor":25.0},{"not_picked":["Eviscerate","Outmaneuver"],"picked":"Skewer+1","floor":27.0},{"not_picked":["Quick Slash","Prepared"],"picked":"Footwork","floor":28.0},{"not_picked":["Outmaneuver","Bane"],"picked":"Backflip","floor":29.0}],"player_experience":5624200,"relics_obtained":[{"floor":7.0,"key":"Boot"},{"floor":9.0,"key":"Centennial Puzzle"},{"floor":12.0,"key":"MawBank"},{"floor":14.0,"key":"Blue Candle"},{"floor":19.0,"key":"Red Mask"},{"floor":24.0,"key":"Sundial"},{"floor":26.0,"key":"Meat on the Bone"},{"floor":27.0,"key":"Akabeko"}],"event_choices":[{"damage_healed":0.0,"max_hp_gain":0.0,"max_hp_loss":0.0,"gold_gain":0.0,"event_name":"Liars Game","player_choice":"Ignored","floor":3.0,"gold_loss":0.0,"damage_taken":0.0},{"damage_healed":0.0,"max_hp_gain":0.0,"max_hp_loss":0.0,"gold_gain":0.0,"event_name":"Lab","player_choice":"Got Potions","floor":4.0,"gold_loss":0.0,"damage_taken":0.0},{"damage_healed":17.0,"max_hp_gain":0.0,"max_hp_loss":0.0,"gold_gain":0.0,"event_name":"The Cleric","player_choice":"Healed","floor":13.0,"gold_loss":35.0,"damage_taken":0.0},{"damage_healed":0.0,"max_hp_gain":0.0,"max_hp_loss":0.0,"gold_gain":0.0,"event_name":"Masked Bandits","player_choice":"Fought Bandits","floor":19.0,"gold_loss":0.0,"damage_taken":0.0},{"damage_healed":0.0,"max_hp_gain":0.0,"max_hp_loss":0.0,"gold_gain":0.0,"event_name":"The Library","player_choice":"Read","floor":20.0,"gold_loss":0.0,"damage_taken":0.0,"cards_obtained":["Acrobatics"]},{"damage_healed":0.0,"max_hp_gain":0.0,"max_hp_loss":0.0,"gold_gain":0.0,"event_name":"Duplicator","player_choice":"Copied","floor":22.0,"gold_loss":0.0,"damage_taken":0.0,"cards_obtained":["Secret Technique"]},{"damage_healed":0.0,"max_hp_gain":0.0,"max_hp_loss":0.0,"gold_gain":50.0,"event_name":"FaceTrader","player_choice":"Touch","floor":31.0,"gold_loss":0.0,"damage_taken":7.0}],"is_beta":false,"boss_relics":[{"not_picked":["Coffee Dripper","WristBlade"],"picked":"Empty Cage"}],"items_purged_floors":[30],"is_endless":false,"potions_floor_spawned":[2,8,14,18,25,28,29],"killed_by":"Collector","ascension_level":20}}