{"host":"jk4s28h3n42rhyp6","time":1607944372,"event":{"mods":["AchievementEnabler","BaseMod","Colored Map","Minty Spire (QoL Compilation)","SuperFastMode"],"gold_per_floor":[114,289,239,252,252,281,281,313,313,313,325,344,419,109,109,109,109],"floor_reached":16,"playtime":198,"items_purged":["Strike_P"],"score":193,"play_id":"ffbe4fdf-aa45-4bda-a9b2-518498e8c1ba","local_time":"20201214201252","is_ascension_mode":true,"campfire_choices":[{"data":"Eruption","floor":7,"key":"SMITH"},{"data":"Vigilance","floor":10,"key":"SMITH"},{"data":"Purity","floor":15,"key":"SMITH"}],"circlet_count":0,"master_deck":["Strike_P","Strike_P","Strike_P","Defend_P","Defend_P","Defend_P","Defend_P","Eruption+1","Vigilance+1","Purity+1"],"relics":["PureWater","NeowsBlessing","Singing Bowl","PreservedInsect","Question Card","HandDrill"],"acts_visited":["Exordium"],"potions_floor_usage":[12],"damage_taken":[{"damage":0,"enemies":"Cultist","floor":1,"turns":1},{"damage":0,"enemies":"Jaw Worm","floor":4,"turns":1},{"damage":0,"enemies":"3 Sentries","floor":6,"turns":2},{"damage":32,"enemies":"Gremlin Nob","floor":8,"turns":3},{"damage":4,"enemies":"2 Louse","floor":11,"turns":4},{"damage":0,"enemies":"2 Fungi Beasts","floor":12,"turns":2},{"damage":33,"enemies":"Slime Boss","floor":16,"turns":3}],"seed_played":"2149303553807494696","potions_obtained":[{"floor":6,"key":"Fire Potion"},{"floor":11,"key":"Strength Potion"}],"is_trial":false,"path_per_floor":["M","?","?","M","?","E","R","E","T","R","M","M","?","$","R","B"],"character_chosen":"WATCHER","items_purchased":["Purity","HandDrill"],"campfire_rested":0,"item_purchase_floors":[14,14],"current_hp_per_floor":[65,65,65,65,70,72,72,42,42,42,40,42,31,31,31,0,0],"gold":109,"neow_bonus":"THREE_ENEMY_KILL","is_daily":false,"chose_seed":false,"campfire_upgraded":3,"win_rate":0.0,"timestamp":1607944372,"path_taken":["M","?","?","M","?","E","R","E","T","R","M","M","?","$","R","BOSS"],"items_purchased_type":["Card","Relic"],"build_version":"2020-12-13","purchased_purges":1,"victory":false,"max_hp_per_floor":[72,72,72,72,77,79,79,81,81,81,83,85,85,85,85,85,85],"card_choices":[{"not_picked":["BowlingBash","Prostrate","Pray"],"picked":"SKIP","floor":1},{"not_picked":["Wallop","PathToVictory","DeceiveReality"],"picked":"SKIP","floor":4},{"not_picked":["Worship","JustLucky","LessonLearned"],"picked":"Singing Bowl","floor":6},{"not_picked":["Blasphemy","CrushJoints","BattleHymn"],"picked":"Singing Bowl","floor":8},{"not_picked":["InnerPeace","PathToVictory","WreathOfFlame","Weave"],"picked":"Singing Bowl","floor":11},{"not_picked":["SashWhip","CrushJoints","Crescendo","TalkToTheHand"],"picked":"Singing Bowl","floor":12}],"player_experience":335166,"relics_obtained":[{"floor":6,"key":"Singing Bowl"},{"floor":8,"key":"PreservedInsect"},{"floor":9,"key":"Question Card"}],"event_choices":[{"damage_healed":0,"gold_gain":175,"player_choice":"AGREE","damage_taken":0,"max_hp_gain":0,"max_hp_loss":0,"event_name":"Liars Game","floor":2,"gold_loss":0,"cards_obtained":["Doubt"]},{"cards_removed":["Doubt"],"damage_healed":0,"gold_gain":0,"player_choice":"Card Removal","damage_taken":0,"max_hp_gain":0,"max_hp_loss":0,"event_name":"The Cleric","floor":3,"gold_loss":50},{"damage_healed":0,"gold_gain":0,"player_choice":"Donut","damage_taken":0,"max_hp_gain":5,"max_hp_loss":0,"event_name":"Big Fish","floor":5,"gold_loss":0},{"damage_healed":0,"gold_gain":75,"player_choice":"Gather Gold","damage_taken":11,"max_hp_gain":0,"max_hp_loss":0,"event_name":"World of Goop","floor":13,"gold_loss":0}],"is_beta":false,"boss_relics":[],"items_purged_floors":[14],"is_endless":false,"potions_floor_spawned":[6,11],"killed_by":"Slime Boss","ascension_level":9}}