{"host":"n529wyrjhujcvty3","time":1607923038,"event":{"mods":["2.2 Compatiblity","Act Like it!","BaseMod","Better Third Choice","Marisa¡]Ãú«B¡@Å]²z¨F¡^","Minty Spire (QoL Compilation)","Shop Mod","StSLib","Td1madao Mod","The Runesmith"],"gold_per_floor":[115,290,310,89,89,89,49,49,49,49,87,192,230,253,253,375,375,450,252,252,202,202,202,202,202],"floor_reached":24,"playtime":1825,"items_purged":["Doubt","MasterSpark","DoubleSpark"],"score":202,"play_id":"e1f1a904-94e8-4b29-97a2-0bf5d5b55431","local_time":"20201214131718","is_ascension_mode":true,"campfire_choices":[{"data":"BigCrunch","floor":6.0,"key":"SMITH"},{"data":"Robbery","floor":8.0,"key":"SMITH"},{"data":"UpSweep","floor":10.0,"key":"SMITH"},{"data":"IllusionStar","floor":15.0,"key":"SMITH"},{"data":"RitualDagger","floor":23,"key":"SMITH"}],"circlet_count":0,"master_deck":["UpSweep+1","BigCrunch+1","IllusionStar+1","Robbery+1","UnstableBomb","ManaConvection","Orbital","StarDustReverie","StarlightTyphoon","GasGiant","ManaConvection","GravityBeat","EscapeVelocity","CollectingQuirk","OneTimeOff","MachineGunSpark","RitualDagger+1","BlazeAway"],"relics":["MiniHakkero","Boot","Mango","Smiling Mask","Pandora\u0027s Box","Frozen Eye"],"acts_visited":["Exordium","TheCity"],"potions_floor_usage":[],"damage_taken":[{"damage":0.0,"enemies":"2 Louse","floor":1.0,"turns":3.0},{"damage":1.0,"enemies":"Jaw Worm","floor":3.0,"turns":3.0},{"damage":2.0,"enemies":"Small Slimes","floor":11.0,"turns":3.0},{"damage":12.0,"enemies":"3 Sentries","floor":12.0,"turns":6.0},{"damage":2.0,"enemies":"Blue Slaver","floor":13.0,"turns":3.0},{"damage":3.0,"enemies":"3 Louse","floor":14.0,"turns":5.0},{"damage":21.0,"enemies":"The Guardian","floor":16.0,"turns":9.0},{"damage":18.0,"enemies":"Shell Parasite","floor":18.0,"turns":4.0},{"damage":35,"enemies":"Book of Stabbing","floor":24,"turns":4}],"seed_played":"-8228754528584148350","potions_obtained":[{"floor":1.0,"key":"ColorlessPotion"},{"floor":14.0,"key":"Dexterity Potion"},{"floor":16.0,"key":"FearPotion"}],"is_trial":false,"path_per_floor":["M","?","M","$","?","R","$","R","T","R","M","E","M","M","R","B",null,"M","$","?","$","?","R","E"],"character_chosen":"MARISA","items_purchased":["Boot","Robbery","Frozen Eye"],"campfire_rested":0,"item_purchase_floors":[4,7,19],"current_hp_per_floor":[75,75,74,74,59,59,59,59,73,73,71,59,57,54,54,33,89,71,71,65,65,65,65,30,30],"gold":202,"neow_bonus":"ONE_RANDOM_RARE_CARD","is_daily":false,"chose_seed":false,"campfire_upgraded":5,"win_rate":0.0,"timestamp":1607923038,"path_taken":["M","?","M","?","?","R","$","R","T","R","M","E","M","M","R","BOSS","M","$","?","$","?","R","E"],"items_purchased_type":["Relic","Card","Relic"],"build_version":"2020-12-13","purchased_purges":3,"victory":false,"max_hp_per_floor":[75,75,75,75,75,75,75,75,89,89,89,89,89,89,89,89,89,89,89,89,89,89,89,89,89],"card_choices":[{"not_picked":["UnstableBomb","DC","DoubleSpark"],"picked":"SKIP","floor":1.0},{"not_picked":["GalacticHalo","GravityBeat"],"picked":"IllusionStar","floor":3.0},{"not_picked":["GravityBeat","MilkyWay"],"picked":"UnstableBomb","floor":11.0},{"not_picked":["PowerUp","Acceleration"],"picked":"ManaConvection","floor":12.0},{"not_picked":["WitchLeyline","DC","GravityBeat"],"picked":"SKIP","floor":13.0},{"not_picked":["CasketOfStar","LuminesStrike"],"picked":"Orbital","floor":14.0},{"not_picked":["BinaryStars","CasketOfStar"],"picked":"StarDustReverie","floor":16.0},{"not_picked":["WitchLeyline+1","MilkyWay"],"picked":"MachineGunSpark","floor":18.0}],"player_experience":337444,"relics_obtained":[{"floor":9.0,"key":"Mango"},{"floor":12.0,"key":"Smiling Mask"}],"event_choices":[{"damage_healed":0.0,"max_hp_gain":0.0,"max_hp_loss":0.0,"gold_gain":175.0,"event_name":"betterThird:BetterSerpent","player_choice":"AGREE","floor":2.0,"gold_loss":0.0,"damage_taken":115.0},{"damage_healed":74.0,"max_hp_gain":0.0,"max_hp_loss":75.0,"gold_gain":0.0,"event_name":"betterThird:BetterShining","player_choice":"Upgrade","floor":5.0,"gold_loss":0.0,"damage_taken":15.0,"cards_upgraded":["Strike_MRS","Defend_MRS"]},{"damage_healed":0.0,"max_hp_gain":0.0,"max_hp_loss":0.0,"gold_gain":0.0,"event_name":"betterThird:BetterNest","player_choice":"Dagger","floor":20.0,"gold_loss":0.0,"damage_taken":6.0,"cards_obtained":["RitualDagger"]},{"damage_healed":0,"gold_gain":0,"player_choice":"Read","damage_taken":0,"max_hp_gain":0,"max_hp_loss":0,"event_name":"The Library","floor":22,"gold_loss":0,"cards_obtained":["BlazeAway"]}],"is_beta":false,"boss_relics":[{"not_picked":["Tiny House","Snecko Eye"],"picked":"Pandora\u0027s Box"}],"items_purged_floors":[4,19,21],"is_endless":false,"potions_floor_spawned":[1,14,16],"killed_by":"Book of Stabbing","ascension_level":1}}