{"host":"p7j7o00jacnw7qzt","time":1607928141,"event":{"mods":["BaseMod","Colored Map","Colored Powertips","DeckTracker","Highlight Path","Minty Spire (QoL Compilation)","Relic Stats"],"gold_per_floor":[118,118,118,130,130,130,164,164,164,185,185,218,218,218,218,314,314,334,369,385,457,457,457,470,470,470,76,95,220,259,278,278,374,374,395,395,670,684,258,289,303,329,329,370,370,394,616,635,635,635,635,635,635,50,83,83],"floor_reached":57,"playtime":2811,"items_purged":["Infernal Blade","Regret","Carnage"],"score":3072,"play_id":"04990a12-7f4a-468f-8dbf-f5d1837d597e","local_time":"20201214014221","is_ascension_mode":true,"campfire_choices":[{"data":"Searing Blow","floor":6.0,"key":"SMITH"},{"data":"Searing Blow+1","floor":8.0,"key":"SMITH"},{"data":"Searing Blow+2","floor":11.0,"key":"SMITH"},{"data":"Searing Blow+3","floor":13.0,"key":"SMITH"},{"data":"Searing Blow+4","floor":15.0,"key":"SMITH"},{"data":"Searing Blow+5","floor":23.0,"key":"SMITH"},{"data":"Searing Blow+6","floor":25.0,"key":"SMITH"},{"data":"Searing Blow+7","floor":32.0,"key":"SMITH"},{"data":"Searing Blow+8","floor":45,"key":"SMITH"},{"floor":49,"key":"RECALL"},{"data":"Burning Pact","floor":53,"key":"SMITH"}],"circlet_count":0,"master_deck":["AscendersBane","Brutality","Body Slam","Second Wind","Searing Blow+9","Battle Trance","Impervious","Shrug It Off","Armaments","Power Through","Warcry+1","Bloodletting","Burning Pact+1","Offering","Offering","Entrench"],"relics":["Pandora\u0027s Box","Golden Idol","Shuriken","Regal Pillow","Thread and Needle","Philosopher\u0027s Stone","Red Mask","Ornamental Fan","Pantograph","Orrery","Toy Ornithopter","Lizard Tail","Eternal Feather","Peace Pipe","Busted Crown","TungstenRod","Magic Flower","Bag of Marbles","Ancient Tea Set","Juzu Bracelet","Gambling Chip","Orichalcum"],"acts_visited":["Exordium","TheCity","TheBeyond","TheEnding"],"potions_floor_usage":[41,44,56,56],"damage_taken":[{"damage":0.0,"enemies":"Small Slimes","floor":1.0,"turns":2.0},{"damage":0.0,"enemies":"Jaw Worm","floor":4.0,"turns":2.0},{"damage":22.0,"enemies":"Lagavulin","floor":7.0,"turns":8.0},{"damage":0.0,"enemies":"2 Louse","floor":10.0,"turns":2.0},{"damage":0.0,"enemies":"Gremlin Nob","floor":12.0,"turns":3.0},{"damage":11.0,"enemies":"Slime Boss","floor":16.0,"turns":6.0},{"damage":0.0,"enemies":"2 Thieves","floor":18.0,"turns":2.0},{"damage":0.0,"enemies":"Masked Bandits","floor":19.0,"turns":4.0},{"damage":0.0,"enemies":"Shell Parasite","floor":20.0,"turns":2.0},{"damage":2.0,"enemies":"Cultist and Chosen","floor":24.0,"turns":3.0},{"damage":3.0,"enemies":"Chosen and Byrds","floor":28.0,"turns":4.0},{"damage":2.0,"enemies":"Colosseum Slavers","floor":29.0,"turns":4.0},{"damage":12.0,"enemies":"Colosseum Nobs","floor":29.0,"turns":4.0},{"damage":6.0,"enemies":"Book of Stabbing","floor":30.0,"turns":3.0},{"damage":0.0,"enemies":"Centurion and Healer","floor":31.0,"turns":3.0},{"damage":10.0,"enemies":"Champ","floor":33.0,"turns":5.0},{"damage":15.0,"enemies":"3 Shapes","floor":35.0,"turns":1.0},{"damage":3,"enemies":"3 Darklings","floor":38,"turns":3},{"damage":12,"enemies":"Reptomancer","floor":40,"turns":2},{"damage":1,"enemies":"Jaw Worm Horde","floor":41,"turns":7},{"damage":35,"enemies":"Nemesis","floor":44,"turns":5},{"damage":6,"enemies":"Spire Growth","floor":46,"turns":3},{"damage":5,"enemies":"Transient","floor":48,"turns":6},{"damage":14,"enemies":"Time Eater","floor":50,"turns":4},{"damage":32,"enemies":"Donu and Deca","floor":51,"turns":4},{"damage":10,"enemies":"Shield and Spear","floor":55,"turns":2},{"damage":55,"enemies":"The Heart","floor":56,"turns":5}],"seed_played":"-2340165361318591337","potions_obtained":[{"floor":10.0,"key":"EssenceOfSteel"},{"floor":18.0,"key":"ColorlessPotion"},{"floor":24.0,"key":"CultistPotion"},{"floor":29.0,"key":"Block Potion"},{"floor":31.0,"key":"DuplicationPotion"},{"floor":38,"key":"Regen Potion"},{"floor":40,"key":"HeartOfIron"},{"floor":41,"key":"Swift Potion"},{"floor":48,"key":"Fire Potion"}],"is_trial":false,"path_per_floor":["M","?","?","M","?","R","E","R","T","M","R","E","R","T","R","B",null,"M","?","M","T","?","R","M","R","T","$","M","?","E","M","R","B",null,"M","$","?","M","$","E","M","T","T","E","R","M","?","M","R","B","B",null,"R","$","E","B",null],"character_chosen":"IRONCLAD","items_purchased":["Orrery","Toy Ornithopter","TungstenRod","Gambling Chip","Swift Potion","Weak Potion"],"campfire_rested":0,"item_purchase_floors":[27,27,39,54,54,54],"current_hp_per_floor":[68,61,61,61,35,35,13,13,13,13,13,13,13,13,13,2,57,57,57,57,57,57,57,55,55,55,55,52,38,32,32,41,56,70,55,55,55,52,52,40,71,71,71,40,49,43,43,38,47,61,43,67,75,75,65,33],"gold":83,"neow_bonus":"BOSS_RELIC","is_daily":false,"chose_seed":false,"campfire_upgraded":10,"win_rate":0.0,"timestamp":1607928141,"path_taken":["M","?","?","?","?","R","E","R","T","M","R","E","R","?","R","BOSS","M","?","M","?","?","R","M","R","T","$","M","?","E","M","R","BOSS","M","$","?","?","$","E","M","?","T","E","R","M","?","M","R","BOSS","BOSS","R","$","E","BOSS"],"items_purchased_type":["Relic","Relic","Relic","Relic","Potion","Potion"],"build_version":"2020-12-13","purchased_purges":3,"victory":true,"max_hp_per_floor":[75,75,75,75,75,75,75,75,75,75,75,75,75,75,75,75,75,75,75,75,75,75,75,75,75,75,75,75,75,75,75,75,75,75,75,75,75,75,75,75,75,75,75,75,75,75,75,75,75,75,75,75,75,75,75,75],"relic_stats":{"Regal Pillow":0,"counters":[27,99],"Golden Idol":211,"Magic Flower":[18],"Eternal Feather":35,"Juzu Bracelet":1,"Orichalcum":[12],"Peace Pipe":0,"Lizard Tail":0,"Busted Crown":16,"Shuriken":[3],"Ornamental Fan":[12],"Pantograph":77,"Gambling Chip":[8],"Pandora\u0027s Box":["Carnage","Brutality","Body Slam","Reckless Charge","Second Wind","Searing Blow","Battle Trance","Infernal Blade","Impervious"],"obtain_stats":[{"Regal Pillow":12,"Golden Idol":5,"Magic Flower":40,"Thread and Needle":14,"Eternal Feather":29,"Juzu Bracelet":44,"Orichalcum":55,"Ancient Tea Set":43,"Burning Blood":0,"Peace Pipe":30,"Lizard Tail":29,"Busted Crown":34,"Shuriken":7,"Ornamental Fan":21,"Pantograph":26,"Gambling Chip":54,"Orrery":27,"Pandora\u0027s Box":0,"Philosopher\u0027s Stone":17,"Red Mask":19,"Bag of Marbles":42,"Toy Ornithopter":27,"TungstenRod":39},{"Regal Pillow":5,"Golden Idol":2,"Magic Flower":19,"Thread and Needle":5,"Eternal Feather":13,"Juzu Bracelet":21,"Orichalcum":26,"Ancient Tea Set":20,"Burning Blood":0,"Peace Pipe":14,"Lizard Tail":13,"Busted Crown":16,"Shuriken":3,"Ornamental Fan":9,"Pantograph":10,"Gambling Chip":25,"Orrery":10,"Pandora\u0027s Box":0,"Philosopher\u0027s Stone":6,"Red Mask":8,"Bag of Marbles":20,"Toy Ornithopter":10,"TungstenRod":18},{"Regal Pillow":17,"Golden Idol":4,"Magic Flower":63,"Thread and Needle":17,"Eternal Feather":46,"Juzu Bracelet":75,"Orichalcum":94,"Ancient Tea Set":70,"Burning Blood":0,"Peace Pipe":49,"Lizard Tail":46,"Busted Crown":57,"Shuriken":12,"Ornamental Fan":31,"Pantograph":34,"Gambling Chip":92,"Orrery":34,"Pandora\u0027s Box":0,"Philosopher\u0027s Stone":23,"Red Mask":29,"Bag of Marbles":70,"Toy Ornithopter":34,"TungstenRod":61}],"Toy Ornithopter":25,"TungstenRod":66},"card_choices":[{"not_picked":["Thunderclap","True Grit"],"picked":"Shrug It Off","floor":1.0},{"not_picked":["Pummel","Anger","Sentinel"],"picked":"SKIP","floor":4.0},{"not_picked":["Clash","Fire Breathing","Searing Blow"],"picked":"SKIP","floor":7.0},{"not_picked":["Metallicize","Wild Strike","Feel No Pain"],"picked":"SKIP","floor":10.0},{"not_picked":["Metallicize","Sever Soul"],"picked":"Armaments","floor":12.0},{"not_picked":["Clothesline","Clash","Twin Strike"],"picked":"SKIP","floor":18.0},{"not_picked":["Clothesline","Pommel Strike"],"picked":"Power Through","floor":19.0},{"not_picked":["Inflame","Feed"],"picked":"Warcry+1","floor":20.0},{"not_picked":["Havoc","Entrench+1"],"picked":"Bloodletting","floor":24.0},{"not_picked":["Sword Boomerang","Second Wind"],"picked":"Burning Pact","floor":27.0},{"not_picked":["Rage+1","Heavy Blade+1"],"picked":"Offering","floor":28.0},{"not_picked":["Clash","Uppercut+1","Iron Wave"],"picked":"SKIP","floor":30.0},{"not_picked":["Flex","Pummel","Perfected Strike"],"picked":"SKIP","floor":31.0},{"not_picked":["Reaper","Corruption"],"picked":"Offering","floor":33.0},{"not_picked":["Flame Barrier"],"picked":"SKIP","floor":35.0},{"not_picked":["Twin Strike"],"picked":"SKIP","floor":38},{"not_picked":["Clothesline"],"picked":"SKIP","floor":40},{"not_picked":[],"picked":"Entrench","floor":41},{"not_picked":["Shrug It Off"],"picked":"SKIP","floor":44},{"not_picked":["Iron Wave"],"picked":"SKIP","floor":46},{"not_picked":["Iron Wave+1"],"picked":"SKIP","floor":48},{"not_picked":["Dropkick"],"picked":"SKIP","floor":55}],"player_experience":848908,"relics_obtained":[{"floor":7.0,"key":"Shuriken"},{"floor":12.0,"key":"Regal Pillow"},{"floor":14.0,"key":"Thread and Needle"},{"floor":19.0,"key":"Red Mask"},{"floor":21.0,"key":"Ornamental Fan"},{"floor":26.0,"key":"Pantograph"},{"floor":29.0,"key":"Lizard Tail"},{"floor":29.0,"key":"Eternal Feather"},{"floor":30.0,"key":"Peace Pipe"},{"floor":40,"key":"Magic Flower"},{"floor":42,"key":"Bag of Marbles"},{"floor":43,"key":"Ancient Tea Set"},{"floor":44,"key":"Juzu Bracelet"},{"floor":55,"key":"Orichalcum"}],"event_choices":[{"cards_removed":["Reckless Charge"],"damage_healed":0.0,"max_hp_gain":0.0,"max_hp_loss":0.0,"gold_gain":0.0,"event_name":"Golden Wing","player_choice":"Card Removal","floor":2.0,"gold_loss":0.0,"damage_taken":7.0},{"cards_removed":["Bash"],"damage_healed":0.0,"max_hp_gain":0.0,"max_hp_loss":0.0,"gold_gain":0.0,"event_name":"Living Wall","player_choice":"Forget","floor":3.0,"gold_loss":0.0,"damage_taken":0.0},{"damage_healed":0.0,"max_hp_gain":0.0,"max_hp_loss":0.0,"gold_gain":0.0,"event_name":"Golden Idol","player_choice":"Take Damage","floor":5.0,"gold_loss":0.0,"damage_taken":26.0,"relics_obtained":["Golden Idol"]},{"damage_healed":0.0,"max_hp_gain":0.0,"max_hp_loss":0.0,"gold_gain":0.0,"event_name":"Masked Bandits","player_choice":"Fought Bandits","floor":19.0,"gold_loss":0.0,"damage_taken":0.0},{"damage_healed":0.0,"max_hp_gain":0.0,"max_hp_loss":0.0,"gold_gain":0.0,"event_name":"Ghosts","player_choice":"Ignored","floor":22.0,"gold_loss":0.0,"damage_taken":0.0},{"damage_healed":0.0,"max_hp_gain":0.0,"max_hp_loss":0.0,"gold_gain":0.0,"event_name":"Colosseum","player_choice":"Fight","floor":29.0,"gold_loss":0.0,"damage_taken":0.0},{"damage_healed":0.0,"max_hp_gain":0.0,"max_hp_loss":0.0,"gold_gain":0.0,"event_name":"Colosseum","player_choice":"Fought Nobs","floor":29.0,"gold_loss":0.0,"damage_taken":0.0},{"damage_healed":0,"gold_gain":275,"player_choice":"Desecrate","damage_taken":0,"max_hp_gain":0,"max_hp_loss":0,"event_name":"Golden Shrine","floor":37,"gold_loss":0,"cards_obtained":["Regret"]},{"damage_healed":0,"gold_gain":222,"player_choice":"Wore Mask","damage_taken":0,"max_hp_gain":0,"max_hp_loss":0,"event_name":"Tomb of Lord Red Mask","floor":47,"gold_loss":0}],"is_beta":false,"boss_relics":[{"not_picked":["Runic Pyramid","Tiny House"],"picked":"Philosopher\u0027s Stone"},{"not_picked":["Mark of Pain","Empty Cage"],"picked":"Busted Crown"}],"items_purged_floors":[27,39,54],"is_endless":false,"potions_floor_spawned":[10,18,24,28,29,31,38,40,41,48],"ascension_level":20}}