{"host":"diimjn7l8zzl9nqr","time":1607949553,"event":{"mods":["BaseMod","DeckTracker","Keyboard Shortcuts","Minty Spire (QoL Compilation)","Permanent Neow","Quick Restart","StSLib"],"gold_per_floor":[109,59,59,71,86,86,112,112,138,39,49,68,68,84,84,180,180,197,197,197],"floor_reached":19,"playtime":573,"items_purged":["Strike_R"],"score":186,"play_id":"96cc0137-0b36-4644-aeae-efa4eac41d12","local_time":"20201214213913","is_ascension_mode":true,"campfire_choices":[{"data":"Pommel Strike","floor":6,"key":"SMITH"},{"data":"Power Through","floor":8,"key":"SMITH"},{"data":"Body Slam","floor":13,"key":"SMITH"},{"data":"Armaments","floor":15,"key":"SMITH"}],"circlet_count":0,"master_deck":["Strike_R","Strike_R","Strike_R","Defend_R","Defend_R","Defend_R","Defend_R","Bash","Demon Form","Disarm","Cleave","Pommel Strike+1","Power Through+1","Body Slam+1","Wild Strike","Metallicize","Armaments+1","Double Tap","Shrug It Off"],"relics":["Burning Blood","Anchor","Cursed Key"],"acts_visited":["Exordium","TheCity"],"potions_floor_usage":[11,16],"damage_taken":[{"damage":0,"enemies":"Small Slimes","floor":1,"turns":3},{"damage":8,"enemies":"Jaw Worm","floor":4,"turns":5},{"damage":1,"enemies":"Cultist","floor":5,"turns":3},{"damage":27,"enemies":"Gremlin Nob","floor":7,"turns":4},{"damage":3,"enemies":"Large Slime","floor":11,"turns":4},{"damage":8,"enemies":"Blue Slaver","floor":12,"turns":3},{"damage":0,"enemies":"Looter","floor":14,"turns":1},{"damage":47,"enemies":"Slime Boss","floor":16,"turns":12},{"damage":42,"enemies":"Spheric Guardian","floor":18,"turns":6},{"damage":0,"enemies":"3 Byrds","floor":19,"turns":2}],"seed_played":"-8086981305738605663","potions_obtained":[{"floor":1,"key":"SneckoOil"},{"floor":7,"key":"ColorlessPotion"},{"floor":11,"key":"Fruit Juice"},{"floor":12,"key":"FearPotion"}],"is_trial":false,"path_per_floor":["M","?","?","M","M","R","E","R","T","$","M","M","R","M","R","B",null,"M","M"],"character_chosen":"IRONCLAD","items_purchased":["Body Slam"],"campfire_rested":0,"item_purchase_floors":[10],"current_hp_per_floor":[62,62,80,78,80,80,59,59,59,59,67,65,65,71,71,30,85,49,49,49],"gold":197,"neow_bonus":"THREE_RARE_CARDS","is_daily":false,"chose_seed":false,"campfire_upgraded":4,"win_rate":0.0,"timestamp":1607949553,"path_taken":["M","?","?","M","?","R","E","R","T","$","M","M","R","M","R","BOSS","M","M"],"items_purchased_type":["Card"],"build_version":"2020-12-13","purchased_purges":1,"victory":false,"max_hp_per_floor":[80,80,80,80,80,80,80,80,80,80,85,85,85,85,85,85,85,85,85,85],"card_choices":[{"not_picked":["Bludgeon","Corruption"],"picked":"Demon Form","floor":0},{"not_picked":["Bloodletting","Carnage"],"picked":"Disarm","floor":1},{"not_picked":["Pommel Strike","Sentinel"],"picked":"Cleave","floor":4},{"not_picked":["Warcry","Havoc"],"picked":"Pommel Strike","floor":5},{"not_picked":["Reaper","Thunderclap"],"picked":"Power Through","floor":7},{"not_picked":["Heavy Blade","Anger"],"picked":"Wild Strike","floor":11},{"not_picked":["Clothesline","Rage"],"picked":"Metallicize","floor":12},{"not_picked":["Heavy Blade","Body Slam"],"picked":"Armaments","floor":14},{"not_picked":["Reaper","Feed"],"picked":"Double Tap","floor":16},{"not_picked":["Sword Boomerang","Pummel"],"picked":"Shrug It Off","floor":18}],"player_experience":84492,"relics_obtained":[{"floor":7,"key":"Anchor"}],"event_choices":[{"cards_removed":["Strike_R"],"damage_healed":0,"gold_gain":0,"player_choice":"Card Removal","damage_taken":0,"max_hp_gain":0,"max_hp_loss":0,"event_name":"The Cleric","floor":2,"gold_loss":50},{"damage_healed":18,"gold_gain":0,"player_choice":"Full Heal","damage_taken":0,"max_hp_gain":0,"max_hp_loss":0,"event_name":"Wheel of Change","floor":3,"gold_loss":0}],"is_beta":false,"boss_relics":[{"not_picked":["SacredBark","Black Star"],"picked":"Cursed Key"}],"items_purged_floors":[10],"is_endless":false,"potions_floor_spawned":[1,7,11,12],"killed_by":"3 Byrds","ascension_level":2}}