{"host":"p245q48pmopyklqs","time":1607938713,"event":{"mods":["AchievementEnabler","BaseMod","DeckTracker","Minty Spire (QoL Compilation)","Relic Stats","StSLib","SuperFastMode"],"gold_per_floor":[109,121,139,139,153,153,153,153,153,173,191,203,229,246,246,320,320,332,179,192,207,207,207,223,258,258,258,274,284,284,209,209,209,209],"floor_reached":33,"playtime":1080,"items_purged":["Decay"],"score":546,"play_id":"00e64f6e-60fa-41ad-962b-92785db077c9","local_time":"20201214183833","is_ascension_mode":true,"campfire_choices":[{"data":"Uppercut","floor":6.0,"key":"SMITH"},{"data":"Hemokinesis","floor":8.0,"key":"SMITH"},{"floor":15.0,"key":"REST"},{"data":"Seeing Red","floor":23.0,"key":"SMITH"},{"data":"Corruption","floor":27,"key":"SMITH"},{"data":"Offering","floor":32,"key":"SMITH"}],"circlet_count":0,"master_deck":["AscendersBane","Strike_R","Strike_R","Strike_R","Defend_R","Defend_R","Defend_R","Defend_R","Bash","Hemokinesis+1","Uppercut+1","Seeing Red+1","Pommel Strike","Shrug It Off","Offering+1","Feed","Ghostly Armor","Evolve","Feel No Pain","Ghostly","Ghostly","Ghostly","Shrug It Off","Corruption+1"],"relics":["Burning Blood","InkBottle","Letter Opener","Philosopher\u0027s Stone","Ice Cream","TungstenRod","Bottled Lightning"],"acts_visited":["Exordium","TheCity"],"potions_floor_usage":[25,33,33],"damage_taken":[{"damage":4.0,"enemies":"Jaw Worm","floor":1.0,"turns":6.0},{"damage":3.0,"enemies":"Cultist","floor":2.0,"turns":3.0},{"damage":9.0,"enemies":"Small Slimes","floor":3.0,"turns":3.0},{"damage":15.0,"enemies":"Red Slaver","floor":5.0,"turns":5.0},{"damage":29.0,"enemies":"Exordium Thugs","floor":10.0,"turns":6.0},{"damage":2.0,"enemies":"Blue Slaver","floor":11.0,"turns":1.0},{"damage":5.0,"enemies":"3 Louse","floor":12.0,"turns":4.0},{"damage":18.0,"enemies":"Lagavulin","floor":13.0,"turns":6.0},{"damage":13.0,"enemies":"Large Slime","floor":14.0,"turns":5.0},{"damage":39.0,"enemies":"Slime Boss","floor":16.0,"turns":7.0},{"damage":24.0,"enemies":"2 Thieves","floor":18.0,"turns":3.0},{"damage":21.0,"enemies":"Shell Parasite","floor":20.0,"turns":8.0},{"damage":22.0,"enemies":"Snake Plant","floor":21.0,"turns":3.0},{"damage":8.0,"enemies":"Centurion and Healer","floor":24.0,"turns":7.0},{"damage":20,"enemies":"Slavers","floor":25,"turns":8},{"damage":6,"enemies":"Sentry and Sphere","floor":28,"turns":6},{"damage":7,"enemies":"Shelled Parasite and Fungi","floor":29,"turns":6},{"damage":32,"enemies":"Champ","floor":33,"turns":13}],"seed_played":"-6653617632840133633","potions_obtained":[{"floor":5.0,"key":"Weak Potion"},{"floor":10.0,"key":"DuplicationPotion"},{"floor":16.0,"key":"DuplicationPotion"},{"floor":21.0,"key":"BlessingOfTheForge"},{"floor":28,"key":"Explosive Potion"},{"floor":29,"key":"DistilledChaos"}],"is_trial":false,"path_per_floor":["M","M","M","?","M","R","?","R","T","M","M","M","E","M","R","B",null,"M","$","M","M","?","R","M","E","T","R","M","M","T","?","R","B"],"character_chosen":"IRONCLAD","items_purchased":["Evolve"],"campfire_rested":1,"item_purchase_floors":[19],"current_hp_per_floor":[66,69,66,66,57,57,57,57,57,34,38,39,27,20,46,13,70,55,55,43,27,27,27,28,14,14,14,17,19,19,19,19,0,0],"gold":209,"neow_bonus":"TWENTY_PERCENT_HP_BONUS","is_daily":false,"chose_seed":false,"campfire_upgraded":5,"win_rate":0.0,"timestamp":1607938713,"path_taken":["M","M","M","?","?","R","?","R","T","M","M","M","E","M","R","BOSS","M","$","M","M","?","R","M","E","T","R","M","M","?","?","R","BOSS"],"items_purchased_type":["Card"],"build_version":"2020-12-13","purchased_purges":1,"victory":false,"max_hp_per_floor":[89,89,89,89,89,89,89,89,89,89,89,89,89,89,89,89,89,92,92,95,95,47,47,50,50,50,50,53,56,56,56,56,56,56],"relic_stats":{"counters":[18,100],"Letter Opener":[114],"obtain_stats":[{"Ice Cream":25,"Philosopher\u0027s Stone":17,"Letter Opener":13,"Bottled Lightning":30,"Burning Blood":0,"InkBottle":9,"TungstenRod":26},{"Ice Cream":15,"Philosopher\u0027s Stone":10,"Letter Opener":8,"Bottled Lightning":17,"Burning Blood":0,"InkBottle":4,"TungstenRod":15},{"Ice Cream":75,"Philosopher\u0027s Stone":46,"Letter Opener":34,"Bottled Lightning":87,"Burning Blood":0,"InkBottle":17,"TungstenRod":75}],"Burning Blood":102,"InkBottle":[29],"TungstenRod":16},"card_choices":[{"not_picked":["Headbutt","Warcry"],"picked":"Hemokinesis","floor":1.0},{"not_picked":["Shrug It Off","Bloodletting"],"picked":"Uppercut","floor":2.0},{"not_picked":["Entrench","Flex"],"picked":"Seeing Red","floor":3.0},{"not_picked":["Searing Blow","Heavy Blade","Spot Weakness"],"picked":"SKIP","floor":5.0},{"not_picked":["Clash","Metallicize"],"picked":"Pommel Strike","floor":10.0},{"not_picked":["Flame Barrier","Ghostly Armor"],"picked":"Shrug It Off","floor":11.0},{"not_picked":["Wild Strike","Anger","Havoc"],"picked":"SKIP","floor":12.0},{"not_picked":["Flex","Pummel","Thunderclap"],"picked":"SKIP","floor":13.0},{"not_picked":["Whirlwind","Entrench"],"picked":"Offering","floor":14.0},{"not_picked":["Berserk","Corruption"],"picked":"Feed","floor":16.0},{"not_picked":["Burning Pact","Uppercut"],"picked":"Ghostly Armor","floor":18.0},{"not_picked":["Body Slam","Cleave+1"],"picked":"Feel No Pain","floor":20.0},{"not_picked":["Havoc","Dual Wield","Clothesline"],"picked":"SKIP","floor":21.0},{"not_picked":["Intimidate","Searing Blow"],"picked":"Shrug It Off","floor":24.0},{"not_picked":["Twin Strike","Intimidate"],"picked":"Corruption","floor":25},{"not_picked":["Iron Wave","Perfected Strike","Cleave"],"picked":"SKIP","floor":28},{"not_picked":["Twin Strike","Heavy Blade","Clash"],"picked":"SKIP","floor":29}],"player_experience":2259759,"relics_obtained":[{"floor":9.0,"key":"InkBottle"},{"floor":13.0,"key":"Letter Opener"},{"floor":25,"key":"Ice Cream"},{"floor":26,"key":"TungstenRod"},{"floor":30,"key":"Bottled Lightning"}],"event_choices":[{"cards_removed":["Strike_R"],"damage_healed":0.0,"max_hp_gain":0.0,"max_hp_loss":0.0,"gold_gain":0.0,"event_name":"Bonfire Elementals","player_choice":"Offered Basic","floor":4.0,"gold_loss":0.0,"damage_taken":0.0},{"damage_healed":0.0,"max_hp_gain":0.0,"max_hp_loss":0.0,"gold_gain":0.0,"event_name":"Wheel of Change","player_choice":"Cursed","floor":7.0,"gold_loss":0.0,"damage_taken":0.0,"cards_obtained":["Decay"]},{"damage_healed":0.0,"max_hp_gain":0.0,"max_hp_loss":48.0,"gold_gain":0.0,"event_name":"Ghosts","player_choice":"Became a Ghost","floor":22.0,"gold_loss":0.0,"damage_taken":0.0,"cards_obtained":["Ghostly","Ghostly","Ghostly"]},{"cards_removed":["Strike_R"],"damage_healed":0,"gold_gain":0,"player_choice":"Gave Gold","damage_taken":0,"max_hp_gain":0,"max_hp_loss":0,"event_name":"Beggar","floor":31,"gold_loss":75}],"is_beta":false,"boss_relics":[{"not_picked":["Fusion Hammer","Tiny House"],"picked":"Philosopher\u0027s Stone"}],"items_purged_floors":[19],"is_endless":false,"potions_floor_spawned":[5,10,12,16,18,21,28,29],"killed_by":"Champ","ascension_level":20}}