{"host":"zy8owluzctkcdqaa","time":1607978305,"event":{"mods":["AchievementEnabler","BaseMod","Colored Map","Minty Spire (QoL Compilation)","Rare Cards Sparkle"],"gold_per_floor":[111,125,138,138,138,138,157,183,183],"floor_reached":8,"playtime":359,"items_purged":[],"score":61,"play_id":"f65071f7-ae7d-4b29-915f-f49c95eecef8","local_time":"20201214143825","is_ascension_mode":true,"campfire_choices":[{"floor":6,"key":"RECALL"}],"circlet_count":0,"master_deck":["Strike_G","Strike_G","Strike_G","Strike_G","Strike_G","Defend_G","Defend_G","Defend_G","Defend_G","Defend_G","Survivor","Neutralize","Flying Knee","Tactician","Prepared","Regret","Dagger Throw"],"relics":["Ring of the Snake","Regal Pillow","Art of War","Peace Pipe"],"acts_visited":["Exordium"],"potions_floor_usage":[8],"damage_taken":[{"damage":3,"enemies":"Cultist","floor":1,"turns":6},{"damage":0,"enemies":"Jaw Worm","floor":2,"turns":4},{"damage":3,"enemies":"Small Slimes","floor":3,"turns":3},{"damage":9,"enemies":"Exordium Thugs","floor":7,"turns":6},{"damage":26,"enemies":"3 Sentries","floor":8,"turns":5}],"seed_played":"-249293900816816775","potions_obtained":[{"floor":2,"key":"EssenceOfSteel"},{"floor":3,"key":"ColorlessPotion"},{"floor":8,"key":"GamblersBrew"}],"is_trial":false,"path_per_floor":["M","M","M","?","?","R","M","E"],"character_chosen":"THE_SILENT","items_purchased":[],"campfire_rested":0,"item_purchase_floors":[],"current_hp_per_floor":[74,74,71,71,71,71,62,36,36],"gold":183,"neow_bonus":"TEN_PERCENT_HP_BONUS","is_daily":false,"chose_seed":false,"campfire_upgraded":0,"win_rate":0.0,"timestamp":1607978305,"path_taken":["M","?","M","?","?","R","M","E"],"items_purchased_type":[],"build_version":"2020-12-13","purchased_purges":0,"victory":false,"max_hp_per_floor":[77,77,77,77,77,77,77,77,77],"card_choices":[{"not_picked":["Sucker Punch","Blur"],"picked":"Flying Knee","floor":1},{"not_picked":["Leg Sweep","Backflip"],"picked":"Tactician","floor":2},{"not_picked":["Footwork","Eviscerate"],"picked":"Prepared","floor":3},{"not_picked":["Noxious Fumes","Slice"],"picked":"Dagger Throw","floor":7}],"player_experience":496052,"relics_obtained":[{"floor":8,"key":"Peace Pipe"}],"event_choices":[{"damage_healed":0,"gold_gain":0,"player_choice":"Box","damage_taken":0,"relics_obtained":["Regal Pillow"],"max_hp_gain":0,"max_hp_loss":0,"event_name":"Big Fish","floor":4,"gold_loss":0,"cards_obtained":["Regret"]},{"damage_healed":0,"gold_gain":0,"player_choice":"Gave Potion","damage_taken":0,"relics_obtained":["Art of War"],"max_hp_gain":0,"max_hp_loss":0,"event_name":"WeMeetAgain","floor":5,"gold_loss":0}],"is_beta":false,"boss_relics":[],"items_purged_floors":[],"is_endless":false,"potions_floor_spawned":[2,3,8],"killed_by":"3 Sentries","ascension_level":1}}