{"host":"id1lehtnb7dzklac","time":1607957290,"event":{"mods":["AchievementEnabler","BaseMod","Block Reminder","Colored Map","Highlight Path","Minty Spire (QoL Compilation)","Permanent Neow","Random Character Button","StSLib","The Construct","slay the spire mod where everything is the same but ironclad has a cowboy hat"],"gold_per_floor":[111,121,121,133,133,164,181,181,181,211,211,239,254,265,265,360,360,374,473,473,493,508,543,554,582,582,615,615,631,664,579,579,679,679,696,696,696,723,566,598,610,637,661,661,676,702,735,767,767,767,767,767,140,174,174],"floor_reached":56,"playtime":2125,"items_purged":[],"score":2123,"play_id":"9290336d-c441-4a70-a8bb-fc301c6845af","local_time":"20201214224810","is_ascension_mode":true,"campfire_choices":[{"floor":11.0,"key":"RECALL"},{"floor":15.0,"key":"REST"}],"circlet_count":0,"master_deck":["construct:HardReboot+2","construct:ReactiveShield+2","construct:ReactiveShield+2","construct:GuardCore+2","construct:GuardCore+2","construct:GuardCore+2","construct:GuardCore+2","construct:GuardCore+2","construct:GuardCore+2","construct:GuardCore+2","construct:GuardCore+2","construct:GuardCore+2","construct:GuardCore+2","construct:GuardCore+2","construct:GuardCore+2","construct:GuardCore+2","construct:GuardCore+2","construct:GuardCore+2","construct:GuardCore+2","construct:GuardCore+2","construct:GuardCore+2","construct:GuardCore+2","construct:GuardCore+2","construct:Synchronize+2","construct:Synchronize+2","construct:Synchronize+2","construct:GuardCore+2","construct:GuardCore+2","construct:GuardCore+2","construct:GuardCore+2","construct:GuardCore+2","construct:GuardCore+2","construct:GuardCore+2","construct:GuardCore+2","construct:GuardCore+2","construct:GuardCore+2","construct:GuardCore+2","construct:GuardCore+2","construct:GuardCore+2","construct:GuardCore+2","construct:GuardCore+2","construct:GuardCore+2","construct:GuardCore+2","construct:GuardCore+2","construct:GuardCore+2","construct:GuardCore+2"],"relics":["construct:ClockworkPhoenix","Molten Egg 2","Toxic Egg 2","Frozen Egg 2","StoneCalendar","Du-Vu Doll","Bronze Scales","White Beast Statue","Lantern","Torii","construct:RocketBooster","Matryoshka","Philosopher\u0027s Stone","WingedGreaves","Sozu","Coffee Dripper","Question Card","Tiny Chest","Mercury Hourglass","Juzu Bracelet","TungstenRod","Fusion Hammer","Toy Ornithopter","Bottled Lightning","PreservedInsect","Shuriken","Boot","HornCleat","The Courier","CaptainsWheel","OrangePellets","Gremlin Horn","Orichalcum","Kunai","Pantograph","Medical Kit"],"acts_visited":["Exordium","TheCity","TheBeyond","TheEnding"],"potions_floor_usage":[55],"damage_taken":[{"damage":10.0,"enemies":"Cultist","floor":1.0,"turns":4.0},{"damage":0.0,"enemies":"Jaw Worm","floor":2.0,"turns":1.0},{"damage":0.0,"enemies":"Small Slimes","floor":4.0,"turns":1.0},{"damage":0.0,"enemies":"Lagavulin","floor":6.0,"turns":2.0},{"damage":0.0,"enemies":"Blue Slaver","floor":7.0,"turns":1.0},{"damage":0.0,"enemies":"3 Sentries","floor":10.0,"turns":1.0},{"damage":0.0,"enemies":"Gremlin Nob","floor":12.0,"turns":1.0},{"damage":0.0,"enemies":"Gremlin Gang","floor":13.0,"turns":1.0},{"damage":0.0,"enemies":"Red Slaver","floor":14.0,"turns":1.0},{"damage":0.0,"enemies":"Hexaghost","floor":16.0,"turns":2.0},{"damage":0.0,"enemies":"Chosen","floor":18.0,"turns":1.0},{"damage":0.0,"enemies":"Spheric Guardian","floor":21.0,"turns":2.0},{"damage":0.0,"enemies":"Snake Plant","floor":22.0,"turns":1.0},{"damage":0.0,"enemies":"Slavers","floor":23.0,"turns":1.0},{"damage":0.0,"enemies":"Cultist and Chosen","floor":24.0,"turns":2.0},{"damage":0,"enemies":"Book of Stabbing","floor":25,"turns":1},{"damage":0,"enemies":"Gremlin Leader","floor":27,"turns":1},{"damage":0,"enemies":"Snecko","floor":29,"turns":1},{"damage":0,"enemies":"Slavers","floor":30,"turns":1},{"damage":0,"enemies":"Collector","floor":33,"turns":2},{"damage":0,"enemies":"3 Shapes","floor":35,"turns":1},{"damage":0,"enemies":"Nemesis","floor":40,"turns":1},{"damage":0,"enemies":"3 Darklings","floor":41,"turns":1},{"damage":0,"enemies":"Giant Head","floor":42,"turns":1},{"damage":0,"enemies":"Writhing Mass","floor":45,"turns":1},{"damage":0,"enemies":"Nemesis","floor":46,"turns":1},{"damage":0,"enemies":"Reptomancer","floor":47,"turns":1},{"damage":0,"enemies":"Nemesis","floor":48,"turns":1},{"damage":0,"enemies":"Donu and Deca","floor":50,"turns":1},{"damage":0,"enemies":"Shield and Spear","floor":54,"turns":1},{"damage":0,"enemies":"The Heart","floor":55,"turns":3}],"seed_played":"-2375228870722119098","potions_obtained":[{"floor":4.0,"key":"Fruit Juice"},{"floor":12.0,"key":"Weak Potion"},{"floor":13.0,"key":"Block Potion"},{"floor":16.0,"key":"Block Potion"},{"floor":18.0,"key":"DistilledChaos"}],"is_trial":false,"path_per_floor":["M","M","?","M","$","E","M","T","T","E","R","E","M","M","R","B",null,"M","?","?","M","M","E","M","E","T","E","R","M","E","?","R","B",null,"M","?","?","T","$","E","M","E","T","R","M","E","E","E","R","B",null,"R","$","E","B",null],"character_chosen":"THE_CONSTRUCT_MOD","items_purchased":["PreservedInsect","OrangePellets","Gremlin Horn","Orichalcum","Kunai"],"campfire_rested":1,"item_purchase_floors":[39,53,53,53,53],"current_hp_per_floor":[75,75,63,68,68,68,68,68,68,68,68,68,68,68,90,90,90,90,90,90,90,90,90,90,90,90,90,90,90,90,90,90,90,90,90,90,90,90,90,90,90,90,90,90,90,90,90,90,90,90,90,90,90,90,90],"gold":174,"neow_bonus":"UPGRADE_CARD","is_daily":false,"chose_seed":false,"campfire_upgraded":0,"win_rate":0.0,"timestamp":1607957290,"path_taken":["M","?","?","M","$","E","M","?","T","E","R","E","M","M","R","BOSS","M","?","?","?","M","E","M","E","T","E","R","M","E","?","R","BOSS","M","?","?","?","$","E","M","E","T","R","M","E","E","E","R","BOSS","R","$","E","BOSS"],"items_purchased_type":["Relic","Relic","Relic","Relic","Relic"],"build_version":"2020-12-13","purchased_purges":0,"victory":true,"max_hp_per_floor":[85,85,85,90,90,90,90,90,90,90,90,90,90,90,90,90,90,90,90,90,90,90,90,90,90,90,90,90,90,90,90,90,90,90,90,90,90,90,90,90,90,90,90,90,90,90,90,90,90,90,90,90,90,90,90],"card_choices":[{"not_picked":["construct:ModeShift+1","construct:PowerUp+1","construct:ReactiveShield+1"],"picked":"SKIP","floor":1.0},{"not_picked":["construct:Reinforce+1","construct:ModeShift+1","construct:GuardCore+1"],"picked":"SKIP","floor":2.0},{"not_picked":["construct:MetalShell+1","construct:SweepLaser+1","construct:SaveState+1"],"picked":"SKIP","floor":4.0},{"not_picked":["construct:ChargeShot+1","construct:ClusterMines+1","construct:ShiftStrike+1"],"picked":"SKIP","floor":6.0},{"not_picked":["construct:ChargeShot+1","construct:ClusterMines+1","construct:ShiftStrike+1"],"picked":"SKIP","floor":6.0},{"not_picked":["construct:ChargeShot+1","construct:ClusterMines+1","construct:ShiftStrike+1"],"picked":"SKIP","floor":6.0},{"not_picked":["construct:ReactiveShield+1","construct:ModeShift+1","construct:Boost+1"],"picked":"SKIP","floor":7.0},{"not_picked":["construct:ReactiveShield+1","construct:ModeShift+1","construct:Boost+1"],"picked":"SKIP","floor":7.0},{"not_picked":["construct:ReactiveShield+1","construct:HardReboot+1","construct:Electrocute+1"],"picked":"SKIP","floor":10.0},{"not_picked":["construct:OneWayMirror+1","construct:PanicFire+1"],"picked":"construct:Boost+1","floor":12.0},{"not_picked":["construct:SaveState+1","construct:Analyze+1","construct:HeavyBolt+1"],"picked":"SKIP","floor":13.0},{"not_picked":["construct:SaveState+1","construct:Analyze+1","construct:HeavyBolt+1"],"picked":"SKIP","floor":13.0},{"not_picked":["construct:SuppressiveFire+1","construct:UnbalancingBlast+1","construct:FlameCore+1"],"picked":"SKIP","floor":14.0},{"not_picked":["construct:SuppressiveFire+1","construct:Versatility+1","construct:Autoturret+1"],"picked":"SKIP","floor":18.0},{"not_picked":["construct:Stasis+1","construct:Anticipate+1","construct:Antimatter+1"],"picked":"SKIP","floor":21.0},{"not_picked":["construct:ShiftStrike+1","construct:Accumulate+1","construct:FocusedBeam+1"],"picked":"SKIP","floor":22.0},{"not_picked":["construct:ShiftStrike+1","construct:Reinforce+1","construct:Reserves+1"],"picked":"SKIP","floor":23.0},{"not_picked":["construct:Accumulate+1","construct:ShiftGuard+1","construct:SuppressiveFire+1","construct:FocusedBeam+1"],"picked":"SKIP","floor":24},{"not_picked":["construct:Accumulate+1","construct:ShiftGuard+1","construct:SuppressiveFire+1","construct:FocusedBeam+1"],"picked":"SKIP","floor":24},{"not_picked":["construct:Versatility+1","construct:ModeShift+1","construct:ScrapCannon+1","construct:CriticalHit+1"],"picked":"SKIP","floor":25},{"not_picked":["construct:LaserCore+1","construct:VentSteam+1","construct:ClusterMines+1","construct:Overcharge+1"],"picked":"SKIP","floor":27},{"not_picked":["construct:FocusedBeam+1","construct:Failsafe+1","construct:ShiftStrike+1","construct:Backup+1"],"picked":"SKIP","floor":29},{"not_picked":["construct:OmegaCannon+1","construct:Zapper+1","construct:ShiftGuard+1","construct:FierceBash+1"],"picked":"SKIP","floor":30},{"not_picked":["construct:Dampening+1","construct:ScrapCannon+1","construct:Forcefield+1","construct:LaserCore+1"],"picked":"SKIP","floor":35},{"not_picked":["construct:CriticalHit+1","construct:Forcefield+1","construct:SweepLaser+1","construct:SyphonStrike+1"],"picked":"SKIP","floor":40},{"not_picked":["construct:ModeShift+1","construct:VentSteam+1","construct:Disrupt+1","construct:HeavyBolt+1"],"picked":"SKIP","floor":41},{"not_picked":["construct:FocusedBeam+1","construct:Analyze+1","construct:FlakBarrage+1","construct:SyphonStrike+1"],"picked":"SKIP","floor":42},{"not_picked":["construct:SweepLaser+1","construct:Enhance+1","construct:Boost+1","construct:Autoturret+1"],"picked":"SKIP","floor":45},{"not_picked":["construct:CripplingShot+1","construct:ModeShift+1","construct:FierceBash+1","construct:FocusedBeam+1"],"picked":"SKIP","floor":46},{"not_picked":["construct:LongRangeLance+1","construct:Autoturret+1","construct:ModeShift+1","construct:ForceCore+1"],"picked":"SKIP","floor":47},{"not_picked":["construct:ClusterMines+1","construct:FocusedBeam+1","construct:ModeShift+1","construct:ShiftStrike+1"],"picked":"SKIP","floor":48},{"not_picked":["construct:Failsafe+1","construct:Reserves+1","construct:ShiftGuard+1","construct:Accumulate+1"],"picked":"SKIP","floor":54}],"player_experience":232092,"relics_obtained":[{"floor":1.0,"key":"StoneCalendar"},{"floor":1.0,"key":"Du-Vu Doll"},{"floor":6.0,"key":"White Beast Statue"},{"floor":8.0,"key":"Torii"},{"floor":10.0,"key":"construct:RocketBooster"},{"floor":12.0,"key":"Matryoshka"},{"floor":23.0,"key":"Question Card"},{"floor":25,"key":"Tiny Chest"},{"floor":26,"key":"Mercury Hourglass"},{"floor":26,"key":"Juzu Bracelet"},{"floor":27,"key":"TungstenRod"},{"floor":30,"key":"construct:FoamFinger"},{"floor":38,"key":"Toy Ornithopter"},{"floor":42,"key":"Shuriken"},{"floor":43,"key":"Boot"},{"floor":46,"key":"HornCleat"},{"floor":47,"key":"The Courier"},{"floor":48,"key":"CaptainsWheel"},{"floor":54,"key":"Pantograph"}],"event_choices":[{"damage_healed":0.0,"max_hp_gain":0.0,"max_hp_loss":0.0,"gold_gain":0.0,"event_name":"Scrap Ooze","player_choice":"Success","floor":3.0,"gold_loss":0.0,"damage_taken":12.0,"relics_obtained":["Bronze Scales"]},{"damage_healed":0.0,"max_hp_gain":0.0,"max_hp_loss":0.0,"gold_gain":99.0,"event_name":"Nest","player_choice":"Stole From Cult","floor":19.0,"gold_loss":0.0,"damage_taken":0.0},{"damage_healed":0.0,"max_hp_gain":0.0,"max_hp_loss":0.0,"gold_gain":0.0,"event_name":"Transmorgrifier","player_choice":"Ignored","floor":20.0,"gold_loss":0.0,"damage_taken":0.0},{"damage_healed":0,"gold_gain":0,"player_choice":"Obtained Relic","damage_taken":0,"relics_obtained":["InkBottle"],"max_hp_gain":0,"max_hp_loss":0,"event_name":"Addict","floor":31,"gold_loss":85},{"damage_healed":0,"gold_gain":0,"player_choice":"Ignored","damage_taken":0,"max_hp_gain":0,"max_hp_loss":0,"event_name":"Accursed Blacksmith","floor":36,"gold_loss":0},{"damage_healed":0,"gold_gain":0,"player_choice":"Memory 1","damage_taken":0,"max_hp_gain":0,"max_hp_loss":0,"event_name":"SensoryStone","floor":37,"gold_loss":0}],"is_beta":false,"boss_relics":[{"not_picked":["Busted Crown","Empty Cage"],"picked":"Philosopher\u0027s Stone"},{"not_picked":["construct:ClawGrip","Coffee Dripper","Astrolabe"]}],"items_purged_floors":[],"is_endless":false,"potions_floor_spawned":[2,4,7,10,12,13,14,16,18,21,22,23,24,25,27,29,30,33,35,40,41,42,45,46,47,48,54],"ascension_level":1}}