{"host":"Krakhan","time":1607915044,"event":{"mods":["AchievementEnabler","BaseMod","Colored Map","Colored Powertips","Faster Ascension Climbing","Highlight Path","Minty Spire (QoL Compilation)","Rare Cards Sparkle","Relic Stats","StSLib"],"gold_per_floor":[115,132,132,146,160,160,160],"floor_reached":6,"playtime":590,"items_purged":[],"score":76,"play_id":"1c57418d-4123-4ae8-bcd0-e424751c3a88","local_time":"20201213220404","is_ascension_mode":true,"campfire_choices":[],"circlet_count":0,"master_deck":["AscendersBane","Strike_P","Strike_P","Strike_P","Strike_P","Defend_P","Defend_P","Defend_P","Defend_P","Eruption","Vigilance","Vault+1","CutThroughFate","BowlingBash","Consecrate","CrushJoints"],"relics":["PureWater"],"acts_visited":["Exordium"],"potions_floor_usage":[6,6],"damage_taken":[{"damage":10,"enemies":"Small Slimes","floor":1,"turns":6},{"damage":0,"enemies":"Cultist","floor":2,"turns":3},{"damage":0,"enemies":"2 Louse","floor":4,"turns":3},{"damage":8,"enemies":"Exordium Wildlife","floor":5,"turns":4},{"damage":66,"enemies":"Lagavulin","floor":6,"turns":8}],"seed_played":"-7417676910000625499","potions_obtained":[{"floor":2,"key":"Regen Potion"},{"floor":4,"key":"Dexterity Potion"}],"is_trial":false,"path_per_floor":["M","M","?","M","M","E"],"character_chosen":"WATCHER","items_purchased":[],"campfire_rested":0,"item_purchase_floors":[],"current_hp_per_floor":[51,51,51,51,43,0,0],"gold":160,"neow_bonus":"THREE_RARE_CARDS","is_daily":false,"chose_seed":false,"campfire_upgraded":0,"win_rate":0.0,"timestamp":1607915044,"path_taken":["M","M","?","?","M","E"],"items_purchased_type":[],"build_version":"2020-12-07","purchased_purges":0,"victory":false,"max_hp_per_floor":[62,62,62,62,62,62,62],"relic_stats":{"counters":[5,24],"obtain_stats":[{"PureWater":0},{"PureWater":0},{"PureWater":0}]},"card_choices":[{"not_picked":["DevaForm","MasterReality"],"picked":"Vault","floor":0},{"not_picked":["FollowUp","Halt"],"picked":"CutThroughFate","floor":1},{"not_picked":["Indignation","Nirvana"],"picked":"BowlingBash","floor":2},{"not_picked":["WindmillStrike","Wish"],"picked":"Consecrate","floor":4},{"not_picked":["Pray","Evaluate"],"picked":"CrushJoints","floor":5}],"player_experience":1199538,"relics_obtained":[],"event_choices":[{"damage_healed":0,"gold_gain":0,"player_choice":"Upgraded","damage_taken":0,"max_hp_gain":0,"max_hp_loss":0,"event_name":"Upgrade Shrine","floor":3,"gold_loss":0,"cards_upgraded":["Vault"]}],"is_beta":true,"boss_relics":[],"items_purged_floors":[],"is_endless":false,"potions_floor_spawned":[2,4],"killed_by":"Lagavulin","ascension_level":20}}