{"host":"ahm1xckyk38by41h","time":1607979534,"event":{"mods":["BaseMod","Best Route Mod","Colored Map","Colored Powertips","Downfall","Minty Spire (QoL Compilation)","Permanent Neow","StSLib"],"gold_per_floor":[99,114,139,139,151,163,163,195,45,59,59,159,159,169,188,188,188],"floor_reached":16,"playtime":1532,"items_purged":[],"score":112,"play_id":"36192361-cbe6-4328-aac6-043fadc88075","local_time":"20201214205854","is_ascension_mode":false,"campfire_choices":[{"data":"expansioncontent:QuickStudy","floor":1.0,"key":"SMITH"},{"floor":4.0,"key":"RECALL"},{"data":"hexamod:PowerFromBeyond","floor":9,"key":"SMITH"}],"circlet_count":0,"master_deck":["hexamod:Strike","hexamod:Strike","hexamod:Defend","hexamod:Defend","hexamod:Defend","hexamod:Defend","hexamod:Sear","hexamod:Float","expansioncontent:QuickStudy+1","hexamod:EtherealExpedition+1","hexamod:FlamesFromBeyond","hexamod:RadiantFlame+1","hexamod:PowerFromBeyond+1","hexamod:NightmareStrike","hexamod:RadiantFlame+1","hexamod:TimeOfNeed","hexamod:GhostShield","hexamod:HauntingEcho+1"],"relics":["hexamod:SpiritBrand","Frozen Egg 2","Orichalcum","Question Card","downfall:HeartBlessingRed","downfall:HeartBlessingGreen","Molten Egg 2"],"acts_visited":["Exordium"],"potions_floor_usage":[],"damage_taken":[{"damage":1.0,"enemies":"Cultist","floor":2.0,"turns":3.0},{"damage":9.0,"enemies":"Lagavulin","floor":3.0,"turns":4.0},{"damage":0.0,"enemies":"Jaw Worm","floor":5.0,"turns":2.0},{"damage":0.0,"enemies":"2 Louse","floor":6.0,"turns":2.0},{"damage":7,"enemies":"3 Sentries","floor":8,"turns":9},{"damage":8,"enemies":"Exordium Thugs","floor":10,"turns":4},{"damage":4,"enemies":"downfall:Heads","floor":12,"turns":4},{"damage":0,"enemies":"Red Slaver","floor":14,"turns":3},{"damage":4,"enemies":"Large Slime","floor":15,"turns":4},{"damage":36,"enemies":"downfall:Defect","floor":16,"turns":5}],"seed_played":"4945457571401893567","potions_obtained":[{"floor":5.0,"key":"sneckomod:MuddlingPotion"},{"floor":10,"key":"LiquidMemories"},{"floor":15,"key":"Strength Potion"}],"is_trial":false,"path_per_floor":["R","M","E","R","M","M","T","E","R","M","?","?","T","M","M","B"],"character_chosen":"THE_SPIRIT","items_purchased":[],"campfire_rested":0,"item_purchase_floors":[],"current_hp_per_floor":[63,62,53,53,53,53,53,46,46,38,43,39,39,39,35,0,0],"gold":188,"neow_bonus":"RANDOM_COLORLESS_2","is_daily":false,"chose_seed":false,"campfire_upgraded":2,"win_rate":0.0,"timestamp":1607979534,"path_taken":["R","M","E","R","M","M","T","E","R","?","?","?","?","M","M","BOSS"],"items_purchased_type":[],"build_version":"2020-12-13","purchased_purges":0,"victory":false,"max_hp_per_floor":[63,63,63,63,63,63,63,63,63,63,68,68,68,68,68,68,68],"card_choices":[{"not_picked":["Master of Strategy","Panache"],"picked":"expansioncontent:QuickStudy","floor":0.0},{"not_picked":["hexamod:HauntingEcho","hexamod:Hexaguard"],"picked":"hexamod:EtherealExpedition","floor":2.0},{"not_picked":["hexamod:FastForward","hexamod:SkipABeat"],"picked":"hexamod:FlamesFromBeyond","floor":3.0},{"not_picked":["hexamod:Firestarter","hexamod:ShieldOfDarkness","hexamod:FlamesFromBeyond"],"picked":"SKIP","floor":5.0},{"not_picked":["hexamod:SpectersWail","hexamod:RainOfEmbers"],"picked":"hexamod:RadiantFlame+1","floor":6.0},{"not_picked":["hexamod:AdvancingGuard","hexamod:SoulSteal"],"picked":"hexamod:PowerFromBeyond","floor":8},{"not_picked":["hexamod:ThermalTransfer","hexamod:HauntingEcho","hexamod:BacktrackSmack"],"picked":"hexamod:NightmareStrike","floor":10},{"not_picked":["hexamod:GhostShield","hexamod:FlamesFromBeyond","hexamod:PowerFromBeyond"],"picked":"hexamod:RadiantFlame+1","floor":12},{"not_picked":["hexamod:CatchUp","hexamod:Firestarter+1","hexamod:SkipABeat"],"picked":"hexamod:GhostShield","floor":14},{"not_picked":["hexamod:BurningTouch","hexamod:GhostShield","hexamod:ShieldOfDarkness"],"picked":"hexamod:HauntingEcho+1","floor":15}],"player_experience":397565,"relics_obtained":[{"floor":3.0,"key":"Frozen Egg 2"},{"floor":7.0,"key":"Orichalcum"},{"floor":8,"key":"Question Card"},{"floor":13,"key":"Molten Egg 2"}],"event_choices":[{"damage_healed":0,"gold_gain":0,"player_choice":"Donut","damage_taken":0,"max_hp_gain":5,"max_hp_loss":0,"event_name":"Big Fish","floor":11,"gold_loss":0}],"is_beta":false,"boss_relics":[],"items_purged_floors":[],"is_endless":false,"potions_floor_spawned":[5,10,15],"killed_by":"downfall:Defect","ascension_level":0}}