{"host":"ctlqibkg0sskiu65","time":1607951727,"event":{"mods":["2.2 Compatiblity","AchievementEnabler","Aspiration","BaseMod","BetterRewards","Colored Map","Colored Powertips","Conspire","Fiend Mod","Infinite Spire","Minty Spire (QoL Compilation)","Quick Restart","Replay The Spire","Shop Mod","StSLib","The Bladedancer","The Cursed","The Hierophant","The Jungle","The Kombatant","The Servant 0.9.4","TheBandit"],"gold_per_floor":[116,191,191,39,52,52,87,102,156,136,210,13,13,84,84,182,182,193,193,193,95,115,115,126,126,198,211,227,256,256,269,269,371,371,382,399,309,326,106,106,120,120,120,120,170,170,170,184,184,184],"floor_reached":51,"playtime":3758,"items_purged":["Strike_G","Strike_G"],"score":732,"play_id":"561b5f94-3a7e-4434-b432-bdfac8c5d23b","local_time":"20201214071527","is_ascension_mode":true,"campfire_choices":[{"data":"Neutralize","floor":6.0,"key":"SMITH"},{"data":"Survivor","floor":15.0,"key":"SMITH"},{"data":"Dagger Spray","floor":23.0,"key":"SMITH"},{"floor":25.0,"key":"REST"},{"floor":32.0,"key":"REST"},{"data":"infinitespire:SevenWalls","floor":40.0,"key":"SMITH"},{"data":"Dagger Spray","floor":42.0,"key":"SMITH"},{"data":"Envenom","floor":44.0,"key":"SMITH"},{"data":"infinitespire:Starlight","floor":47.0,"key":"SMITH"},{"data":"Sucker Punch","floor":49,"key":"SMITH"}],"circlet_count":0,"master_deck":["Strike_G","Defend_G+1","Defend_G+1","Defend_G+1","Defend_G+1","Defend_G+1","Survivor+1","Neutralize+1","Terror+1","Noxious Fumes","Replay:Poison Smokescreen","Deadly Poison","Envenom+1","Dagger Spray+1","Deadly Poison","Dagger Spray+1","Prepared+1","Deflect+1","Blade Dance","infinitespire:SevenWalls+1","Corpse Explosion","Deflect+1","Slice+1","Toxin Wave+1","Backstab","Prepared+1","Sucker Punch+1","Poisoned Stab+1","infinitespire:Starlight+1","Backflip+1"],"relics":["Ring of the Snake","Replay:Bottled Eggs","MealTicket","Orichalcum","Pear","Lee\u0027s Waffle","Empty Cage","MutagenicStrength","Pantograph","Pet Ghost","conspire:TreasureMap","Sozu","infinitespire:BottledMercury","conspire:GlowingRock","Toolbox"],"acts_visited":["Exordium","TheCity","TheBeyond"],"potions_floor_usage":[],"damage_taken":[{"damage":1.0,"enemies":"2 Louse","floor":1.0,"turns":4.0},{"damage":3.0,"enemies":"Jaw Worm","floor":5.0,"turns":6.0},{"damage":9.0,"enemies":"Gremlin Nob","floor":7.0,"turns":5.0},{"damage":0.0,"enemies":"Cultist","floor":8.0,"turns":4.0},{"damage":4.0,"enemies":"Exordium Thugs","floor":10.0,"turns":5.0},{"damage":13.0,"enemies":"Hexaghost","floor":16.0,"turns":9.0},{"damage":10.0,"enemies":"Spheric Guardian","floor":18.0,"turns":5.0},{"damage":3.0,"enemies":"2 Thieves","floor":22.0,"turns":5.0},{"damage":29.0,"enemies":"Snake Plant","floor":24.0,"turns":6.0},{"damage":48.0,"enemies":"3 Cultists","floor":27.0,"turns":6.0},{"damage":0.0,"enemies":"Centurion and Healer","floor":28.0,"turns":4.0},{"damage":29.0,"enemies":"Gremlin Leader","floor":29.0,"turns":8.0},{"damage":18.0,"enemies":"Snake Plant","floor":31.0,"turns":5.0},{"damage":72.0,"enemies":"Collector","floor":33.0,"turns":7.0},{"damage":4.0,"enemies":"3 Shapes","floor":35.0,"turns":5.0},{"damage":0.0,"enemies":"Orb Walker","floor":36.0,"turns":3.0},{"damage":4.0,"enemies":"Jaw Worm Horde","floor":38.0,"turns":2.0},{"damage":8.0,"enemies":"Writhing Mass","floor":41.0,"turns":6.0},{"damage":0.0,"enemies":"Mind Bloom Boss Battle","floor":45.0,"turns":6.0},{"damage":10,"enemies":"3 Darklings","floor":48,"turns":3},{"damage":79,"enemies":"Awakened One","floor":50,"turns":15}],"seed_played":"-6132593595301038585","potions_obtained":[{"floor":1.0,"key":"DuplicationPotion"},{"floor":14.0,"key":"FairyPotion"},{"floor":14.0,"key":"Venom Potion"},{"floor":14.0,"key":"LiquidMemories"},{"floor":16.0,"key":"Explosive Potion"},{"floor":18.0,"key":"Flashbang"},{"floor":22.0,"key":"Death Potion"},{"floor":27.0,"key":"Fire Potion"}],"is_trial":false,"path_per_floor":["M","?","T","$","M","R","E","M","T","M","T","$","?","?","R","B",null,"M","?","?","$","M","R","M","R","T","M","M","E","AVR","M","R","B",null,"M","M","?","M","$","R","M","R","T","R","?","AVR","R","M","R","B",null],"character_chosen":"THE_SILENT","items_purchased":["Noxious Fumes","Deadly Poison","Lee\u0027s Waffle","Deadly Poison","Dagger Spray","Backstab","Prepared+1"],"campfire_rested":2,"item_purchase_floors":[4,12,12,21,21,39,39],"current_hp_per_floor":[76,65,65,65,62,62,53,53,53,49,59,94,94,94,94,81,94,84,84,89,94,91,91,62,90,90,42,42,13,13,28,56,9,94,90,90,90,86,94,94,86,86,86,86,94,94,94,84,84,30],"gold":184,"neow_bonus":"TEN_PERCENT_HP_BONUS","is_daily":false,"chose_seed":false,"campfire_upgraded":8,"win_rate":0.0,"timestamp":1607951727,"path_taken":["M","?","?","$","M","R","E","M","T","?","?","$","?","?","R","BOSS","M","?","?","$","M","R","M","R","T","M","?","E","AVR","M","R","BOSS","M","M","?","?","$","R","M","R","T","R","?","AVR","R","M","R","BOSS"],"items_purchased_type":["Card","Card","Relic","Card","Card","Card","Card"],"build_version":"2020-12-13","purchased_purges":2,"victory":true,"max_hp_per_floor":[77,77,77,77,77,77,77,77,77,77,87,94,94,94,94,94,94,94,94,94,94,94,94,94,94,94,94,94,94,94,94,94,94,94,94,94,94,94,94,94,94,94,94,94,94,94,94,94,94,94],"card_choices":[{"not_picked":["Cloak And Dagger","Backflip"],"picked":"Terror","floor":1.0},{"not_picked":["Masterful Stab","ReplayTheSpireMod:Exploit Weakness","Slice"],"picked":"SKIP","floor":5.0},{"not_picked":["Deflect","Backstab"],"picked":"Replay:Poison Smokescreen","floor":7.0},{"not_picked":["Backflip","Choke","Flying Knee"],"picked":"SKIP","floor":8.0},{"not_picked":["Acrobatics","Quick Slash","Outmaneuver"],"picked":"SKIP","floor":10.0},{"not_picked":["Terror","All Out Attack"],"picked":"Sucker Punch","floor":14.0},{"not_picked":["Unload","Venomology"],"picked":"Envenom","floor":16.0},{"not_picked":["Backflip","Acrobatics+1"],"picked":"Dagger Spray","floor":18.0},{"not_picked":["Predator","Masterful Stab"],"picked":"Prepared+1","floor":22.0},{"not_picked":["Footwork","Eviscerate+1"],"picked":"Deflect+1","floor":24.0},{"not_picked":["Flechettes","Expertise","Reflex"],"picked":"SKIP","floor":27.0},{"not_picked":["Riddle With Holes","Underhanded Strike","Dodge and Roll"],"picked":"SKIP","floor":28.0},{"not_picked":["Dagger Throw","Slice"],"picked":"Blade Dance","floor":29.0},{"not_picked":["Backflip","Glass Knife","Deflect"],"picked":"SKIP","floor":31.0},{"not_picked":["Wraith Form v2","Doppelganger"],"picked":"Corpse Explosion","floor":33.0},{"not_picked":["Leg Sweep+1","Poisoned Stab"],"picked":"Deflect+1","floor":35.0},{"not_picked":["Deflect","Sneak Up+1"],"picked":"Slice+1","floor":36.0},{"not_picked":["Deflect+1","ReplayTheSpireMod:Exploit Weakness+1"],"picked":"Toxin Wave+1","floor":38.0},{"not_picked":["Fluid Movement","Blade Dance"],"picked":"Sucker Punch","floor":41.0},{"not_picked":["Unload","ReplayTheSpireMod:Exploit Weakness"],"picked":"Poisoned Stab+1","floor":45.0},{"not_picked":["Poisoned Stab+1","Leg Sweep+1"],"picked":"Backflip+1","floor":48}],"player_experience":131063,"relics_obtained":[{"floor":3.0,"key":"Replay:Bottled Eggs"},{"floor":7.0,"key":"MealTicket"},{"floor":9.0,"key":"Orichalcum"},{"floor":11.0,"key":"Pear"},{"floor":26.0,"key":"Pantograph"},{"floor":29.0,"key":"Pet Ghost"},{"floor":43.0,"key":"infinitespire:BottledMercury"},{"floor":45.0,"key":"conspire:GlowingRock"}],"event_choices":[{"damage_healed":0.0,"max_hp_gain":0.0,"max_hp_loss":0.0,"gold_gain":75.0,"event_name":"World of Goop","player_choice":"Gather Gold","floor":2.0,"gold_loss":0.0,"damage_taken":11.0},{"damage_healed":0.0,"max_hp_gain":0.0,"max_hp_loss":0.0,"gold_gain":0.0,"event_name":"conspire:Investor","player_choice":"Leave","floor":13.0,"gold_loss":0.0,"damage_taken":0.0},{"damage_healed":0.0,"max_hp_gain":0.0,"max_hp_loss":0.0,"gold_gain":0.0,"event_name":"Drug Dealer","player_choice":"Inject Mutagens","floor":19.0,"gold_loss":0.0,"damage_taken":0.0,"relics_obtained":["MutagenicStrength"]},{"cards_removed":["Sucker Punch"],"damage_healed":5.0,"max_hp_gain":0.0,"max_hp_loss":0.0,"gold_gain":0.0,"event_name":"Bonfire Elementals","player_choice":"Offered Common","floor":20.0,"gold_loss":0.0,"damage_taken":0.0},{"cards_removed":["Sucker Punch"],"damage_healed":5.0,"max_hp_gain":0.0,"max_hp_loss":0.0,"gold_gain":0.0,"event_name":"Bonfire Elementals","player_choice":"Offered Special","floor":20.0,"gold_loss":0.0,"damage_taken":0.0},{"cards_removed":["Strike_G"],"damage_healed":0.0,"max_hp_gain":0.0,"max_hp_loss":0.0,"gold_gain":0.0,"event_name":"Designer","player_choice":"Upgrade and Remove","floor":37.0,"gold_loss":90.0,"damage_taken":0.0,"cards_upgraded":["Terror"]},{"damage_healed":0.0,"max_hp_gain":0.0,"max_hp_loss":0.0,"gold_gain":0.0,"event_name":"MindBloom","player_choice":"Fight","floor":45.0,"gold_loss":0.0,"damage_taken":0.0}],"is_beta":false,"boss_relics":[{"not_picked":["Fiend:Scarf","Coffee Dripper"],"picked":"Empty Cage"},{"not_picked":["Replay:Drink Me","ChewingGum"],"picked":"Sozu"}],"items_purged_floors":[4,39],"is_endless":false,"potions_floor_spawned":[1,16,18,22,27,45,48],"ascension_level":3}}