{"host":"o2evyl5sbrgotc3u","time":1607957260,"event":{"mods":["AchievementEnabler","BaseMod","Colored Map","DeckTracker","Faster Ascension Climbing","Keyboard Shortcuts","Minty Spire (QoL Compilation)","Permanent Neow","Quick Restart","Relic Stats","StSLib","SuperFastMode","everything is the same but u backflip on backflip"],"gold_per_floor":[10,23,23,41,102,135,185,211,262,153,153,215,232,249,249,249,249],"floor_reached":16,"playtime":379,"items_purged":["Zap"],"score":137,"play_id":"23167f52-8d21-4bad-89af-2e147b44ee03","local_time":"20201214234740","is_ascension_mode":true,"campfire_choices":[{"data":"Reprogram","floor":11,"key":"SMITH"},{"data":"Fusion","floor":15,"key":"SMITH"}],"circlet_count":0,"master_deck":["Strike_B","Strike_B","Strike_B","Strike_B","Defend_B","Defend_B","Defend_B","Defend_B","Dualcast","Scrape","Ball Lightning","Conserve Battery","Reprogram+1","Undo","Fusion+1","Sunder"],"relics":["Cracked Core","Bird Faced Urn","SsserpentHead","DataDisk","Kunai"],"acts_visited":["Exordium"],"potions_floor_usage":[6,8],"damage_taken":[{"damage":2,"enemies":"Jaw Worm","floor":1,"turns":4},{"damage":1,"enemies":"Cultist","floor":2,"turns":3},{"damage":11,"enemies":"Small Slimes","floor":4,"turns":4},{"damage":9,"enemies":"Red Slaver","floor":5,"turns":3},{"damage":16,"enemies":"Gremlin Nob","floor":6,"turns":3},{"damage":8,"enemies":"3 Sentries","floor":8,"turns":4},{"damage":0,"enemies":"Large Slime","floor":12,"turns":5},{"damage":13,"enemies":"Lots of Slimes","floor":13,"turns":6},{"damage":0,"enemies":"Looter","floor":14,"turns":3},{"damage":0,"enemies":"Hexaghost","floor":16,"turns":1}],"seed_played":"6371097949290245616","potions_obtained":[{"floor":1,"key":"Regen Potion"},{"floor":5,"key":"DuplicationPotion"},{"floor":6,"key":"Explosive Potion"},{"floor":7,"key":"PotionOfCapacity"},{"floor":12,"key":"Swift Potion"}],"is_trial":false,"path_per_floor":["M","M","?","M","M","E","?","E","T","$","R","M","M","M","R","B"],"character_chosen":"DEFECT","items_purchased":["Undo"],"campfire_rested":0,"item_purchase_floors":[10],"current_hp_per_floor":[73,72,72,61,52,36,36,28,28,28,28,28,15,15,15,15,15],"gold":249,"neow_bonus":"ONE_RARE_RELIC","is_daily":false,"chose_seed":false,"campfire_upgraded":2,"win_rate":0.0,"timestamp":1607957260,"path_taken":["M","M","?","M","?","E","?","E","T","$","R","?","M","M","R","BOSS"],"items_purchased_type":["Card"],"build_version":"2020-12-13","purchased_purges":1,"victory":false,"max_hp_per_floor":[75,75,75,75,75,75,75,75,75,75,75,75,75,75,75,75,75],"relic_stats":{"SsserpentHead":150,"counters":[10,35],"Bird Faced Urn":[0],"Kunai":[3],"obtain_stats":[{"SsserpentHead":3,"DataDisk":6,"Bird Faced Urn":0,"Kunai":8,"Cracked Core":0},{"SsserpentHead":2,"DataDisk":5,"Bird Faced Urn":0,"Kunai":6,"Cracked Core":0},{"SsserpentHead":7,"DataDisk":17,"Bird Faced Urn":0,"Kunai":21,"Cracked Core":0}]},"card_choices":[{"not_picked":["Stack","Force Field","Redo"],"picked":"SKIP","floor":1},{"not_picked":["Leap","BootSequence"],"picked":"Scrape","floor":2},{"not_picked":["Rebound","Streamline"],"picked":"Ball Lightning","floor":4},{"not_picked":["Darkness","Rip and Tear","Stack"],"picked":"SKIP","floor":5},{"not_picked":["Go for the Eyes","Scrape"],"picked":"Conserve Battery","floor":6},{"not_picked":["Sweeping Beam","Machine Learning"],"picked":"Reprogram","floor":8},{"not_picked":["Cold Snap","Streamline"],"picked":"Fusion","floor":12},{"not_picked":["Melter","Aggregate","Consume"],"picked":"SKIP","floor":13},{"not_picked":["Stack","Melter"],"picked":"Sunder","floor":14}],"player_experience":279529,"relics_obtained":[{"floor":6,"key":"DataDisk"},{"floor":8,"key":"Kunai"}],"event_choices":[{"damage_healed":0,"gold_gain":0,"player_choice":"Trade","damage_taken":0,"relics_obtained":["SsserpentHead"],"max_hp_gain":0,"max_hp_loss":0,"event_name":"FaceTrader","floor":3,"gold_loss":0},{"damage_healed":0,"gold_gain":0,"player_choice":"Got Potions","damage_taken":0,"max_hp_gain":0,"max_hp_loss":0,"event_name":"Lab","floor":7,"gold_loss":0}],"is_beta":false,"boss_relics":[],"items_purged_floors":[10],"is_endless":false,"potions_floor_spawned":[1,5,6,12,13],"killed_by":"Hexaghost","ascension_level":4}}