{"host":"4ugtdcdg2eymglhf","time":1607908181,"event":{"mods":["Aspiration","BaseMod","BetterRewards","Hubris","Infinite Spire","Minty Spire (QoL Compilation)","Replay The Spire","StSLib","The Jungle","The Necromancer"],"gold_per_floor":[114,39,39,39,54,84,99,99,124,139,154,154,169,184,184,184,184],"floor_reached":16,"playtime":905,"items_purged":["Defend_B"],"score":104,"play_id":"49f85b3b-e2bc-48ba-a7cf-b5b88447fd64","local_time":"20201213170941","daily_mods":["Cursed Run","Diverse","DeadlyEvents"],"is_ascension_mode":false,"campfire_choices":[{"data":"Summon_Vampire_Lady","floor":8,"key":"SMITH"},{"data":"Hemogenesis","floor":15,"key":"SMITH"}],"circlet_count":0,"master_deck":["Strike_B","Strike_B","Strike_B","Strike_B","Defend_B","Defend_B","Defend_B","Zap","Dualcast","White Noise","Looming Evil","Replay:BluntJabs","Barrage","Summon_Vampire_Lady+1","Sickly","Consume_Illness","Deaths_Shadow","Epidemic","Hemogenesis+1"],"relics":["Cursed Key","Darkstone Periapt","Du-Vu Doll","Ring of Panic","Ring of Peace","Bag of Marbles","ReplayTheSpireMod:TigerMarble"],"acts_visited":[],"potions_floor_usage":[6,16,16],"damage_taken":[{"damage":1,"enemies":"Cultist","floor":1,"turns":4},{"damage":2,"enemies":"Small Slimes","floor":5,"turns":3},{"damage":29,"enemies":"Gremlin Nob","floor":6,"turns":5},{"damage":0,"enemies":"2 Louse","floor":7,"turns":3},{"damage":11,"enemies":"Gremlin Gang","floor":10,"turns":4},{"damage":0,"enemies":"2 Fungi Beasts","floor":11,"turns":3},{"damage":0,"enemies":"Blue Slaver","floor":13,"turns":2},{"damage":8,"enemies":"3 Louse","floor":14,"turns":3},{"damage":66,"enemies":"The Guardian","floor":16,"turns":10}],"seed_played":"1880613833527945180","potions_obtained":[{"floor":5,"key":"PowerPotion"},{"floor":10,"key":"SpeedPotion"},{"floor":14,"key":"Weak Potion"}],"is_trial":false,"path_per_floor":["M","$","?","$","M","E","M","R","T","M","M","?","M","M","R","B"],"character_chosen":"DEFECT","items_purchased":[],"campfire_rested":0,"item_purchase_floors":[],"current_hp_per_floor":[74,74,80,80,78,49,49,49,55,44,47,47,47,42,42,0,0],"gold":184,"neow_bonus":"","is_daily":true,"chose_seed":false,"campfire_upgraded":2,"win_rate":0.0,"timestamp":1607908181,"path_taken":["M","?","?","$","M","E","M","R","T","M","M","?","M","M","R","BOSS"],"items_purchased_type":[],"build_version":"2020-12-13","purchased_purges":1,"victory":false,"max_hp_per_floor":[75,75,81,81,81,81,81,81,87,87,87,87,87,87,87,87,87],"card_choices":[{"not_picked":["Bone_Spikes","Replay:Undeath\u0027s Touch"],"picked":"White Noise","floor":1},{"not_picked":["Crippling Poison","Hidden Blade"],"picked":"Replay:BluntJabs","floor":5},{"not_picked":["Blood_Curse","PiercingWail"],"picked":"Barrage","floor":6},{"not_picked":["Conserve Battery","Turbo"],"picked":"Summon_Vampire_Lady","floor":7},{"not_picked":["FollowUp","Rupture"],"picked":"Consume_Illness","floor":10},{"not_picked":["Hologram","Bone_Armory"],"picked":"Deaths_Shadow","floor":11},{"not_picked":["Cloak And Dagger","Sweeping Beam","ReplayTheSpireMod:GoodbyeWorld"],"picked":"SKIP","floor":13},{"not_picked":["PathToVictory","BowlingBash"],"picked":"Hemogenesis","floor":14}],"player_experience":325788,"relics_obtained":[{"floor":3,"key":"Ring of Panic"},{"floor":3,"key":"Ring of Peace"},{"floor":6,"key":"Bag of Marbles"},{"floor":9,"key":"ReplayTheSpireMod:TigerMarble"}],"event_choices":[{"damage_healed":0,"gold_gain":0,"player_choice":"1 cards matched","damage_taken":0,"max_hp_gain":0,"max_hp_loss":0,"event_name":"Match and Keep!","floor":12,"gold_loss":0,"cards_obtained":["Epidemic"]}],"is_beta":false,"boss_relics":[],"items_purged_floors":[2],"is_endless":false,"potions_floor_spawned":[5,10,14],"killed_by":"The Guardian","ascension_level":0}}