{"host":"3omna1v4kuj0u9pv","time":1607927611,"event":{"mods":["AchievementEnabler","Act Like it!","Aspiration","BaseMod","Better Altar","Better Match","Better Note","Better Sensory Stone","Better Skull","Better Third Choice","Better Vampires","BetterRewards","CCEM","CapriCore","Conspire","Curses Come First","Displayed Cursed Tome","Downfall","Halation","Hallownest","Hubris","Infinite Spire","Marisa????????","Minty Spire (QoL Compilation)","Permanent Neow","Rare Cards Sparkle","Replay The Spire","Shop Mod","Spicy Shops","StSLib","The Animator","The Bug Knight","Transform Curses"],"gold_per_floor":[118,118,134,148,174,174,199,199,225,225,271,320,320,335,335,463,463,512,527,14,14,14,14,77,77,103,28,61,61,78,38,38,138,138,148,158,168,168,202,202,202],"floor_reached":40,"playtime":2758,"items_purged":["Overencumbered","WitchOfGreed"],"score":418,"play_id":"9629d9a4-3ff9-4b0d-a04d-eeb1736ffda9","local_time":"20201214163331","is_ascension_mode":false,"campfire_choices":[{"floor":6,"key":"REST"},{"data":"UpSweep","floor":10,"key":"SMITH"},{"floor":13,"key":"REST"},{"floor":15,"key":"REST"},{"floor":23,"key":"REST"},{"floor":23,"key":"RECALL"},{"floor":25,"key":"REST"},{"data":"DC","floor":25,"key":"SMITH"},{"floor":32,"key":"REST"},{"data":"hexamod:SoulSteal","floor":32,"key":"SMITH"}],"circlet_count":0,"master_deck":["Strike_MRS","Strike_MRS","Strike_MRS","Strike_MRS","Defend_MRS+1","Defend_MRS","Defend_MRS","Defend_MRS","MasterSpark","UpSweep+1","DC+1","PowerUp","WitchOfGreed","SporeBomb","DoubleSpark","ChargeUpSpray","TreasureHunter","NonDirectionalLaser","PowerUp+1","Backstab","NonDirectionalLaser","WitchLeyline+1","hexamod:SoulSteal+1","Creative AI","animator:Priestess","Dodge and Roll+1"],"relics":["MiniHakkero","hubris:Spice","Onion Ring","infinitespire:Magic Flask","Blue Doll","Toy Ornithopter","PrismaticShard","RampagingMagicTools","conspire:SpecialSausage"],"acts_visited":["Exordium","TheCity","TheBeyond"],"potions_floor_usage":[12,16,33,33],"damage_taken":[{"damage":0,"enemies":"2 Louse","floor":1,"turns":2},{"damage":1,"enemies":"Cultist","floor":3,"turns":3},{"damage":5,"enemies":"conspire:RoseBush","floor":4,"turns":2},{"damage":7,"enemies":"Exordium Thugs","floor":5,"turns":4},{"damage":16,"enemies":"Lagavulin","floor":7,"turns":5},{"damage":33,"enemies":"Large Slime","floor":11,"turns":8},{"damage":15,"enemies":"Replay:BlueRogue","floor":12,"turns":4},{"damage":1,"enemies":"Red Slaver","floor":14,"turns":2},{"damage":32,"enemies":"Hexaghost","floor":16,"turns":8},{"damage":27,"enemies":"Shell Parasite","floor":18,"turns":4},{"damage":0,"enemies":"Chosen","floor":19,"turns":3},{"damage":47,"enemies":"Book of Stabbing","floor":24,"turns":5},{"damage":0,"enemies":"Snake Plant","floor":28,"turns":2},{"damage":8,"enemies":"Chosen and Byrds","floor":30,"turns":3},{"damage":42,"enemies":"hubris:MusketHawk","floor":33,"turns":5},{"damage":6,"enemies":"3 Shapes","floor":35,"turns":2},{"damage":0,"enemies":"Orb Walker","floor":36,"turns":2},{"damage":0,"enemies":"Sphere and 2 Shapes","floor":37,"turns":2},{"damage":33,"enemies":"Maw","floor":39,"turns":5},{"damage":48,"enemies":"Reptomancer","floor":40,"turns":2}],"seed_played":"-917040295323713612","potions_obtained":[{"floor":1,"key":"SpeedPotion"},{"floor":3,"key":"champ:CounterPotion"},{"floor":5,"key":"Adrenaline Potion"},{"floor":7,"key":"PowerPotion"},{"floor":11,"key":"champ:CounterPotion"},{"floor":19,"key":"sneckomod:MuddlingPotion"},{"floor":24,"key":"BlessingOfTheForge"},{"floor":28,"key":"Venom Potion"},{"floor":33,"key":"EssenceOfSteel"},{"floor":36,"key":"Energy Potion"},{"floor":39,"key":"Weak Potion"}],"is_trial":false,"path_per_floor":["M","?","M","M","M","R","E","?","T","R","M","E","R","M","R","B",null,"M","M","$","?","$","R","E","R","T","$","M","?","M","?","R","B",null,"M","M","M","AVR","M","E"],"character_chosen":"MARISA","items_purchased":["PowerUp","infinitespire:Magic Flask","Blue Doll"],"campfire_rested":6,"item_purchase_floors":[20,20,20],"current_hp_per_floor":[83,83,82,77,70,83,75,75,75,75,42,27,54,53,80,48,83,56,56,56,56,56,75,28,50,50,50,50,42,34,34,54,22,67,61,61,61,61,28,0,0],"gold":202,"neow_bonus":"ONE_RARE_RELIC","is_daily":false,"chose_seed":false,"campfire_upgraded":3,"win_rate":0.0,"timestamp":1607927611,"path_taken":["M","?","?","M","M","R","E","?","T","R","M","E","R","M","R","BOSS","M","M","$","?","?","R","E","R","T","$","M","?","M","?","R","BOSS","M","M","M","AVR","M","E"],"items_purchased_type":["Card","Relic","Relic"],"build_version":"2020-12-13","purchased_purges":2,"victory":false,"max_hp_per_floor":[83,83,83,83,83,83,91,91,91,91,91,91,91,91,91,91,83,75,75,75,75,75,75,75,75,67,67,67,67,67,67,67,67,67,67,67,67,67,67,67,67],"card_choices":[{"not_picked":["Acceleration","ShootingEcho"],"picked":"DC","floor":1},{"not_picked":["GrandCross","EarthLightRay"],"picked":"PowerUp","floor":3},{"not_picked":["DragonMeteor","WitchLeyline"],"picked":"WitchOfGreed","floor":4},{"not_picked":["AbsoluteMagnitude","ManaConvection"],"picked":"SporeBomb","floor":5},{"not_picked":["EventHorizon","Singularity"],"picked":"WitchOfGreed","floor":7},{"not_picked":["6A","SporeBomb"],"picked":"DoubleSpark","floor":11},{"not_picked":["ShootingEcho","Acceleration","IllusionStar"],"picked":"SKIP","floor":12},{"not_picked":["ShootingEcho","GravityBeat"],"picked":"ChargeUpSpray","floor":14},{"not_picked":["ManaRampage","EscapeVelocity"],"picked":"TreasureHunter","floor":16},{"not_picked":["MilkyWay","GalacticHalo"],"picked":"hubris:SpiceAddiction","floor":18},{"not_picked":["hubris:SpiceAddiction","LuminesStrike"],"picked":"NonDirectionalLaser","floor":19},{"not_picked":["MysteriousBeam","6A","JA"],"picked":"SKIP","floor":24},{"not_picked":["hubris:SpiceAddiction","Occultation"],"picked":"NonDirectionalLaser","floor":28},{"not_picked":["LuminesStrike","DC+1"],"picked":"WitchLeyline+1","floor":29},{"not_picked":["hexamod:HeatCrush+1","conspire:SharedLibrary+1"],"picked":"hexamod:SoulSteal","floor":30},{"not_picked":["All For One","Multi-Cast"],"picked":"Creative AI","floor":33},{"not_picked":["hexamod:BacktrackSmack","expansioncontent:SlimeTackle"],"picked":"animator:Priestess","floor":35},{"not_picked":["hubris:SpiceAddiction","Loop","Replay:Sssssssssstrike+1"],"picked":"SKIP","floor":36},{"not_picked":["Ball Lightning","champ:DeathBlow+1","Replay:Poison Smokescreen+1"],"picked":"SKIP","floor":37},{"not_picked":["True Grit+1","champ:BladeFlurry"],"picked":"Dodge and Roll+1","floor":39}],"player_experience":141788,"relics_obtained":[{"floor":7,"key":"hubris:Spice"},{"floor":12,"key":"Onion Ring"},{"floor":24,"key":"Toy Ornithopter"},{"floor":26,"key":"hubris:Spice"},{"floor":29,"key":"PrismaticShard"}],"event_choices":[{"damage_healed":0,"gold_gain":0,"player_choice":"Bought 0 Potions","damage_taken":0,"max_hp_gain":0,"max_hp_loss":0,"event_name":"The Woman in Blue","floor":2,"gold_loss":0},{"damage_healed":0,"gold_gain":0,"player_choice":"Ignored","damage_taken":199,"max_hp_gain":0,"max_hp_loss":0,"event_name":"betterThird:BetterSerpent","floor":8,"gold_loss":0},{"cards_removed":["TreasureHunter"],"damage_healed":0,"gold_gain":0,"player_choice":"Take \u0026 Give","damage_taken":0,"max_hp_gain":0,"max_hp_loss":0,"event_name":"betterNote:BetterNote","floor":21,"gold_loss":0,"cards_obtained":["Backstab"]},{"damage_healed":0,"gold_gain":0,"player_choice":"Upgraded Two","damage_taken":0,"max_hp_gain":0,"max_hp_loss":0,"event_name":"Designer","floor":31,"gold_loss":40,"cards_upgraded":["PowerUp","Defend_MRS"]}],"is_beta":false,"boss_relics":[{"not_picked":["Busted Crown","Astrolabe"],"picked":"hubris:Spice"},{"not_picked":["halation:HeavySnake","hubris:Spice"],"picked":"RampagingMagicTools"}],"items_purged_floors":[27,38],"is_endless":false,"potions_floor_spawned":[1,3,7,11,19,30,33,36,39],"killed_by":"Reptomancer","ascension_level":0}}