{"host":"soyfmymeou4emntr","time":1607986329,"event":{"mods":["BaseMod","Minty Spire (QoL Compilation)","Relic Sorter","Relic Stats","StSLib"],"gold_per_floor":[118,118,132,142,52,52,98,98,121,147,12,26,38,50,50,127,127,144,163,163,163],"floor_reached":20,"playtime":1767,"items_purged":[],"score":372,"play_id":"06890d27-352c-4e6e-b91c-d8aec7fc859a","local_time":"20201214155209","is_ascension_mode":true,"campfire_choices":[{"data":"Noxious Fumes","floor":6.0,"key":"SMITH"},{"data":"Poisoned Stab","floor":8.0,"key":"SMITH"},{"floor":15.0,"key":"REST"}],"circlet_count":0,"master_deck":["AscendersBane","Strike_G","Defend_G","Defend_G","Defend_G","Defend_G","Defend_G","Survivor","Neutralize+1","Leg Sweep","Dagger Throw","Poisoned Stab+1","Noxious Fumes+1","Deflect","Crippling Poison","Caltrops","Backstab","Flying Knee","Die Die Die","Venomology+1","Acrobatics+1","Flechettes+1","Calculated Gamble","Bane"],"relics":["Ring of the Snake","Juzu Bracelet","Blood Vial","Regal Pillow","Astrolabe"],"acts_visited":["Exordium","TheCity"],"potions_floor_usage":[16,16,18,19],"damage_taken":[{"damage":2.0,"enemies":"2 Louse","floor":1.0,"turns":3.0},{"damage":0.0,"enemies":"Small Slimes","floor":3.0,"turns":5.0},{"damage":0.0,"enemies":"Jaw Worm","floor":4.0,"turns":5.0},{"damage":7.0,"enemies":"Lagavulin","floor":7.0,"turns":6.0},{"damage":10.0,"enemies":"3 Sentries","floor":10.0,"turns":7.0},{"damage":3.0,"enemies":"Red Slaver","floor":12.0,"turns":5.0},{"damage":0.0,"enemies":"2 Fungi Beasts","floor":13.0,"turns":3.0},{"damage":3.0,"enemies":"3 Louse","floor":14.0,"turns":4.0},{"damage":33,"enemies":"Slime Boss","floor":16,"turns":9},{"damage":8,"enemies":"Shell Parasite","floor":18,"turns":5},{"damage":11,"enemies":"3 Byrds","floor":19,"turns":3},{"damage":52,"enemies":"Masked Bandits","floor":20,"turns":3}],"seed_played":"-4866334394911335576","potions_obtained":[{"floor":4.0,"key":"ColorlessPotion"},{"floor":12.0,"key":"Explosive Potion"},{"floor":16,"key":"Block Potion"}],"is_trial":false,"path_per_floor":["M","?","M","M","$","R","E","R","T","E","$","M","M","M","R","B",null,"M","M","?"],"character_chosen":"THE_SILENT","items_purchased":["Noxious Fumes","Caltrops","Strength Potion"],"campfire_rested":1,"item_purchase_floors":[5,11,11],"current_hp_per_floor":[57,50,50,50,50,50,43,43,43,35,35,34,36,35,66,33,58,52,43,0,0],"gold":163,"neow_bonus":"UPGRADE_CARD","is_daily":false,"chose_seed":false,"campfire_upgraded":2,"win_rate":0.0,"timestamp":1607986329,"path_taken":["M","?","M","M","$","R","E","R","T","E","$","M","M","M","R","BOSS","M","M","?"],"items_purchased_type":["Card","Card","Potion"],"build_version":"2020-12-13","purchased_purges":0,"victory":false,"max_hp_per_floor":[66,66,66,66,66,66,66,66,66,66,66,66,66,66,66,66,66,66,66,66,66],"relic_stats":{"Blood Vial":14,"Regal Pillow":12,"counters":[12,58],"Astrolabe":["Venomology","Acrobatics","Flechettes"],"Juzu Bracelet":0,"obtain_stats":[{"Blood Vial":9,"Regal Pillow":10,"Astrolabe":17,"Juzu Bracelet":7,"Ring of the Snake":0},{"Blood Vial":4,"Regal Pillow":5,"Astrolabe":9,"Juzu Bracelet":4,"Ring of the Snake":0},{"Blood Vial":19,"Regal Pillow":26,"Astrolabe":47,"Juzu Bracelet":19,"Ring of the Snake":0}],"Ring of the Snake":[24]},"card_choices":[{"not_picked":["Underhanded Strike","Cloak And Dagger"],"picked":"Leg Sweep","floor":1.0},{"not_picked":["Escape Plan","Bane"],"picked":"Dagger Throw","floor":3.0},{"not_picked":["PiercingWail","Acrobatics"],"picked":"Poisoned Stab","floor":4.0},{"not_picked":["Underhanded Strike","Expertise"],"picked":"Deflect","floor":7.0},{"not_picked":["Cloak And Dagger","Backflip"],"picked":"Crippling Poison","floor":10.0},{"not_picked":["Deflect","Slice"],"picked":"Backstab","floor":12.0},{"not_picked":["Outmaneuver","Underhanded Strike","Bullet Time"],"picked":"SKIP","floor":13.0},{"not_picked":["Choke","Eviscerate"],"picked":"Flying Knee","floor":14.0},{"not_picked":["Grand Finale","Storm of Steel"],"picked":"Die Die Die","floor":16},{"not_picked":["Poisoned Stab+1","Dagger Throw"],"picked":"Calculated Gamble","floor":18},{"not_picked":["Accuracy","Dodge and Roll"],"picked":"Bane","floor":19}],"player_experience":2528334,"relics_obtained":[{"floor":7.0,"key":"Juzu Bracelet"},{"floor":9.0,"key":"Blood Vial"},{"floor":10.0,"key":"Regal Pillow"}],"event_choices":[{"cards_removed":["Strike_G"],"damage_healed":0.0,"max_hp_gain":0.0,"max_hp_loss":0.0,"gold_gain":0.0,"event_name":"Golden Wing","player_choice":"Card Removal","floor":2.0,"gold_loss":0.0,"damage_taken":7.0},{"damage_healed":0,"gold_gain":0,"player_choice":"Fought Bandits","damage_taken":0,"max_hp_gain":0,"max_hp_loss":0,"event_name":"Masked Bandits","floor":20,"gold_loss":0}],"is_beta":false,"boss_relics":[{"not_picked":["Philosopher\u0027s Stone","Snecko Eye"],"picked":"Astrolabe"}],"items_purged_floors":[],"is_endless":false,"potions_floor_spawned":[4,12,14,16],"killed_by":"Masked Bandits","ascension_level":20}}