{"host":"74ea4mm5h5v9d7b0","time":1607921274,"event":{"mods":["Aspiration","BaseMod","Hubris","Infinite Spire","Minty Spire (QoL Compilation)","Quick Restart","Replay The Spire","StSLib","The Jungle"],"gold_per_floor":[114,114,114,114,129,159,159,159,184,214,214,229,244,259,334,434,434,449,449,479,479,48,48,78,93,118,148,163,163,193,223,223,323,323,338,87,87,117,117,117,132,147,172,172,187,187,202,232,232,332,332,342,417,429,437,447,447,457,481,481,181,199,210,220,242,242,319,319,329,329,6,56,83,83,91,107,132,7,20,50,50,72,72,178,178,216,246,360,419,481,481,481,553,578,654,761,869,958,1052,1064,1243,1255,1351,1363,939,1025,1113,1113,1214,1214,1214,1302,979,1067,617,719,719,889,889,977,981,981,1073,1167,1289,1289,1400,1475,1594,1716,1716,1716,1848,1848,2063,2063,2205,2348,2286,2435,2583,2740,2887,2887,2962,3111,3111,3270,3410,3533,3533,3492,3492],"floor_reached":152,"playtime":12829,"items_purged":["Self Repair+1","Replay:Hysterical Blindness","Defend_B+1"],"score":4145,"play_id":"ec2fbb2a-beca-4570-9d31-98effcb82327","local_time":"20201213204754","daily_mods":["Cursed Run","Diverse","DeadlyEvents"],"is_ascension_mode":false,"campfire_choices":[{"data":"Armaments","floor":7.0,"key":"SMITH"},{"data":"ReplayTheSpireMod:Necrogeddon","floor":23.0,"key":"SMITH"},{"data":"Deadly Poison","floor":32.0,"key":"SMITH"},{"data":"Zap","floor":40.0,"key":"SMITH"},{"data":"infinitespire:UltimateForm","floor":44.0,"key":"SMITH"},{"data":"Feed","floor":46.0,"key":"SMITH"},{"data":"Poisoned Stab","floor":49.0,"key":"SMITH"},{"data":"Gash","floor":57.0,"key":"SMITH"},{"data":"Ragnarok","floor":66.0,"key":"SMITH"},{"data":"Crescendo","floor":74.0,"key":"SMITH"},{"data":"ReplayTheSpireMod:Necrogeddon","floor":83.0,"key":"SMITH"},{"data":"infinitespire:Punishment","floor":91.0,"key":"SMITH"},{"data":"Blade Dance","floor":100.0,"key":"SMITH"},{"data":"Skim","floor":108.0,"key":"SMITH"},{"data":"Transmutation","floor":110.0,"key":"SMITH"},{"data":"Prepared","floor":117.0,"key":"SMITH"},{"data":"ReplayTheSpireMod:Chaos Vortex","floor":132.0,"key":"SMITH"},{"data":"Replay:Bag of Tricks","floor":134.0,"key":"SMITH"},{"data":"Strike_B+1","floor":151.0,"key":"SMITH"}],"circlet_count":1,"master_deck":["Strike_B+1","Strike_B","Strike_B+1","Strike_B","Defend_B+1","Defend_B+1","Zap+1","Dualcast+1","Crescendo+1","Looming Evil","Armaments+1","Poisoned Stab+1","Deadly Poison+1","ReplayGash","Decay","Endless Agony","Clumsy","Thunderclap","ReplayTheSpireMod:Faulty Equipment","Glass Knife","Prepared+1","CutThroughFate+1","infinitespire:UltimateForm+1","ReplayTheSpireMod:Necrogeddon+1","Toxin Wave+1","Looming Evil","LessonLearned+1","Gash+1","Feed+1","WindmillStrike+1","Clumsy","Immolate","Thunderclap+1","Anger","Steam Power+1","Good Instincts+1","Dagger Spray","Poisoned Stab+1","CommonCold","All For One+1","ReplayTheSpireMod:Limb From Limb","ReplayTheSpireMod:Limb From Limb","Barrage+1","Indignation","Ragnarok+1","Clumsy","Halt","EmptyBody","Replay:Undeath\u0027s Touch","Anger","Overencumbered","Feed","Shame","hubris:Greed","hubris:Wrath","Deflect+1","ReplayTheSpireMod:Necrogeddon+1","Amnesia","Cold Snap","Coolheaded","Anger","Amnesia","Intimidate","hubris:Greed","Poisoned Stab+1","hubris:Greed","Scrape","hubris:Greed","hubris:Greed","hubris:Greed","Overencumbered","Demon Form","infinitespire:Punishment+1","Crippling Poison","hubris:Greed","hubris:Greed","ReplaySolidLightProjector+1","hubris:Greed","Dagger Spray+1","infinitespire:NeuralNetwork","hubris:Greed","Blade Dance+1","hubris:Greed","hubris:Greed","Heavy Blade+1","hubris:Lust","hubris:Greed","hubris:Greed","hubris:Greed","Replay:ManipulateFuture+1","Overencumbered","Replay:Bag of Tricks+1","Transmutation+1","ReplayGash","Skim+1","Clumsy","Thinking Ahead","Gash+1","Massacre+1","hubris:Disease","Hyperbeam+1","Beam Cell+1","Skewer+1","FollowUp+1","Replay:Many Hands","Poisoned Strike+1","Finesse","Machine Learning","hubris:Greed","hubris:Greed","Sweeping Beam+1","hubris:Greed","hubris:Greed","hubris:Greed","hubris:Greed","Tantrum+1","hubris:Disease","hubris:Greed","Backflip","Replay:Fractal Strike+1","hubris:Rewind","ReplayTheSpireMod:Chaos Vortex+1","hubris:Greed","hubris:Greed","hubris:Greed","hubris:Greed","ReplayTheSpireMod:Splinters","Feed+1","hubris:Greed","Infinite Blades","ReplayTheSpireMod:From All Sides+1","Crescendo+1","Pain","Heavy Blade+1","ReplayTheSpireMod:Strike From Hell+1"],"relics":["Cursed Key","Darkstone Periapt","Du-Vu Doll","Ring of Peace","Ring of Panic","Bag of Marbles","hubris:ToyBattleship","Pondfish Scales","DataDisk","aspiration:PoetsPen_weak","Letter Opener","Lantern","aspiration:FrozenJewel","Question Card","Ancient Tea Set","aspiration:Lifesprig","hubris:Backtick","Ice Cream","ReplayTheSpireMod:Ninjato","Bottled Tornado","aspiration:SecretTechniqueScroll","ReplayTheSpireMod:Lightbulb","Replay:Bottled Steam","War Paint","hubris:FunFungus","Nuclear Battery","Replay:Wax Seal","aspiration:EnhancedActuators","hubris:TenFootPole","Replay:Frozen Program","Replay:Mystery Machine","aspiration:VileToxins","Replay:Ancient Bell","hubris:SlimyHat","Meat on the Bone","Lizard Tail","hubris:BottledHeart","Runic Capacitor","Akabeko","Simple Rune","MealTicket","Bag of Preparation","hubris:HollowSoul","hubris:Potato","Circlet","Medical Kit","MawBank","infinitespire:Joker Card","PreservedInsect","hubris:CrackedHourglass","infinitespire:Broken Mirror","Molten Egg 2","HornCleat","Chemical X","Bronze Scales","infinitespire:Golems Mask","Mango","Philosopher\u0027s Stone","Unceasing Top","hubris:NiceRug","infinitespire:PuzzleCube","Toolbox","Replay:Rubber Ducky","Replay:Ringing Soul","Raider\u0027s Mask","Happy Flower","Centennial Puzzle","Kunai","infinitespire:Freezer","hubris:Icosahedron","The Courier","Blue Doll"],"acts_visited":["Exordium","Exordium","TheBeyond","Exordium","TheCity","TheBeyond","Exordium","TheCity","TheBeyond"],"potions_floor_usage":[],"damage_taken":[{"damage":1.0,"enemies":"Cultist","floor":1.0,"turns":4.0},{"damage":10.0,"enemies":"Small Slimes","floor":5.0,"turns":2.0},{"damage":17.0,"enemies":"Gremlin Nob","floor":6.0,"turns":5.0},{"damage":0.0,"enemies":"Lagavulin","floor":10.0,"turns":6.0},{"damage":0.0,"enemies":"2 Louse","floor":12.0,"turns":3.0},{"damage":5.0,"enemies":"Gremlin Gang","floor":13.0,"turns":4.0},{"damage":0.0,"enemies":"2 Fungi Beasts","floor":14.0,"turns":2.0},{"damage":22.0,"enemies":"Fading Forest","floor":16.0,"turns":11.0},{"damage":0.0,"enemies":"theJungle:GiantWrat","floor":18.0,"turns":3.0},{"damage":0.0,"enemies":"theJungle:MamaSnecko","floor":20.0,"turns":3.0},{"damage":0.0,"enemies":"theJungle:2_Phrogs","floor":24.0,"turns":3.0},{"damage":0.0,"enemies":"theJungle:5_Spyders","floor":25.0,"turns":4.0},{"damage":0.0,"enemies":"theJungle:MamaSnecko","floor":27.0,"turns":3.0},{"damage":10.0,"enemies":"theJungle:Snecko_Cultist_And_Trap","floor":28.0,"turns":4.0},{"damage":16.0,"enemies":"Nightmare","floor":30.0,"turns":5.0},{"damage":8.0,"enemies":"theJungle:2_Phrogs","floor":31.0,"turns":5.0},{"damage":35.0,"enemies":"theJungle:TotemBoss","floor":33.0,"turns":5.0},{"damage":0.0,"enemies":"3 Shapes","floor":35.0,"turns":2.0},{"damage":21.0,"enemies":"Nemesis","floor":38.0,"turns":3.0},{"damage":0.0,"enemies":"3 Darklings","floor":41.0,"turns":1.0},{"damage":0.0,"enemies":"Transient","floor":42.0,"turns":5.0},{"damage":18.0,"enemies":"Sphere and 2 Shapes","floor":45.0,"turns":3.0},{"damage":0.0,"enemies":"Jaw Worm Horde","floor":47.0,"turns":1.0},{"damage":7.0,"enemies":"Reptomancer","floor":48.0,"turns":3.0},{"damage":0.0,"enemies":"Donu and Deca","floor":50.0,"turns":2.0},{"damage":0.0,"enemies":"Small Slimes","floor":52.0,"turns":1.0},{"damage":0.0,"enemies":"2 Louse","floor":54.0,"turns":1.0},{"damage":0.0,"enemies":"Jaw Worm","floor":55.0,"turns":2.0},{"damage":0.0,"enemies":"Exordium Thugs","floor":56.0,"turns":1.0},{"damage":0.0,"enemies":"3 Louse","floor":58.0,"turns":1.0},{"damage":0.0,"enemies":"3 Sentries","floor":59.0,"turns":1.0},{"damage":0.0,"enemies":"Gremlin Nob","floor":62.0,"turns":1.0},{"damage":0.0,"enemies":"Looter","floor":63.0,"turns":1.0},{"damage":0.0,"enemies":"Large Slime","floor":64.0,"turns":1.0},{"damage":0.0,"enemies":"Lagavulin","floor":65.0,"turns":2.0},{"damage":0.0,"enemies":"Hexaghost","floor":67.0,"turns":2.0},{"damage":9.0,"enemies":"Shell Parasite","floor":69.0,"turns":2.0},{"damage":0.0,"enemies":"Slavers","floor":73.0,"turns":3.0},{"damage":0.0,"enemies":"3 Byrds","floor":75.0,"turns":2.0},{"damage":0.0,"enemies":"Snake Plant","floor":76.0,"turns":1.0},{"damage":0.0,"enemies":"3 Cultists","floor":79.0,"turns":1.0},{"damage":0.0,"enemies":"Replay:Snechameleon","floor":80.0,"turns":2.0},{"damage":0.0,"enemies":"Snecko","floor":82.0,"turns":1.0},{"damage":0.0,"enemies":"Champ","floor":84.0,"turns":3.0},{"damage":0.0,"enemies":"3 Shapes","floor":86.0,"turns":1.0},{"damage":0.0,"enemies":"2 Orb Walkers","floor":87.0,"turns":2.0},{"damage":0.0,"enemies":"infinitespire:Three Voidlings","floor":88.0,"turns":1.0},{"damage":0.0,"enemies":"Nightmare_Alpha","floor":88.0,"turns":4.0},{"damage":0.0,"enemies":"Orb Walker","floor":89.0,"turns":2.0},{"damage":0.0,"enemies":"Maw","floor":90.0,"turns":3.0},{"damage":0.0,"enemies":"Jaw Worm Horde","floor":93.0,"turns":1.0},{"damage":0.0,"enemies":"Sphere and 2 Shapes","floor":95.0,"turns":2.0},{"damage":0.0,"enemies":"R_Hoarder","floor":96.0,"turns":2.0},{"damage":0.0,"enemies":"Giant Head","floor":97.0,"turns":1.0},{"damage":0.0,"enemies":"Writhing Mass","floor":98.0,"turns":2.0},{"damage":0.0,"enemies":"3 Darklings","floor":99.0,"turns":1.0},{"damage":0.0,"enemies":"Time Eater","floor":101.0,"turns":1.0},{"damage":0.0,"enemies":"Jaw Worm","floor":103.0,"turns":1.0},{"damage":0.0,"enemies":"Small Slimes","floor":106.0,"turns":1.0},{"damage":0.0,"enemies":"2 Louse","floor":107.0,"turns":1.0},{"damage":0.0,"enemies":"Gremlin Nob","floor":109.0,"turns":1.0},{"damage":0.0,"enemies":"Blue Slaver","floor":112.0,"turns":1.0},{"damage":0.0,"enemies":"Lots of Slimes","floor":114.0,"turns":1.0},{"damage":0.0,"enemies":"3 Sentries","floor":116.0,"turns":1.0},{"damage":0.0,"enemies":"The Guardian","floor":118.0,"turns":1.0},{"damage":0.0,"enemies":"Chosen","floor":120.0,"turns":1.0},{"damage":0.0,"enemies":"hubris:Merchant","floor":121.0,"turns":2.0},{"damage":0.0,"enemies":"Shell Parasite","floor":123.0,"turns":1.0},{"damage":0.0,"enemies":"3 Cultists","floor":124.0,"turns":1.0},{"damage":0.0,"enemies":"Slavers","floor":125.0,"turns":1.0},{"damage":0.0,"enemies":"Centurion and Healer","floor":127.0,"turns":1.0},{"damage":0.0,"enemies":"Snake Plant","floor":129.0,"turns":1.0},{"damage":0.0,"enemies":"Chosen and Byrds","floor":130.0,"turns":1.0},{"damage":0.0,"enemies":"Gremlin Leader","floor":133.0,"turns":1.0},{"damage":0.0,"enemies":"hubris:MusketHawk","floor":135.0,"turns":1.0},{"damage":0.0,"enemies":"3 Shapes","floor":137.0,"turns":1.0},{"damage":0.0,"enemies":"3 Darklings","floor":138.0,"turns":1.0},{"damage":0.0,"enemies":"R_Hoarder","floor":140.0,"turns":2.0},{"damage":0.0,"enemies":"4 Shapes","floor":141.0,"turns":1.0},{"damage":0.0,"enemies":"Giant Head","floor":142.0,"turns":1.0},{"damage":0.0,"enemies":"Writhing Mass","floor":143.0,"turns":1.0},{"damage":0.0,"enemies":"3 Darklings","floor":146.0,"turns":1.0},{"damage":0.0,"enemies":"R_Hoarder","floor":148.0,"turns":1.0},{"damage":0.0,"enemies":"Maw","floor":149.0,"turns":1.0},{"damage":0.0,"enemies":"Transient","floor":150.0,"turns":2.0},{"damage":0,"enemies":"infinitespire:LordOfFortification","floor":152,"turns":4}],"seed_played":"1880613833527945180","potions_obtained":[{"floor":5.0,"key":"PowerPotion"},{"floor":12.0,"key":"SpeedPotion"},{"floor":16.0,"key":"Weak Potion"},{"floor":18.0,"key":"LiquidBronze"},{"floor":27.0,"key":"Ancient Potion"},{"floor":28.0,"key":"AttackPotion"},{"floor":30.0,"key":"SpeedPotion"},{"floor":38.0,"key":"DistilledChaos"},{"floor":41.0,"key":"Elixir"},{"floor":42.0,"key":"Elixir"},{"floor":50.0,"key":"Swift Potion"},{"floor":55.0,"key":"LiquidBronze"},{"floor":58.0,"key":"Toxic Potion"},{"floor":88.0,"key":"Fire Potion"},{"floor":89.0,"key":"PowerPotion"},{"floor":98.0,"key":"Elixir"},{"floor":101.0,"key":"SpeedPotion"},{"floor":114.0,"key":"PowerPotion"},{"floor":116.0,"key":"Adrenaline Potion"},{"floor":121.0,"key":"Energy Potion"}],"is_trial":false,"path_per_floor":["M","$","?","$","M","E","R","?","T","E","T","M","M","M","R","B",null,"M","?","E","?","$","R","E","M","T","E","M","AVR","NM","E","R","B",null,"M","$","?","E","?","R","M","M","T","R","M","R","M","E","R","B",null,"M","?","M","M","M","R","M","E","T","$","E","M","M","E","R","B",null,"M","?","$","T","E","R","M","M","T","$","M","E","$","M","R","B",null,"M","?","?","M","M","R","AVR","M","T","M","E","E","M","M","R","B",null,"M","?","$","M","M","R","E","R","T","M","$","M","$","E","R","B",null,"M","$","?","M","M","E","$","M","T","M","M","AVR","R","E","R","B",null,"M","M","?","E","M","E","M","?","T","M","$","E","M","M","R","B"],"character_chosen":"DEFECT","items_purchased":["aspiration:FrozenJewel","ReplayTheSpireMod:Necrogeddon","Anger","ReplayTheSpireMod:Lightbulb","hubris:TenFootPole","Replay:Frozen Program","ReplayTheSpireMod:Necrogeddon","Runic Capacitor","Energy Potion","Transmutation","infinitespire:Broken Mirror","Chemical X","Thinking Ahead","Bronze Scales","infinitespire:Golems Mask","Unceasing Top","Skewer+1"],"campfire_rested":0,"item_purchase_floors":[22,22,36,36,61,61,71,71,78,105,105,113,113,115,115,121,121],"current_hp_per_floor":[74,74,80,80,70,53,53,53,59,59,65,65,60,60,60,64,99,99,99,99,76,76,76,76,76,82,82,72,72,56,48,48,19,111,111,111,111,90,90,90,90,90,96,96,88,88,88,81,81,91,127,127,116,116,117,117,117,117,121,127,127,127,127,127,127,127,134,161,153,1,1,1,1,1,1,1,1,1,1,1,1,1,1,1,1,1,1,1,1,1,1,1,1,1,1,1,1,1,1,1,1,1,1,1,1,1,1,1,1,1,1,1,1,1,1,1,1,1,1,1,1,1,1,1,1,1,1,1,1,1,1,1,1,1,1,1,1,1,1,1,1,1,1,1,1,1,1,1,1,1,1,0,0],"gold":3492,"neow_bonus":"","is_daily":true,"chose_seed":false,"campfire_upgraded":19,"win_rate":0.0,"timestamp":1607921274,"path_taken":["M","?","?","$","M","E","R","?","T","?","?","M","?","M","R","BOSS","M","?","?","?","$","R","E","?","T","E","M","AVR","NM","?","R","BOSS","M","$","?","?","?","R","M","M","T","R","M","R","?","?","R","BOSS","M","?","?","M","M","R","M","E","T","?","?","M","M","?","R","BOSS","M","?","?","?","?","R","M","M","T","?","?","E","?","M","R","BOSS","M","?","?","M","?","R","AVR","M","T","M","E","?","M","?","R","BOSS","M","?","$","M","M","R","E","R","T","?","?","?","?","?","R","BOSS","M","$","?","M","M","E","$","M","T","M","M","AVR","R","?","R","BOSS","M","M","?","?","M","E","M","?","T","M","$","?","M","M","R","BOSS"],"items_purchased_type":["Relic","Card","Card","Relic","Relic","Relic","Card","Relic","Potion","Card","Relic","Relic","Card","Relic","Relic","Relic","Card"],"build_version":"2020-12-13","purchased_purges":3,"victory":false,"max_hp_per_floor":[75,75,81,81,81,81,81,81,87,87,93,93,93,93,93,99,99,99,99,99,99,99,99,99,99,105,105,105,105,105,105,105,111,111,111,111,111,111,111,111,111,111,117,117,117,117,117,117,117,127,127,127,127,127,127,127,127,127,131,137,137,137,137,137,137,137,143,161,161,1,1,1,1,1,1,1,1,1,1,1,1,1,1,1,1,1,1,1,1,1,1,1,1,1,1,1,1,1,1,1,1,1,1,1,1,1,1,1,1,1,1,1,1,1,1,1,1,1,1,1,1,1,1,1,1,1,1,1,1,1,1,1,1,1,1,1,1,1,1,1,1,1,1,1,1,1,1,1,1,1,1,1,1],"card_choices":[{"not_picked":["Dodge and Roll","Nirvana"],"picked":"Crescendo","floor":1.0},{"not_picked":["Dagger Throw","TalkToTheHand"],"picked":"Armaments","floor":5.0},{"not_picked":["Conserve Battery","FlyingSleeves"],"picked":"Poisoned Stab","floor":6.0},{"not_picked":["ReplayTheSpireMod:Fabricate Wheel","Pummel"],"picked":"Endless Agony","floor":10.0},{"not_picked":["BowlingBash","LikeWater","Barrage"],"picked":"SKIP","floor":12.0},{"not_picked":["ReplayTheSpireMod:Speed Training","Reinforced Body","BasicCrystalCard"],"picked":"SKIP","floor":13.0},{"not_picked":["Reprogram","Turbo"],"picked":"Thunderclap","floor":14.0},{"not_picked":["Replay:Bag of Tricks","Burst"],"picked":"Glass Knife","floor":16.0},{"not_picked":["hubris:SlightOfHand+1","Panic Button+1"],"picked":"Prepared","floor":18.0},{"not_picked":["BootSequence","FlurryOfBlows"],"picked":"CutThroughFate","floor":20.0},{"not_picked":["hubris:Fate","infinitespire:DeathsTouch"],"picked":"infinitespire:UltimateForm","floor":21.0},{"not_picked":["ThirdEye","ReplaySolidLightProjector+1","ReplayTheSpireMod:Shiv Toss"],"picked":"SKIP","floor":24.0},{"not_picked":["ThirdEye","ReplaySolidLightProjector+1","ReplayTheSpireMod:Shiv Toss"],"picked":"SKIP","floor":24.0},{"not_picked":["Sweeping Beam+1","Reckless Charge+1","Hidden Blade"],"picked":"Toxin Wave+1","floor":25.0},{"not_picked":["Heatsinks","Lockon","Chaos+1"],"picked":"LessonLearned","floor":27.0},{"not_picked":["Pray+1","Streamline+1","Halt+1"],"picked":"Gash","floor":28.0},{"not_picked":["Crescendo","hubris:TrickCloak","Well Laid Plans"],"picked":"Feed","floor":30.0},{"not_picked":["Quick Slash+1","Searing Blow","Seek"],"picked":"WindmillStrike+1","floor":31.0},{"not_picked":["Seek","infinitespire:Neurotoxin","ReplayTheSpireMod:Fabricate Wheel"],"picked":"Immolate","floor":33.0},{"not_picked":["Consecrate","Wild Strike+1","Burning Pact+1"],"picked":"Thunderclap+1","floor":35.0},{"not_picked":["BowlingBash+1","ReplayTheSpireMod:Strike From Hell+1","Dash"],"picked":"Steam Power+1","floor":38.0},{"not_picked":["PanicButton","ReplayTheSpireMod:Trickstab","ReplayTheSpireMod:Uncanny Aura"],"picked":"Good Instincts","floor":39.0},{"not_picked":["Blizzard","Panic Button+1","Intimidate","Flying Knee+1"],"picked":"SKIP","floor":41.0},{"not_picked":["True Grit","ReachHeaven","Body Slam+1"],"picked":"Self Repair+1","floor":42.0},{"not_picked":["Demonic Infusion","Wild Strike","Prostrate"],"picked":"Dagger Spray","floor":45.0},{"not_picked":["Hidden Blade","Eviscerate","Evolve+1"],"picked":"Poisoned Stab+1","floor":47.0},{"not_picked":["Reckless Charge+1","ReplayTheSpireMod:Omega Cannon","Melter","Quick Slash"],"picked":"SKIP","floor":48.0},{"not_picked":["A Thousand Cuts","Replay:Bag of Tricks","Night Terror"],"picked":"All For One","floor":50.0},{"not_picked":["Dagger Spray","Compile Driver","Panic Button"],"picked":"ReplayTheSpireMod:Limb From Limb","floor":52.0},{"not_picked":["Blade Dance","Reinforced Body","ConjureBlade"],"picked":"ReplayTheSpireMod:Limb From Limb","floor":54.0},{"not_picked":["SandsOfTime","Battle Trance","Outmaneuver","Leap"],"picked":"SKIP","floor":55.0},{"not_picked":["Evaluate","Ghostly Armor","Auto Shields"],"picked":"Barrage","floor":56.0},{"not_picked":["Bane","ReachHeaven","hubris:SlightOfHand"],"picked":"Indignation","floor":58.0},{"not_picked":["Sneak Up","ThirdEye","Replay:ManipulateFuture"],"picked":"Ragnarok","floor":59.0},{"not_picked":["WindmillStrike","Tactician","Riddle With Holes"],"picked":"Halt","floor":62.0},{"not_picked":["Slice","Run Through","Catalyst"],"picked":"EmptyBody","floor":63.0},{"not_picked":["CarveReality","Phantasmal Killer","Replay:Hum"],"picked":"Replay:Undeath\u0027s Touch","floor":64.0},{"not_picked":["InnerPeace","Consecrate","Steam"],"picked":"Anger","floor":65.0},{"not_picked":["Replay:Many Hands","Blasphemy","Judgement"],"picked":"Feed","floor":67.0},{"not_picked":["Pain","hubris:Compulsion","Overencumbered"],"picked":"Shame","floor":68.0},{"not_picked":["hubris:Disease","hubris:Despair","ReplayTheSpireMod:Restless Dread"],"picked":"hubris:Greed","floor":68.0},{"not_picked":["Sickly","hubris:Compulsion","ReplayTheSpireMod:Doomed"],"picked":"hubris:Wrath","floor":68.0},{"not_picked":["Sucker Punch","Outmaneuver","Havoc"],"picked":"Deflect+1","floor":69.0},{"not_picked":["Melter","Warcry+1","Mirror Shield"],"picked":"Cold Snap","floor":73.0},{"not_picked":["Clash","Defy Death","Replay:Undeath\u0027s Touch+1"],"picked":"Coolheaded","floor":75.0},{"not_picked":["Leg Sweep","Reflex","Blade Dance"],"picked":"Anger","floor":76.0},{"not_picked":["Defragment","DeceiveReality","Pommel Strike"],"picked":"Intimidate","floor":79.0},{"not_picked":["Combust+1","BasicCrystalCard","Footwork"],"picked":"Poisoned Stab+1","floor":80.0},{"not_picked":["Ball Lightning","Hologram","Rip and Tear"],"picked":"Scrape","floor":82.0},{"not_picked":["Replay:LoomingThreat","Burst","Judgement"],"picked":"Demon Form","floor":84.0},{"not_picked":["infinitespire:Starlight","infinitespire:NeuralNetwork"],"picked":"infinitespire:Punishment","floor":85.0},{"not_picked":["Cleave+1","Thunderclap","Rage+1"],"picked":"Crippling Poison","floor":86.0},{"not_picked":["EmptyBody+1","Run Through","Sweeping Beam+1"],"picked":"ReplaySolidLightProjector+1","floor":87.0},{"not_picked":["Shrug It Off+1","Replay:Vibes+1","BootSequence"],"picked":"Dagger Spray+1","floor":88.0},{"not_picked":["ReplayTheSpireMod:Haul","hubris:InfiniteBlow"],"picked":"infinitespire:NeuralNetwork","floor":88.0},{"not_picked":["hubris:ReadiedAction+1","Wild Strike","MentalFortress"],"picked":"Blade Dance","floor":89.0},{"not_picked":["Multi-Cast","EmptyFist","Shrug It Off","Cold Snap+1"],"picked":"SKIP","floor":90.0},{"not_picked":["Prepared","Heatsinks","Cold Snap+1"],"picked":"Heavy Blade+1","floor":93.0},{"not_picked":["Twin Strike","WindmillStrike+1","Replay:AtTheReady+1","Glass Knife"],"picked":"SKIP","floor":95.0},{"not_picked":["Wild Strike","Steam+1","Replay:Vibes","Fluid Movement+1"],"picked":"SKIP","floor":96.0},{"not_picked":["Thunder Strike","Wireheading","Conserve Battery+1"],"picked":"Replay:ManipulateFuture+1","floor":97.0},{"not_picked":["ThirdEye","Sucker Punch","Conserve Battery+1","Halt+1"],"picked":"SKIP","floor":98.0},{"not_picked":["Leap","Endless Agony","DeceiveReality","Stack"],"picked":"SKIP","floor":99.0},{"not_picked":["Replay:Many Hands","SpiritShield","Demon Form"],"picked":"Replay:Bag of Tricks","floor":101.0},{"not_picked":["Thunderclap","Headbutt","Protect","Turbo"],"picked":"SKIP","floor":103.0},{"not_picked":["ReplayTheSpireMod:Tripwire","PathToVictory","Outmaneuver"],"picked":"ReplayGash","floor":106.0},{"not_picked":["Expertise","Indignation","Blade Dance"],"picked":"Skim","floor":107.0},{"not_picked":["Deflect","Streamline+1","Caltrops","Rebound+1"],"picked":"SKIP","floor":109.0},{"not_picked":["Iron Wave+1","Evaluate","Warcry","hubris:ReadiedAction"],"picked":"SKIP","floor":112.0},{"not_picked":["Heavy Blade+1","Clash+1","Compile Driver+1"],"picked":"Gash+1","floor":114.0},{"not_picked":["Disarm","Cleave+1","Bane+1"],"picked":"Massacre+1","floor":116.0},{"not_picked":["Replay:LoomingThreat","Brutality","Glass Knife+1"],"picked":"Hyperbeam+1","floor":118.0},{"not_picked":["Dropkick+1","Thunderclap+1","PiercingWail"],"picked":"Beam Cell+1","floor":120.0},{"not_picked":[],"picked":"FollowUp+1","floor":121.0},{"not_picked":[],"picked":"Replay:Many Hands","floor":121.0},{"not_picked":[],"picked":"Poisoned Strike+1","floor":121.0},{"not_picked":[],"picked":"Finesse","floor":121.0},{"not_picked":["Replay:AtTheReady+1"],"picked":"SKIP","floor":121.0},{"not_picked":["ReplayTheSpireMod:GoodbyeWorld"],"picked":"SKIP","floor":121.0},{"not_picked":["Cold Snap+1","Warcry","FTL+1"],"picked":"Sweeping Beam+1","floor":123.0},{"not_picked":["infinitespire:OneForAll+1","Replay:DivineShield+1","PathToVictory","Thunderclap+1"],"picked":"SKIP","floor":124.0},{"not_picked":["Replay:Vibes","Run Through+1","hubris:Sniper+1","Sentinel"],"picked":"SKIP","floor":125.0},{"not_picked":["Flying Knee+1","Riddle With Holes+1","Cloak And Dagger+1"],"picked":"Tantrum+1","floor":127.0},{"not_picked":["Bane+1","Conclude+1","Replay:Vibes"],"picked":"Backflip","floor":129.0},{"not_picked":["Conserve Battery","Backflip","Combust","Prostrate"],"picked":"SKIP","floor":130.0},{"not_picked":["Devotion","Rage","Twin Strike+1","Terror"],"picked":"SKIP","floor":133.0},{"not_picked":["Double Tap","Wraith Form v2","Judgement"],"picked":"Feed+1","floor":135.0},{"not_picked":["hubris:SlightOfHand+1","Twin Strike+1","Ball Lightning+1","Panic Button+1"],"picked":"SKIP","floor":137.0},{"not_picked":["Havoc+1","Rebound+1","Vengeance","Sweeping Beam+1"],"picked":"SKIP","floor":138.0},{"not_picked":["Flame Barrier+1","Devotion","hubris:Ukulele+1","Quick Slash+1"],"picked":"SKIP","floor":140.0},{"not_picked":["Dagger Spray+1","Reprogram+1","Reflex"],"picked":"Infinite Blades","floor":141.0},{"not_picked":["Evaluate","Hemokinesis+1","ReplayTheSpireMod:Stacked+1"],"picked":"ReplayTheSpireMod:From All Sides+1","floor":142.0},{"not_picked":["Cleave+1","Turbo","Pummel+1"],"picked":"Crescendo+1","floor":143.0},{"not_picked":["WheelKick+1","Replay:AtTheReady+1","Flying Knee+1"],"picked":"Heavy Blade+1","floor":146.0},{"not_picked":["Dagger Throw+1","Underhanded Strike+1","Finisher+1","Burst"],"picked":"SKIP","floor":148.0},{"not_picked":["Slice+1","Havoc+1","Protect+1","Replay:Cycle+1"],"picked":"SKIP","floor":149.0},{"not_picked":["Go for the Eyes+1","Tools of the Trade","Poisoned Stab+1"],"picked":"ReplayTheSpireMod:Strike From Hell+1","floor":150.0}],"player_experience":763971,"relics_obtained":[{"floor":3.0,"key":"Ring of Peace"},{"floor":3.0,"key":"Ring of Panic"},{"floor":6.0,"key":"Bag of Marbles"},{"floor":9.0,"key":"hubris:ToyBattleship"},{"floor":10.0,"key":"Pondfish Scales"},{"floor":11.0,"key":"DataDisk"},{"floor":20.0,"key":"Lantern"},{"floor":24.0,"key":"Question Card"},{"floor":26.0,"key":"Ancient Tea Set"},{"floor":27.0,"key":"aspiration:Lifesprig"},{"floor":30.0,"key":"ReplayTheSpireMod:Ninjato"},{"floor":31.0,"key":"Bottled Tornado"},{"floor":38.0,"key":"Replay:Bottled Steam"},{"floor":43.0,"key":"War Paint"},{"floor":48.0,"key":"hubris:FunFungus"},{"floor":59.0,"key":"Replay:Wax Seal"},{"floor":60.0,"key":"aspiration:EnhancedActuators"},{"floor":62.0,"key":"Replay:Mystery Machine"},{"floor":65.0,"key":"aspiration:VileToxins"},{"floor":72.0,"key":"Akabeko"},{"floor":73.0,"key":"Simple Rune"},{"floor":77.0,"key":"MealTicket"},{"floor":80.0,"key":"Bag of Preparation"},{"floor":87.0,"key":"hubris:Potato"},{"floor":88.0,"key":"Dead Branch"},{"floor":94.0,"key":"MawBank"},{"floor":96.0,"key":"infinitespire:Joker Card"},{"floor":97.0,"key":"PreservedInsect"},{"floor":109.0,"key":"Molten Egg 2"},{"floor":111.0,"key":"HornCleat"},{"floor":116.0,"key":"Mango"},{"floor":121.0,"key":"infinitespire:PuzzleCube"},{"floor":121.0,"key":"Toolbox"},{"floor":125.0,"key":"Replay:Rubber Ducky"},{"floor":128.0,"key":"Replay:Ringing Soul"},{"floor":133.0,"key":"Happy Flower"},{"floor":140.0,"key":"Kunai"},{"floor":142.0,"key":"infinitespire:Freezer"},{"floor":145.0,"key":"The Courier"},{"floor":148.0,"key":"Blue Doll"}],"event_choices":[{"damage_healed":0.0,"max_hp_gain":0.0,"max_hp_loss":0.0,"gold_gain":0.0,"event_name":"Match and Keep!","player_choice":"2 cards matched","floor":8.0,"gold_loss":0.0,"damage_taken":0.0,"cards_obtained":["Deadly Poison","ReplayGash"]},{"damage_healed":0.0,"max_hp_gain":0.0,"max_hp_loss":0.0,"gold_gain":0.0,"event_name":"WeMeetAgain","player_choice":"Gave Potion","floor":19.0,"gold_loss":0.0,"damage_taken":0.0,"relics_obtained":["Letter Opener"]},{"damage_healed":0.0,"max_hp_gain":0.0,"max_hp_loss":0.0,"gold_gain":0.0,"event_name":"Fountain of Cleansing","player_choice":"Ignored","floor":37.0,"gold_loss":0.0,"damage_taken":0.0},{"damage_healed":0.0,"max_hp_gain":0.0,"max_hp_loss":0.0,"gold_gain":0.0,"event_name":"SensoryStone","player_choice":"Memory 1","floor":39.0,"gold_loss":0.0,"damage_taken":0.0},{"damage_healed":0.0,"max_hp_gain":0.0,"max_hp_loss":0.0,"gold_gain":75.0,"event_name":"World of Goop","player_choice":"Gather Gold","floor":53.0,"gold_loss":0.0,"damage_taken":11.0},{"damage_healed":0.0,"max_hp_gain":0.0,"max_hp_loss":0.0,"gold_gain":0.0,"event_name":"Mysterious Sphere","player_choice":"Fight","floor":87.0,"gold_loss":0.0,"damage_taken":0.0},{"damage_healed":0.0,"max_hp_gain":0.0,"max_hp_loss":0.0,"gold_gain":0.0,"event_name":"Fountain of Cleansing","player_choice":"Ignored","floor":104.0,"gold_loss":0.0,"damage_taken":0.0},{"damage_healed":0.0,"max_hp_gain":0.0,"max_hp_loss":0.0,"gold_gain":0.0,"cards_transformed":["Defend_B"],"event_name":"Transmorgrifier","player_choice":"Transformed","floor":122.0,"gold_loss":0.0,"damage_taken":0.0,"cards_obtained":["Machine Learning"]},{"damage_healed":0.0,"max_hp_gain":0.0,"max_hp_loss":0.0,"gold_gain":0.0,"event_name":"WeMeetAgain","player_choice":"Paid Gold","floor":139.0,"gold_loss":62.0,"damage_taken":0.0,"relics_obtained":["Centennial Puzzle"]}],"is_beta":false,"boss_relics":[{"not_picked":["aspiration:RitualDagger","ChewingGum"],"picked":"aspiration:PoetsPen_weak"},{"not_picked":["aspiration:Stellarator","Painkiller Herb"],"picked":"aspiration:SecretTechniqueScroll"},{"not_picked":["Astrolabe","hubris:CrackedHourglass"],"picked":"Nuclear Battery"},{"not_picked":["Replay:Fungal Core","hubris:Stopwatch"],"picked":"Replay:Ancient Bell"},{"not_picked":["Dream Catcher","Art of War"],"picked":"hubris:SlimyHat"},{"not_picked":["infinitespire:WardingShard","Quantum Egg"],"picked":"Meat on the Bone"},{"not_picked":["Torii","hubris:MedicalManual"],"picked":"Lizard Tail"},{"not_picked":["Runic Pyramid","Empty Cage"],"picked":"hubris:HollowSoul"},{"not_picked":["SacredBark","Runic Dome"],"picked":"hubris:CrackedHourglass"},{"not_picked":["Black Star","Abe\u0027s Treasure"],"picked":"Philosopher\u0027s Stone"},{"not_picked":["ReplayTheSpireMod:DimensionalGlitch","Runic Dome","Fusion Hammer"]}],"items_purged_floors":[78,92,131],"is_endless":true,"potions_floor_spawned":[5,12,16,18,27,28,30,38,41,42,45,50,55,56,58,64,65,73,75,84,88,89,93,96,97,98,101,103,114,116,120,123,125,127,133,138,140,146,150],"killed_by":"infinitespire:LordOfFortification","ascension_level":0}}