{"host":"6wux4armhsntp4yb","time":1607972210,"event":{"mods":["BaseMod","Colored Map","Minty Spire (QoL Compilation)","Relic Stats"],"gold_per_floor":[116,131,147,158,105,133,133,167,243,243,262,262,262,262,262,338,338,350,365,73,73,90,90,119,119,143,154,98,125,125,156,156,234,234,244,256,256,256,256,287,301,330,330,330,340,357,357,357,357,357,357,357],"floor_reached":51,"playtime":5231,"items_purged":["Strike_G"],"score":1496,"play_id":"127cd6e0-4e44-44d7-a6d1-c10c0478edf1","local_time":"20201215035650","is_ascension_mode":true,"campfire_choices":[{"data":"Glass Knife","floor":7.0,"key":"SMITH"},{"data":"Footwork","floor":10.0,"key":"SMITH"},{"data":"Neutralize","floor":13.0,"key":"SMITH"},{"data":"Terror","floor":15,"key":"SMITH"},{"data":"Malaise","floor":23,"key":"SMITH"},{"data":"Ghostly","floor":30,"key":"SMITH"},{"data":"Ghostly","floor":32,"key":"SMITH"},{"data":"Calculated Gamble","floor":44,"key":"SMITH"},{"data":"Ghostly","floor":47,"key":"SMITH"},{"floor":49,"key":"RECALL"}],"circlet_count":0,"master_deck":["AscendersBane","Strike_G","Strike_G","Strike_G","Strike_G","Defend_G","Defend_G","Defend_G","Defend_G","Defend_G","Survivor","Neutralize+1","Terror+1","Footwork+1","Glass Knife+1","Dagger Throw","Malaise+1","Slice+1","Deadly Poison+1","Calculated Gamble+1","Ghostly+1","Ghostly+1","Ghostly+1","Bullet Time","Prepared","Tactician","Night Terror","Backflip","Flechettes+1","Blind","Dark Shackles","Backflip+1"],"relics":["SacredBark","Gambling Chip","Incense Burner","Molten Egg 2","NlothsMask","Runic Pyramid","TwistedFunnel","Blood Vial","Centennial Puzzle","Ginger","HoveringKite","Singing Bowl","Toy Ornithopter","Turnip"],"acts_visited":["Exordium","TheCity","TheBeyond"],"potions_floor_usage":[24,29,31,33,33,42,45,50,51],"damage_taken":[{"damage":2.0,"enemies":"2 Louse","floor":1.0,"turns":6.0},{"damage":7.0,"enemies":"Jaw Worm","floor":2.0,"turns":5.0},{"damage":1.0,"enemies":"Cultist","floor":3.0,"turns":5.0},{"damage":1.0,"enemies":"Exordium Wildlife","floor":4.0,"turns":5.0},{"damage":0.0,"enemies":"Lagavulin","floor":6.0,"turns":5.0},{"damage":16.0,"enemies":"3 Sentries","floor":8.0,"turns":11.0},{"damage":1.0,"enemies":"2 Fungi Beasts","floor":11.0,"turns":3.0},{"damage":6,"enemies":"Slime Boss","floor":16,"turns":11},{"damage":1,"enemies":"3 Byrds","floor":18,"turns":9},{"damage":1,"enemies":"Chosen","floor":19,"turns":3},{"damage":5,"enemies":"3 Cultists","floor":22,"turns":6},{"damage":6,"enemies":"Gremlin Leader","floor":24,"turns":9},{"damage":11,"enemies":"Chosen and Byrds","floor":27,"turns":5},{"damage":3,"enemies":"Book of Stabbing","floor":29,"turns":7},{"damage":3,"enemies":"Gremlin Leader","floor":31,"turns":5},{"damage":13,"enemies":"Champ","floor":33,"turns":16},{"damage":11,"enemies":"Orb Walker","floor":35,"turns":5},{"damage":1,"enemies":"3 Darklings","floor":36,"turns":9},{"damage":5,"enemies":"Nemesis","floor":40,"turns":11},{"damage":1,"enemies":"Writhing Mass","floor":41,"turns":8},{"damage":1,"enemies":"Giant Head","floor":42,"turns":12},{"damage":0,"enemies":"Spire Growth","floor":45,"turns":7},{"damage":0,"enemies":"Maw","floor":46,"turns":8},{"damage":3,"enemies":"Time Eater","floor":50,"turns":15},{"damage":60,"enemies":"Donu and Deca","floor":51,"turns":23}],"seed_played":"1351963821725883190","potions_obtained":[{"floor":1.0,"key":"Fruit Juice"},{"floor":2.0,"key":"LiquidMemories"},{"floor":27,"key":"PowerPotion"},{"floor":29,"key":"DuplicationPotion"},{"floor":31,"key":"AttackPotion"},{"floor":33,"key":"ColorlessPotion"},{"floor":35,"key":"Fire Potion"},{"floor":36,"key":"Block Potion"},{"floor":42,"key":"CunningPotion"},{"floor":45,"key":"CultistPotion"}],"is_trial":false,"path_per_floor":["M","M","M","M","$","E","R","E","T","R","M","?","R","?","R","B",null,"M","M","$","?","M","R","E","?","T","M","$","E","R","E","R","B",null,"M","M","?","?","?","E","M","E","T","R","M","M","R","T","R","B","B"],"character_chosen":"THE_SILENT","items_purchased":["AttackPotion","TwistedFunnel","PowerPotion","SteroidPotion"],"campfire_rested":0,"item_purchase_floors":[5,20,20,28],"current_hp_per_floor":[57,50,49,48,58,58,58,42,42,42,41,41,41,41,41,35,66,65,64,64,64,59,59,53,38,38,27,27,26,26,25,25,14,32,23,24,24,24,14,13,14,17,17,17,26,30,30,30,30,34,0,0],"gold":357,"neow_bonus":"BOSS_RELIC","is_daily":false,"chose_seed":false,"campfire_upgraded":9,"win_rate":0.0,"timestamp":1607972210,"path_taken":["M","M","M","M","$","E","R","E","T","R","M","?","R","?","R","BOSS","M","M","?","?","M","R","E","?","T","M","$","E","R","E","R","BOSS","M","M","?","?","?","E","M","E","T","R","M","M","R","?","R","BOSS","BOSS"],"items_purchased_type":["Potion","Relic","Potion","Potion"],"build_version":"2020-12-13","purchased_purges":1,"victory":false,"max_hp_per_floor":[66,66,66,66,76,76,76,76,76,76,76,76,76,76,76,76,76,76,76,76,76,76,76,76,38,38,38,38,38,38,38,38,38,38,38,38,38,38,38,40,40,42,42,42,44,46,46,46,46,46,46,46],"relic_stats":{"Blood Vial":24,"Centennial Puzzle":[26],"Singing Bowl":8,"counters":[25,209],"Gambling Chip":[53],"HoveringKite":[59],"Turnip":[3],"Ginger":[16],"obtain_stats":[{"TwistedFunnel":20,"Singing Bowl":40,"SacredBark":0,"HoveringKite":34,"Incense Burner":8,"Ginger":31,"Blood Vial":24,"Centennial Puzzle":29,"Gambling Chip":6,"Molten Egg 2":9,"Turnip":48,"Toy Ornithopter":42,"Ring of the Snake":0,"NlothsMask":14,"Runic Pyramid":17},{"TwistedFunnel":10,"Singing Bowl":19,"SacredBark":0,"HoveringKite":16,"Incense Burner":6,"Ginger":15,"Blood Vial":12,"Centennial Puzzle":14,"Gambling Chip":5,"Molten Egg 2":6,"Turnip":23,"Toy Ornithopter":21,"Ring of the Snake":0,"NlothsMask":7,"Runic Pyramid":8},{"TwistedFunnel":63,"Singing Bowl":136,"SacredBark":0,"HoveringKite":111,"Incense Burner":37,"Ginger":95,"Blood Vial":78,"Centennial Puzzle":90,"Gambling Chip":26,"Molten Egg 2":37,"Turnip":171,"Toy Ornithopter":156,"Ring of the Snake":0,"NlothsMask":40,"Runic Pyramid":51}],"Toy Ornithopter":15},"card_choices":[{"not_picked":["Backstab","Acrobatics"],"picked":"Terror","floor":1.0},{"not_picked":["Dagger Throw","Deflect"],"picked":"Footwork","floor":2.0},{"not_picked":["Accuracy","Acrobatics","Quick Slash"],"picked":"SKIP","floor":3.0},{"not_picked":["Prepared","Dodge and Roll","Acrobatics"],"picked":"SKIP","floor":4.0},{"not_picked":["Prepared","Leg Sweep"],"picked":"Glass Knife","floor":6.0},{"not_picked":["Acrobatics","Quick Slash"],"picked":"Dagger Throw","floor":8.0},{"not_picked":["Calculated Gamble","Underhanded Strike+1"],"picked":"Backstab+1","floor":11.0},{"not_picked":["Envenom","Night Terror"],"picked":"Malaise","floor":16},{"not_picked":["Outmaneuver","Dodge and Roll"],"picked":"Slice+1","floor":18},{"not_picked":["Doppelganger","Flying Knee+1"],"picked":"Deadly Poison+1","floor":19},{"not_picked":["Deflect","Bane+1","Well Laid Plans"],"picked":"SKIP","floor":22},{"not_picked":["Dodge and Roll+1","Acrobatics+1"],"picked":"Calculated Gamble","floor":24},{"not_picked":["Flying Knee+1","All Out Attack+1"],"picked":"Bullet Time","floor":27},{"not_picked":["Deflect","Concentrate"],"picked":"Prepared","floor":29},{"not_picked":["Noxious Fumes","Terror"],"picked":"Tactician","floor":31},{"not_picked":["Envenom","Storm of Steel"],"picked":"Night Terror","floor":33},{"not_picked":["Distraction","Cloak And Dagger"],"picked":"Backflip","floor":35},{"not_picked":["Cloak And Dagger+1","Escape Plan"],"picked":"Flechettes+1","floor":36},{"not_picked":["Forethought","Trip"],"picked":"Blind","floor":39},{"not_picked":["Violence","Dramatic Entrance+1"],"picked":"Dark Shackles","floor":39},{"not_picked":["Finisher+1","Quick Slash+1","Well Laid Plans"],"picked":"Singing Bowl","floor":40},{"not_picked":["Dagger Throw+1","Dagger Spray+1"],"picked":"Backflip+1","floor":41},{"not_picked":["Masterful Stab+1","Deflect","Phantasmal Killer"],"picked":"Singing Bowl","floor":42},{"not_picked":["Well Laid Plans+1","Blade Dance","All Out Attack+1"],"picked":"Singing Bowl","floor":45},{"not_picked":["Sucker Punch+1","Tactician","Poisoned Stab+1"],"picked":"Singing Bowl","floor":46}],"player_experience":5635645,"relics_obtained":[{"floor":6.0,"key":"Gambling Chip"},{"floor":8.0,"key":"Incense Burner"},{"floor":9.0,"key":"Molten Egg 2"},{"floor":24,"key":"Blood Vial"},{"floor":29,"key":"Centennial Puzzle"},{"floor":31,"key":"Ginger"},{"floor":40,"key":"Singing Bowl"},{"floor":42,"key":"Toy Ornithopter"},{"floor":48,"key":"Turnip"}],"event_choices":[{"damage_healed":0.0,"max_hp_gain":0.0,"max_hp_loss":0.0,"gold_gain":0.0,"event_name":"Liars Game","player_choice":"Ignored","floor":12.0,"gold_loss":0.0,"damage_taken":0.0},{"damage_healed":0,"gold_gain":0,"player_choice":"Trade","damage_taken":0,"relics_obtained":["NlothsMask"],"max_hp_gain":0,"max_hp_loss":0,"event_name":"FaceTrader","floor":14,"gold_loss":0},{"damage_healed":0,"gold_gain":0,"player_choice":"Ignored","damage_taken":0,"max_hp_gain":0,"max_hp_loss":0,"event_name":"The Mausoleum","floor":21,"gold_loss":0},{"damage_healed":0,"gold_gain":0,"player_choice":"Became a Ghost","damage_taken":0,"max_hp_gain":0,"max_hp_loss":38,"event_name":"Ghosts","floor":25,"gold_loss":0,"cards_obtained":["Ghostly","Ghostly","Ghostly"]},{"damage_healed":0,"gold_gain":0,"player_choice":"Ignored","damage_taken":0,"max_hp_gain":0,"max_hp_loss":0,"event_name":"Tomb of Lord Red Mask","floor":37,"gold_loss":0},{"cards_removed":["Backstab"],"damage_healed":0,"gold_gain":0,"player_choice":"Removed Attack","damage_taken":0,"max_hp_gain":0,"max_hp_loss":0,"event_name":"Falling","floor":38,"gold_loss":0},{"damage_healed":0,"gold_gain":0,"player_choice":"Memory 3","damage_taken":10,"max_hp_gain":0,"max_hp_loss":0,"event_name":"SensoryStone","floor":39,"gold_loss":0}],"is_beta":false,"boss_relics":[{"not_picked":["Philosopher\u0027s Stone","Ectoplasm"],"picked":"Runic Pyramid"},{"not_picked":["Busted Crown","Fusion Hammer"],"picked":"HoveringKite"}],"items_purged_floors":[20],"is_endless":false,"potions_floor_spawned":[1,2,27,29,31,33,35,36,42,45],"killed_by":"Donu and Deca","ascension_level":20}}