{"host":"m6aaltr68g9tvoay","time":1607908469,"event":{"mods":["AchievementEnabler","BaseMod","Colored Map","Downfall","Minty Spire (QoL Compilation)","StSLib"],"gold_per_floor":[99,111,111,126,41,53,353,353,383,308,376,450,461,9,27,126,126,126,140,140,159,209,209,256,269,269,300,350,35,153,34,54,156,156,156,174,247,297,372,522,522,522,550,550,600,185,198,248,265,265],"floor_reached":51,"playtime":4559,"items_purged":["champ:Strike"],"score":930,"play_id":"90ce5b85-db3e-4f43-aabd-10bf231a6223","local_time":"20201213171429","is_ascension_mode":true,"campfire_choices":[{"floor":1,"key":"RECALL"},{"data":"champ:Circumvent","floor":10,"key":"SMITH"},{"data":"champ:Improvising","floor":18,"key":"SMITH"},{"data":"champ:FanOfKnives","floor":20,"key":"SMITH"},{"data":"champ:DefensiveStyle","floor":23,"key":"SMITH"},{"floor":26,"key":"REST"},{"data":"champ:SteelEdge","floor":35,"key":"SMITH"},{"data":"champ:Lariat","floor":42,"key":"SMITH"},{"floor":44,"key":"REST"}],"circlet_count":0,"master_deck":["champ:Strike","champ:Strike","champ:Strike","champ:Defend","champ:Defend","champ:Defend","champ:Defend","champ:Execute","champ:Taunt","champ:DefensiveStyle+1","champ:BerserkersShout","champ:FanOfKnives+1","champ:Duel","champ:GutPunch","champ:Circumvent+1","champ:Haymaker","champ:Improvising+1","champ:BringItOn","expansioncontent:DefensiveStance","champ:Devastate","champ:EnchantShield","champ:FaceSlap+1","champ:Taunt","champ:EnragedBash","champ:Lariat+1","champ:ShieldWall","champ:BladeFlurry","champ:FlashCut","champ:SteelEdge+1","champ:DefensiveShout+1","expansioncontent:TimeRipple","Dramatic Entrance","champ:CrookedStrike"],"relics":["champ:ChampionCrown","Tiny Chest","Darkstone Periapt","Old Coin","SsserpentHead","Potion Belt","downfall:HeartBlessingRed","PreservedInsect","HandDrill","Kunai","Philosopher\u0027s Stone","Juzu Bracelet","Omamori","champ:GladiatorsBookOfMartialProwess","Lantern","HornCleat","Boot","Busted Crown","Blood Vial","Art of War","Singing Bowl","Smiling Mask","Oddly Smooth Stone","Unceasing Top","Gambling Chip"],"acts_visited":["Exordium","TheCity","TheBeyond"],"potions_floor_usage":[9,27,32,33,33,47,50,50,50,50],"damage_taken":[{"damage":5,"enemies":"Cultist","floor":2,"turns":3},{"damage":5,"enemies":"Small Slimes","floor":4,"turns":5},{"damage":26,"enemies":"downfall:FleeingMerchant","floor":5,"turns":4},{"damage":16,"enemies":"Jaw Worm","floor":6,"turns":4},{"damage":32,"enemies":"Lagavulin","floor":9,"turns":5},{"damage":9,"enemies":"2 Fungi Beasts","floor":11,"turns":3},{"damage":3,"enemies":"Red Slaver","floor":13,"turns":4},{"damage":17,"enemies":"downfall:FleeingMerchant","floor":14,"turns":4},{"damage":31,"enemies":"Exordium Wildlife","floor":15,"turns":6},{"damage":29,"enemies":"downfall:Watcher","floor":16,"turns":9},{"damage":6,"enemies":"Chosen","floor":19,"turns":5},{"damage":24,"enemies":"Cultist and Chosen","floor":21,"turns":6},{"damage":9,"enemies":"Snake Plant","floor":25,"turns":4},{"damage":14,"enemies":"Gremlin Leader","floor":27,"turns":4},{"damage":6,"enemies":"downfall:FleeingMerchant","floor":29,"turns":4},{"damage":20,"enemies":"downfall:FleeingMerchant","floor":31,"turns":4},{"damage":0,"enemies":"Snecko","floor":32,"turns":4},{"damage":46,"enemies":"downfall:Silent","floor":33,"turns":8},{"damage":7,"enemies":"3 Shapes","floor":36,"turns":5},{"damage":25,"enemies":"Nemesis","floor":43,"turns":8},{"damage":2,"enemies":"downfall:FleeingMerchant","floor":46,"turns":1},{"damage":40,"enemies":"3 Darklings","floor":47,"turns":4},{"damage":27,"enemies":"Spire Growth","floor":49,"turns":5},{"damage":39,"enemies":"downfall:Ironclad","floor":50,"turns":8}],"seed_played":"-2622358161955015271","potions_obtained":[{"floor":4,"key":"SkillPotion"},{"floor":9,"key":"GamblersBrew"},{"floor":16,"key":"SneckoOil"},{"floor":21,"key":"EssenceOfSteel"},{"floor":27,"key":"sneckomod:MuddlingPotion"},{"floor":32,"key":"ColorlessPotion"},{"floor":47,"key":"Dexterity Potion"}],"is_trial":false,"path_per_floor":["R","M","?","M","$","M","T","?","E","R","M","T","M","$","M","B",null,"R","M","R","M","?","R","T","M","R","E","?","$","T","$","M","B",null,"R","M","?","?","T","?","T","R","E","R","?","$","M","T","M","B",null],"character_chosen":"THE_CHAMP","items_purchased":["champ:Duel","HandDrill","expansioncontent:DefensiveStance","Kunai","champ:Lariat","champ:ShieldWall","Lantern","Boot","Oddly Smooth Stone","hexamod:EctoCoolerPotion","AttackPotion","ColorlessPotion","Dramatic Entrance","champ:CrookedStrike","Unceasing Top"],"campfire_rested":2,"item_purchase_floors":[5,14,14,14,29,29,29,31,46,46,46,46,46,46,46],"current_hp_per_floor":[90,90,90,90,80,72,72,72,65,65,64,64,64,60,39,32,90,90,84,84,68,68,68,68,64,90,81,81,80,80,69,69,46,90,90,85,85,85,85,85,85,85,72,92,92,94,77,77,75,74],"gold":265,"neow_bonus":"RANDOM_COMMON_RELIC","is_daily":false,"chose_seed":false,"campfire_upgraded":6,"win_rate":0.0,"timestamp":1607908469,"path_taken":["R","M","?","M","$","M","T","?","E","R","?","?","M","?","M","BOSS","R","M","R","M","?","R","T","M","R","E","?","$","?","?","M","BOSS","R","M","?","?","?","?","T","R","E","R","?","?","M","?","M","BOSS"],"items_purchased_type":["Card","Relic","Card","Relic","Card","Card","Relic","Relic","Relic","Potion","Potion","Potion","Card","Card","Relic"],"build_version":"2020-12-13","purchased_purges":1,"victory":true,"max_hp_per_floor":[90,90,90,90,90,90,90,90,90,90,90,90,90,90,90,90,90,90,90,90,90,90,90,90,90,90,90,90,90,90,90,90,90,90,90,90,90,90,90,90,90,90,92,92,92,94,96,96,98,98],"card_choices":[{"not_picked":["champ:BringItOn","champ:SwordSigil"],"picked":"champ:DefensiveStyle","floor":2},{"not_picked":["champ:GladiatorsShout","champ:Aggression"],"picked":"champ:BerserkersShout","floor":4},{"not_picked":["champ:SwordSigil","champ:StanceDance"],"picked":"champ:FanOfKnives","floor":5},{"not_picked":["champ:Riposte","champ:RageSigil"],"picked":"champ:GutPunch","floor":6},{"not_picked":["champ:BerserkersShout","champ:AdrenalArmor"],"picked":"champ:Circumvent","floor":9},{"not_picked":["champ:SwordSigil","champ:ShieldSigil"],"picked":"champ:Haymaker","floor":11},{"not_picked":["champ:FanOfKnives","champ:Haymaker"],"picked":"champ:Improvising","floor":13},{"not_picked":["champ:Balance","champ:Haymaker"],"picked":"champ:BringItOn","floor":14},{"not_picked":["champ:Encircle","champ:BerserkerStyle"],"picked":"champ:Devastate","floor":15},{"not_picked":["champ:EnchantCrown","champ:MurderStrike"],"picked":"champ:EnchantShield","floor":16},{"not_picked":["champ:FightOn","champ:HeartStrike","champ:ShieldSigil"],"picked":"SKIP","floor":19},{"not_picked":["champ:FlashCut+1","champ:FocusedBerserking"],"picked":"champ:FaceSlap+1","floor":21},{"not_picked":["champ:Haymaker","champ:Encircle","champ:GladiatorsShout"],"picked":"SKIP","floor":25},{"not_picked":["champ:FanOfKnives","champ:HeartStrike","champ:BringItOn+1"],"picked":"SKIP","floor":27},{"not_picked":["champ:CheapShot","champ:FocusedGladiator","champ:MurderStrike"],"picked":"SKIP","floor":29},{"not_picked":["champ:AdrenalArmor","champ:SwordSigil"],"picked":"champ:BladeFlurry","floor":31},{"not_picked":["champ:Circumvent+1","champ:DefensiveShout"],"picked":"champ:FlashCut","floor":32},{"not_picked":["champ:ShieldThrow","champ:DancingMaster"],"picked":"champ:SteelEdge","floor":33},{"not_picked":[],"picked":"champ:DefensiveShout+1","floor":36},{"not_picked":["champ:RecklessLeap"],"picked":"Singing Bowl","floor":43},{"not_picked":[],"picked":"expansioncontent:TimeRipple","floor":45},{"not_picked":["champ:RageSigil"],"picked":"Singing Bowl","floor":46},{"not_picked":["champ:FanOfKnives"],"picked":"Singing Bowl","floor":47},{"not_picked":["champ:FocusedBerserking"],"picked":"Singing Bowl","floor":49}],"player_experience":1602485,"relics_obtained":[{"floor":7,"key":"Old Coin"},{"floor":9,"key":"Potion Belt"},{"floor":12,"key":"PreservedInsect"},{"floor":24,"key":"Juzu Bracelet"},{"floor":27,"key":"Omamori"},{"floor":30,"key":"HornCleat"},{"floor":37,"key":"Blood Vial"},{"floor":39,"key":"Art of War"},{"floor":41,"key":"Singing Bowl"},{"floor":43,"key":"Smiling Mask"},{"floor":48,"key":"Gambling Chip"}],"event_choices":[{"damage_healed":0,"gold_gain":0,"player_choice":"Trade","damage_taken":0,"relics_obtained":["SsserpentHead"],"max_hp_gain":0,"max_hp_loss":0,"event_name":"FaceTrader","floor":8,"gold_loss":0}],"is_beta":false,"boss_relics":[{"not_picked":["Fusion Hammer","Sozu"],"picked":"Philosopher\u0027s Stone"},{"not_picked":["Runic Dome","Tiny House"],"picked":"Busted Crown"}],"items_purged_floors":[46],"is_endless":false,"potions_floor_spawned":[4,9,16,21,27,32,47],"ascension_level":2}}