{"host":"fmtvje4mks8zli8e","time":1607904376,"event":{"mods":["AchievementEnabler","AlwaysNeverKeys","BaseMod","BetterRewards","Minty Spire (QoL Compilation)","READ ME - Guardian Mod","Remove Card Discount Mod","StSLib","The Cursed","The Druid","The Servant 0.9.4","The Wild Card"],"gold_per_floor":[113,128,143,318,318,318,345,360,360,391,406,406,406,439,439,541,541,561,561,561,578,578,578,606,253,329,358,358,388,488,0,0,97,97,110,110,110,110,110,135,135,165,191,225,225,225,0,0,0,0,0,0,0,34,34],"floor_reached":56,"playtime":1986,"items_purged":["Strike_G","Strike_G","Strike_G"],"score":2384,"play_id":"da3be7e5-f720-4915-bcb5-adfbf79db37a","local_time":"20201213180616","is_ascension_mode":true,"campfire_choices":[{"data":"Noxious Fumes","floor":6,"key":"SMITH"},{"data":"Accuracy","floor":13,"key":"SMITH"},{"data":"Tools of the Trade","floor":15,"key":"SMITH"},{"data":"1","floor":23,"key":"LIFT"},{"data":"2","floor":32,"key":"LIFT"},{"data":"3","floor":45,"key":"LIFT"},{"data":"Envenom","floor":49,"key":"SMITH"},{"data":"Cloak And Dagger","floor":52,"key":"SMITH"}],"circlet_count":0,"master_deck":["Strike_G","Strike_G","Defend_G+1","Defend_G","Defend_G","Defend_G","Survivor+1","Neutralize+1","Accuracy+1","Well Laid Plans","Footwork","Noxious Fumes+1","Blade Dance","Backflip","Poisoned Stab","Tools of the Trade+1","Blade Dance","Cloak And Dagger","Envenom+1","Infinite Blades+1","A Thousand Cuts+1","Blade Dance","Sadistic Nature+1","Envenom+1","Calculated Gamble","Cloak And Dagger+1","Discovery","Accuracy+1"],"relics":["Ring of the Snake","War Paint","TheAbacus","CaptainsWheel","Toy Ornithopter","ClockworkSouvenir","Vajra","TwistedFunnel","HornCleat","Omamori","StrikeDummy","Question Card","Kunai","Nunchaku","Coffee Dripper","Girya","Frozen Egg 2","HandDrill","Akabeko","Meat on the Bone","Juzu Bracelet","Gremlin Horn","Du-Vu Doll","Mummified Hand","Lee\u0027s Waffle","Centennial Puzzle","SacredBark","Pear","Gambling Chip","Potion Belt","Happy Flower","Red Mask","Blue Candle"],"acts_visited":["Exordium","TheCity","TheBeyond","TheEnding"],"potions_floor_usage":[7,14,24,27,40,55,55,55],"damage_taken":[{"damage":0,"enemies":"Jaw Worm","floor":1,"turns":5},{"damage":0,"enemies":"2 Louse","floor":2,"turns":2},{"damage":0,"enemies":"Small Slimes","floor":3,"turns":3},{"damage":0,"enemies":"3 Sentries","floor":7,"turns":7},{"damage":0,"enemies":"Blue Slaver","floor":8,"turns":3},{"damage":4,"enemies":"Gremlin Nob","floor":10,"turns":3},{"damage":0,"enemies":"Gremlin Gang","floor":11,"turns":2},{"damage":0,"enemies":"Lagavulin","floor":14,"turns":4},{"damage":0,"enemies":"Slime Boss","floor":16,"turns":6},{"damage":0,"enemies":"Chosen","floor":18,"turns":3},{"damage":0,"enemies":"Spheric Guardian","floor":21,"turns":3},{"damage":0,"enemies":"Book of Stabbing","floor":24,"turns":4},{"damage":7,"enemies":"Gremlin Leader","floor":27,"turns":4},{"damage":20,"enemies":"Slavers","floor":29,"turns":4},{"damage":0,"enemies":"Colosseum Slavers","floor":30,"turns":3},{"damage":0,"enemies":"Colosseum Nobs","floor":30,"turns":4},{"damage":0,"enemies":"Collector","floor":33,"turns":4},{"damage":3,"enemies":"3 Shapes","floor":35,"turns":2},{"damage":0,"enemies":"Nemesis","floor":40,"turns":3},{"damage":0,"enemies":"Reptomancer","floor":42,"turns":3},{"damage":6,"enemies":"Nemesis","floor":44,"turns":3},{"damage":17,"enemies":"Awakened One","floor":50,"turns":5},{"damage":4,"enemies":"Shield and Spear","floor":54,"turns":4},{"damage":32,"enemies":"The Heart","floor":55,"turns":5}],"seed_played":"5196992645624054112","potions_obtained":[{"floor":3,"key":"Block Potion"},{"floor":8,"key":"ColorlessPotion"},{"floor":11,"key":"AttackPotion"},{"floor":14,"key":"Strength Potion"},{"floor":21,"key":"Explosive Potion"},{"floor":29,"key":"Swift Potion"},{"floor":30,"key":"Ancient Potion"},{"floor":44,"key":"CultistPotion"}],"is_trial":false,"path_per_floor":["M","M","M","?","?","R","E","M","T","E","M","?","R","E","R","B",null,"M","?","?","M","?","R","E","$","T","E","?","E","?","$","R","B",null,"M","?","?","$","?","E","?","E","T","E","R","?","?","$","R","B",null,"R","$","E","B",null],"character_chosen":"THE_SILENT","items_purchased":["War Paint","TheAbacus","Accuracy","CaptainsWheel","Toy Ornithopter","Well Laid Plans","ClockworkSouvenir","Vajra","Footwork","TwistedFunnel","HornCleat","Omamori","Noxious Fumes","HandDrill","Akabeko","Infinite Blades+1","Sadistic Nature+1","Lee\u0027s Waffle","Centennial Puzzle"],"campfire_rested":0,"item_purchase_floors":[0,0,0,0,0,0,0,0,0,0,0,0,0,25,25,25,31,31,31],"current_hp_per_floor":[21,21,21,21,21,21,26,26,26,22,22,8,8,13,13,13,56,56,56,56,56,43,43,48,48,48,46,46,38,38,82,82,82,82,79,79,79,79,79,92,92,92,92,86,86,86,86,86,86,69,86,86,86,82,60],"gold":34,"neow_bonus":"","is_daily":false,"chose_seed":false,"campfire_upgraded":5,"win_rate":0.0,"timestamp":1607904376,"path_taken":["M","M","M","?","?","R","E","M","T","E","M","?","R","E","R","BOSS","M","?","?","M","?","R","E","?","T","E","?","E","?","$","R","BOSS","M","?","?","?","?","E","?","E","T","E","R","?","?","?","R","BOSS","R","$","E","BOSS"],"items_purchased_type":["Relic","Relic","Card","Relic","Relic","Card","Relic","Relic","Card","Relic","Relic","Relic","Card","Relic","Relic","Card","Card","Relic","Relic"],"build_version":"2020-12-13","purchased_purges":3,"victory":true,"max_hp_per_floor":[70,70,70,70,70,70,70,70,70,70,70,70,70,70,70,70,70,70,70,70,70,75,75,75,75,75,75,75,75,75,82,82,82,82,82,82,82,82,82,92,92,92,92,92,92,92,92,92,92,92,92,92,92,92,92],"card_choices":[{"not_picked":["Endless Agony","Backflip"],"picked":"Blade Dance","floor":1},{"not_picked":["Concentrate","Well Laid Plans"],"picked":"Backflip","floor":2},{"not_picked":["Dagger Throw","Dodge and Roll","Acrobatics"],"picked":"SKIP","floor":3},{"not_picked":["Acrobatics","Dodge and Roll"],"picked":"Poisoned Stab","floor":7},{"not_picked":["Dagger Spray","Underhanded Strike"],"picked":"Tools of the Trade","floor":8},{"not_picked":["Acrobatics","All Out Attack","Slice"],"picked":"Blade Dance","floor":10},{"not_picked":["PiercingWail","Riddle With Holes","Bouncing Flask"],"picked":"Cloak And Dagger","floor":11},{"not_picked":["Tactician","Choke","Terror","Deflect"],"picked":"SKIP","floor":14},{"not_picked":["Adrenaline","Venomology","Bullet Time"],"picked":"Envenom","floor":16},{"not_picked":["Dagger Throw+1","Bane","Backflip","Sucker Punch"],"picked":"SKIP","floor":18},{"not_picked":["Deadly Poison","Terror+1","Underhanded Strike+1","Backflip"],"picked":"SKIP","floor":21},{"not_picked":["Calculated Gamble+1","Venomology","Wraith Form v2+1","Quick Slash+1"],"picked":"SKIP","floor":24},{"not_picked":["Poisoned Stab+1","Cloak And Dagger","Quick Slash"],"picked":"A Thousand Cuts+1","floor":27},{"not_picked":["Endless Agony","Acrobatics+1","Poisoned Stab"],"picked":"Blade Dance","floor":29},{"not_picked":["Adrenaline","Venomology","Night Terror"],"picked":"Envenom+1","floor":33},{"not_picked":["Tactician+1","Flying Knee+1","Masterful Stab+1","Deadly Poison+1"],"picked":"SKIP","floor":35},{"not_picked":["Underhanded Strike+1","Flying Knee","Slice","Dagger Throw+1"],"picked":"SKIP","floor":40},{"not_picked":["Sucker Punch","All Out Attack+1","Terror+1","Reflex"],"picked":"SKIP","floor":42},{"not_picked":["Acrobatics+1","Slice","Adrenaline"],"picked":"Cloak And Dagger","floor":44},{"not_picked":["Forethought","Secret Weapon","Purity"],"picked":"Discovery","floor":46},{"not_picked":["Eviscerate+1","Noxious Fumes+1","Heel Hook"],"picked":"Accuracy+1","floor":54}],"player_experience":3005837,"relics_obtained":[{"floor":7,"key":"StrikeDummy"},{"floor":9,"key":"Question Card"},{"floor":10,"key":"Kunai"},{"floor":14,"key":"Nunchaku"},{"floor":24,"key":"Frozen Egg 2"},{"floor":26,"key":"Meat on the Bone"},{"floor":27,"key":"Juzu Bracelet"},{"floor":29,"key":"Gremlin Horn"},{"floor":30,"key":"Du-Vu Doll"},{"floor":30,"key":"Mummified Hand"},{"floor":40,"key":"Pear"},{"floor":42,"key":"Gambling Chip"},{"floor":43,"key":"Potion Belt"},{"floor":44,"key":"Happy Flower"},{"floor":54,"key":"Blue Candle"}],"event_choices":[{"damage_healed":0,"gold_gain":175,"player_choice":"AGREE","damage_taken":0,"max_hp_gain":0,"max_hp_loss":0,"event_name":"Liars Game","floor":4,"gold_loss":0,"cards_obtained":["Doubt"]},{"damage_healed":0,"gold_gain":0,"player_choice":"Ignored","damage_taken":0,"max_hp_gain":0,"max_hp_loss":0,"event_name":"Golden Wing","floor":5,"gold_loss":0},{"damage_healed":0,"gold_gain":0,"player_choice":"Entered Light","damage_taken":14,"max_hp_gain":0,"max_hp_loss":0,"event_name":"Shining Light","floor":12,"gold_loss":0,"cards_upgraded":["Survivor","Neutralize"]},{"damage_healed":0,"gold_gain":0,"player_choice":"Opened","damage_taken":0,"relics_obtained":["Girya"],"max_hp_gain":0,"max_hp_loss":0,"event_name":"The Mausoleum","floor":19,"gold_loss":0},{"damage_healed":0,"gold_gain":0,"player_choice":"Ignored","damage_taken":0,"max_hp_gain":0,"max_hp_loss":0,"event_name":"Ghosts","floor":20,"gold_loss":0},{"damage_healed":0,"gold_gain":0,"player_choice":"Shed Blood","damage_taken":18,"max_hp_gain":5,"max_hp_loss":0,"event_name":"Forgotten Altar","floor":22,"gold_loss":0},{"damage_healed":0,"gold_gain":0,"player_choice":"Cursed","damage_taken":0,"max_hp_gain":0,"max_hp_loss":0,"event_name":"Wheel of Change","floor":28,"gold_loss":0,"cards_obtained":["Decay"]},{"damage_healed":0,"gold_gain":0,"player_choice":"Fight","damage_taken":0,"max_hp_gain":0,"max_hp_loss":0,"event_name":"Colosseum","floor":30,"gold_loss":0},{"damage_healed":0,"gold_gain":0,"player_choice":"Fought Nobs","damage_taken":0,"max_hp_gain":0,"max_hp_loss":0,"event_name":"Colosseum","floor":30,"gold_loss":0},{"damage_healed":0,"gold_gain":0,"player_choice":"Bought 0 Potions","damage_taken":0,"max_hp_gain":0,"max_hp_loss":0,"event_name":"The Woman in Blue","floor":36,"gold_loss":0},{"damage_healed":0,"gold_gain":0,"player_choice":"Ignored","damage_taken":0,"max_hp_gain":0,"max_hp_loss":0,"event_name":"Transmorgrifier","floor":37,"gold_loss":0},{"damage_healed":0,"gold_gain":0,"player_choice":"1 cards matched","damage_taken":0,"max_hp_gain":0,"max_hp_loss":0,"event_name":"Match and Keep!","floor":39,"gold_loss":0,"cards_obtained":["Calculated Gamble"]},{"cards_removed":["Defend_G"],"damage_healed":0,"gold_gain":0,"player_choice":"Removed Skill","damage_taken":0,"max_hp_gain":0,"max_hp_loss":0,"event_name":"Falling","floor":41,"gold_loss":0},{"damage_healed":0,"gold_gain":0,"player_choice":"Memory 1","damage_taken":0,"max_hp_gain":0,"max_hp_loss":0,"event_name":"SensoryStone","floor":46,"gold_loss":0},{"damage_healed":0,"gold_gain":0,"player_choice":"Paid","damage_taken":0,"relics_obtained":["Red Mask"],"max_hp_gain":0,"max_hp_loss":0,"event_name":"Tomb of Lord Red Mask","floor":47,"gold_loss":225}],"is_beta":false,"boss_relics":[{"not_picked":["Snecko Eye","Astrolabe"],"picked":"Coffee Dripper"},{"not_picked":["Philosopher\u0027s Stone","Sozu"],"picked":"SacredBark"}],"items_purged_floors":[31,31,31],"is_endless":false,"potions_floor_spawned":[3,8,11,14,21,29,30,33,35,44],"ascension_level":7}}