{"host":"oluf6aumjll4vfac","time":1607957122,"event":{"mods":["BaseMod","Colored Map","Colored Powertips","Conspire","Downfall","Minty Spire (QoL Compilation)","Quick Restart","Shop Mod","StSLib","SuperFastMode"],"gold_per_floor":[116,116,131,163,180,214,214,214,214,229,404,416,125,75,75,176,176,190,16,16,36,135,135,135,135],"floor_reached":24,"playtime":668,"items_purged":["Doubt","Strike_R"],"score":194,"play_id":"a9a03524-f00a-4c32-8339-426a96e4c707","local_time":"20201214224522","is_ascension_mode":false,"campfire_choices":[{"data":"Thunderclap","floor":7,"key":"SMITH"},{"floor":15,"key":"REST"},{"data":"Reaper","floor":23,"key":"SMITH"}],"circlet_count":0,"master_deck":["Strike_R","Strike_R","Defend_R","Defend_R","Defend_R","Defend_R","Bash","Rampage","Combust","Thunderclap+1","Cleave","Limit Break","Flex","Flex","expansioncontent:AwakenDeath","Reaper+1","Intimidate","expansioncontent:HyperBeam","Blood for Blood","Shame","Inflame+1"],"relics":["Burning Blood","White Beast Statue","Smiling Mask","Matryoshka","MerchantsRug","conspire:SlowCooker","Singing Bowl"],"acts_visited":["Exordium","TheCity"],"potions_floor_usage":[4,6,6,6,12,12,16,18,24],"damage_taken":[{"damage":0,"enemies":"Small Slimes","floor":1,"turns":3},{"damage":13,"enemies":"Jaw Worm","floor":3,"turns":3},{"damage":19,"enemies":"conspire:MimicChest","floor":4,"turns":3},{"damage":8,"enemies":"2 Louse","floor":5,"turns":2},{"damage":27,"enemies":"Lagavulin","floor":6,"turns":4},{"damage":1,"enemies":"Large Slime","floor":10,"turns":4},{"damage":1,"enemies":"2 Fungi Beasts","floor":12,"turns":1},{"damage":58,"enemies":"Slime Boss","floor":16,"turns":7},{"damage":39,"enemies":"2 Thieves","floor":18,"turns":5},{"damage":41,"enemies":"Shell Parasite","floor":21,"turns":6},{"damage":42,"enemies":"Slavers","floor":24,"turns":2}],"seed_played":"4667119651695177157","potions_obtained":[{"floor":1,"key":"Block Potion"},{"floor":3,"key":"champ:CounterPotion"},{"floor":4,"key":"champ:CounterPotion"},{"floor":5,"key":"DistilledChaos"},{"floor":6,"key":"Explosive Potion"},{"floor":10,"key":"SkillPotion"},{"floor":12,"key":"SkillPotion"},{"floor":16,"key":"BlessingOfTheForge"},{"floor":18,"key":"FearPotion"},{"floor":21,"key":"Explosive Potion"}],"is_trial":false,"path_per_floor":["M","?","M","?","M","E","R","?","T","M","?","M","$","?","R","B",null,"M","$","?","M","?","R","E"],"character_chosen":"IRONCLAD","items_purchased":["MerchantsRug","expansioncontent:AwakenDeath","expansioncontent:HyperBeam","Blood for Blood"],"campfire_rested":1,"item_purchase_floors":[13,13,19,19],"current_hp_per_floor":[88,88,81,68,66,45,45,38,38,43,43,48,48,48,74,22,88,69,69,69,34,34,34,0,0],"gold":135,"neow_bonus":"TEN_PERCENT_HP_BONUS","is_daily":false,"chose_seed":false,"campfire_upgraded":2,"win_rate":0.0,"timestamp":1607957122,"path_taken":["M","?","M","?","M","E","R","?","T","M","?","M","?","?","R","BOSS","M","$","?","M","?","R","E"],"items_purchased_type":["Relic","Card","Card","Card"],"build_version":"2020-12-13","purchased_purges":2,"victory":false,"max_hp_per_floor":[88,88,88,88,88,88,88,88,88,88,88,88,88,88,88,88,88,88,88,88,88,88,88,88,88],"card_choices":[{"not_picked":["Disarm","Second Wind"],"picked":"Rampage","floor":1},{"not_picked":["Shockwave","Flame Barrier"],"picked":"Combust","floor":3},{"not_picked":["Burning Pact","Sword Boomerang"],"picked":"Thunderclap","floor":4},{"not_picked":["Twin Strike","Sword Boomerang"],"picked":"Cleave","floor":5},{"not_picked":["Fiend Fire","Hemokinesis"],"picked":"Limit Break","floor":6},{"not_picked":["Clash","Power Through"],"picked":"Flex","floor":10},{"not_picked":["Clash","Wild Strike"],"picked":"Flex","floor":12},{"not_picked":["Limit Break","Juggernaut"],"picked":"Reaper","floor":16},{"not_picked":["Battle Trance","Perfected Strike"],"picked":"Intimidate","floor":18},{"not_picked":["Heavy Blade","Twin Strike"],"picked":"Inflame+1","floor":21}],"player_experience":45058,"relics_obtained":[{"floor":4,"key":"White Beast Statue"},{"floor":6,"key":"Smiling Mask"},{"floor":9,"key":"Matryoshka"}],"event_choices":[{"damage_healed":0,"gold_gain":0,"player_choice":"Leave","damage_taken":0,"max_hp_gain":0,"max_hp_loss":0,"event_name":"conspire:Investor","floor":2,"gold_loss":0},{"cards_removed":["Strike_R"],"damage_healed":0,"gold_gain":0,"player_choice":"Card Removal","damage_taken":7,"max_hp_gain":0,"max_hp_loss":0,"event_name":"Golden Wing","floor":8,"gold_loss":0},{"damage_healed":0,"gold_gain":175,"player_choice":"AGREE","damage_taken":0,"max_hp_gain":0,"max_hp_loss":0,"event_name":"Liars Game","floor":11,"gold_loss":0,"cards_obtained":["Doubt"]},{"cards_removed":["Strike_R"],"damage_healed":0,"gold_gain":0,"player_choice":"Card Removal","damage_taken":0,"max_hp_gain":0,"max_hp_loss":0,"event_name":"The Cleric","floor":14,"gold_loss":50},{"damage_healed":0,"gold_gain":0,"player_choice":"Stole Relic","damage_taken":0,"relics_obtained":["Singing Bowl"],"max_hp_gain":0,"max_hp_loss":0,"event_name":"Addict","floor":20,"gold_loss":0,"cards_obtained":["Shame"]},{"damage_healed":0,"gold_gain":99,"player_choice":"Stole From Cult","damage_taken":0,"max_hp_gain":0,"max_hp_loss":0,"event_name":"Nest","floor":22,"gold_loss":0}],"is_beta":false,"boss_relics":[{"not_picked":["Cursed Key","Fusion Hammer"],"picked":"conspire:SlowCooker"}],"items_purged_floors":[13,19],"is_endless":false,"potions_floor_spawned":[1,3,4,5,6,10,12,16,18,21],"killed_by":"Slavers","ascension_level":0}}