{"host":"4e7ld00gewa6mlu4","time":1607973237,"event":{"mods":["2.2 Compatiblity","Act Like it!","BaseMod","Conspire","Downfall","Hubris","Infinite Spire","Jedi Mod","Minty Spire (QoL Compilation)","Practice Mode","Quick Restart","Random Character Button","Random Character Mod","Replay The Spire","Shop Mod","StSLib"],"gold_per_floor":[99,99,129,54,54,54,122,222,222,147,161,173,190,210,226,323,323,323,336,370,390,390,390],"floor_reached":22,"playtime":1538,"items_purged":[],"score":229,"play_id":"d801bb1d-e485-4a66-936c-1ca00a0a9ff6","local_time":"20201214141357","is_ascension_mode":false,"campfire_choices":[{"floor":1.0,"key":"RECALL"},{"data":"champ:Circumvent","floor":4.0,"key":"SMITH"},{"data":"champ:Taunt","floor":6.0,"key":"SMITH"},{"data":"champ:BringItOn","floor":10.0,"key":"SMITH"},{"data":"champ:FocusedDefense","floor":18.0,"key":"SMITH"}],"circlet_count":0,"master_deck":["champ:Strike","champ:Strike","champ:Strike","champ:Strike","champ:Defend","champ:Defend","champ:Defend","champ:Defend","champ:Execute","champ:Taunt+1","champ:DefensiveShout+1","champ:Circumvent+1","champ:BringItOn+1","champ:DefensiveStyle","champ:FocusedDefense+1"],"relics":["champ:ChampionCrown","downfall:HeartsMalice","Boot","downfall:HeartBlessingRed","downfall:HeartBlessingBlue","jedi:hotpepper","ReplayTheSpireMod:TigerMarble"],"acts_visited":["Exordium","TheCity"],"potions_floor_usage":[20,20],"damage_taken":[{"damage":0.0,"enemies":"2 Louse","floor":2.0,"turns":1.0},{"damage":0.0,"enemies":"Lagavulin","floor":3.0,"turns":1.0},{"damage":0.0,"enemies":"Cultist","floor":9.0,"turns":1.0},{"damage":8.0,"enemies":"Jaw Worm","floor":11.0,"turns":3.0},{"damage":9.0,"enemies":"Exordium Thugs","floor":12.0,"turns":5.0},{"damage":9.0,"enemies":"Blue Slaver","floor":13.0,"turns":3.0},{"damage":0.0,"enemies":"3 Louse","floor":14.0,"turns":2.0},{"damage":0.0,"enemies":"Blue Slaver","floor":15.0,"turns":3.0},{"damage":5.0,"enemies":"downfall:Ironclad","floor":16.0,"turns":9.0},{"damage":7.0,"enemies":"Shell Parasite","floor":19.0,"turns":5.0},{"damage":57,"enemies":"Gremlin Leader","floor":20,"turns":10},{"damage":0,"enemies":"Spheric Guardian","floor":21,"turns":3},{"damage":40,"enemies":"conspire:SneckoGhost","floor":22,"turns":7}],"seed_played":"-6498584372886135452","potions_obtained":[{"floor":12.0,"key":"Dexterity Potion"},{"floor":14.0,"key":"AttackPotion"},{"floor":16.0,"key":"CultistPotion"},{"floor":19.0,"key":"Adrenaline Potion"}],"is_trial":false,"path_per_floor":["R","M","E","R","?","R","T","?","M","R","M","M","M","M","M","B",null,"R","M","E","M","E"],"character_chosen":"THE_CHAMP","items_purchased":[],"campfire_rested":0,"item_purchase_floors":[],"current_hp_per_floor":[90,90,90,90,90,90,90,90,90,100,97,88,84,84,84,79,75,75,73,24,24,0,0],"gold":390,"neow_bonus":"THREE_ENEMY_KILL","is_daily":false,"chose_seed":false,"campfire_upgraded":4,"win_rate":0.0,"timestamp":1607973237,"path_taken":["R","M","E","R","?","R","T","?","M","R","?","M","?","?","M","BOSS","R","M","E","M","E"],"items_purchased_type":[],"build_version":"2020-12-13","purchased_purges":0,"victory":false,"max_hp_per_floor":[90,90,90,90,90,90,90,90,90,100,100,100,100,100,100,100,75,75,75,75,75,75,75],"card_choices":[{"not_picked":["champ:Backstep","champ:EnragedBash"],"picked":"champ:DefensiveShout","floor":2.0},{"not_picked":["champ:Duel","champ:AdrenalArmor"],"picked":"champ:Circumvent","floor":3.0},{"not_picked":["champ:BerserkerStyle","champ:EnragedBash"],"picked":"champ:BringItOn","floor":9.0},{"not_picked":["champ:FaceSlap","champ:Haymaker"],"picked":"champ:DefensiveStyle","floor":11.0},{"not_picked":["champ:CrookedStrike","champ:RecklessLeap","champ:AdrenalArmor"],"picked":"SKIP","floor":12.0},{"not_picked":["champ:PreciseThrust","champ:RisingSlash","champ:CrookedStrike"],"picked":"SKIP","floor":13.0},{"not_picked":["champ:Encircle","champ:EnragedBash"],"picked":"champ:FocusedDefense","floor":14.0},{"not_picked":["champ:PerfectedStrike","champ:GladiatorStyle","champ:DefensiveShout"],"picked":"SKIP","floor":15.0},{"not_picked":["champ:RapidStrikes","champ:RecklessLeap","champ:FaceSlap+1"],"picked":"SKIP","floor":19.0},{"not_picked":["champ:Haymaker+1","champ:BringItOn","champ:StanceDance"],"picked":"SKIP","floor":20},{"not_picked":["champ:FlashCut","champ:DancingMaster","champ:ViciousMockery"],"picked":"SKIP","floor":21}],"player_experience":932301,"relics_obtained":[{"floor":3.0,"key":"Boot"},{"floor":20,"key":"ReplayTheSpireMod:TigerMarble"}],"event_choices":[],"is_beta":false,"boss_relics":[{"not_picked":["ChewingGum","SacredBark"],"picked":"jedi:hotpepper"}],"items_purged_floors":[],"is_endless":false,"potions_floor_spawned":[12,14,16,19],"killed_by":"conspire:SneckoGhost","ascension_level":0}}