{"host":"ab2s6ezjqdgtrlyf","time":1607958544,"event":{"mods":["BaseMod","Colored Map","Highlight Path","Marked Mod","Minty Spire (QoL Compilation)","Quick Restart","Relic Stats","Replay The Spire","StSLib","Waifu the Spire","vexMod"],"gold_per_floor":[19,35,35,50,50,50,50,50,50],"floor_reached":8,"playtime":184,"items_purged":[],"score":90,"play_id":"041cf848-966f-4874-b19d-2c2b32e7d809","local_time":"20201214230904","is_ascension_mode":true,"campfire_choices":[{"data":"1","floor":6,"key":"LIFT"}],"circlet_count":0,"master_deck":["AscendersBane","Strike_B","Strike_B","Strike_B","Strike_B","Defend_B","Defend_B","Defend_B","Zap","Dualcast","Leap","Sunder","BasicCrystalCard","Fission"],"relics":["Cracked Core","Girya","Golden Idol"],"acts_visited":[],"potions_floor_usage":[],"damage_taken":[{"damage":7,"enemies":"Jaw Worm","floor":1,"turns":3},{"damage":1,"enemies":"Small Slimes","floor":2,"turns":3},{"damage":0,"enemies":"Cultist","floor":4,"turns":3},{"damage":62,"enemies":"Gremlin Nob","floor":8,"turns":4}],"seed_played":"8365153943715384429","potions_obtained":[],"is_trial":false,"path_per_floor":["M","M","$","M","?","R","?","E"],"character_chosen":"DEFECT","items_purchased":[],"campfire_rested":0,"item_purchase_floors":[],"current_hp_per_floor":[57,56,56,56,56,56,56,0,0],"gold":50,"neow_bonus":"ONE_RARE_RELIC","is_daily":false,"chose_seed":false,"campfire_upgraded":0,"win_rate":0.0,"timestamp":1607958544,"path_taken":["M","M","$","M","?","R","?","E"],"items_purchased_type":[],"build_version":"2020-12-13","purchased_purges":0,"victory":false,"max_hp_per_floor":[71,71,71,71,64,64,64,64,64],"relic_stats":{"counters":[4,13],"Golden Idol":0,"obtain_stats":[{"Girya":0,"Golden Idol":5,"Cracked Core":0},{"Girya":0,"Golden Idol":3,"Cracked Core":0},{"Girya":0,"Golden Idol":9,"Cracked Core":0}]},"card_choices":[{"not_picked":["Cold Snap","Glacier"],"picked":"Leap","floor":1},{"not_picked":["Rebound","Cold Snap"],"picked":"Sunder","floor":2},{"not_picked":["Stack","Beam Cell"],"picked":"BasicCrystalCard","floor":4}],"player_experience":778946,"relics_obtained":[],"event_choices":[{"damage_healed":0,"gold_gain":0,"player_choice":"Lose Max HP","damage_taken":0,"relics_obtained":["Golden Idol"],"max_hp_gain":0,"max_hp_loss":7,"event_name":"Golden Idol","floor":5,"gold_loss":0},{"damage_healed":0,"gold_gain":0,"cards_transformed":["Defend_B"],"player_choice":"Transformed","damage_taken":0,"max_hp_gain":0,"max_hp_loss":0,"event_name":"Transmorgrifier","floor":7,"gold_loss":0,"cards_obtained":["Fission"]}],"is_beta":false,"boss_relics":[],"items_purged_floors":[],"is_endless":false,"potions_floor_spawned":[],"killed_by":"Gremlin Nob","ascension_level":19}}