{"host":"vm8b3ptwl81uq21f","time":1607926302,"event":{"mods":["BaseMod","BetterRewards","Colored Powertips","Downfall","GifTheSpireLib","Googly Eyes","GungeonMod","Halation","Hubris","Minty Spire (QoL Compilation)","Quick Restart","Rare Cards Sparkle","Replay The Spire","Shop Mod","StSLib","Stuff the Spire","The Bug Knight","The IronCluck","[IsaacMod]????"],"gold_per_floor":[118,118,50,127,52,52,78,78,78,94,114,147,162,182,182,283,283,283,283],"floor_reached":18,"playtime":443,"items_purged":["Strike_B"],"score":195,"play_id":"1a9b7441-d5c8-4ee4-9ce5-0fba1fe96d86","local_time":"20201214011142","is_ascension_mode":false,"campfire_choices":[{"data":"Zap","floor":6,"key":"SMITH"},{"data":"StuffTheSpire:LaunchingStrike","floor":8,"key":"SMITH"},{"data":"DoctorFetus","floor":15,"key":"SMITH"}],"circlet_count":0,"master_deck":["Strike_B","Strike_B","Strike_B","Defend_B+1","Defend_B+1","Defend_B+1","Defend_B+1","Zap+1","Dualcast","DoctorFetus+1","StuffTheSpire:LaunchingStrike+1","FTL","Gash","Cold Snap","Leap","Rainbow"],"relics":["Cracked Core","HushsDoor","Void","DemoMod:VorpalBullet","DemoMod:Metronome","DemoMod:GlassGuonStoneRelic","hubris:GrandSneckoEye"],"acts_visited":["Exordium","TheCity"],"potions_floor_usage":[16],"damage_taken":[{"damage":0,"enemies":"Jaw Worm","floor":1,"turns":1},{"damage":0,"enemies":"3 Sentries","floor":7,"turns":1},{"damage":0,"enemies":"Cultist","floor":10,"turns":1},{"damage":0,"enemies":"Small Slimes","floor":11,"turns":2},{"damage":22,"enemies":"HollowMod:MossKnight","floor":12,"turns":8},{"damage":0,"enemies":"2 Fungi Beasts","floor":13,"turns":1},{"damage":0,"enemies":"Exordium Wildlife","floor":14,"turns":2},{"damage":14,"enemies":"Hexaghost","floor":16,"turns":6},{"damage":0,"enemies":"Spheric Guardian","floor":18,"turns":1}],"seed_played":"-6219467579601473620","potions_obtained":[{"floor":10,"key":"PowerPotion"},{"floor":12,"key":"Swift Potion"}],"is_trial":false,"path_per_floor":["M","?","$","?","$","R","E","R","T","M","M","E","M","M","R","B",null,"M"],"character_chosen":"DEFECT","items_purchased":["FTL"],"campfire_rested":0,"item_purchase_floors":[3],"current_hp_per_floor":[75,75,75,75,75,75,75,75,75,75,75,53,53,53,53,39,75,75,75],"gold":283,"neow_bonus":"THREE_ENEMY_KILL","is_daily":false,"chose_seed":false,"campfire_upgraded":3,"win_rate":0.0,"timestamp":1607926302,"path_taken":["M","?","$","?","$","R","E","R","T","M","M","E","M","M","R","BOSS","M"],"items_purchased_type":["Card"],"build_version":"2020-12-13","purchased_purges":1,"victory":false,"max_hp_per_floor":[75,75,75,75,75,75,75,75,75,75,75,75,75,75,75,75,75,75,75],"card_choices":[{"not_picked":[],"picked":"DoctorFetus","floor":0},{"not_picked":["Recycle","StuffTheSpire:LoadUp"],"picked":"StuffTheSpire:LaunchingStrike","floor":1},{"not_picked":["StuffTheSpire:GlassShard","StuffTheSpire:Synthwave","Redo"],"picked":"SKIP","floor":7},{"not_picked":["Genetic Algorithm","Redo"],"picked":"Gash","floor":10},{"not_picked":["FIFO Queue","Ball Lightning","Chill"],"picked":"SKIP","floor":11},{"not_picked":["Redo","Coolheaded"],"picked":"Bomb","floor":12},{"not_picked":["Auto Shields","BasicCrystalCard"],"picked":"Cold Snap","floor":13},{"not_picked":["Sweeping Beam","StuffTheSpire:NuclearReactor"],"picked":"Leap","floor":14},{"not_picked":["StuffTheSpire:EventHorizon","ReplayRNGCard"],"picked":"Rainbow","floor":16}],"player_experience":295674,"relics_obtained":[{"floor":7,"key":"Replay:Bottled Eggs"},{"floor":9,"key":"DemoMod:VorpalBullet"},{"floor":12,"key":"DemoMod:Metronome"}],"event_choices":[{"damage_healed":0,"gold_gain":77,"player_choice":"Gained Gold","damage_taken":0,"max_hp_gain":0,"max_hp_loss":0,"event_name":"Golden Wing","floor":4,"gold_loss":0}],"is_beta":false,"boss_relics":[{"not_picked":["hubris:Stopwatch","halation:SmartPhone"],"picked":"hubris:GrandSneckoEye"},{"not_picked":[]}],"items_purged_floors":[5],"is_endless":false,"potions_floor_spawned":[10,12],"killed_by":"Spheric Guardian","ascension_level":0}}