{"host":"4e7ld00gewa6mlu4","time":1607969861,"event":{"mods":["2.2 Compatiblity","Act Like it!","BaseMod","Conspire","Downfall","Hubris","Infinite Spire","Jedi Mod","Minty Spire (QoL Compilation)","Practice Mode","Quick Restart","Random Character Button","Random Character Mod","Replay The Spire","Shop Mod","StSLib"],"gold_per_floor":[99,132,145,145,165,200,200,213,231,251,265,284,122,132,151,151,151],"floor_reached":16,"playtime":1663,"items_purged":["champ:Strike"],"score":118,"play_id":"84bb89ad-e996-4c4c-aae5-bbd3fb996922","local_time":"20201214131741","is_ascension_mode":false,"campfire_choices":[{"data":"champ:Taunt","floor":1,"key":"SMITH"},{"data":"champ:EnragedBash","floor":4,"key":"SMITH"}],"circlet_count":0,"master_deck":["champ:Strike","champ:Strike","champ:Strike","champ:Defend","champ:Defend","champ:Defend","champ:Defend","champ:Execute","champ:Taunt+1","champ:EnragedBash+1","champ:FanOfKnives","champ:FaceSlap","champ:BringItOn","champ:AdrenalArmor","champ:RecklessLeap","champ:Shatter","champ:BringItOn"],"relics":["champ:ChampionCrown","infinitespire:BottledMercury","conspire:Dentures"],"acts_visited":["Exordium"],"potions_floor_usage":[16],"damage_taken":[{"damage":69,"enemies":"Lagavulin","floor":2,"turns":9},{"damage":10,"enemies":"Cultist","floor":3,"turns":4},{"damage":2,"enemies":"conspire:RoseBush","floor":5,"turns":4},{"damage":21,"enemies":"Gremlin Nob","floor":6,"turns":4},{"damage":8,"enemies":"Jaw Worm","floor":8,"turns":3},{"damage":6,"enemies":"Red Slaver","floor":9,"turns":3},{"damage":25,"enemies":"Exordium Wildlife","floor":10,"turns":4},{"damage":21,"enemies":"Exordium Thugs","floor":11,"turns":5},{"damage":20,"enemies":"Large Slime","floor":12,"turns":3},{"damage":13,"enemies":"downfall:FleeingMerchant","floor":13,"turns":4},{"damage":9,"enemies":"3 Louse","floor":14,"turns":3},{"damage":3,"enemies":"Red Slaver","floor":15,"turns":2},{"damage":66,"enemies":"downfall:Ironclad","floor":16,"turns":9}],"seed_played":"7082736349074282966","potions_obtained":[{"floor":3,"key":"Toxic Potion"},{"floor":9,"key":"Adrenaline Potion"},{"floor":11,"key":"jedi:StrikingPotion"}],"is_trial":false,"path_per_floor":["R","E","M","R","M","E","T","M","M","M","M","M","$","M","M","B"],"character_chosen":"THE_CHAMP","items_purchased":["champ:Shatter"],"campfire_rested":0,"item_purchase_floors":[13],"current_hp_per_floor":[99,50,49,49,49,35,35,34,32,28,23,23,23,23,20,0,0],"gold":151,"neow_bonus":"TEN_PERCENT_HP_BONUS","is_daily":false,"chose_seed":false,"campfire_upgraded":2,"win_rate":0.0,"timestamp":1607969861,"path_taken":["R","E","M","R","M","E","T","?","M","M","M","M","$","M","M","BOSS"],"items_purchased_type":["Card"],"build_version":"2020-12-13","purchased_purges":1,"victory":false,"max_hp_per_floor":[99,99,99,99,99,99,99,99,99,99,99,99,99,99,99,99,99],"card_choices":[{"not_picked":["champ:DefensiveStyle","champ:Lariat"],"picked":"champ:EnragedBash","floor":2},{"not_picked":["champ:RecklessLeap","champ:CalledShot"],"picked":"champ:FanOfKnives","floor":3},{"not_picked":["champ:PerfectedStrike","champ:FlashCut"],"picked":"champ:FaceSlap","floor":5},{"not_picked":["champ:FaceSlap","champ:Backstep"],"picked":"champ:BringItOn","floor":6},{"not_picked":["champ:Riposte","champ:Encircle"],"picked":"champ:AdrenalArmor","floor":8},{"not_picked":["champ:BerserkersShout","champ:BladeFlurry"],"picked":"champ:RecklessLeap","floor":9},{"not_picked":["champ:GladiatorsShout","champ:FightOn","champ:PerfectedStrike"],"picked":"SKIP","floor":10},{"not_picked":["champ:AdrenalArmor","champ:GladiatorsShout","champ:Shatter"],"picked":"SKIP","floor":11},{"not_picked":["champ:TornadoPunch","champ:BladeFlurry","champ:BringItOn"],"picked":"SKIP","floor":12},{"not_picked":["champ:AdrenalArmor","champ:StanceDance","champ:TornadoPunch"],"picked":"SKIP","floor":13},{"not_picked":["champ:FlashCut","champ:IgnorePain","champ:Haymaker"],"picked":"SKIP","floor":14},{"not_picked":["champ:Haymaker","champ:ShieldWall"],"picked":"champ:BringItOn","floor":15}],"player_experience":932301,"relics_obtained":[{"floor":6,"key":"infinitespire:BottledMercury"},{"floor":7,"key":"conspire:Dentures"}],"event_choices":[],"is_beta":false,"boss_relics":[],"items_purged_floors":[13],"is_endless":false,"potions_floor_spawned":[3,9,11,12,14,15],"killed_by":"downfall:Ironclad","ascension_level":0}}