{"host":"10b2ljh1rg6srmxa","time":1607980656,"event":{"mods":["AchievementEnabler","BaseMod","Colored Powertips","Infinite Spire","Minty Spire (QoL Compilation)","Replay The Spire","StSLib"],"gold_per_floor":[109,129,129,141,141,141,156,175,198,212,275,275,306,323,323,423,423,423,13,13,13,13,13,13,13,13,13,13,13,13,13,13,13,13,13,13,13,13,13],"floor_reached":38,"playtime":5039,"items_purged":["Eruption"],"score":398,"play_id":"cb94afce-9da9-4891-8d52-c05f6ac7f4e2","local_time":"20201214221736","is_ascension_mode":false,"campfire_choices":[{"data":"infinitespire:Fortify","floor":6,"key":"SMITH"},{"data":"LikeWater","floor":12,"key":"SMITH"},{"data":"PathToVictory","floor":23,"key":"SMITH"},{"floor":25,"key":"REST"},{"floor":32,"key":"DIG"}],"circlet_count":0,"master_deck":["Strike_P","Strike_P","Strike_P","Strike_P","Defend_P","Defend_P","Defend_P","Defend_P","Vigilance","CrushJoints","CutThroughFate","FollowUp","infinitespire:Fortify+1","SandsOfTime+1","LikeWater+1","ReachHeaven","DeusExMachina","PathToVictory","PathToVictory+1","CutThroughFate","Parasite","ThirdEye+1","Shame","Replay:DivineShield+1"],"relics":["PureWater","NeowsBlessing","Replay:Mystery Machine","Juzu Bracelet","Ectoplasm","Replay:Baseball","HandDrill","Nunchaku","Kunai","Regal Pillow","PreservedInsect","Smiling Mask","SlaversCollar","infinitespire:Magic Flask"],"acts_visited":["Exordium","TheCity","TheBeyond"],"potions_floor_usage":[13,13,13,13,13,22,33,33,35,37,38],"damage_taken":[{"damage":0,"enemies":"2 Louse","floor":1,"turns":1},{"damage":0,"enemies":"Small Slimes","floor":2,"turns":1},{"damage":0,"enemies":"Cultist","floor":4,"turns":1},{"damage":0,"enemies":"Exordium Wildlife","floor":7,"turns":3},{"damage":0,"enemies":"Looter","floor":8,"turns":3},{"damage":7,"enemies":"Large Slime","floor":10,"turns":5},{"damage":3,"enemies":"3 Sentries","floor":13,"turns":5},{"damage":7,"enemies":"Blue Slaver","floor":14,"turns":3},{"damage":21,"enemies":"The Guardian","floor":16,"turns":13},{"damage":0,"enemies":"Spheric Guardian","floor":18,"turns":4},{"damage":0,"enemies":"Shell Parasite","floor":20,"turns":4},{"damage":9,"enemies":"Centurion and Healer","floor":22,"turns":7},{"damage":40,"enemies":"Gremlin Leader","floor":24,"turns":6},{"damage":1,"enemies":"3 Cultists","floor":30,"turns":5},{"damage":9,"enemies":"Snecko","floor":31,"turns":5},{"damage":8,"enemies":"Champ","floor":33,"turns":10},{"damage":14,"enemies":"Orb Walker","floor":35,"turns":4},{"damage":1,"enemies":"Mind Bloom Boss Battle","floor":36,"turns":8},{"damage":0,"enemies":"3 Darklings","floor":37,"turns":7},{"damage":64,"enemies":"2 Orb Walkers","floor":38,"turns":6}],"seed_played":"-2314564475770252435","potions_obtained":[{"floor":2,"key":"Adrenaline Potion"},{"floor":7,"key":"AttackPotion"},{"floor":10,"key":"ColorlessPotion"},{"floor":16,"key":"Block Potion"},{"floor":22,"key":"Venom Potion"},{"floor":24,"key":"Ancient Potion"},{"floor":31,"key":"EssenceOfSteel"},{"floor":33,"key":"Block Potion"},{"floor":35,"key":"Milkshake"}],"is_trial":false,"path_per_floor":["M","M","?","M","?","R","M","M","T","M","?","R","E","M","R","B",null,"M","$","M","?","M","R","E","R","T","?","$","?","M","M","R","B",null,"M","?","M","?"],"character_chosen":"WATCHER","items_purchased":["PathToVictory","Replay:Baseball","HandDrill"],"campfire_rested":1,"item_purchase_floors":[19,19,19],"current_hp_per_floor":[72,72,72,72,54,54,54,54,54,47,47,47,44,37,37,16,72,72,72,72,72,63,63,23,44,44,44,44,44,43,34,34,26,72,58,57,57,0,0],"gold":13,"neow_bonus":"THREE_ENEMY_KILL","is_daily":false,"chose_seed":false,"campfire_upgraded":3,"win_rate":0.0,"timestamp":1607980656,"path_taken":["M","M","?","M","?","R","M","M","T","M","?","R","E","M","R","BOSS","M","$","M","?","M","R","E","R","T","?","$","?","M","M","R","BOSS","M","?","M","?"],"items_purchased_type":["Card","Relic","Relic"],"build_version":"2020-12-13","purchased_purges":1,"victory":false,"max_hp_per_floor":[72,72,72,72,72,72,72,72,72,72,72,72,72,72,72,72,72,72,72,72,72,72,72,72,72,72,72,72,72,72,72,72,72,72,72,72,72,72,72],"card_choices":[{"not_picked":["Conclude","Replay:AtTheReady"],"picked":"CrushJoints","floor":1},{"not_picked":["EmptyFist","EmptyBody"],"picked":"CutThroughFate","floor":2},{"not_picked":["Halt","EmptyFist"],"picked":"FollowUp","floor":4},{"not_picked":["infinitespire:Collect","infinitespire:Execution"],"picked":"infinitespire:Fortify","floor":5},{"not_picked":["MasterReality","EmptyFist"],"picked":"SandsOfTime","floor":7},{"not_picked":["Evaluate","ClearTheMind","BowlingBash"],"picked":"SKIP","floor":8},{"not_picked":["Tantrum","PathToVictory"],"picked":"LikeWater","floor":10},{"not_picked":["Crescendo","ClearTheMind","Replay:Cycle"],"picked":"SKIP","floor":13},{"not_picked":["Replay:Hum","SignatureMove"],"picked":"Worship","floor":14},{"not_picked":["Devotion","ConjureBlade"],"picked":"DeusExMachina","floor":16},{"not_picked":["Replay:AtTheReady","EmptyMind","BowlingBash+1"],"picked":"SKIP","floor":18},{"not_picked":["EmptyMind","Replay:Cycle"],"picked":"CutThroughFate","floor":20},{"not_picked":["Replay:Anticipation","EmptyFist+1"],"picked":"ThirdEye+1","floor":22},{"not_picked":["DeusExMachina","Replay:AtTheReady+1","EmptyBody"],"picked":"SKIP","floor":24},{"not_picked":["Meditate","ClearTheMind+1","CarveReality+1"],"picked":"SKIP","floor":30},{"not_picked":["Replay:BluntJabs+1","Prostrate","EmptyBody+1"],"picked":"SKIP","floor":31},{"not_picked":["Evaluate+1","EmptyMind+1","Study"],"picked":"SKIP","floor":35},{"not_picked":["Wallop","Consecrate+1"],"picked":"Replay:DivineShield+1","floor":36},{"not_picked":["Study+1","Pray","Meditate+1"],"picked":"SKIP","floor":37}],"player_experience":230689,"relics_obtained":[{"floor":9,"key":"Replay:Mystery Machine"},{"floor":13,"key":"Juzu Bracelet"},{"floor":24,"key":"Kunai"},{"floor":26,"key":"Regal Pillow"},{"floor":32,"key":"Smiling Mask"},{"floor":36,"key":"infinitespire:Magic Flask"}],"event_choices":[{"damage_healed":0,"gold_gain":0,"player_choice":"Leave","damage_taken":0,"max_hp_gain":0,"max_hp_loss":0,"event_name":"The Cleric","floor":3,"gold_loss":0},{"damage_healed":0,"gold_gain":63,"player_choice":"Gained Gold","damage_taken":0,"max_hp_gain":0,"max_hp_loss":0,"event_name":"Golden Wing","floor":11,"gold_loss":0},{"damage_healed":0,"gold_gain":0,"player_choice":"Upgraded","damage_taken":0,"max_hp_gain":0,"max_hp_loss":0,"event_name":"Upgrade Shrine","floor":27,"gold_loss":0,"cards_upgraded":["SandsOfTime"]},{"damage_healed":0,"gold_gain":0,"player_choice":"Stole Relic","damage_taken":0,"relics_obtained":["PreservedInsect"],"max_hp_gain":0,"max_hp_loss":0,"event_name":"Addict","floor":29,"gold_loss":0,"cards_obtained":["Shame"]},{"damage_healed":0,"gold_gain":0,"player_choice":"Fight","damage_taken":0,"max_hp_gain":0,"max_hp_loss":0,"event_name":"MindBloom","floor":36,"gold_loss":0},{"damage_healed":0,"gold_gain":0,"player_choice":"Fight","damage_taken":0,"max_hp_gain":0,"max_hp_loss":0,"event_name":"Mysterious Sphere","floor":38,"gold_loss":0}],"is_beta":false,"boss_relics":[{"not_picked":["Runic Pyramid","Painkiller Herb"],"picked":"Ectoplasm"},{"not_picked":["Abe\u0027s Treasure","Astrolabe"],"picked":"SlaversCollar"}],"items_purged_floors":[19],"is_endless":false,"potions_floor_spawned":[2,7,10,16,22,24,31,33,35],"killed_by":"2 Orb Walkers","ascension_level":0}}