{"host":"63jn9lre6xij8k68","time":1607956877,"event":{"mods":["AchievementEnabler","BaseMod","Colored Map","DeckTracker","Minty Spire (QoL Compilation)","StSLib","SuperFastMode"],"gold_per_floor":[113,113,131,151,170,170,200,200,200,218,143,158,172,187,187,288,288,300,310,310,173,187,205,223,223,223,243,243,243,272,296,296,398,398,417,417,256,273,292,292,217,244,267,280,280,280],"floor_reached":45,"playtime":1244,"items_purged":["Strike_R","Strike_R"],"score":656,"play_id":"9b5b4720-c43d-4de1-99e0-cf04f58c32ac","local_time":"20201214234117","is_ascension_mode":true,"campfire_choices":[{"data":"True Grit","floor":6,"key":"SMITH"},{"data":"Body Slam","floor":15,"key":"SMITH"},{"data":"Body Slam","floor":25,"key":"SMITH"},{"floor":29,"key":"REST"},{"data":"Battle Trance","floor":32,"key":"SMITH"},{"data":"Juggernaut","floor":40,"key":"SMITH"}],"circlet_count":0,"master_deck":["Strike_R+1","Strike_R+1","Strike_R+1","Defend_R+1","Defend_R+1","Defend_R+1","Defend_R+1","Bash","True Grit+1","Body Slam+1","Body Slam+1","Wild Strike+1","Headbutt","Fiend Fire+1","Battle Trance+1","Seeing Red+1","Shrug It Off","Ghostly Armor+1","Offering","Juggernaut+1","Power Through"],"relics":["Burning Blood","Tiny Chest","Akabeko","Toy Ornithopter","Pear","Vajra","Busted Crown","Mercury Hourglass","Du-Vu Doll","Bronze Scales","Oddly Smooth Stone","Black Star","CaptainsWheel","Smiling Mask","Whetstone"],"acts_visited":["Exordium","TheCity","TheBeyond"],"potions_floor_usage":[16,22,33,39,42,45],"damage_taken":[{"damage":8,"enemies":"2 Louse","floor":1,"turns":2},{"damage":6,"enemies":"Cultist","floor":3,"turns":3},{"damage":9,"enemies":"Jaw Worm","floor":4,"turns":3},{"damage":13,"enemies":"2 Fungi Beasts","floor":5,"turns":4},{"damage":8,"enemies":"Lots of Slimes","floor":10,"turns":6},{"damage":14,"enemies":"Exordium Wildlife","floor":12,"turns":4},{"damage":12,"enemies":"Looter","floor":13,"turns":3},{"damage":4,"enemies":"Large Slime","floor":14,"turns":5},{"damage":55,"enemies":"Slime Boss","floor":16,"turns":13},{"damage":19,"enemies":"Spheric Guardian","floor":18,"turns":4},{"damage":24,"enemies":"2 Thieves","floor":19,"turns":4},{"damage":17,"enemies":"Centurion and Healer","floor":22,"turns":5},{"damage":6,"enemies":"3 Cultists","floor":23,"turns":5},{"damage":34,"enemies":"Sentry and Sphere","floor":24,"turns":6},{"damage":9,"enemies":"Centurion and Healer","floor":27,"turns":3},{"damage":19,"enemies":"Slavers","floor":30,"turns":4},{"damage":45,"enemies":"Champ","floor":33,"turns":8},{"damage":11,"enemies":"3 Darklings","floor":35,"turns":5},{"damage":0,"enemies":"3 Shapes","floor":38,"turns":3},{"damage":15,"enemies":"Writhing Mass","floor":39,"turns":4},{"damage":6,"enemies":"Nemesis","floor":42,"turns":5},{"damage":10,"enemies":"Transient","floor":44,"turns":5},{"damage":73,"enemies":"Giant Head","floor":45,"turns":6}],"seed_played":"-8106476178407324097","potions_obtained":[{"floor":3,"key":"SkillPotion"},{"floor":5,"key":"GamblersBrew"},{"floor":13,"key":"HeartOfIron"},{"floor":16,"key":"Weak Potion"},{"floor":22,"key":"SteroidPotion"},{"floor":23,"key":"FairyPotion"},{"floor":27,"key":"EssenceOfSteel"},{"floor":38,"key":"Weak Potion"},{"floor":42,"key":"LiquidMemories"},{"floor":44,"key":"EssenceOfSteel"}],"is_trial":false,"path_per_floor":["M","?","M","M","M","R","?","T","T","M","$","M","M","M","R","B",null,"M","M","?","$","M","M","M","R","T","M","?","R","E","T","R","B",null,"M","?","$","M","M","R","$","E","T","M","E"],"character_chosen":"IRONCLAD","items_purchased":["Battle Trance","Juggernaut","Power Through"],"campfire_rested":1,"item_purchase_floors":[21,37,41],"current_hp_per_floor":[70,70,70,67,60,60,60,70,70,68,68,60,54,56,56,12,71,58,40,40,40,34,34,33,33,33,30,30,57,44,44,44,10,70,65,65,65,71,67,67,67,72,72,68,0,0],"gold":280,"neow_bonus":"RANDOM_COMMON_RELIC","is_daily":false,"chose_seed":false,"campfire_upgraded":5,"win_rate":0.0,"timestamp":1607956877,"path_taken":["M","?","M","?","M","R","?","?","T","M","$","M","M","M","R","BOSS","M","M","?","$","M","M","M","R","T","?","?","R","E","?","R","BOSS","M","?","$","M","?","R","$","E","T","M","E"],"items_purchased_type":["Card","Card","Card"],"build_version":"2020-12-13","purchased_purges":2,"victory":false,"max_hp_per_floor":[80,80,80,80,80,80,80,90,90,90,90,90,90,90,90,90,90,90,90,90,90,90,90,90,90,90,90,90,90,90,90,90,90,90,90,90,90,90,90,90,90,90,90,90,90,90],"card_choices":[{"not_picked":["Wild Strike","Twin Strike"],"picked":"True Grit","floor":1},{"not_picked":["Armaments","Shrug It Off"],"picked":"Body Slam","floor":3},{"not_picked":["Bloodletting","Clash","Whirlwind"],"picked":"SKIP","floor":4},{"not_picked":["Heavy Blade","Iron Wave","Blood for Blood"],"picked":"SKIP","floor":5},{"not_picked":["Armaments","Clash"],"picked":"Body Slam","floor":10},{"not_picked":["True Grit","Perfected Strike"],"picked":"Wild Strike","floor":12},{"not_picked":["Iron Wave","Armaments"],"picked":"Headbutt","floor":13},{"not_picked":["Thunderclap","Armaments","Wild Strike"],"picked":"SKIP","floor":14},{"not_picked":["Thunderclap","Armaments","Wild Strike"],"picked":"SKIP","floor":14},{"not_picked":["Corruption","Double Tap"],"picked":"Fiend Fire","floor":16},{"not_picked":["Entrench+1"],"picked":"SKIP","floor":18},{"not_picked":["Dual Wield"],"picked":"SKIP","floor":19},{"not_picked":["Armaments+1"],"picked":"SKIP","floor":22},{"not_picked":[],"picked":"Seeing Red+1","floor":23},{"not_picked":["Rage+1"],"picked":"SKIP","floor":24},{"not_picked":[],"picked":"Shrug It Off","floor":27},{"not_picked":[],"picked":"Ghostly Armor+1","floor":30},{"not_picked":[],"picked":"Offering","floor":33},{"not_picked":["Wild Strike"],"picked":"SKIP","floor":35},{"not_picked":["Armaments+1"],"picked":"SKIP","floor":38},{"not_picked":["Pummel"],"picked":"SKIP","floor":39},{"not_picked":["Anger+1"],"picked":"SKIP","floor":42},{"not_picked":["Entrench+1"],"picked":"SKIP","floor":44}],"player_experience":93755,"relics_obtained":[{"floor":2,"key":"Akabeko"},{"floor":8,"key":"Pear"},{"floor":9,"key":"Vajra"},{"floor":26,"key":"Du-Vu Doll"},{"floor":30,"key":"Bronze Scales"},{"floor":31,"key":"Oddly Smooth Stone"},{"floor":42,"key":"CaptainsWheel"},{"floor":42,"key":"Smiling Mask"},{"floor":43,"key":"Whetstone"}],"event_choices":[{"damage_healed":0,"gold_gain":0,"player_choice":"Relic","damage_taken":0,"max_hp_gain":0,"max_hp_loss":0,"event_name":"Wheel of Change","floor":2,"gold_loss":0},{"damage_healed":0,"gold_gain":30,"player_choice":"Searched \u00272\u0027 times","damage_taken":0,"relics_obtained":["Toy Ornithopter"],"max_hp_gain":0,"max_hp_loss":0,"event_name":"Dead Adventurer","floor":7,"gold_loss":0},{"damage_healed":0,"gold_gain":0,"player_choice":"Gave Potion","damage_taken":0,"relics_obtained":["Mercury Hourglass"],"max_hp_gain":0,"max_hp_loss":0,"event_name":"WeMeetAgain","floor":20,"gold_loss":0},{"damage_healed":0,"gold_gain":0,"player_choice":"Simplicity","damage_taken":0,"max_hp_gain":0,"max_hp_loss":0,"event_name":"Back to Basics","floor":28,"gold_loss":0,"cards_upgraded":["Strike_R","Strike_R","Strike_R","Defend_R","Defend_R","Defend_R","Defend_R"]},{"damage_healed":0,"gold_gain":0,"player_choice":"Ignored","damage_taken":0,"max_hp_gain":0,"max_hp_loss":0,"event_name":"SecretPortal","floor":36,"gold_loss":0}],"is_beta":false,"boss_relics":[{"not_picked":["Runic Dome","Coffee Dripper"],"picked":"Busted Crown"},{"not_picked":["Runic Cube","Runic Pyramid"],"picked":"Black Star"}],"items_purged_floors":[11,21],"is_endless":false,"potions_floor_spawned":[3,5,13,16,22,23,27,38,42,44],"killed_by":"Giant Head","ascension_level":7}}