{"host":"79x1xq0joessh4ki","time":1607953392,"event":{"mods":["BaseMod","Hermit","Minty Spire (QoL Compilation)","Relic Stats","StSLib"],"gold_per_floor":[119,137,287,102,116,116,141,141,141,155,183,201,215,250,250,250,250],"floor_reached":16,"playtime":504,"items_purged":["Doubt"],"score":244,"play_id":"1f577244-724c-4530-a800-9edfbf80dfad","local_time":"20201214144312","is_ascension_mode":true,"campfire_choices":[{"data":"hermit:Covet","floor":6,"key":"SMITH"},{"data":"hermit:Headshot","floor":8,"key":"SMITH"},{"floor":15,"key":"REST"}],"circlet_count":0,"master_deck":["AscendersBane","hermit:Strike_Hermit","hermit:Strike_Hermit","hermit:Strike_Hermit","hermit:Strike_Hermit","hermit:Defend_Hermit","hermit:Defend_Hermit","hermit:Defend_Hermit","hermit:Defend_Hermit","hermit:Snapshot","hermit:Covet+1","hermit:SprayPray","hermit:GoldenBullet","hermit:Headshot+1","hermit:Enervate","hermit:Headshot","hermit:Enervate","hermit:WideOpen","hermit:Manifest"],"relics":["hermit:Momento","Darkstone Periapt","Juzu Bracelet","Ornamental Fan"],"acts_visited":["Exordium"],"potions_floor_usage":[7,11,16],"damage_taken":[{"damage":7,"enemies":"Small Slimes","floor":1,"turns":3},{"damage":0,"enemies":"2 Louse","floor":2,"turns":2},{"damage":6,"enemies":"Cultist","floor":5,"turns":4},{"damage":20,"enemies":"Lagavulin","floor":7,"turns":6},{"damage":19,"enemies":"Blue Slaver","floor":10,"turns":5},{"damage":10,"enemies":"3 Sentries","floor":11,"turns":6},{"damage":0,"enemies":"2 Fungi Beasts","floor":12,"turns":2},{"damage":1,"enemies":"3 Louse","floor":13,"turns":2},{"damage":6,"enemies":"Gremlin Nob","floor":14,"turns":3},{"damage":15,"enemies":"The Guardian","floor":16,"turns":5}],"seed_played":"-8273010106931484047","potions_obtained":[{"floor":7,"key":"CultistPotion"},{"floor":12,"key":"LiquidMemories"}],"is_trial":false,"path_per_floor":["M","M","?","$","M","R","E","R","T","M","E","M","M","E","R","B"],"character_chosen":"HERMIT","items_purchased":["Fire Potion","PowerPotion"],"campfire_rested":1,"item_purchase_floors":[4,4],"current_hp_per_floor":[64,64,64,64,58,58,38,38,38,19,9,9,8,2,25,10,10],"gold":250,"neow_bonus":"TEN_PERCENT_HP_BONUS","is_daily":false,"chose_seed":false,"campfire_upgraded":2,"win_rate":0.0,"timestamp":1607953392,"path_taken":["M","M","?","$","M","R","E","R","T","M","E","M","M","E","R","BOSS"],"items_purchased_type":["Potion","Potion"],"build_version":"2020-12-13","purchased_purges":1,"victory":false,"max_hp_per_floor":[78,78,78,78,78,78,78,78,78,78,78,78,78,78,78,78,78],"relic_stats":{"Darkstone Periapt":0,"counters":[10,38],"Ornamental Fan":[4],"Juzu Bracelet":0,"obtain_stats":[{"Darkstone Periapt":7,"Ornamental Fan":14,"Juzu Bracelet":11,"hermit:Momento":0},{"Darkstone Periapt":4,"Ornamental Fan":9,"Juzu Bracelet":6,"hermit:Momento":0},{"Darkstone Periapt":15,"Ornamental Fan":33,"Juzu Bracelet":26,"hermit:Momento":0}]},"card_choices":[{"not_picked":["hermit:Manifest","hermit:Cheat"],"picked":"hermit:SprayPray","floor":1},{"not_picked":["hermit:WideOpen","hermit:LowProfile"],"picked":"hermit:GoldenBullet","floor":2},{"not_picked":["hermit:LowProfile","hermit:Ricochet"],"picked":"hermit:Headshot","floor":5},{"not_picked":["hermit:Showdown","hermit:Horror"],"picked":"hermit:Enervate","floor":7},{"not_picked":["hermit:Feint","hermit:Horror"],"picked":"hermit:Headshot","floor":10},{"not_picked":["hermit:Ricochet","hermit:DeadOrAlive"],"picked":"hermit:Enervate","floor":11},{"not_picked":["hermit:BodyArmor","hermit:Dive"],"picked":"hermit:WideOpen","floor":12},{"not_picked":["hermit:BodyArmor","hermit:WideOpen","hermit:ItchyTrigger"],"picked":"SKIP","floor":13},{"not_picked":["hermit:CursedWeapon","hermit:Dive"],"picked":"hermit:Manifest","floor":14}],"player_experience":689790,"relics_obtained":[{"floor":7,"key":"Darkstone Periapt"},{"floor":11,"key":"Juzu Bracelet"},{"floor":14,"key":"Ornamental Fan"}],"event_choices":[{"damage_healed":0,"gold_gain":150,"player_choice":"AGREE","damage_taken":0,"max_hp_gain":0,"max_hp_loss":0,"event_name":"Liars Game","floor":3,"gold_loss":0,"cards_obtained":["Doubt"]}],"is_beta":false,"boss_relics":[],"items_purged_floors":[4],"is_endless":false,"potions_floor_spawned":[5,7,12,13,14],"killed_by":"The Guardian","ascension_level":20}}