{"host":"kx62hxkutszy5nb0","time":1607931573,"event":{"mods":["2.2 Compatiblity","AchievementEnabler","Aspiration","BaseMod","Better Altar","Better Match","Better Note","Better Sensory Stone","Better Skull","Better Third Choice","Better Vampires","CCEM","Colored Map","Colored Powertips","Conspire","Custom Start","Defuse TimeMaze Blight","Displayed Cursed Tome","Downfall","Hermit","Hubris","Infinite Spire","Jorbs\u0027s Wanderer Trilogy","Koishi","Marked Mod","Minty Spire (QoL Compilation)","Prisma Mod","Relic Sorter","Relic Stats","Replay The Spire","Shade Mod","Shop Mod","Spikes Relics","StSLib","Td1madao Mod","The Alterego","The Bladedancer","The Construct","The Cursed","The Exalted","The Forsaken","The Hierophant","The Judge","The Jungle","TheSwordswoman","Virulent Crown","everything is the same but u backflip on backflip"],"gold_per_floor":[112,112,112,112,37,37,37,52,127,145,145,163,177,352,352,448,448,464,464,464,239,239,239,239,239],"floor_reached":24,"playtime":673,"items_purged":["theForsaken:PlagueCurse"],"score":182,"play_id":"b7d5030b-b351-4480-9067-bb8b121c160d","local_time":"20201214173933","is_ascension_mode":false,"campfire_choices":[{"data":"Zap","floor":6,"key":"SMITH"},{"floor":15,"key":"REST"},{"data":"Echo Form","floor":23,"key":"SMITH"}],"circlet_count":0,"master_deck":["Strike_B","Strike_B","Strike_B+1","Strike_B","Defend_B","Defend_B+1","Defend_B","Defend_B","Zap+1","Dualcast","ReplayTheSpireMod:Calculation Training+1","BasicCrystalCard","Beam Cell","Echo Form+1","Leap","Streamline","Doubt","Multi-Cast","Coolheaded","Glacier+1","Barrage","Panic Button","ReplayGash","Voices"],"relics":["Cracked Core","theForsaken:PlagueMask","conspire:GiftBox","Inserter","Ring of Hypnosis","Ring of Peace"],"acts_visited":["Exordium","TheCity"],"potions_floor_usage":[16,16],"damage_taken":[{"damage":1,"enemies":"Cultist","floor":1,"turns":4},{"damage":6,"enemies":"Jaw Worm","floor":8,"turns":2},{"damage":1,"enemies":"2 Louse","floor":10,"turns":3},{"damage":5,"enemies":"Looter","floor":12,"turns":3},{"damage":12,"enemies":"Blue Slaver","floor":13,"turns":4},{"damage":39,"enemies":"Fading Forest","floor":16,"turns":11},{"damage":21,"enemies":"Chosen","floor":18,"turns":6},{"damage":36,"enemies":"Slavers","floor":24,"turns":6}],"seed_played":"7049116488459488338","potions_obtained":[{"floor":1,"key":"Strength Potion"},{"floor":8,"key":"Block Potion"},{"floor":12,"key":"FairyPotion"}],"is_trial":false,"path_per_floor":["M","$","?","?","$","R","$","M","T","M","?","M","M","?","R","B",null,"M","?","?","$","?","R","E"],"character_chosen":"DEFECT","items_purchased":["Glacier+1","Barrage","Panic Button","ReplayGash"],"campfire_rested":1,"item_purchase_floors":[21,21,21,21],"current_hp_per_floor":[74,74,59,59,59,59,59,53,53,52,52,47,35,35,57,40,75,54,58,58,58,58,58,22,22],"gold":239,"neow_bonus":"RANDOM_EVENT","is_daily":false,"chose_seed":false,"campfire_upgraded":2,"win_rate":0.0,"timestamp":1607931573,"path_taken":["M","?","?","?","$","R","?","?","T","M","?","M","M","?","R","BOSS","M","?","?","?","?","R","E"],"items_purchased_type":["Card","Card","Card","Card"],"build_version":"2020-12-13","purchased_purges":1,"victory":false,"max_hp_per_floor":[75,75,75,75,75,75,75,75,75,75,75,75,75,75,75,75,75,75,75,75,75,75,75,75,75],"relic_stats":{"Inserter":[6],"counters":[8,39],"obtain_stats":[{"conspire:GiftBox":11,"Inserter":17,"Ring of Hypnosis":22,"Ring of Peace":22,"Cracked Core":0,"theForsaken:PlagueMask":4},{"conspire:GiftBox":3,"Inserter":6,"Ring of Hypnosis":7,"Ring of Peace":7,"Cracked Core":0,"theForsaken:PlagueMask":1},{"conspire:GiftBox":9,"Inserter":27,"Ring of Hypnosis":33,"Ring of Peace":33,"Cracked Core":0,"theForsaken:PlagueMask":4}]},"card_choices":[{"not_picked":["Self Repair","Cold Snap"],"picked":"ReplayTheSpireMod:Calculation Training","floor":1},{"not_picked":["Barrage","Leap"],"picked":"BasicCrystalCard","floor":8},{"not_picked":["Steam","Turbo"],"picked":"Beam Cell","floor":10},{"not_picked":["Seek","All For One"],"picked":"Echo Form","floor":11},{"not_picked":["FTL","Stack"],"picked":"Leap","floor":12},{"not_picked":["Stack","Rebound"],"picked":"Streamline","floor":13},{"not_picked":["hubris:DoWhile","Hyperbeam"],"picked":"Multi-Cast","floor":16},{"not_picked":["ReplayTheSpireMod:Repulse+1","Sweeping Beam+1"],"picked":"Coolheaded","floor":18}],"player_experience":747091,"relics_obtained":[{"floor":11,"key":"conspire:GiftBox"},{"floor":22,"key":"Ring of Hypnosis"},{"floor":22,"key":"Ring of Peace"}],"event_choices":[{"damage_healed":74,"gold_gain":0,"player_choice":"Upgrade","damage_taken":15,"max_hp_gain":0,"max_hp_loss":75,"event_name":"betterThird:BetterShining","floor":3,"gold_loss":0,"cards_upgraded":["Strike_B","ReplayTheSpireMod:Calculation Training"]},{"damage_healed":0,"gold_gain":0,"player_choice":"Obtain Plague Curse","damage_taken":0,"max_hp_gain":0,"max_hp_loss":0,"event_name":"Plague Doctor","floor":4,"gold_loss":0,"cards_obtained":["theForsaken:PlagueCurse"]},{"damage_healed":0,"gold_gain":175,"player_choice":"AGREE","damage_taken":177,"max_hp_gain":0,"max_hp_loss":0,"event_name":"betterThird:BetterSerpent","floor":14,"gold_loss":0},{"damage_healed":4,"gold_gain":0,"player_choice":"LEAVE ","damage_taken":0,"relics_obtained":[],"max_hp_gain":0,"max_hp_loss":0,"event_name":"betterSkull:BetterSkull","floor":19,"gold_loss":0,"cards_upgraded":[]},{"damage_healed":0,"gold_gain":0,"player_choice":"Ignored","damage_taken":0,"max_hp_gain":0,"max_hp_loss":0,"event_name":"betterNote:BetterNote","floor":20,"gold_loss":0,"cards_obtained":["alterego_mod:TrickOrTreatment"]}],"is_beta":false,"boss_relics":[{"not_picked":["ChewingGum","construct:ClawGrip"],"picked":"Inserter"}],"items_purged_floors":[5],"is_endless":false,"potions_floor_spawned":[1,8,12,16],"killed_by":"Slavers","ascension_level":0}}