{"host":"egyxg9lnjq7g2hmw","time":1607924531,"event":{"mods":["AchievementEnabler","BaseMod","Block Reminder","Colored Map","Colored Powertips","Highlight Path","Minty Spire (QoL Compilation)","Rare Cards Sparkle","StSLib"],"gold_per_floor":[112,128,141,157,171,171,184,184,209,209,209],"floor_reached":10,"playtime":683,"items_purged":[],"score":99,"play_id":"96d261b5-a2de-4a8e-83b7-190e3f2c5c90","local_time":"20201213214211","is_ascension_mode":true,"campfire_choices":[{"data":"Footwork","floor":6,"key":"SMITH"},{"data":"Tactician","floor":8,"key":"SMITH"}],"circlet_count":0,"master_deck":["AscendersBane","Strike_G","Strike_G","Strike_G","Strike_G","Strike_G","Defend_G","Defend_G","Defend_G","Defend_G","Defend_G","Survivor","Neutralize","Cloak And Dagger","Blade Dance","Sucker Punch","Calculated Gamble","Footwork+1","Tactician+1"],"relics":["Ring of the Snake","Happy Flower"],"acts_visited":["Exordium"],"potions_floor_usage":[4],"damage_taken":[{"damage":1,"enemies":"Cultist","floor":1,"turns":6},{"damage":12,"enemies":"Jaw Worm","floor":2,"turns":8},{"damage":6,"enemies":"Small Slimes","floor":3,"turns":4},{"damage":13,"enemies":"Exordium Thugs","floor":4,"turns":5},{"damage":15,"enemies":"Large Slime","floor":5,"turns":9},{"damage":1,"enemies":"Blue Slaver","floor":7,"turns":5},{"damage":31,"enemies":"Gremlin Nob","floor":10,"turns":5}],"seed_played":"-1205442883392258043","potions_obtained":[{"floor":2,"key":"Fruit Juice"},{"floor":3,"key":"LiquidBronze"}],"is_trial":false,"path_per_floor":["M","M","M","M","M","R","M","R","T","E"],"character_chosen":"THE_SILENT","items_purchased":[],"campfire_rested":0,"item_purchase_floors":[],"current_hp_per_floor":[69,57,51,43,28,28,27,27,27,0,0],"gold":209,"neow_bonus":"TEN_PERCENT_HP_BONUS","is_daily":false,"chose_seed":false,"campfire_upgraded":2,"win_rate":0.0,"timestamp":1607924531,"path_taken":["M","M","?","M","M","R","M","R","T","E"],"items_purchased_type":[],"build_version":"2020-12-13","purchased_purges":0,"victory":false,"max_hp_per_floor":[77,77,77,82,82,82,82,82,82,82,82],"card_choices":[{"not_picked":["Acrobatics","Concentrate"],"picked":"Cloak And Dagger","floor":1},{"not_picked":["Eviscerate","Sucker Punch"],"picked":"Blade Dance","floor":2},{"not_picked":["Bouncing Flask","Slice"],"picked":"Sucker Punch","floor":3},{"not_picked":["Bane","Quick Slash"],"picked":"Calculated Gamble","floor":4},{"not_picked":["Accuracy","Deadly Poison"],"picked":"Footwork","floor":5},{"not_picked":["Poisoned Stab","Choke"],"picked":"Tactician","floor":7}],"player_experience":437269,"relics_obtained":[{"floor":9,"key":"Happy Flower"}],"event_choices":[],"is_beta":false,"boss_relics":[],"items_purged_floors":[],"is_endless":false,"potions_floor_spawned":[2,3],"killed_by":"Gremlin Nob","ascension_level":12}}