{"host":"0fm1w3v00gid44jl","time":1607987733,"event":{"mods":["AchievementEnabler","BaseMod","Colored Map","Colored Powertips","Displayed Cursed Tome","Downfall","Googly Eyes","Highlight Path","Minty Spire (QoL Compilation)","Permanent Neow","Relic Stats","StSLib","SuperFastMode","slay the spire mod where everything is the same but ironclad has a cowboy hat"],"gold_per_floor":[99,99,129,129,143,143,143],"floor_reached":6,"playtime":211,"items_purged":[],"score":67,"play_id":"78dfa804-d6dd-4c6a-a3f0-f0ede3869a6e","local_time":"20201214171533","is_ascension_mode":false,"campfire_choices":[{"data":"champ:Taunt","floor":1,"key":"SMITH"}],"circlet_count":0,"master_deck":["champ:Strike","champ:Strike","champ:Strike","champ:Strike","champ:Defend","champ:Defend","champ:Defend","champ:Defend","champ:Execute","champ:Taunt+1","champ:HeartStrike","champ:BerserkersShout","champ:BerserkersShout","champ:Backstep"],"relics":["champ:ChampionCrown","downfall:HeartsMalice","Frozen Egg 2"],"acts_visited":["Exordium"],"potions_floor_usage":[],"damage_taken":[{"damage":0,"enemies":"Cultist","floor":2,"turns":1},{"damage":0,"enemies":"3 Sentries","floor":3,"turns":1},{"damage":0,"enemies":"Small Slimes","floor":4,"turns":1},{"damage":23,"enemies":"Jaw Worm","floor":5,"turns":4},{"damage":114,"enemies":"Gremlin Nob","floor":6,"turns":6}],"seed_played":"-3529327431808837422","potions_obtained":[{"floor":3,"key":"champ:TechniquePotion"}],"is_trial":false,"path_per_floor":["R","M","E","M","M","E"],"character_chosen":"THE_CHAMP","items_purchased":[],"campfire_rested":0,"item_purchase_floors":[],"current_hp_per_floor":[90,90,90,90,85,0,0],"gold":143,"neow_bonus":"THREE_ENEMY_KILL","is_daily":false,"chose_seed":false,"campfire_upgraded":1,"win_rate":0.0,"timestamp":1607987733,"path_taken":["R","?","E","M","M","E"],"items_purchased_type":[],"build_version":"2020-12-13","purchased_purges":0,"victory":false,"max_hp_per_floor":[90,90,90,90,90,90,90],"relic_stats":{"counters":[5,10],"obtain_stats":[{"champ:ChampionCrown":0,"downfall:HeartsMalice":0,"Frozen Egg 2":3},{"champ:ChampionCrown":0,"downfall:HeartsMalice":0,"Frozen Egg 2":2},{"champ:ChampionCrown":0,"downfall:HeartsMalice":0,"Frozen Egg 2":0}]},"card_choices":[{"not_picked":["champ:BladeFlurry","champ:Encircle"],"picked":"champ:HeartStrike","floor":2},{"not_picked":["champ:Riposte","champ:SkillfulDodge"],"picked":"champ:BerserkersShout","floor":3},{"not_picked":["champ:DefensiveStyle+1","champ:DefensiveShout"],"picked":"champ:BerserkersShout","floor":4},{"not_picked":["champ:DefensiveShout","champ:Riposte"],"picked":"champ:Backstep","floor":5}],"player_experience":1233534,"relics_obtained":[{"floor":3,"key":"Frozen Egg 2"}],"event_choices":[],"is_beta":false,"boss_relics":[],"items_purged_floors":[],"is_endless":false,"potions_floor_spawned":[3],"killed_by":"Gremlin Nob","ascension_level":0}}