{"host":"75dm291x99j0clh1","time":1607926004,"event":{"mods":["BaseMod","CapriCore","Friendly Minions","Lobotomy","Marisa£¨Ùöéë¡¡Øª×âÞÞ£©","Minty Spire (QoL Compilation)","StSLib","Td1madao Mod","The Immortal"],"gold_per_floor":[109,109,127,146,71,71,71],"floor_reached":6,"playtime":366,"items_purged":[],"score":83,"play_id":"046a9aed-6408-4c4a-b9e5-a99cc8c233ac","local_time":"20201214150644","is_ascension_mode":true,"campfire_choices":[],"circlet_count":0,"master_deck":["AscendersBane","Strike_R","Strike_R","Strike_R","Strike_R","Strike_R","Defend_R","Defend_R","Defend_R","Bash","VoidDream","ShyLook","CherryBlossoms","Rage"],"relics":["Burning Blood","CogitoBucket","Oddly Smooth Stone"],"acts_visited":["Exordium"],"potions_floor_usage":[6],"damage_taken":[{"damage":0,"enemies":"Small Slimes","floor":1,"turns":3},{"damage":1,"enemies":"Jaw Worm","floor":3,"turns":3},{"damage":0,"enemies":"2 Louse","floor":4,"turns":3},{"damage":65,"enemies":"Lagavulin","floor":6,"turns":10}],"seed_played":"-1242159318834642013","potions_obtained":[{"floor":3,"key":"ColorlessPotion"},{"floor":4,"key":"PowerPotion"}],"is_trial":false,"path_per_floor":["M","?","M","M","?","E"],"character_chosen":"IRONCLAD","items_purchased":[],"campfire_rested":0,"item_purchase_floors":[],"current_hp_per_floor":[74,63,68,74,74,15,15],"gold":71,"neow_bonus":"","is_daily":false,"chose_seed":false,"campfire_upgraded":0,"win_rate":0.0,"timestamp":1607926004,"path_taken":["M","?","M","M","?","E"],"items_purchased_type":[],"build_version":"2020-12-13","purchased_purges":0,"victory":false,"max_hp_per_floor":[75,75,75,75,75,75,75],"card_choices":[{"not_picked":["LaLuna","CrumblingArmor"],"picked":"VoidDream","floor":1},{"not_picked":["Anger","True Grit","Clothesline"],"picked":"SKIP","floor":1},{"not_picked":["OldLady","FairyFestival"],"picked":"ShyLook","floor":3},{"not_picked":["Twin Strike","Flex","Body Slam"],"picked":"SKIP","floor":3},{"not_picked":["Murderer","OldLady"],"picked":"CherryBlossoms","floor":4},{"not_picked":["Headbutt","Wild Strike"],"picked":"Rage","floor":4}],"player_experience":565501,"relics_obtained":[],"event_choices":[{"damage_healed":0,"gold_gain":0,"player_choice":"Success","damage_taken":11,"relics_obtained":["Oddly Smooth Stone"],"max_hp_gain":0,"max_hp_loss":0,"event_name":"Scrap Ooze","floor":2,"gold_loss":0},{"cards_removed":["Defend_R"],"damage_healed":0,"gold_gain":0,"player_choice":"Card Removal","damage_taken":0,"max_hp_gain":0,"max_hp_loss":0,"event_name":"The Cleric","floor":5,"gold_loss":75}],"is_beta":false,"boss_relics":[],"items_purged_floors":[],"is_endless":false,"potions_floor_spawned":[3,4],"killed_by":"Lagavulin","ascension_level":16}}