{"host":"i09pxcjttd31eh4q","time":1607910950,"event":{"mods":["AchievementEnabler","BaseMod","Colored Map","Keyboard Shortcuts","Minty Spire (QoL Compilation)","StSLib","SuperFastMode"],"gold_per_floor":[364,439,7,25,43,71,71,71,71],"floor_reached":8,"playtime":198,"items_purged":[],"score":109,"play_id":"05ddd607-af8a-422b-96c1-68aa34ecf6dc","local_time":"20201214105550","is_ascension_mode":true,"campfire_choices":[{"data":"Eruption","floor":7,"key":"SMITH"}],"circlet_count":0,"master_deck":["AscendersBane","Strike_P","Strike_P","Strike_P","Strike_P","Defend_P","Defend_P","Defend_P","Defend_P","Eruption+1","Vigilance","MentalFortress","EmptyMind"],"relics":["PureWater","Singing Bowl","Orrery","Toy Ornithopter"],"acts_visited":[],"potions_floor_usage":[6],"damage_taken":[{"damage":0,"enemies":"Cultist","floor":1,"turns":2},{"damage":11,"enemies":"Jaw Worm","floor":4,"turns":4},{"damage":0,"enemies":"Small Slimes","floor":5,"turns":4},{"damage":31,"enemies":"3 Sentries","floor":6,"turns":11},{"damage":14,"enemies":"Gremlin Nob","floor":8,"turns":3}],"seed_played":"-3040866201460126607","potions_obtained":[{"floor":5,"key":"CultistPotion"}],"is_trial":false,"path_per_floor":["M","?","$","M","M","E","R","E"],"character_chosen":"WATCHER","items_purchased":["Singing Bowl","Orrery"],"campfire_rested":0,"item_purchase_floors":[3,3],"current_hp_per_floor":[61,50,56,47,49,20,20,6,6],"gold":71,"neow_bonus":"TWO_FIFTY_GOLD","is_daily":false,"chose_seed":false,"campfire_upgraded":1,"win_rate":0.0,"timestamp":1607910950,"path_taken":["M","?","$","M","M","E","R","E"],"items_purchased_type":["Relic","Relic"],"build_version":"2020-12-13","purchased_purges":0,"victory":false,"max_hp_per_floor":[62,62,68,70,72,74,74,74,74],"card_choices":[{"not_picked":["JustLucky","SashWhip","Fasting2"],"picked":"SKIP","floor":1},{"not_picked":["CrushJoints","SashWhip","Halt"],"picked":"Singing Bowl","floor":3},{"not_picked":["Halt","CarveReality"],"picked":"MentalFortress","floor":3},{"not_picked":["ClearTheMind","Perseverance","Halt"],"picked":"Singing Bowl","floor":3},{"not_picked":["Crescendo","Halt","FlyingSleeves"],"picked":"Singing Bowl","floor":3},{"not_picked":["SashWhip","Swivel"],"picked":"EmptyMind","floor":3},{"not_picked":["Consecrate","Alpha","Halt"],"picked":"Singing Bowl","floor":4},{"not_picked":["WreathOfFlame","Crescendo","Vengeance"],"picked":"Singing Bowl","floor":5},{"not_picked":["EmptyBody","ClearTheMind","Wish"],"picked":"Singing Bowl","floor":6}],"player_experience":726261,"relics_obtained":[{"floor":6,"key":"Toy Ornithopter"}],"event_choices":[{"damage_healed":0,"gold_gain":75,"player_choice":"Gather Gold","damage_taken":11,"max_hp_gain":0,"max_hp_loss":0,"event_name":"World of Goop","floor":2,"gold_loss":0}],"is_beta":false,"boss_relics":[],"items_purged_floors":[],"is_endless":false,"potions_floor_spawned":[5],"killed_by":"Gremlin Nob","ascension_level":19}}