{"host":"wwo1kwxjf4eyz37q","time":1607962548,"event":{"mods":["AchievementEnabler","BaseMod","Colored Map","Minty Spire (QoL Compilation)","Quick Restart","SuperFastMode"],"gold_per_floor":[117,42,42,62,62,90,104,104,131,131,150,161,161,181,181,279,279,293,305,88,102,102,102,128,128,151,177,17,29,45,55,55,155,155,173,395,395,413,426,454,1,1,55,55,102,102,102,102,102,102],"floor_reached":51,"playtime":3141,"items_purged":["Strike_P","Strike_P","Strike_P","Defend_P+1"],"score":695,"play_id":"e8d49878-7b25-45ea-8dc5-7078c00f600c","local_time":"20201215011548","is_ascension_mode":false,"campfire_choices":[{"data":"Eruption","floor":10.0,"key":"SMITH"},{"data":"Crescendo","floor":13.0,"key":"SMITH"},{"data":"Demon Form","floor":15.0,"key":"SMITH"},{"data":"Scrawl","floor":23.0,"key":"SMITH"},{"data":"Scrawl","floor":25.0,"key":"SMITH"},{"floor":32.0,"key":"REST"},{"data":"Vault","floor":42,"key":"SMITH"},{"data":"Vault","floor":44,"key":"SMITH"},{"data":"Adaptation","floor":47,"key":"SMITH"},{"data":"FlyingSleeves","floor":49,"key":"SMITH"}],"circlet_count":0,"master_deck":["Strike_P+1","Defend_P+1","Eruption+1","Vigilance","Vengeance","Demon Form+1","Crescendo+1","Scrawl+1","ClearTheMind+1","LessonLearned+1","FlyingSleeves+1","Scrawl+1","Consecrate+1","Pray","FlyingSleeves+1","EmptyBody+1","Vault+1","Adaptation+1","Scrawl+1","Halt+1","Vault+1","Consecrate","PanicButton"],"relics":["HolyWater","NeowsBlessing","Strawberry","Damaru","Bronze Scales","PreservedInsect","Pantograph","Eternal Feather","Blood Vial","Red Mask","Philosopher\u0027s Stone","Singing Bowl","Mummified Hand","Ancient Tea Set","Dead Branch","Question Card"],"acts_visited":["Exordium","TheCity","TheBeyond"],"potions_floor_usage":[],"damage_taken":[{"damage":0.0,"enemies":"Jaw Worm","floor":1.0,"turns":1.0},{"damage":0.0,"enemies":"Small Slimes","floor":4.0,"turns":1.0},{"damage":0.0,"enemies":"Gremlin Nob","floor":6.0,"turns":1.0},{"damage":0.0,"enemies":"Cultist","floor":7.0,"turns":3.0},{"damage":9.0,"enemies":"Blue Slaver","floor":11.0,"turns":3.0},{"damage":11.0,"enemies":"Lots of Slimes","floor":12.0,"turns":4.0},{"damage":7.0,"enemies":"2 Fungi Beasts","floor":14.0,"turns":2.0},{"damage":32.0,"enemies":"The Guardian","floor":16.0,"turns":7.0},{"damage":0.0,"enemies":"Spheric Guardian","floor":18.0,"turns":2.0},{"damage":27.0,"enemies":"2 Thieves","floor":19.0,"turns":3.0},{"damage":17.0,"enemies":"Centurion and Healer","floor":21.0,"turns":3.0},{"damage":14.0,"enemies":"Book of Stabbing","floor":24.0,"turns":3.0},{"damage":8.0,"enemies":"Masked Bandits","floor":27.0,"turns":2.0},{"damage":14.0,"enemies":"Cultist and Chosen","floor":29.0,"turns":3.0},{"damage":0.0,"enemies":"Snake Plant","floor":30.0,"turns":2.0},{"damage":0.0,"enemies":"Centurion and Healer","floor":31.0,"turns":4.0},{"damage":18.0,"enemies":"Automaton","floor":33.0,"turns":6.0},{"damage":4,"enemies":"Orb Walker","floor":35,"turns":3},{"damage":7,"enemies":"3 Shapes","floor":38,"turns":2},{"damage":8,"enemies":"Jaw Worm Horde","floor":39,"turns":2},{"damage":4,"enemies":"Reptomancer","floor":40,"turns":4},{"damage":0,"enemies":"2 Orb Walkers","floor":45,"turns":2},{"damage":34,"enemies":"Time Eater","floor":50,"turns":8}],"seed_played":"8454912717265906904","potions_obtained":[{"floor":6.0,"key":"FearPotion"},{"floor":12.0,"key":"GamblersBrew"},{"floor":16.0,"key":"SneckoOil"},{"floor":18.0,"key":"LiquidMemories"},{"floor":19.0,"key":"Energy Potion"},{"floor":29.0,"key":"Swift Potion"},{"floor":33.0,"key":"Fire Potion"},{"floor":35,"key":"BottledMiracle"},{"floor":45,"key":"Strength Potion"}],"is_trial":false,"path_per_floor":["M","$","?","M","?","E","M","?","T","R","M","M","R","M","R","B",null,"M","M","$","M","?","R","E","R","T","?","$","M","M","M","R","B",null,"M","?","?","M","M","E","$","R","T","R","?","T","R","?","R","B",null],"character_chosen":"WATCHER","items_purchased":["LessonLearned","FlyingSleeves","Pray","Mummified Hand","Consecrate"],"campfire_rested":1,"item_purchase_floors":[20,20,28,41,41],"current_hp_per_floor":[72,72,67,67,67,67,67,67,67,67,58,47,47,40,40,8,79,79,52,52,35,35,35,21,30,30,24,24,12,14,16,48,57,79,75,75,75,70,64,64,64,76,76,81,83,83,83,83,83,49],"gold":102,"neow_bonus":"THREE_ENEMY_KILL","is_daily":false,"chose_seed":false,"campfire_upgraded":9,"win_rate":0.0,"timestamp":1607962548,"path_taken":["M","$","?","M","?","E","?","?","T","R","M","?","R","M","R","BOSS","M","M","$","M","?","R","E","R","T","?","?","M","M","M","R","BOSS","M","?","?","?","M","E","$","R","T","R","?","?","R","?","R","BOSS"],"items_purchased_type":["Card","Card","Card","Relic","Card"],"build_version":"2020-12-13","purchased_purges":4,"victory":true,"max_hp_per_floor":[72,72,79,79,79,79,79,79,79,79,79,79,79,79,79,79,79,79,79,79,79,79,79,79,79,79,79,79,79,79,79,79,79,79,79,79,79,79,79,81,81,81,81,81,83,83,83,83,83,83],"card_choices":[{"not_picked":["CrushJoints","EmptyMind"],"picked":"Vengeance","floor":1.0},{"not_picked":["ThirdEye","Consecrate","EmptyBody"],"picked":"SKIP","floor":4.0},{"not_picked":["SashWhip","DevaForm"],"picked":"Crescendo","floor":6.0},{"not_picked":["EmptyFist","Crescendo","PathToVictory"],"picked":"SKIP","floor":7.0},{"not_picked":["ThirdEye","ReachHeaven","FlyingSleeves"],"picked":"SKIP","floor":11.0},{"not_picked":["ClearTheMind","Consecrate","Ragnarok"],"picked":"SKIP","floor":12.0},{"not_picked":["CarveReality","SashWhip","WreathOfFlame"],"picked":"SKIP","floor":14.0},{"not_picked":["Establishment","Omniscience"],"picked":"Scrawl","floor":16.0},{"not_picked":["EmptyFist","EmptyBody+1"],"picked":"ClearTheMind+1","floor":18.0},{"not_picked":["CutThroughFate","Indignation","EmptyBody+1"],"picked":"SKIP","floor":19.0},{"not_picked":["Tantrum+1","ReachHeaven"],"picked":"Scrawl","floor":21.0},{"not_picked":["PathToVictory+1","Sanctity"],"picked":"Consecrate","floor":24.0},{"not_picked":["Weave+1","MasterReality"],"picked":"FlyingSleeves+1","floor":29.0},{"not_picked":["ThirdEye","Pray"],"picked":"EmptyBody+1","floor":30.0},{"not_picked":["ReachHeaven","FlyingSleeves","ThirdEye"],"picked":"SKIP","floor":31.0},{"not_picked":["Scrawl","Brilliance"],"picked":"Vault","floor":33.0},{"not_picked":["FearNoEvil+1","Meditate+1"],"picked":"Adaptation","floor":35},{"not_picked":["Consecrate+1","BowlingBash+1"],"picked":"Halt+1","floor":38},{"not_picked":["FlurryOfBlows","CrushJoints"],"picked":"Vault","floor":39},{"not_picked":["BattleHymn","WheelKick+1","Halt"],"picked":"Singing Bowl","floor":40},{"not_picked":["JustLucky+1","Halt","PathToVictory+1"],"picked":"Singing Bowl","floor":45},{"not_picked":["Swift Strike","HandOfGreed","Violence"],"picked":"PanicButton","floor":48}],"player_experience":130742,"relics_obtained":[{"floor":6.0,"key":"Damaru"},{"floor":8.0,"key":"Bronze Scales"},{"floor":9.0,"key":"PreservedInsect"},{"floor":24.0,"key":"Eternal Feather"},{"floor":26.0,"key":"Blood Vial"},{"floor":27.0,"key":"Red Mask"},{"floor":40,"key":"Singing Bowl"},{"floor":43,"key":"Ancient Tea Set"},{"floor":45,"key":"Dead Branch"},{"floor":46,"key":"Question Card"}],"event_choices":[{"damage_healed":0.0,"max_hp_gain":0.0,"max_hp_loss":0.0,"gold_gain":0.0,"event_name":"Scrap Ooze","player_choice":"Success","floor":3.0,"gold_loss":0.0,"damage_taken":12.0,"relics_obtained":["Strawberry"]},{"cards_removed":["Defend_P"],"damage_healed":0.0,"max_hp_gain":0.0,"max_hp_loss":0.0,"gold_gain":0.0,"event_name":"NoteForYourself","player_choice":"Took Card","floor":5.0,"gold_loss":0.0,"damage_taken":0.0,"cards_obtained":["Demon Form"]},{"damage_healed":0.0,"max_hp_gain":0.0,"max_hp_loss":0.0,"gold_gain":0.0,"event_name":"Wheel of Change","player_choice":"Relic","floor":8.0,"gold_loss":0.0,"damage_taken":0.0},{"damage_healed":0.0,"max_hp_gain":0.0,"max_hp_loss":0.0,"gold_gain":0.0,"event_name":"The Mausoleum","player_choice":"Opened","floor":22.0,"gold_loss":0.0,"damage_taken":0.0,"relics_obtained":["Pantograph"]},{"damage_healed":0.0,"max_hp_gain":0.0,"max_hp_loss":0.0,"gold_gain":0.0,"event_name":"Masked Bandits","player_choice":"Fought Bandits","floor":27.0,"gold_loss":0.0,"damage_taken":0.0},{"damage_healed":0,"gold_gain":222,"player_choice":"Wore Mask","damage_taken":0,"max_hp_gain":0,"max_hp_loss":0,"event_name":"Tomb of Lord Red Mask","floor":36,"gold_loss":0},{"damage_healed":0,"gold_gain":0,"cards_transformed":["Defend_P"],"player_choice":"Transformed","damage_taken":0,"max_hp_gain":0,"max_hp_loss":0,"event_name":"Transmorgrifier","floor":37,"gold_loss":0,"cards_obtained":["Scrawl"]},{"damage_healed":0,"gold_gain":0,"player_choice":"Fight","damage_taken":0,"max_hp_gain":0,"max_hp_loss":0,"event_name":"Mysterious Sphere","floor":45,"gold_loss":0},{"damage_healed":0,"gold_gain":0,"player_choice":"Memory 1","damage_taken":0,"max_hp_gain":0,"max_hp_loss":0,"event_name":"SensoryStone","floor":48,"gold_loss":0}],"is_beta":false,"boss_relics":[{"not_picked":["Tiny House","Runic Dome"],"picked":"HolyWater"},{"not_picked":["Black Star","Calling Bell"],"picked":"Philosopher\u0027s Stone"}],"items_purged_floors":[2,20,28,41],"is_endless":false,"potions_floor_spawned":[6,12,16,18,19,29,33,35,45],"ascension_level":0}}