{"host":"ye7dkdlypz0ka1od","time":1607913334,"event":{"mods":["Act Like it!","Aspiration","BaseMod","Gensokyo","Hallownest","Hermit","Infinite Spire","Minty Spire (QoL Compilation)","Replay The Spire","StSLib","The Bug Knight","The Forsaken"],"gold_per_floor":[115,115,126,143,157,157,157,157,157,8,8,28,28,59,59,59,59],"floor_reached":16,"playtime":448,"items_purged":[],"score":100,"play_id":"ff3af0a6-2e28-42d4-9233-d70dbc2fbdd0","local_time":"20201213213534","is_ascension_mode":false,"campfire_choices":[{"data":"Cleave","floor":6,"key":"SMITH"},{"data":"Bash","floor":8,"key":"SMITH"},{"data":"ReplayReversal","floor":11,"key":"SMITH"},{"data":"Flex","floor":13,"key":"SMITH"},{"floor":15,"key":"REST"}],"circlet_count":0,"master_deck":["Strike_R","Strike_R","Strike_R","Strike_R","Strike_R","Defend_R","Defend_R","Defend_R","Defend_R","Bash+1","Deep Breath","ReplayReversal+1","Cleave+1","Battle Trance","Flex+1","Shrug It Off"],"relics":["Burning Blood","infinitespire:Broken Mirror","infinitespire:EmpoweringShard","Omamori","Strawberry"],"acts_visited":["Exordium"],"potions_floor_usage":[3,14,16],"damage_taken":[{"damage":17,"enemies":"Cultist","floor":1,"turns":5},{"damage":0,"enemies":"Small Slimes","floor":3,"turns":3},{"damage":11,"enemies":"Jaw Worm","floor":4,"turns":4},{"damage":35,"enemies":"Exordium Thugs","floor":5,"turns":8},{"damage":3,"enemies":"2 Fungi Beasts","floor":12,"turns":3},{"damage":17,"enemies":"3 Sentries","floor":14,"turns":5},{"damage":72,"enemies":"Hexaghost","floor":16,"turns":12}],"seed_played":"-4379010330294160398","potions_obtained":[{"floor":1,"key":"Block Potion"},{"floor":3,"key":"SmokeBomb"},{"floor":4,"key":"Strength Potion"},{"floor":12,"key":"Flashbang"}],"is_trial":false,"path_per_floor":["M","T","M","M","M","R","?","R","T","$","R","M","R","E","R","B"],"character_chosen":"IRONCLAD","items_purchased":["Omamori"],"campfire_rested":1,"item_purchase_floors":[10],"current_hp_per_floor":[69,69,75,70,41,41,41,41,41,41,41,44,44,40,66,0,0],"gold":59,"neow_bonus":"RANDOM_COLORLESS","is_daily":false,"chose_seed":false,"campfire_upgraded":4,"win_rate":0.0,"timestamp":1607913334,"path_taken":["M","?","M","M","M","R","?","R","T","?","R","?","R","E","R","BOSS"],"items_purchased_type":["Relic"],"build_version":"2020-12-13","purchased_purges":0,"victory":false,"max_hp_per_floor":[80,80,80,80,80,80,80,80,80,80,80,80,80,87,87,87,87],"card_choices":[{"not_picked":["ReplayTheSpireMod:Private Reserves","ReplayTheSpireMod:Uncanny Aura"],"picked":"Deep Breath","floor":0},{"not_picked":["Heavy Blade","Life Link"],"picked":"ReplayReversal","floor":1},{"not_picked":["ReplayTheSpireMod:Corrosion Curse","Anger","Clothesline"],"picked":"SKIP","floor":3},{"not_picked":["Shrug It Off","Armaments"],"picked":"Cleave","floor":4},{"not_picked":["Havoc","True Grit"],"picked":"Battle Trance","floor":5},{"not_picked":["Replay:Many Hands","Headbutt"],"picked":"Flex","floor":12},{"not_picked":["Clothesline","Berserk"],"picked":"Shrug It Off","floor":14}],"player_experience":1239042,"relics_obtained":[{"floor":2,"key":"infinitespire:Broken Mirror"},{"floor":9,"key":"infinitespire:EmpoweringShard"},{"floor":14,"key":"Strawberry"}],"event_choices":[],"is_beta":false,"boss_relics":[],"items_purged_floors":[],"is_endless":false,"potions_floor_spawned":[1,3,4,12],"killed_by":"Hexaghost","ascension_level":0}}