{"host":"Crutt","time":1607947243,"event":{"mods":["2.2 Compatiblity","Aspiration","Bard","BaseMod","Better Altar","Better Skull","Better Third Choice","Googly Eyes","Hermit","Jedi Mod","Jorbs\u0027s Wanderer Trilogy","Minty Spire (QoL Compilation)","Optimize The Spire","Potionbrewer","Spicy Shops","StSLib","The Construct","The Cursed","The Disciple","The Hierophant","The Runesmith","thorton","vexMod"],"gold_per_floor":[127,127,94,110,110,144,144,178,190,240,267,279,307,14,14,24,24,24],"floor_reached":16,"playtime":934,"items_purged":["thethorton:Strike"],"score":215,"play_id":"42e4ebc3-a43d-4ef8-bc8e-839fb5979685","local_time":"20201214060043","is_ascension_mode":true,"campfire_choices":[{"data":"thethorton:Heckle","floor":7,"key":"SMITH"},{"floor":12,"key":"REST"},{"floor":15,"key":"REST"}],"circlet_count":0,"master_deck":["AscendersBane","thethorton:Strike","thethorton:Defend","thethorton:Defend","thethorton:Defend","thethorton:Heckle+1","thethorton:CreditCard","thethorton:ElbowSmash","PiercingWail","Grand Finale","Unload","thethorton:FearfulRun","thethorton:RunningKick","thethorton:AdministrativeActions","Apotheosis"],"relics":["thethorton:CouragePotion","NeowsBlessing","betterThird:SlimedRelic","Lantern","MawBank","aspiration:HiddenCompartment","Singing Bowl","thethorton:BrokenCalculator","Orichalcum"],"acts_visited":["Exordium"],"potions_floor_usage":[8,11,16],"damage_taken":[{"damage":0,"enemies":"Small Slimes","floor":1,"turns":1},{"damage":0,"enemies":"2 Louse","floor":4,"turns":2},{"damage":0,"enemies":"Gremlin Nob","floor":6,"turns":1},{"damage":28,"enemies":"3 Sentries","floor":8,"turns":8},{"damage":1,"enemies":"Lagavulin","floor":10,"turns":4},{"damage":10,"enemies":"Jaw Worm","floor":11,"turns":5},{"damage":13,"enemies":"Exordium Thugs","floor":13,"turns":6},{"damage":14,"enemies":"Slime Boss","floor":16,"turns":6}],"seed_played":"-7540325805627876984","potions_obtained":[{"floor":1,"key":"LiquidMemories"},{"floor":6,"key":"Swift Potion"},{"floor":11,"key":"potionbrewer:AcidPotion"},{"floor":13,"key":"SmokeBomb"}],"is_trial":false,"path_per_floor":["M","?","?","M","?","E","R","E","T","E","M","R","M","$","R","B"],"character_chosen":"THE_THORT","items_purchased":["thethorton:BrokenCalculator","Orichalcum"],"campfire_rested":2,"item_purchase_floors":[14,14],"current_hp_per_floor":[61,61,50,50,43,43,43,15,15,14,4,24,13,13,34,20,20,20],"gold":24,"neow_bonus":"THREE_ENEMY_KILL","is_daily":false,"chose_seed":false,"campfire_upgraded":1,"win_rate":0.0,"timestamp":1607947243,"path_taken":["M","?","?","M","?","E","R","E","T","E","?","R","M","?","R","BOSS"],"items_purchased_type":["Relic","Relic"],"build_version":"2020-12-07","purchased_purges":1,"victory":false,"max_hp_per_floor":[68,68,68,68,68,68,68,68,68,68,68,68,70,70,70,70,70,70],"card_choices":[{"not_picked":["thethorton:DesperateRun","thethorton:StumblingSlap"],"picked":"thethorton:ElbowSmash","floor":1},{"not_picked":["thethorton:SeeingDouble","thethorton:DockPay"],"picked":"thethorton:FearfulRun","floor":4},{"not_picked":["thethorton:ShoutAndRun","thethorton:CashBash"],"picked":"thethorton:RunningKick","floor":6},{"not_picked":["thethorton:LongTermPayoff","thethorton:AngerMoment","thethorton:ToxicGreed"],"picked":"SKIP","floor":8},{"not_picked":["thethorton:OddChange","thethorton:RichRun"],"picked":"thethorton:AdministrativeActions","floor":10},{"not_picked":["Brutality","Creative AI"],"picked":"Apotheosis","floor":11},{"not_picked":["thethorton:HitAhead","thethorton:FocusStrength","thethorton:RunningKick"],"picked":"Singing Bowl","floor":13}],"player_experience":3519462,"relics_obtained":[{"floor":6,"key":"Lantern"},{"floor":8,"key":"MawBank"},{"floor":9,"key":"aspiration:HiddenCompartment"},{"floor":10,"key":"Singing Bowl"}],"event_choices":[{"damage_healed":0,"gold_gain":0,"player_choice":"Slimed","damage_taken":11,"max_hp_gain":0,"max_hp_loss":0,"event_name":"betterThird:BetterGoop","floor":3,"gold_loss":33},{"cards_removed":["Normality"],"damage_healed":0,"gold_gain":0,"player_choice":"Card Removal","damage_taken":7,"max_hp_gain":0,"max_hp_loss":0,"event_name":"Golden Wing","floor":5,"gold_loss":0}],"is_beta":true,"boss_relics":[],"items_purged_floors":[14],"is_endless":false,"potions_floor_spawned":[1,6,11,13],"killed_by":"Slime Boss","ascension_level":10}}