{"host":"i09pxcjttd31eh4q","time":1607918668,"event":{"mods":["AchievementEnabler","BaseMod","Colored Map","Keyboard Shortcuts","Minty Spire (QoL Compilation)","StSLib","SuperFastMode"],"gold_per_floor":[12,32,45,58,58,90,100,100,152,178,178,192,192,209,209,283,283,293,310,310,68,80,108,120,159,195,234,264,15,15,28,28,105,155,167,186,200,200,200,227,227,281,306,64,64,64,75,105,105,105,105,105],"floor_reached":51,"playtime":1478,"items_purged":["Strike_P","Defend_P","Defend_P"],"score":1554,"play_id":"61dd4d77-b3cf-4023-8086-abebe7b3dd04","local_time":"20201214130428","is_ascension_mode":true,"campfire_choices":[{"data":"Eruption","floor":8.0,"key":"SMITH"},{"data":"Wallop","floor":11.0,"key":"SMITH"},{"data":"TalkToTheHand","floor":13.0,"key":"SMITH"},{"data":"Ragnarok","floor":15.0,"key":"SMITH"},{"data":"MentalFortress","floor":24.0,"key":"SMITH"},{"floor":30.0,"key":"REST"},{"data":"Adaptation","floor":32.0,"key":"SMITH"},{"data":"MentalFortress","floor":41.0,"key":"SMITH"},{"floor":46.0,"key":"RECALL"},{"data":"Adaptation","floor":49.0,"key":"SMITH"}],"circlet_count":0,"master_deck":["AscendersBane","Defend_P","Defend_P","Eruption+1","Vigilance","EmptyFist+1","WheelKick","TalkToTheHand+1","FollowUp","Wallop+1","Sanctity","Ragnarok+1","DeusExMachina","Brilliance+1","Crescendo+1","Tantrum+1","WreathOfFlame","MentalFortress+1","Adaptation+1","Protect+1","Adaptation+1","FlurryOfBlows","MentalFortress+1","Finesse","InnerPeace","Purity","Evaluate+1"],"relics":["PureWater","Calipers","InkBottle","Potion Belt","Gremlin Horn","Astrolabe","Vajra","MawBank","Happy Flower","PreservedInsect","Yang","Membership Card","Tiny House","Letter Opener","Art of War","Lizard Tail","Lee\u0027s Waffle"],"acts_visited":["Exordium","TheCity","TheBeyond","TheBeyond"],"potions_floor_usage":[50,50],"damage_taken":[{"damage":3.0,"enemies":"2 Louse","floor":1.0,"turns":3.0},{"damage":2.0,"enemies":"Cultist","floor":2.0,"turns":3.0},{"damage":0.0,"enemies":"Small Slimes","floor":3.0,"turns":2.0},{"damage":16.0,"enemies":"Exordium Thugs","floor":4.0,"turns":4.0},{"damage":12.0,"enemies":"3 Sentries","floor":6.0,"turns":4.0},{"damage":13.0,"enemies":"Large Slime","floor":7.0,"turns":4.0},{"damage":7.0,"enemies":"Lagavulin","floor":10.0,"turns":7.0},{"damage":0.0,"enemies":"Exordium Wildlife","floor":12.0,"turns":1.0},{"damage":0.0,"enemies":"Exordium Thugs","floor":14.0,"turns":2.0},{"damage":2.0,"enemies":"The Guardian","floor":16.0,"turns":6.0},{"damage":0.0,"enemies":"Spheric Guardian","floor":18.0,"turns":2.0},{"damage":5.0,"enemies":"Shell Parasite","floor":19.0,"turns":2.0},{"damage":0.0,"enemies":"Sentry and Sphere","floor":22.0,"turns":2.0},{"damage":18.0,"enemies":"Gremlin Leader","floor":23.0,"turns":3.0},{"damage":4.0,"enemies":"Book of Stabbing","floor":25.0,"turns":2.0},{"damage":24.0,"enemies":"Slavers","floor":27.0,"turns":2.0},{"damage":0.0,"enemies":"3 Cultists","floor":28.0,"turns":3.0},{"damage":0.0,"enemies":"Cultist and Chosen","floor":31.0,"turns":4.0},{"damage":0.0,"enemies":"Champ","floor":33.0,"turns":6.0},{"damage":2.0,"enemies":"Orb Walker","floor":35.0,"turns":3.0},{"damage":16.0,"enemies":"3 Darklings","floor":36.0,"turns":2.0},{"damage":0.0,"enemies":"4 Shapes","floor":37.0,"turns":4.0},{"damage":2.0,"enemies":"Nemesis","floor":40.0,"turns":3.0},{"damage":1.0,"enemies":"2 Orb Walkers","floor":42.0,"turns":2.0},{"damage":9.0,"enemies":"Spire Growth","floor":47.0,"turns":3.0},{"damage":1.0,"enemies":"Reptomancer","floor":48.0,"turns":3.0},{"damage":54,"enemies":"Awakened One","floor":50,"turns":7},{"damage":58,"enemies":"Time Eater","floor":51,"turns":9}],"seed_played":"-5719906796515380002","potions_obtained":[{"floor":2.0,"key":"PowerPotion"},{"floor":7.0,"key":"AttackPotion"},{"floor":10.0,"key":"SneckoOil"},{"floor":14.0,"key":"AttackPotion"},{"floor":16.0,"key":"PowerPotion"},{"floor":18.0,"key":"Dexterity Potion"},{"floor":25.0,"key":"Energy Potion"},{"floor":27.0,"key":"Strength Potion"},{"floor":31.0,"key":"Energy Potion"},{"floor":33.0,"key":"SteroidPotion"},{"floor":34.0,"key":"SteroidPotion"},{"floor":40.0,"key":"SpeedPotion"},{"floor":42.0,"key":"SpeedPotion"}],"is_trial":false,"path_per_floor":["M","M","M","M","?","E","M","R","T","E","R","M","R","M","R","B",null,"M","M","?","$","M","E","R","E","T","E","M","$","R","M","R","B",null,"M","M","M","T","?","E","R","?","T","$","$","R","M","E","R","B","B"],"character_chosen":"WATCHER","items_purchased":["Vajra","Membership Card","Adaptation","Lee\u0027s Waffle","Purity","CultistPotion"],"campfire_rested":1,"item_purchase_floors":[21,29,29,44,44,44],"current_hp_per_floor":[58,56,56,40,40,28,15,15,15,8,8,8,8,8,8,6,53,53,48,48,48,48,30,30,26,26,2,2,2,22,22,22,22,70,68,52,52,52,42,40,40,39,39,80,80,80,71,70,70,16,0,0],"gold":105,"neow_bonus":"ONE_RARE_RELIC","is_daily":false,"chose_seed":false,"campfire_upgraded":8,"win_rate":0.0,"timestamp":1607918668,"path_taken":["M","M","M","M","?","E","M","R","T","E","R","M","R","M","R","BOSS","M","M","?","$","M","E","R","E","T","E","?","$","R","M","R","BOSS","M","M","M","?","?","E","R","?","T","?","$","R","M","E","R","BOSS","BOSS"],"items_purchased_type":["Relic","Relic","Card","Relic","Card","Potion"],"build_version":"2020-12-13","purchased_purges":3,"victory":false,"max_hp_per_floor":[68,68,68,68,68,68,68,68,68,68,68,68,68,68,68,68,68,68,68,68,68,68,68,68,68,68,68,68,68,68,68,68,68,73,73,73,73,73,73,73,73,73,73,80,80,80,80,80,80,80,80,80],"card_choices":[{"not_picked":["EmptyBody","CutThroughFate"],"picked":"EmptyFist","floor":1.0},{"not_picked":["EmptyFist","Evaluate"],"picked":"WheelKick","floor":2.0},{"not_picked":["ForeignInfluence","ThirdEye"],"picked":"TalkToTheHand","floor":3.0},{"not_picked":["FlurryOfBlows","Prostrate"],"picked":"FollowUp","floor":4.0},{"not_picked":["PathToVictory","ThirdEye","DevaForm"],"picked":"SKIP","floor":6.0},{"not_picked":["InnerPeace","SashWhip"],"picked":"Wallop","floor":7.0},{"not_picked":["Protect","Vengeance"],"picked":"Sanctity","floor":10.0},{"not_picked":["Meditate","BowlingBash","Weave"],"picked":"SKIP","floor":12.0},{"not_picked":["SashWhip","ClearTheMind"],"picked":"Ragnarok","floor":14.0},{"not_picked":["Alpha","Establishment"],"picked":"DeusExMachina","floor":16.0},{"not_picked":["FlyingSleeves","CutThroughFate","Crescendo+1"],"picked":"SKIP","floor":18.0},{"not_picked":["WreathOfFlame","FollowUp","ClearTheMind+1"],"picked":"SKIP","floor":19.0},{"not_picked":["FollowUp","ClearTheMind+1"],"picked":"WreathOfFlame","floor":19.0},{"not_picked":["Fasting2","Blasphemy"],"picked":"MentalFortress","floor":22.0},{"not_picked":["FlurryOfBlows","Worship","SashWhip"],"picked":"SKIP","floor":23.0},{"not_picked":["Conclude","WindmillStrike"],"picked":"Adaptation","floor":25.0},{"not_picked":["CutThroughFate","ClearTheMind"],"picked":"Protect+1","floor":27.0},{"not_picked":["WindmillStrike","Prostrate","Crescendo"],"picked":"SKIP","floor":28.0},{"not_picked":["Protect","EmptyBody","DeusExMachina"],"picked":"SKIP","floor":31.0},{"not_picked":["JustLucky+1","FollowUp"],"picked":"FlurryOfBlows","floor":34.0},{"not_picked":["Swivel","ThirdEye","CarveReality+1"],"picked":"SKIP","floor":35.0},{"not_picked":["FlurryOfBlows+1","BowlingBash","Swivel"],"picked":"SKIP","floor":36.0},{"not_picked":["Wallop","FlyingSleeves+1"],"picked":"MentalFortress","floor":37.0},{"not_picked":["The Bomb","Dark Shackles"],"picked":"Finesse","floor":39.0},{"not_picked":["Consecrate+1","Establishment","Indignation"],"picked":"SKIP","floor":40.0},{"not_picked":["FollowUp","SashWhip"],"picked":"InnerPeace","floor":42.0},{"not_picked":["PathToVictory","FlurryOfBlows"],"picked":"Evaluate+1","floor":47.0},{"not_picked":["CrushJoints","FlurryOfBlows+1","ClearTheMind"],"picked":"SKIP","floor":48.0}],"player_experience":727875,"relics_obtained":[{"floor":6.0,"key":"InkBottle"},{"floor":9.0,"key":"Potion Belt"},{"floor":10.0,"key":"Gremlin Horn"},{"floor":23.0,"key":"MawBank"},{"floor":25.0,"key":"Happy Flower"},{"floor":26.0,"key":"PreservedInsect"},{"floor":27.0,"key":"Yang"},{"floor":38.0,"key":"Letter Opener"},{"floor":40.0,"key":"Art of War"},{"floor":42.0,"key":"Lizard Tail"}],"event_choices":[{"damage_healed":0.0,"max_hp_gain":0.0,"max_hp_loss":0.0,"gold_gain":0.0,"event_name":"Liars Game","player_choice":"Ignored","floor":5.0,"gold_loss":0.0,"damage_taken":0.0},{"damage_healed":0.0,"max_hp_gain":0.0,"max_hp_loss":0.0,"gold_gain":0.0,"event_name":"Match and Keep!","player_choice":"0 cards matched","floor":20.0,"gold_loss":0.0,"damage_taken":0.0,"cards_obtained":[]},{"damage_healed":0.0,"max_hp_gain":0.0,"max_hp_loss":0.0,"gold_gain":0.0,"event_name":"SensoryStone","player_choice":"Memory 3","floor":39.0,"gold_loss":0.0,"damage_taken":10.0},{"damage_healed":0.0,"max_hp_gain":0.0,"max_hp_loss":0.0,"gold_gain":0.0,"event_name":"Mysterious Sphere","player_choice":"Fight","floor":42.0,"gold_loss":0.0,"damage_taken":0.0}],"is_beta":false,"boss_relics":[{"not_picked":["Velvet Choker","Runic Pyramid"],"picked":"Astrolabe"},{"not_picked":["Fusion Hammer","Snecko Eye"],"picked":"Tiny House"}],"items_purged_floors":[21,29,44],"is_endless":false,"potions_floor_spawned":[2,7,10,14,16,18,25,27,31,33,40,42],"killed_by":"Time Eater","ascension_level":20}}