{"host":"74ea4mm5h5v9d7b0","time":1607908140,"event":{"mods":["Aspiration","BaseMod","Hubris","Infinite Spire","Minty Spire (QoL Compilation)","Quick Restart","Replay The Spire","StSLib","The Jungle"],"gold_per_floor":[114,129,144,17,17,47,47,147,172,202,202,217,232,247,247,247,247],"floor_reached":16,"playtime":909,"items_purged":["Strike_B"],"score":137,"play_id":"c5b46b3e-d936-47cd-a84c-2e0332a9c111","local_time":"20201213170900","daily_mods":["Cursed Run","Diverse","DeadlyEvents"],"is_ascension_mode":false,"campfire_choices":[{"data":"Zap","floor":7.0,"key":"SMITH"},{"data":"hubris:Sloth","floor":15,"key":"PURGE"}],"circlet_count":0,"master_deck":["Strike_B","Strike_B","Strike_B","Defend_B","Defend_B","Defend_B","Defend_B","Zap+1","Dualcast","Crescendo","Run Through","Redo","EmptyFist","Shame","infinitespire:FutureSight","TalkToTheHand","hubris:Despair","Amnesia","Endless Agony","Limit Break"],"relics":["Cursed Key","Darkstone Periapt","Du-Vu Doll","Bag of Marbles","hubris:ToyBattleship","DataDisk","Lantern"],"acts_visited":["Exordium"],"potions_floor_usage":[16],"damage_taken":[{"damage":6.0,"enemies":"Cultist","floor":1.0,"turns":3.0},{"damage":5.0,"enemies":"Small Slimes","floor":2.0,"turns":3.0},{"damage":0.0,"enemies":"2 Louse","floor":3.0,"turns":2.0},{"damage":42.0,"enemies":"Gremlin Nob","floor":6.0,"turns":5.0},{"damage":9.0,"enemies":"Lagavulin","floor":10.0,"turns":5.0},{"damage":0.0,"enemies":"Gremlin Gang","floor":12.0,"turns":4.0},{"damage":13,"enemies":"2 Fungi Beasts","floor":13,"turns":3},{"damage":7,"enemies":"Blue Slaver","floor":14,"turns":3},{"damage":18,"enemies":"The Guardian","floor":16,"turns":3}],"seed_played":"1880613833527945180","potions_obtained":[{"floor":2.0,"key":"Explosive Potion"},{"floor":3.0,"key":"Fire Potion"},{"floor":6.0,"key":"PowerPotion"},{"floor":13,"key":"SpeedPotion"}],"is_trial":false,"path_per_floor":["M","M","M","$","?","E","R","?","T","E","T","M","M","M","R","B"],"character_chosen":"DEFECT","items_purchased":["EmptyFist"],"campfire_rested":0,"item_purchase_floors":[4],"current_hp_per_floor":[69,64,64,64,76,34,34,34,40,31,37,37,24,17,17,0,0],"gold":247,"neow_bonus":"","is_daily":true,"chose_seed":false,"campfire_upgraded":1,"win_rate":0.0,"timestamp":1607908140,"path_taken":["M","M","M","?","?","E","R","?","T","?","?","M","?","M","R","BOSS"],"items_purchased_type":["Card"],"build_version":"2020-12-13","purchased_purges":1,"victory":false,"max_hp_per_floor":[75,75,75,75,87,87,87,87,93,93,99,99,99,99,99,99,99],"card_choices":[{"not_picked":["Dodge and Roll","Nirvana"],"picked":"Crescendo","floor":1.0},{"not_picked":["Havoc","Twin Strike"],"picked":"Run Through","floor":2.0},{"not_picked":["Replay:DivineShield","ReplayTheSpireMod:Stacked"],"picked":"Redo","floor":3.0},{"not_picked":["infinitespire:Fortify","ReplayTheSpireMod:Echoes of Time"],"picked":"infinitespire:FutureSight","floor":5.0},{"not_picked":["Armaments","Recycle"],"picked":"TalkToTheHand","floor":6.0},{"not_picked":["Amplify","Protect","Wild Strike"],"picked":"SKIP","floor":10.0},{"not_picked":["Sweeping Beam","Rupture"],"picked":"Endless Agony","floor":12.0},{"not_picked":["Terror","BowlingBash","LikeWater"],"picked":"SKIP","floor":13},{"not_picked":["ReplayTheSpireMod:Speed Training","Reinforced Body"],"picked":"Limit Break","floor":14}],"player_experience":763062,"relics_obtained":[{"floor":6.0,"key":"Bag of Marbles"},{"floor":9.0,"key":"hubris:ToyBattleship"},{"floor":10.0,"key":"DataDisk"},{"floor":11.0,"key":"Lantern"}],"event_choices":[{"damage_healed":0.0,"max_hp_gain":0.0,"max_hp_loss":0.0,"gold_gain":100.0,"event_name":"Golden Shrine","player_choice":"Pray","floor":8.0,"gold_loss":0.0,"damage_taken":0.0}],"is_beta":false,"boss_relics":[],"items_purged_floors":[4],"is_endless":false,"potions_floor_spawned":[2,3,6,13],"killed_by":"The Guardian","ascension_level":0}}