{"host":"2ccem01eblg14btk","time":1607939032,"event":{"mods":["BaseMod","Colored Map","Downfall","Minty Spire (QoL Compilation)","Quick Restart","StSLib"],"gold_per_floor":[0,0,175,175,188,204,204,227,227,258,533,547,564,582,600,696,696,696,722,722,738,755,755,755,511,538,538,553,566,566,566,586,683,683,683,716,741,753,765,765],"floor_reached":39,"playtime":1626,"items_purged":["Normality"],"score":699,"play_id":"32880b5a-109a-4a22-9ac4-33a62ea85f58","local_time":"20201214104352","is_ascension_mode":false,"campfire_choices":[{"data":"champ:Taunt","floor":1.0,"key":"SMITH"},{"data":"champ:Backstep","floor":9.0,"key":"SMITH"},{"data":"champ:VampiricStrike","floor":18.0,"key":"SMITH"},{"data":"champ:CheapShot","floor":20.0,"key":"SMITH"},{"data":"champ:StanceDance","floor":27.0,"key":"SMITH"},{"data":"champ:FocusedDefense","floor":35,"key":"SMITH"},{"floor":38,"key":"REST"}],"circlet_count":0,"master_deck":["champ:Strike+1","champ:Strike","champ:Strike+1","champ:Strike","champ:Defend","champ:Defend","champ:Defend","champ:Defend+1","champ:Execute","champ:Taunt+1","Doubt","champ:Backstep+1","champ:ShieldSigil","champ:ShieldSigil","Regret","champ:CheapShot+1","champ:BringItOn","champ:StanceDance+1","champ:ArenaPreparation","champ:VampiricStrike+1","champ:Backstep","champ:DefensiveShout","champ:DefensiveStyle+1","champ:Circumvent+1","champ:FocusedDefense+1","champ:ShieldThrow","champ:BringItOn+1","champ:StanceDance+1"],"relics":["champ:ChampionCrown","Dead Branch","downfall:ShatteredFragment","Torii","Lantern","Bronze Scales","Cursed Key","Dream Catcher","InkBottle","HandDrill","Pantograph","SacredBark","MawBank"],"acts_visited":["Exordium","TheCity","TheBeyond"],"potions_floor_usage":[],"damage_taken":[{"damage":6.0,"enemies":"Small Slimes","floor":5.0,"turns":3.0},{"damage":5.0,"enemies":"2 Louse","floor":6.0,"turns":2.0},{"damage":16.0,"enemies":"Lagavulin","floor":10.0,"turns":7.0},{"damage":9.0,"enemies":"Cultist","floor":12.0,"turns":3.0},{"damage":7.0,"enemies":"Lots of Slimes","floor":13.0,"turns":3.0},{"damage":28.0,"enemies":"2 Fungi Beasts","floor":14.0,"turns":3.0},{"damage":1.0,"enemies":"3 Louse","floor":15.0,"turns":2.0},{"damage":19.0,"enemies":"downfall:Ironclad","floor":16.0,"turns":5.0},{"damage":16.0,"enemies":"Book of Stabbing","floor":19.0,"turns":3.0},{"damage":11.0,"enemies":"Spheric Guardian","floor":21.0,"turns":2.0},{"damage":27.0,"enemies":"Shell Parasite","floor":22.0,"turns":2.0},{"damage":22.0,"enemies":"downfall:FleeingMerchant","floor":25.0,"turns":4.0},{"damage":55.0,"enemies":"Gremlin Leader","floor":26.0,"turns":7.0},{"damage":10.0,"enemies":"Cultist and Chosen","floor":28.0,"turns":4.0},{"damage":15.0,"enemies":"3 Cultists","floor":29.0,"turns":5.0},{"damage":7,"enemies":"Chosen and Byrds","floor":32,"turns":4},{"damage":24,"enemies":"downfall:Defect","floor":33,"turns":6},{"damage":76,"enemies":"Nemesis","floor":36,"turns":7},{"damage":18,"enemies":"3 Shapes","floor":37,"turns":4},{"damage":43,"enemies":"3 Darklings","floor":39,"turns":5}],"seed_played":"833664126350296423","potions_obtained":[{"floor":5.0,"key":"Swift Potion"},{"floor":6.0,"key":"champ:CounterPotion"},{"floor":13.0,"key":"SkillPotion"},{"floor":22.0,"key":"SkillPotion"},{"floor":29.0,"key":"BlessingOfTheForge"}],"is_trial":false,"path_per_floor":["R","?","?","?","M","M","T","T","R","E","?","M","M","M","M","B",null,"R","E","R","M","M","?","T","$","E","R","M","M","?","?","M","B",null,"R","E","M","R","M"],"character_chosen":"THE_CHAMP","items_purchased":["HandDrill"],"campfire_rested":1,"item_purchase_floors":[25],"current_hp_per_floor":[90,90,90,63,69,69,69,69,69,60,60,56,54,26,25,11,90,90,86,86,86,90,90,90,90,58,58,65,55,55,55,78,73,90,90,29,12,39,0,0],"gold":765,"neow_bonus":"ONE_RARE_RELIC","is_daily":false,"chose_seed":false,"campfire_upgraded":6,"win_rate":0.0,"timestamp":1607939032,"path_taken":["R","?","?","?","M","M","T","?","R","E","?","M","?","?","M","BOSS","R","E","R","M","?","?","T","$","E","R","M","M","?","?","M","BOSS","R","E","M","R","M"],"items_purchased_type":["Relic"],"build_version":"2020-12-13","purchased_purges":1,"victory":false,"max_hp_per_floor":[90,90,90,90,90,90,90,90,90,90,90,90,90,90,90,90,90,90,90,90,90,90,90,90,90,90,90,90,90,90,90,90,90,90,90,90,90,90,90,90],"card_choices":[{"not_picked":["champ:SwordSigil","champ:Encircle"],"picked":"champ:Backstep","floor":5.0},{"not_picked":["champ:ShieldWall","champ:RageSigil"],"picked":"champ:ShieldSigil","floor":6.0},{"not_picked":["champ:BladeFlurry","champ:Haymaker"],"picked":"champ:ShieldSigil","floor":10.0},{"not_picked":["champ:FightOn","champ:BringItOn"],"picked":"champ:CheapShot","floor":12.0},{"not_picked":["champ:RageSigil","champ:GladiatorsShout"],"picked":"champ:BringItOn","floor":13.0},{"not_picked":["champ:PerfectedStrike","champ:RageSigil"],"picked":"champ:StanceDance","floor":14.0},{"not_picked":["champ:DeathBlow","champ:MurderStrike"],"picked":"champ:ArenaPreparation","floor":15.0},{"not_picked":["champ:SteelEdge","champ:DancingMaster"],"picked":"champ:VampiricStrike","floor":16.0},{"not_picked":["champ:Shatter","champ:RageSigil+1"],"picked":"champ:Backstep","floor":19.0},{"not_picked":["champ:BerserkersShout","champ:Aggression"],"picked":"champ:DefensiveShout","floor":21.0},{"not_picked":["champ:EnragedBash","champ:FocusedBerserking"],"picked":"champ:DefensiveStyle+1","floor":22.0},{"not_picked":["champ:Haymaker","champ:TornadoPunch"],"picked":"champ:Circumvent+1","floor":25.0},{"not_picked":["champ:StanceDance","champ:CrookedStrike","champ:FaceSlap+1"],"picked":"SKIP","floor":26.0},{"not_picked":["champ:BerserkersShout","champ:Backstep","champ:LastStand"],"picked":"SKIP","floor":28.0},{"not_picked":["champ:BladeFlurry","champ:FightOn","champ:BerserkersShout"],"picked":"SKIP","floor":29.0},{"not_picked":["champ:RageSigil+1","champ:SwordSigil+1","champ:CrookedStrike+1"],"picked":"SKIP","floor":32},{"not_picked":["champ:EnchantSword","champ:SwordThrow"],"picked":"champ:ShieldThrow","floor":33},{"not_picked":["champ:Circumvent","champ:DeathBlow+1"],"picked":"champ:BringItOn+1","floor":36},{"not_picked":["champ:CrookedStrike","champ:FlashCut"],"picked":"champ:StanceDance+1","floor":37}],"player_experience":122494,"relics_obtained":[{"floor":7.0,"key":"Torii"},{"floor":8.0,"key":"Lantern"},{"floor":10.0,"key":"Bronze Scales"},{"floor":19.0,"key":"Dream Catcher"},{"floor":24.0,"key":"InkBottle"},{"floor":26.0,"key":"Pantograph"},{"floor":36,"key":"MawBank"}],"event_choices":[{"damage_healed":0,"gold_gain":0,"player_choice":"Read","damage_taken":0,"max_hp_gain":0,"max_hp_loss":0,"event_name":"The Library","floor":31,"gold_loss":0,"cards_obtained":["champ:FocusedDefense"]}],"is_beta":false,"boss_relics":[{"not_picked":["Runic Dome","Fusion Hammer"],"picked":"Cursed Key"},{"not_picked":["SlaversCollar","Velvet Choker"],"picked":"SacredBark"}],"items_purged_floors":[25],"is_endless":false,"potions_floor_spawned":[5,6,13,22,29],"killed_by":"3 Darklings","ascension_level":0}}