{"host":"f9pzaat4ol30qeex","time":1607940500,"event":{"mods":["Ascension Reborn","BaseMod","Better Vampires","Colored Map","Colored Powertips","Downfall","Highlight Path","Minty Spire (QoL Compilation)","MostiFishMod","Quick Restart","Relic Stats","RyuuouÁúÍõ","Shop Mod","Spicy Shops","StSLib","noobMod","vexMod","óô»ðÖ¸ÄÏ"],"gold_per_floor":[-1282,-1266,-1266,-1254,-1254,-1254,-1225,-1225,-1225,-1225,-1205,-1170,-1170,-1107,-1107,-1008,-1008,-992,-992,-992,-976,-965,-930,-930,-904,-827,-794,-794,-794,-761,-751,-751,-649,-649,-634,-634,-634,-634,381,8953,8359,9373,9373,8741,8775,8775,8775,8788,7825,7825,7825,7204,6757,6790,6790],"floor_reached":56,"playtime":4051,"items_purged":["Consume+1","Strike_B+1","Writhe","MostiFishMod:UniBlue","Strike_B+1","Strike_B+1","Ryuuou:NotRegret+1"],"score":1669,"play_id":"e3a86abd-2e55-4984-a4d0-e5e55163b5f3","local_time":"20201214180820","is_ascension_mode":true,"campfire_choices":[{"data":"Redo","floor":6,"key":"SMITH"},{"data":"Zap","floor":8,"key":"SMITH"},{"data":"Redo","floor":10,"key":"SMITH"},{"floor":15,"key":"RECALL"},{"data":"Hello World","floor":24,"key":"SMITH"},{"data":"MostiFishMod:TalkingToTheRain","floor":28,"key":"SMITH"},{"data":"MostiFishMod:Impulse","floor":32,"key":"SMITH"}],"circlet_count":0,"master_deck":["Defend_B+1","Defend_B+1","Zap+1","Dualcast+1","Conserve Battery+1","Redo+1","Redo+1","White Noise+1","Machine Learning+1","MostiFishMod:TalkingToTheRain+1","Beam Cell+1","Hello World+1","MostiFishMod:Impulse+1","MostiFishMod:Distribution+1","Chaos+1","Electrodynamics+1","Defragment+1","Conserve Battery","Self Repair+1","Storm+1","Defragment+1","Recycle","MostiFishMod:IntelligentEquipment+1","MostiFishMod:SparklingWater","Fusion+1","Chaos","Storm+1","Defragment+1","Capacitor+1","Electrodynamics+1"],"relics":["DaveBox","ice","SynthV:MejaisSoulstealer","BloodWine","Question Card","ThornShield","Symbiotic Virus","Shuriken","Juzu Bracelet","Unceasing Top","ImportantClient","Transparent","Molten Egg 2","WingedGreaves","Darkstone Periapt","Ice Cream","Eternal Feather","vexMod:ImprovementManual","Red Mask","Frozen Egg 2","Mango","Medical Kit","Smiling Mask","Pen Nib","SynthV","MerchantsRug","Membership Card","Gremlin Horn","SynthV:C4","Gambling Chip","vexMod:CardConverter","vexMod:RedPlottingStone","Meat on the Bone","Ancient Tea Set","White Beast Statue","Dodecahedron","StoneCalendar","ArrowTower","Lee\u0027s Waffle","ImprovedEquipment","Nunchaku","Torii","Orrery","Kunai","Frozen Eye","Dead Branch","StrikeDummy","Lantern","Bag of Preparation","Bag of Marbles","Pantograph","Cables","Centennial Puzzle"],"acts_visited":["Exordium","TheCity","TheBeyond","TheEnding"],"potions_floor_usage":[12,21,30,30,30,35,42,55,55,55],"damage_taken":[{"damage":1,"enemies":"2 Louse","floor":1,"turns":2},{"damage":6,"enemies":"Jaw Worm","floor":2,"turns":3},{"damage":9,"enemies":"Cultist","floor":4,"turns":5},{"damage":7,"enemies":"3 Sentries","floor":7,"turns":4},{"damage":0,"enemies":"2 Fungi Beasts","floor":11,"turns":3},{"damage":0,"enemies":"Gremlin Nob","floor":12,"turns":3},{"damage":7,"enemies":"3 Sentries","floor":14,"turns":5},{"damage":7,"enemies":"The Guardian","floor":16,"turns":7},{"damage":21,"enemies":"Spheric Guardian","floor":18,"turns":3},{"damage":16,"enemies":"3 Byrds","floor":21,"turns":2},{"damage":14,"enemies":"Snake Plant","floor":22,"turns":2},{"damage":21,"enemies":"Gremlin Leader","floor":23,"turns":3},{"damage":21,"enemies":"Slavers","floor":25,"turns":3},{"damage":21,"enemies":"Book of Stabbing","floor":27,"turns":3},{"damage":21,"enemies":"Slavers","floor":30,"turns":3},{"damage":14,"enemies":"3 Cultists","floor":31,"turns":2},{"damage":28,"enemies":"Collector","floor":33,"turns":4},{"damage":14,"enemies":"Orb Walker","floor":35,"turns":2},{"damage":7,"enemies":"3 Darklings","floor":39,"turns":1},{"damage":16,"enemies":"Transient","floor":42,"turns":2},{"damage":30,"enemies":"Giant Head","floor":45,"turns":3},{"damage":11,"enemies":"Writhing Mass","floor":48,"turns":1},{"damage":25,"enemies":"Time Eater","floor":50,"turns":2},{"damage":12,"enemies":"Shield and Spear","floor":54,"turns":2},{"damage":57,"enemies":"The Heart","floor":55,"turns":4}],"seed_played":"-2598111210552843316","potions_obtained":[{"floor":2,"key":"AttackPotion"},{"floor":7,"key":"BlessingOfTheForge"},{"floor":14,"key":"Energy Potion"},{"floor":16,"key":"Fire Potion"},{"floor":21,"key":"SpeedPotion"},{"floor":27,"key":"Block Potion"},{"floor":30,"key":"Fire Potion"},{"floor":31,"key":"PowerPotion"},{"floor":33,"key":"FocusPotion"},{"floor":35,"key":"LiquidBronze"},{"floor":42,"key":"Fruit Juice"},{"floor":45,"key":"Explosive Potion"},{"floor":54,"key":"champ:CounterPotion"}],"is_trial":false,"path_per_floor":["M","M","?","M","$","R","E","R","T","R","M","E","?","?","R","B",null,"M","?","T","M","M","E","R","E","T","E","R","?","E","M","R","B",null,"M","?","?","$","M","R","R","M","T","R","E","?","?","M","R","B",null,"R","$","E","B",null],"character_chosen":"DEFECT","items_purchased":["Frozen Egg 2","Conserve Battery","Mango","Medical Kit","Smiling Mask","Pen Nib","SynthV","MerchantsRug","Membership Card","Gremlin Horn","SynthV:C4","Gambling Chip","Self Repair+1","Defragment+1","Recycle","vexMod:RedPlottingStone","Meat on the Bone","Ancient Tea Set","White Beast Statue","Dodecahedron","MostiFishMod:SparklingWater","ArrowTower","Lee\u0027s Waffle","ImprovedEquipment","Nunchaku","Torii","Orrery","Kunai","Frozen Eye","Dead Branch","StrikeDummy","Lantern","Defragment+1","Bag of Preparation","Bag of Marbles","Pantograph","Cables","Capacitor+1"],"campfire_rested":0,"item_purchase_floors":[40,40,40,40,40,40,40,40,41,41,41,41,41,44,44,44,44,44,44,44,49,49,49,49,49,49,49,52,52,52,52,52,52,53,53,53,53,53],"current_hp_per_floor":[74,68,53,44,44,44,37,37,37,37,37,37,30,23,23,30,75,75,75,75,75,75,75,75,75,75,75,75,75,75,75,75,75,75,75,75,75,75,75,89,89,94,94,106,108,110,110,110,125,125,125,127,129,131,131],"gold":6790,"neow_bonus":"BOSS_RELIC","is_daily":false,"chose_seed":false,"campfire_upgraded":6,"win_rate":0.0,"timestamp":1607940500,"path_taken":["M","M","?","M","$","R","E","R","T","R","M","E","?","?","R","BOSS","M","?","?","M","M","E","R","E","T","E","R","?","E","M","R","BOSS","M","?","?","$","M","R","R","M","T","R","E","?","?","M","R","BOSS","R","$","E","BOSS"],"items_purchased_type":["Relic","Card","Relic","Relic","Relic","Relic","Relic","Relic","Relic","Relic","Relic","Relic","Card","Card","Card","Relic","Relic","Relic","Relic","Relic","Card","Relic","Relic","Relic","Relic","Relic","Relic","Relic","Relic","Relic","Relic","Relic","Card","Relic","Relic","Relic","Relic","Card"],"build_version":"2020-12-13","purchased_purges":7,"victory":true,"max_hp_per_floor":[75,75,75,75,75,75,75,75,75,75,75,75,75,75,75,75,75,75,75,75,75,75,75,75,75,75,75,75,75,75,75,75,75,75,75,75,75,75,75,89,89,94,94,106,108,110,110,110,125,125,125,127,129,131,131],"relic_stats":{"Darkstone Periapt":6,"Lee\u0027s Waffle":7,"Gremlin Horn":[0,0],"Torii":13,"counters":[25,73],"Dead Branch":[13],"Eternal Feather":0,"StoneCalendar":[0],"Pen Nib":[2],"Juzu Bracelet":2,"Bag of Preparation":[4],"Question Card":26,"Medical Kit":[3],"Smiling Mask":239,"Cables":[6,4,0,2,0],"Nunchaku":[1],"Centennial Puzzle":[0],"Shuriken":[21],"Gambling Chip":[3],"Pantograph":0,"Kunai":[3],"obtain_stats":[{"Ice Cream":27,"Gremlin Horn":41,"BloodWine":0,"ice":0,"Centennial Puzzle":54,"vexMod:CardConverter":43,"Kunai":52,"ImportantClient":16,"MerchantsRug":40,"SynthV:MejaisSoulstealer":0,"Dodecahedron":44,"Dead Branch":52,"Eternal Feather":30,"Pen Nib":40,"Question Card":1,"Cables":53,"Transparent":17,"Shuriken":12,"Molten Egg 2":20,"Symbiotic Virus":9,"ArrowTower":49,"StrikeDummy":52,"Unceasing Top":14,"vexMod:ImprovementManual":34,"Meat on the Bone":44,"Darkstone Periapt":25,"Lantern":52,"DaveBox":0,"Torii":49,"SynthV":40,"Mango":40,"StoneCalendar":45,"Juzu Bracelet":13,"Bag of Preparation":53,"Smiling Mask":40,"Ancient Tea Set":44,"SynthV:C4":41,"Frozen Eye":52,"Nunchaku":49,"Gambling Chip":41,"vexMod:RedPlottingStone":44,"Pantograph":53,"WingedGreaves":23,"Red Mask":36,"Cracked Core":0,"Lee\u0027s Waffle":49,"ImprovedEquipment":49,"Frozen Egg 2":40,"ThornShield":7,"Medical Kit":40,"White Beast Statue":44,"Orrery":49,"Bag of Marbles":53,"Membership Card":41},{"Ice Cream":14,"Gremlin Horn":19,"BloodWine":0,"ice":0,"Centennial Puzzle":24,"vexMod:CardConverter":20,"Kunai":23,"ImportantClient":8,"MerchantsRug":19,"SynthV:MejaisSoulstealer":0,"Dodecahedron":20,"Dead Branch":23,"Eternal Feather":15,"Pen Nib":19,"Question Card":1,"Cables":23,"Transparent":8,"Shuriken":6,"Molten Egg 2":9,"Symbiotic Virus":4,"ArrowTower":22,"StrikeDummy":23,"Unceasing Top":7,"vexMod:ImprovementManual":17,"Meat on the Bone":20,"Darkstone Periapt":13,"Lantern":23,"DaveBox":0,"Torii":22,"SynthV":19,"Mango":19,"StoneCalendar":21,"Juzu Bracelet":6,"Bag of Preparation":23,"Smiling Mask":19,"Ancient Tea Set":20,"SynthV:C4":19,"Frozen Eye":23,"Nunchaku":22,"Gambling Chip":19,"vexMod:RedPlottingStone":20,"Pantograph":23,"WingedGreaves":12,"Red Mask":18,"Cracked Core":0,"Lee\u0027s Waffle":22,"ImprovedEquipment":22,"Frozen Egg 2":19,"ThornShield":4,"Medical Kit":19,"White Beast Statue":20,"Orrery":22,"Bag of Marbles":23,"Membership Card":19},{"Ice Cream":48,"Gremlin Horn":60,"BloodWine":0,"ice":0,"Centennial Puzzle":70,"vexMod:CardConverter":62,"Kunai":68,"ImportantClient":32,"MerchantsRug":60,"SynthV:MejaisSoulstealer":0,"Dodecahedron":62,"Dead Branch":68,"Eternal Feather":51,"Pen Nib":60,"Question Card":2,"Cables":68,"Transparent":32,"Shuriken":20,"Molten Egg 2":35,"Symbiotic Virus":14,"ArrowTower":66,"StrikeDummy":68,"Unceasing Top":25,"vexMod:ImprovementManual":57,"Meat on the Bone":62,"Darkstone Periapt":45,"Lantern":68,"DaveBox":0,"Torii":66,"SynthV":60,"Mango":60,"StoneCalendar":65,"Juzu Bracelet":20,"Bag of Preparation":68,"Smiling Mask":60,"Ancient Tea Set":62,"SynthV:C4":60,"Frozen Eye":68,"Nunchaku":66,"Gambling Chip":60,"vexMod:RedPlottingStone":62,"Pantograph":68,"WingedGreaves":42,"Red Mask":59,"Cracked Core":0,"Lee\u0027s Waffle":66,"ImprovedEquipment":66,"Frozen Egg 2":60,"ThornShield":14,"Medical Kit":60,"White Beast Statue":62,"Orrery":66,"Bag of Marbles":68,"Membership Card":60}],"Unceasing Top":[6],"Meat on the Bone":0},"card_choices":[{"not_picked":["Coolheaded","Skim"],"picked":"Consume","floor":1},{"not_picked":["Turbo","Coolheaded","Rebound"],"picked":"Conserve Battery","floor":2},{"not_picked":["Beam Cell","Hologram","Cold Snap"],"picked":"Redo","floor":4},{"not_picked":["Aggregate","Steam Power","Darkness"],"picked":"Redo","floor":7},{"not_picked":["Fission","Conserve Battery","Go for the Eyes"],"picked":"White Noise","floor":11},{"not_picked":["Glacier","Steam","Beam Cell"],"picked":"Machine Learning","floor":12},{"not_picked":["MostiFishMod:StarOceanB","MostiFishMod:UniBlue","All For One"],"picked":"MostiFishMod:TalkingToTheRain","floor":16},{"not_picked":["Auto Shields","Conserve Battery","Ball Lightning+1"],"picked":"Beam Cell","floor":18},{"not_picked":["Leap","Barrage+1","Conserve Battery"],"picked":"Hello World","floor":21},{"not_picked":["Stack","Ball Lightning+1","Streamline+1","Leap"],"picked":"SKIP","floor":22},{"not_picked":["Leap+1","Blizzard+1","MostiFishMod:ReprogramOld+1","Streamline+1"],"picked":"SKIP","floor":23},{"not_picked":["Hologram","Leap","Reboot","Steam+1"],"picked":"SKIP","floor":25},{"not_picked":["Sweeping Beam+1","Steam","Hologram+1","Static Discharge"],"picked":"SKIP","floor":27},{"not_picked":["Reinforced Body","Redo","Coolheaded"],"picked":"Chaos+1","floor":30},{"not_picked":["Lockon+1","Recycle","Coolheaded","Doom and Gloom+1"],"picked":"SKIP","floor":31},{"not_picked":["MostiFishMod:Tomorrow","Multi-Cast","MostiFishMod:Hijack"],"picked":"Electrodynamics","floor":33},{"not_picked":["Beam Cell+1","Stack+1","Steam+1"],"picked":"Defragment","floor":35},{"not_picked":["Turbo+1","MostiFishMod:InterfaceCompatibility","FTL+1","Static Discharge+1"],"picked":"SKIP","floor":39},{"not_picked":["Streamline+1","Go for the Eyes+1","MostiFishMod:ReprogramOld+1"],"picked":"Storm+1","floor":42},{"not_picked":["FTL+1","Glacier","Ball Lightning+1"],"picked":"MostiFishMod:IntelligentEquipment+1","floor":45},{"not_picked":["Leap+1","Ball Lightning+1","Scrape+1","Conserve Battery+1"],"picked":"SKIP","floor":48},{"not_picked":["Hologram+1","MostiFishMod:StarOceanB","Storm+1"],"picked":"Fusion+1","floor":49},{"not_picked":["Streamline+1","Coolheaded","Consume+1"],"picked":"Chaos","floor":49},{"not_picked":["Lockon+1","Static Discharge+1","Conserve Battery"],"picked":"Storm+1","floor":49},{"not_picked":["Aggregate","Reinforced Body+1","Tempest"],"picked":"Electrodynamics+1","floor":54}],"player_experience":218823,"relics_obtained":[{"floor":1,"key":"Question Card"},{"floor":7,"key":"ThornShield"},{"floor":9,"key":"Symbiotic Virus"},{"floor":12,"key":"Shuriken"},{"floor":14,"key":"Unceasing Top"},{"floor":16,"key":"ImportantClient"},{"floor":20,"key":"Molten Egg 2"},{"floor":23,"key":"WingedGreaves"},{"floor":25,"key":"Darkstone Periapt"},{"floor":27,"key":"Ice Cream"},{"floor":30,"key":"Eternal Feather"},{"floor":43,"key":"vexMod:CardConverter"},{"floor":45,"key":"StoneCalendar"},{"floor":54,"key":"Centennial Puzzle"}],"event_choices":[{"damage_healed":0,"gold_gain":0,"player_choice":"Entered Light","damage_taken":15,"max_hp_gain":0,"max_hp_loss":0,"event_name":"Shining Light","floor":3,"gold_loss":0,"cards_upgraded":["Defend_B","Consume"]},{"damage_healed":0,"gold_gain":0,"player_choice":"Success","damage_taken":7,"relics_obtained":["Juzu Bracelet"],"max_hp_gain":0,"max_hp_loss":0,"event_name":"Scrap Ooze","floor":13,"gold_loss":0},{"damage_healed":0,"gold_gain":0,"player_choice":"Searched \u00272\u0027 times","damage_taken":0,"max_hp_gain":0,"max_hp_loss":0,"event_name":"Dead Adventurer","floor":14,"gold_loss":0},{"damage_healed":0,"gold_gain":0,"player_choice":"Ignored","damage_taken":0,"max_hp_gain":0,"max_hp_loss":0,"event_name":"Ghosts","floor":19,"gold_loss":0},{"damage_healed":0,"gold_gain":0,"cards_transformed":["Defend_B","Defend_B"],"player_choice":"Became Test Subject","damage_taken":0,"max_hp_gain":0,"max_hp_loss":0,"event_name":"Drug Dealer","floor":29,"gold_loss":0,"cards_obtained":["MostiFishMod:Impulse","MostiFishMod:Distribution"]},{"damage_healed":0,"gold_gain":0,"player_choice":"Paid","damage_taken":0,"relics_obtained":["Red Mask"],"max_hp_gain":0,"max_hp_loss":0,"event_name":"Tomb of Lord Red Mask","floor":36,"gold_loss":-634},{"damage_healed":0,"gold_gain":0,"cards_transformed":["Strike_B"],"player_choice":"Transformed","damage_taken":0,"max_hp_gain":0,"max_hp_loss":0,"event_name":"Transmorgrifier","floor":46,"gold_loss":0,"cards_obtained":["MostiFishMod:UniBlue"]},{"damage_healed":0,"gold_gain":0,"player_choice":"Forge","damage_taken":0,"max_hp_gain":0,"max_hp_loss":0,"event_name":"Accursed Blacksmith","floor":47,"gold_loss":0,"cards_upgraded":["Ryuuou:NotRegret"]}],"is_beta":false,"boss_relics":[{"not_picked":["vexMod:MysteryBossChallenge","Snecko Eye"],"picked":"Transparent"},{"not_picked":["Empty Cage","OneHitWonderSystem"],"picked":"vexMod:ImprovementManual"}],"items_purged_floors":[40,41,44,49,52,53,53],"is_endless":false,"potions_floor_spawned":[2,7,14,16,21,27,30,31,33,35,42,45,48,54],"ascension_level":1}}