{"host":"dvpvhz1t6etneyb3","time":1607914669,"event":{"mods":["AchievementEnabler","BaseMod","Colored Map","Highlight Path","Minty Spire (QoL Compilation)","Permanent Neow","Quick Restart"],"gold_per_floor":[117,137,8,8,28,28,53,53,53,79,96,96,96,111,111,182,182,194,37,47,66,79,109,109,121,197,224,274,4,20,120,120,199,199,210,210,41,96,0,0,31,31,54,100,119,149,160,179,179,179,179],"floor_reached":52,"playtime":2380,"items_purged":[],"score":2020,"play_id":"f494b40d-1a96-44d1-9413-c1f51b7fba23","local_time":"20201213215749","is_ascension_mode":true,"campfire_choices":[{"data":"Bash","floor":6.0,"key":"SMITH"},{"data":"Feel No Pain","floor":8.0,"key":"SMITH"},{"data":"Shockwave","floor":15.0,"key":"SMITH"},{"data":"Inflame","floor":24.0,"key":"SMITH"},{"data":"Immolate","floor":32.0,"key":"SMITH"},{"data":"Demon Form","floor":40,"key":"SMITH"},{"data":"Juggernaut","floor":42,"key":"SMITH"},{"data":"Feel No Pain","floor":49,"key":"SMITH"}],"circlet_count":0,"master_deck":["AscendersBane","Strike_R","Strike_R","Strike_R","Strike_R","Defend_R","Defend_R","Defend_R+1","Defend_R+1","Bash+1","Cleave","Clothesline","Feel No Pain+1","Pommel Strike","Battle Trance","Shockwave+1","Immolate+1","Feel No Pain+1","Second Wind","Inflame+1","Juggernaut+1","Heavy Blade","Demon Form+1","Evolve","Inflame","Carnage+1"],"relics":["Burning Blood","Toy Ornithopter","Mercury Hourglass","Akabeko","War Paint","Lantern","Snecko Eye","PreservedInsect","Happy Flower","Paper Frog","Pantograph","Shuriken","Torii","Gremlin Horn","Runic Dome","Art of War","Dead Branch","Red Mask","Bag of Marbles","Vajra","Red Skull","Sundial"],"acts_visited":["Exordium","TheCity","TheBeyond"],"potions_floor_usage":[38,50],"damage_taken":[{"damage":11.0,"enemies":"Jaw Worm","floor":1.0,"turns":4.0},{"damage":1.0,"enemies":"Cultist","floor":2.0,"turns":3.0},{"damage":7.0,"enemies":"Small Slimes","floor":5.0,"turns":3.0},{"damage":30.0,"enemies":"Lagavulin","floor":7.0,"turns":7.0},{"damage":9.0,"enemies":"3 Sentries","floor":10.0,"turns":6.0},{"damage":1.0,"enemies":"3 Louse","floor":11.0,"turns":2.0},{"damage":1.0,"enemies":"Exordium Thugs","floor":14.0,"turns":2.0},{"damage":41.0,"enemies":"The Guardian","floor":16.0,"turns":15.0},{"damage":3.0,"enemies":"Spheric Guardian","floor":18.0,"turns":3.0},{"damage":11.0,"enemies":"2 Thieves","floor":20.0,"turns":2.0},{"damage":10.0,"enemies":"Centurion and Healer","floor":21.0,"turns":3.0},{"damage":0.0,"enemies":"Snake Plant","floor":22.0,"turns":3.0},{"damage":3.0,"enemies":"Book of Stabbing","floor":23.0,"turns":3.0},{"damage":4.0,"enemies":"3 Cultists","floor":25.0,"turns":3.0},{"damage":0.0,"enemies":"Gremlin Leader","floor":27.0,"turns":4.0},{"damage":3.0,"enemies":"Sentry and Sphere","floor":30.0,"turns":3.0},{"damage":0.0,"enemies":"Colosseum Slavers","floor":31.0,"turns":1.0},{"damage":0.0,"enemies":"Colosseum Nobs","floor":31.0,"turns":2.0},{"damage":60.0,"enemies":"Collector","floor":33.0,"turns":11.0},{"damage":12.0,"enemies":"3 Darklings","floor":35.0,"turns":3.0},{"damage":12,"enemies":"2 Orb Walkers","floor":38,"turns":3},{"damage":2,"enemies":"Nemesis","floor":41,"turns":3},{"damage":7,"enemies":"Orb Walker","floor":45,"turns":2},{"damage":0,"enemies":"Reptomancer","floor":46,"turns":2},{"damage":7,"enemies":"4 Shapes","floor":47,"turns":5},{"damage":17,"enemies":"Maw","floor":48,"turns":5},{"damage":25,"enemies":"Donu and Deca","floor":50,"turns":4},{"damage":69,"enemies":"Time Eater","floor":51,"turns":7}],"seed_played":"4422735000405624359","potions_obtained":[{"floor":2.0,"key":"ColorlessPotion"},{"floor":5.0,"key":"Weak Potion"},{"floor":13.0,"key":"ElixirPotion"},{"floor":13.0,"key":"Explosive Potion"},{"floor":16.0,"key":"Ancient Potion"},{"floor":18.0,"key":"Swift Potion"},{"floor":21.0,"key":"Fruit Juice"},{"floor":23.0,"key":"DistilledChaos"},{"floor":31.0,"key":"Dexterity Potion"},{"floor":33.0,"key":"SpeedPotion"},{"floor":41,"key":"Fire Potion"}],"is_trial":false,"path_per_floor":["M","M","$","?","M","R","E","R","T","E","M","?","?","M","R","B",null,"M","$","M","M","M","E","R","M","T","E","?","$","M","?","R","B",null,"M","?","$","?","?","R","E","R","T","T","M","E","M","M","R","B","B",null],"character_chosen":"IRONCLAD","items_purchased":["Feel No Pain","Pommel Strike","PreservedInsect","Shuriken","Art of War"],"campfire_rested":0,"item_purchase_floors":[3,3,19,29,37],"current_hp_per_floor":[63,68,68,68,67,67,43,43,43,40,45,38,38,43,43,13,60,68,68,63,59,65,78,78,80,80,80,80,80,80,80,80,31,68,62,62,62,61,61,61,65,65,65,65,64,70,69,58,58,66,17],"gold":179,"neow_bonus":"RANDOM_COMMON_RELIC","is_daily":false,"chose_seed":false,"campfire_upgraded":8,"win_rate":0.0,"timestamp":1607914669,"path_taken":["M","M","$","?","?","R","E","R","T","E","M","?","?","M","R","BOSS","M","$","M","M","M","E","R","M","T","E","?","$","?","?","R","BOSS","M","?","$","?","?","R","E","R","T","?","M","E","M","?","R","BOSS","BOSS"],"items_purchased_type":["Card","Card","Relic","Relic","Relic"],"build_version":"2020-12-13","purchased_purges":0,"victory":true,"max_hp_per_floor":[75,75,75,75,75,75,75,75,75,75,75,75,75,75,75,75,75,75,75,75,75,75,80,80,80,80,80,80,80,80,80,80,80,80,80,80,80,80,80,80,80,80,80,80,80,80,80,80,80,80,80],"card_choices":[{"not_picked":["Infernal Blade","Disarm"],"picked":"Cleave","floor":1.0},{"not_picked":["Twin Strike","Power Through"],"picked":"Clothesline","floor":2.0},{"not_picked":["Armaments","Sentinel","Searing Blow"],"picked":"SKIP","floor":5.0},{"not_picked":["Dark Embrace","Heavy Blade"],"picked":"Flame Barrier","floor":7.0},{"not_picked":["Clash","Twin Strike"],"picked":"Battle Trance","floor":10.0},{"not_picked":["Clash","Twin Strike","Second Wind"],"picked":"SKIP","floor":11.0},{"not_picked":["Clash","Twin Strike","Second Wind"],"picked":"SKIP","floor":11.0},{"not_picked":["Clash","Twin Strike","Second Wind"],"picked":"SKIP","floor":11.0},{"not_picked":["Heavy Blade","True Grit"],"picked":"Shockwave","floor":14.0},{"not_picked":["Exhume","Berserk"],"picked":"Immolate","floor":16.0},{"not_picked":["Heavy Blade","Flex"],"picked":"Feel No Pain","floor":18.0},{"not_picked":["Havoc","Iron Wave"],"picked":"Second Wind","floor":20.0},{"not_picked":["Pommel Strike","Battle Trance","Armaments"],"picked":"SKIP","floor":21.0},{"not_picked":["Pommel Strike","Battle Trance","Armaments"],"picked":"SKIP","floor":21.0},{"not_picked":["Sword Boomerang","Dropkick"],"picked":"Inflame","floor":22.0},{"not_picked":["Flex","Warcry"],"picked":"Juggernaut","floor":23.0},{"not_picked":["Second Wind","Wild Strike","Cleave"],"picked":"SKIP","floor":25.0},{"not_picked":["Armaments","Clothesline","Thunderclap"],"picked":"SKIP","floor":27.0},{"not_picked":["Cleave","Combust"],"picked":"Heavy Blade","floor":30.0},{"not_picked":["Barricade","Fiend Fire"],"picked":"Demon Form","floor":33.0},{"not_picked":["Headbutt","Clothesline","Seeing Red+1"],"picked":"SKIP","floor":35.0},{"not_picked":["Thunderclap","Clothesline"],"picked":"Evolve","floor":41},{"not_picked":["Pommel Strike","Twin Strike+1","Dual Wield"],"picked":"SKIP","floor":45},{"not_picked":["Sentinel+1","Bloodletting"],"picked":"Inflame","floor":46},{"not_picked":["Evolve","Clash","Dark Embrace"],"picked":"SKIP","floor":47},{"not_picked":["Thunderclap","Searing Blow+1"],"picked":"Carnage+1","floor":48}],"player_experience":1837779,"relics_obtained":[{"floor":7.0,"key":"Akabeko"},{"floor":9.0,"key":"War Paint"},{"floor":10.0,"key":"Lantern"},{"floor":23.0,"key":"Happy Flower"},{"floor":26.0,"key":"Paper Frog"},{"floor":27.0,"key":"Pantograph"},{"floor":31.0,"key":"Torii"},{"floor":31.0,"key":"Gremlin Horn"},{"floor":38,"key":"Dead Branch"},{"floor":41,"key":"Bag of Marbles"},{"floor":43,"key":"Vajra"},{"floor":44,"key":"Red Skull"},{"floor":46,"key":"Sundial"}],"event_choices":[{"damage_healed":0.0,"max_hp_gain":0.0,"max_hp_loss":0.0,"gold_gain":0.0,"event_name":"WeMeetAgain","player_choice":"Gave Potion","floor":4.0,"gold_loss":0.0,"damage_taken":0.0,"relics_obtained":["Mercury Hourglass"]},{"cards_removed":["Strike_R"],"damage_healed":0.0,"max_hp_gain":0.0,"max_hp_loss":0.0,"gold_gain":0.0,"event_name":"Golden Wing","player_choice":"Card Removal","floor":12.0,"gold_loss":0.0,"damage_taken":7.0},{"damage_healed":0.0,"max_hp_gain":0.0,"max_hp_loss":0.0,"gold_gain":0.0,"event_name":"Lab","player_choice":"Got Potions","floor":13.0,"gold_loss":0.0,"damage_taken":0.0},{"damage_healed":0.0,"max_hp_gain":0.0,"max_hp_loss":0.0,"gold_gain":100.0,"event_name":"The Joust","player_choice":"Bet on Murderer","floor":28.0,"gold_loss":50.0,"damage_taken":0.0},{"damage_healed":0.0,"max_hp_gain":0.0,"max_hp_loss":0.0,"gold_gain":0.0,"event_name":"Colosseum","player_choice":"Fight","floor":31.0,"gold_loss":0.0,"damage_taken":0.0},{"damage_healed":0.0,"max_hp_gain":0.0,"max_hp_loss":0.0,"gold_gain":0.0,"event_name":"Colosseum","player_choice":"Fought Nobs","floor":31.0,"gold_loss":0.0,"damage_taken":0.0},{"cards_removed":["Flame Barrier"],"damage_healed":0.0,"max_hp_gain":0.0,"max_hp_loss":0.0,"gold_gain":0.0,"event_name":"Falling","player_choice":"Removed Skill","floor":36.0,"gold_loss":0.0,"damage_taken":0.0},{"damage_healed":0,"gold_gain":0,"player_choice":"Fight","damage_taken":0,"max_hp_gain":0,"max_hp_loss":0,"event_name":"Mysterious Sphere","floor":38,"gold_loss":0},{"damage_healed":0,"gold_gain":0,"player_choice":"Paid","damage_taken":0,"relics_obtained":["Red Mask"],"max_hp_gain":0,"max_hp_loss":0,"event_name":"Tomb of Lord Red Mask","floor":39,"gold_loss":96}],"is_beta":false,"boss_relics":[{"not_picked":["Runic Cube","Velvet Choker"],"picked":"Snecko Eye"},{"not_picked":["Calling Bell","Runic Pyramid"],"picked":"Runic Dome"}],"items_purged_floors":[],"is_endless":false,"potions_floor_spawned":[2,5,14,16,18,21,23,31,31,33,35,41,48],"ascension_level":20}}