{"host":"g86tzja0f4rljy89","time":1607948341,"event":{"mods":["Bard","BaseMod","Conspire","Hermit","Infinite Spire","Jorbs\u0027s Wanderer Trilogy","Marisa????????","Minty Spire (QoL Compilation)","Remilia??????","Replay The Spire","StSLib","Td1madao Mod","The Cursed","The Hierophant","The Necromancer","The Runesmith","The Servant 0.9.4"],"gold_per_floor":[109,109,109,109,109,143,143,163,234,159,177,205,54,65,65,144,144,160,174,189,189,189,189,220,95,95,95,95,95,111,111,111,185,185,199,199,199,199,211,211,261,271,298,298,330,330,357,368,368,368,368],"floor_reached":52,"playtime":6903,"items_purged":["Bone_Bullets","Replay:Many Hands","Negative_Energy_Bomb","Berserk","conspire:HitWhereItHurts"],"score":1843,"play_id":"dba2ced9-b590-4251-a9dd-1116a1c0ec5f","local_time":"20201214191901","daily_mods":["SealedDeck","Shiny","Vintage","Red Cards","Heirloom","Time Dilation"],"is_ascension_mode":true,"campfire_choices":[{"data":"Cloudkill","floor":15.0,"key":"PURGE"},{"floor":23.0,"key":"REST"},{"data":"Limit Break","floor":32.0,"key":"SMITH"},{"data":"Blood_Is_Power","floor":40.0,"key":"SMITH"},{"data":"Havoc","floor":46.0,"key":"SMITH"},{"floor":49.0,"key":"DIG"}],"circlet_count":0,"master_deck":["AscendersBane","Double Tap+1","Fiend Fire","Eclipse","conspire:Purge","Demonic Infusion","Exhume","Limit Break+1","Hemogenesis","Demon Form","Impervious","Brutality","Offering+1","Feed","Corruption","Barricade","Reaper","Immolate","Hellfire+1","Grasp_Heart","Summon_Death_Knight","Skeleton_Dragon","Blood_Wake","Requiem","Summon_Vampire_Lady","Detonate_Bones","Blood_Magic","Disarm","Havoc+1","Ghostly Armor","Thousand_Bone_Knives","Whirlwind","Blood_Is_Power+1","Bone_Spikes","Whirlwind_of_Bones","Negative_Energy_Javelin","Bone_Armor","Bone_Bullets","Bone_Armor","True Grit","Bone_Bullets","infinitespire:FutureSight","Offering+1","ReplayTheSpireMod:Black Plague","Heavy Blade","Intimidate"],"relics":["Vampire_Amulet","replay:Trail_Library","StoneCalendar","infinitespire:Bottled Soul","NeowsBlessing","NeowsBlessing","NeowsBlessing","CaptainsWheel","Sundial","infinitespire:Eraser","Garlic","Blood Vial","Replay:Baseball","Black Star","ReplayTheSpireMod:TigerMarble","Regal Pillow","White Beast Statue","NeowsBlessing","ScarletDevilRocket","WingedGreaves","Kunai","NeowsBlessing","Runesmith:Nanobots","Calling Bell","ReplayFunnel","infinitespire:EmpoweringShard","infinitespire:Lychee Nut","Lantern","Sozu","Ancient Tea Set","NeowsBlessing","Replay:Bottled Eggs","Chameleon Ring","Akabeko","Replay:Rubber Ducky","Eternal Feather","conspire:DecoderRing","Bag of Marbles","Toy Ornithopter","Bottled Flame","Bronze Scales"],"acts_visited":["Exordium","TheCity","TheBeyond"],"potions_floor_usage":[50,50],"damage_taken":[{"damage":17.0,"enemies":"2 Louse","floor":1.0,"turns":2.0},{"damage":0.0,"enemies":"3 Sentries","floor":6.0,"turns":2.0},{"damage":0.0,"enemies":"Small Slimes","floor":8.0,"turns":1.0},{"damage":6.0,"enemies":"Jaw Worm","floor":11.0,"turns":1.0},{"damage":0.0,"enemies":"Lagavulin","floor":12.0,"turns":1.0},{"damage":3.0,"enemies":"3 Louse","floor":14.0,"turns":3.0},{"damage":0.0,"enemies":"The Guardian","floor":16.0,"turns":1.0},{"damage":0.0,"enemies":"Chosen","floor":18.0,"turns":1.0},{"damage":26.0,"enemies":"conspire:FuzzyDice","floor":19.0,"turns":7.0},{"damage":37.0,"enemies":"Chosen and Byrds","floor":20.0,"turns":7.0},{"damage":6.0,"enemies":"Replay:Snechameleon","floor":24.0,"turns":1.0},{"damage":0.0,"enemies":"Snecko","floor":30.0,"turns":1.0},{"damage":0.0,"enemies":"conspire:MysteriousRune","floor":33.0,"turns":1.0},{"damage":6.0,"enemies":"3 Shapes","floor":35.0,"turns":1.0},{"damage":0.0,"enemies":"3 Darklings","floor":39.0,"turns":1.0},{"damage":6.0,"enemies":"Spire Growth","floor":42.0,"turns":1.0},{"damage":0.0,"enemies":"Giant Head","floor":45.0,"turns":1.0},{"damage":12.0,"enemies":"Reptomancer","floor":47.0,"turns":3.0},{"damage":36.0,"enemies":"Maw","floor":48.0,"turns":6.0},{"damage":66,"enemies":"infinitespire:MassOfShapes","floor":50,"turns":7},{"damage":16,"enemies":"Time Eater","floor":51,"turns":9}],"seed_played":"2632098568448712527","potions_obtained":[{"floor":1.0,"key":"conspire:TimeTravelPotion"},{"floor":11.0,"key":"Adrenaline Potion"},{"floor":20.0,"key":"DistilledChaos"}],"is_trial":true,"path_per_floor":["M","?","WH","WH","WH","E","?","M","T","$","M","E","$","M","R","B",null,"M","M","M","?","WH","R","E","$","T","WH","AVR","?","M","?","R","B",null,"M","WH","?","AVR","M","R","?","M","T","?","E","R","E","M","R","B","B",null],"character_chosen":"NECROMANCER","items_purchased":["Bone_Armor"],"campfire_rested":1,"item_purchase_floors":[13],"current_hp_per_floor":[51,30,30,30,30,36,29,33,33,33,29,31,31,42,42,46,65,69,52,21,12,12,48,46,46,46,46,46,33,37,37,37,41,50,53,53,53,53,53,53,53,49,49,49,50,50,50,35,50,32,50],"gold":368,"neow_bonus":"THREE_ENEMY_KILL","is_daily":false,"chose_seed":false,"campfire_upgraded":3,"win_rate":0.0,"timestamp":1607948341,"path_taken":["M","?","WH","WH","WH","E","?","M","T","$","M","E","$","M","R","BOSS","M","M","M","?","WH","R","E","$","T","WH","AVR","?","M","?","R","BOSS","M","WH","?","AVR","M","R","?","?","T","?","E","R","E","M","R","BOSS","BOSS"],"items_purchased_type":["Card"],"build_version":"2020-11-29","purchased_purges":5,"victory":true,"max_hp_per_floor":[71,71,71,71,71,71,71,71,71,71,71,71,71,71,71,71,71,71,71,71,71,71,71,71,71,71,71,53,53,53,53,53,53,53,53,53,53,53,53,53,53,53,53,50,50,50,50,50,50,50,50],"card_choices":[{"not_picked":["Blood_Curse","Bones_to_Steel","Sever Soul"],"picked":"SKIP","floor":6.0},{"not_picked":["ReplayTheSpireMod:Stacked","Slay_Living"],"picked":"Bone_Bullets","floor":12.0},{"not_picked":["Finger_Of_Death","Armaments"],"picked":"True Grit","floor":24.0},{"not_picked":["infinitespire:Gouge","ReplayTheSpireMod:Chaos Vortex"],"picked":"infinitespire:FutureSight","floor":29.0},{"not_picked":["Corruption","Barricade"],"picked":"Offering","floor":33.0},{"not_picked":["Replay:Undeath\u0027s Touch","Second Wind"],"picked":"Intimidate","floor":45.0},{"not_picked":["Flame Barrier","Feed","Blood_for_Blood"],"picked":"SKIP","floor":47.0}],"player_experience":205425,"relics_obtained":[{"floor":1.0,"key":"infinitespire:Bottled Soul"},{"floor":6.0,"key":"CaptainsWheel"},{"floor":8.0,"key":"Sundial"},{"floor":9.0,"key":"infinitespire:Eraser"},{"floor":11.0,"key":"Garlic"},{"floor":12.0,"key":"Blood Vial"},{"floor":14.0,"key":"Replay:Baseball"},{"floor":18.0,"key":"ReplayTheSpireMod:TigerMarble"},{"floor":19.0,"key":"Regal Pillow"},{"floor":20.0,"key":"White Beast Statue"},{"floor":24.0,"key":"ScarletDevilRocket"},{"floor":24.0,"key":"WingedGreaves"},{"floor":26.0,"key":"Kunai"},{"floor":28.0,"key":"ReplayFunnel"},{"floor":28.0,"key":"infinitespire:EmpoweringShard"},{"floor":28.0,"key":"infinitespire:Lychee Nut"},{"floor":30.0,"key":"Lantern"},{"floor":35.0,"key":"Ancient Tea Set"},{"floor":39.0,"key":"Chameleon Ring"},{"floor":42.0,"key":"Akabeko"},{"floor":43.0,"key":"Replay:Rubber Ducky"},{"floor":45.0,"key":"Eternal Feather"},{"floor":45.0,"key":"conspire:DecoderRing"},{"floor":47.0,"key":"Bag of Marbles"},{"floor":47.0,"key":"Toy Ornithopter"},{"floor":48.0,"key":"Bottled Flame"},{"floor":49.0,"key":"Bronze Scales"}],"event_choices":[{"damage_healed":0.0,"max_hp_gain":0.0,"max_hp_loss":0.0,"gold_gain":0.0,"event_name":"Shining Light","player_choice":"Entered Light","floor":2.0,"gold_loss":0.0,"damage_taken":21.0,"cards_upgraded":["Double Tap","Hellfire"]},{"cards_removed":["Juggernaut"],"damage_healed":0.0,"max_hp_gain":0.0,"max_hp_loss":0.0,"gold_gain":0.0,"event_name":"Golden Wing","player_choice":"Card Removal","floor":7.0,"gold_loss":0.0,"damage_taken":7.0},{"damage_healed":0.0,"max_hp_gain":0.0,"max_hp_loss":0.0,"gold_gain":0.0,"event_name":"Cursed Tome","player_choice":"Stopped","floor":21.0,"gold_loss":0.0,"damage_taken":9.0},{"damage_healed":0.0,"max_hp_gain":0.0,"max_hp_loss":0.0,"gold_gain":0.0,"event_name":"Lab","player_choice":"Got Potions","floor":31.0,"gold_loss":0.0,"damage_taken":0.0},{"cards_removed":["Bludgeon"],"damage_healed":0.0,"max_hp_gain":0.0,"max_hp_loss":0.0,"gold_gain":0.0,"event_name":"Falling","player_choice":"Removed Attack","floor":37.0,"gold_loss":0.0,"damage_taken":0.0},{"damage_healed":0.0,"max_hp_gain":0.0,"max_hp_loss":0.0,"gold_gain":50.0,"event_name":"Golden Shrine","player_choice":"Pray","floor":41.0,"gold_loss":0.0,"damage_taken":0.0},{"damage_healed":0.0,"max_hp_gain":0.0,"max_hp_loss":3.0,"gold_gain":0.0,"event_name":"Winding Halls","player_choice":"Max HP","floor":44.0,"gold_loss":0.0,"damage_taken":0.0}],"is_beta":false,"boss_relics":[{"not_picked":["Abe\u0027s Treasure","conspire:RunicOctahedron"],"picked":"Black Star"},{"not_picked":["Tiny House","Snecko Eye"],"picked":"Sozu"}],"items_purged_floors":[10,13,25,28,38],"is_endless":false,"potions_floor_spawned":[1,11,20,24,30,33,35,39,42,45,47,48],"ascension_level":20}}