{"host":"ruzbe9usp9zhw4m7","time":1607957823,"event":{"mods":["BaseMod","Colored Map","Downfall","Googly Eyes","Hermit","Marisa????????","Minty Spire (QoL Compilation)","Replay The Spire","StSLib","The Bug Knight","The Cursed","The Disciple","The Servant 0.9.4"],"gold_per_floor":[117,117,117,137,28,28,38,69,96,110,121,86,118,118,118,118,118],"floor_reached":16,"playtime":841,"items_purged":["Wraith Form v2+1"],"score":102,"play_id":"c07ce9de-c526-465a-84dd-2740b229a7b1","local_time":"20201214085703","is_ascension_mode":false,"campfire_choices":[{"data":"Cloak And Dagger","floor":6,"key":"SMITH"},{"floor":15,"key":"REST"}],"circlet_count":0,"master_deck":["Strike_G","Strike_G","Strike_G","Strike_G","Defend_G","Defend_G","Defend_G","Survivor","Sucker Punch","Flechettes","Finisher","Cloak And Dagger+1","Backflip+1","Slice","Pot Of Greed","Pot Of Greed","Endless Agony","Dagger Spray","Replay:Bag of Tricks"],"relics":["Ring of the Snake","Grinning Jar"],"acts_visited":["Exordium"],"potions_floor_usage":[8,8,11,14],"damage_taken":[{"damage":0,"enemies":"Small Slimes","floor":1,"turns":3},{"damage":1,"enemies":"Jaw Worm","floor":4,"turns":3},{"damage":1,"enemies":"Cultist","floor":7,"turns":3},{"damage":27,"enemies":"Lagavulin","floor":8,"turns":6},{"damage":10,"enemies":"Gremlin Gang","floor":10,"turns":4},{"damage":6,"enemies":"Large Slime","floor":11,"turns":4},{"damage":0,"enemies":"2 Fungi Beasts","floor":14,"turns":1},{"damage":15,"enemies":"Fading Forest","floor":16,"turns":4}],"seed_played":"3954555930411393911","potions_obtained":[{"floor":1,"key":"Venom Potion"},{"floor":4,"key":"sneckomod:MuddlingPotion"},{"floor":7,"key":"Explosive Potion"},{"floor":11,"key":"Milkshake"},{"floor":13,"key":"SteroidPotion"},{"floor":13,"key":"Milkshake"},{"floor":13,"key":"SmokeBomb"}],"is_trial":false,"path_per_floor":["M","?","?","M","$","R","M","E","T","M","M","?","?","M","R","B"],"character_chosen":"THE_SILENT","items_purchased":["Backflip+1"],"campfire_rested":1,"item_purchase_floors":[5],"current_hp_per_floor":[63,56,56,55,55,55,54,27,27,17,11,26,1,1,19,4,4],"gold":118,"neow_bonus":"TRANSFORM_TWO_CARDS","is_daily":false,"chose_seed":false,"campfire_upgraded":1,"win_rate":0.0,"timestamp":1607957823,"path_taken":["M","?","?","?","?","R","M","E","T","M","?","?","?","M","R","BOSS"],"items_purchased_type":["Card"],"build_version":"2020-12-13","purchased_purges":1,"victory":false,"max_hp_per_floor":[63,63,63,63,63,63,63,63,63,63,63,63,63,63,63,63,63],"card_choices":[{"not_picked":["ReplayTheSpireMod:Tripwire","Choke"],"picked":"Finisher","floor":1},{"not_picked":["Setup","Slice"],"picked":"Cloak And Dagger","floor":4},{"not_picked":["Underhanded Strike","Backflip"],"picked":"Slice","floor":7},{"not_picked":["Slice","Bane"],"picked":"Endless Agony","floor":8},{"not_picked":["Slice","Replay:Poison Smokescreen"],"picked":"Dagger Spray","floor":10},{"not_picked":["Well Laid Plans","PiercingWail"],"picked":"Replay:Bag of Tricks","floor":11}],"player_experience":652598,"relics_obtained":[{"floor":8,"key":"Grinning Jar"}],"event_choices":[{"cards_removed":["Defend_G"],"damage_healed":0,"gold_gain":0,"player_choice":"Card Removal","damage_taken":7,"max_hp_gain":0,"max_hp_loss":0,"event_name":"Golden Wing","floor":2,"gold_loss":0},{"damage_healed":15,"gold_gain":0,"player_choice":"Healed","damage_taken":0,"max_hp_gain":0,"max_hp_loss":0,"event_name":"The Cleric","floor":12,"gold_loss":35}],"is_beta":false,"boss_relics":[],"items_purged_floors":[5],"is_endless":false,"potions_floor_spawned":[1,4,7,11],"killed_by":"Fading Forest","ascension_level":0}}