{"host":"rjmu5g8hpiele53d","time":1607973181,"event":{"mods":["2.2 Compatiblity","BaseMod","Downfall","GifTheSpireLib","Minty Spire (QoL Compilation)","StSLib"],"gold_per_floor":[99,199,199,217,392,407,433,358,358,390,405,429,24,40,60,160,160,160,191,191,203,215,215,261,276,288,288,304,324,340,28,39,141,141,141,159,159,159,169,186,186,111,145,145,145,172,192,211,231,231],"floor_reached":51,"playtime":6581,"items_purged":["Doubt"],"score":730,"play_id":"d50ff0ff-a2e0-4f0b-a0ff-a0a7c5c1957c","local_time":"20201214191301","is_ascension_mode":false,"campfire_choices":[{"data":"hexamod:Float","floor":1.0,"key":"SMITH"},{"floor":3.0,"key":"RECALL"},{"floor":8,"key":"REST"},{"data":"hexamod:RecurringNightmare","floor":18,"key":"SMITH"},{"data":"hexamod:PowerFromBeyond","floor":20,"key":"SMITH"},{"data":"hexamod:SwordOfDarkness","floor":27,"key":"SMITH"},{"data":"hexamod:GiftsFromTheDead","floor":35,"key":"SMITH"},{"floor":42,"key":"REST"},{"data":"hexamod:DynamicBlow","floor":44,"key":"SMITH"}],"circlet_count":0,"master_deck":["hexamod:Strike","hexamod:Strike","hexamod:Defend","hexamod:Defend","hexamod:Sear","hexamod:Float+1","hexamod:SpectersWail","hexamod:RecurringNightmare+1","hexamod:SpectersWail","hexamod:PowerFromBeyond+1","hexamod:SwordOfDarkness+1","hexamod:StepThrough","hexamod:FirstSeal","hexamod:GhostLash","hexamod:GhostShield","hexamod:SpectersWail","hexamod:Hexaguard","hexamod:HexaLevel","hexamod:UnleashSpirits","hexamod:ChargedBarrage","hexamod:Firestarter+1","hexamod:RecurringNightmare","hexamod:RainOfEmbers+1","hexamod:RadiantFlame","hexamod:GiftsFromTheDead+1","hexamod:EmpoweredFlame+1","hexamod:FlamesFromBeyond+1","hexamod:RainOfEmbers+1","hexamod:ThermalTransfer+1","hexamod:PhantomFireball","hexamod:DynamicBlow+1","expansioncontent:DecasProtection"],"relics":["hexamod:SpiritBrand","PreservedInsect","downfall:HeartBlessingRed","hexamod:MatchstickCase","hexamod:TheBrokenSeal","Letter Opener","Busted Crown","Potion Belt","Tiny Chest","Orichalcum","Dream Catcher","Astrolabe","downfall:HeartBlessingBlue","Pen Nib","Toy Ornithopter"],"acts_visited":["Exordium","TheCity","TheBeyond"],"potions_floor_usage":[10,33,33,47,50,50,50,50],"damage_taken":[{"damage":15.0,"enemies":"2 Louse","floor":4.0,"turns":3.0},{"damage":14.0,"enemies":"Jaw Worm","floor":6.0,"turns":6.0},{"damage":21,"enemies":"Gremlin Nob","floor":10,"turns":4},{"damage":2,"enemies":"Small Slimes","floor":11,"turns":3},{"damage":12,"enemies":"2 Fungi Beasts","floor":12,"turns":4},{"damage":10,"enemies":"downfall:FleeingMerchant","floor":13,"turns":4},{"damage":0,"enemies":"Gremlin Gang","floor":14,"turns":2},{"damage":5,"enemies":"Exordium Wildlife","floor":15,"turns":2},{"damage":18,"enemies":"downfall:Watcher","floor":16,"turns":6},{"damage":2,"enemies":"Gremlin Leader","floor":19,"turns":4},{"damage":0,"enemies":"Shell Parasite","floor":21,"turns":3},{"damage":20,"enemies":"Sentry and Sphere","floor":22,"turns":5},{"damage":2,"enemies":"Cultist and Chosen","floor":25,"turns":4},{"damage":6,"enemies":"3 Cultists","floor":26,"turns":4},{"damage":20,"enemies":"Shelled Parasite and Fungi","floor":28,"turns":4},{"damage":0,"enemies":"Centurion and Healer","floor":29,"turns":3},{"damage":4,"enemies":"Chosen and Byrds","floor":30,"turns":5},{"damage":6,"enemies":"downfall:FleeingMerchant","floor":31,"turns":4},{"damage":10,"enemies":"Snake Plant","floor":32,"turns":3},{"damage":8,"enemies":"downfall:Silent","floor":33,"turns":6},{"damage":0,"enemies":"Orb Walker","floor":36,"turns":2},{"damage":12,"enemies":"3 Shapes","floor":39,"turns":4},{"damage":3,"enemies":"Sphere and 2 Shapes","floor":40,"turns":3},{"damage":7,"enemies":"Giant Head","floor":43,"turns":5},{"damage":1,"enemies":"3 Darklings","floor":47,"turns":4},{"damage":0,"enemies":"Transient","floor":48,"turns":5},{"damage":35,"enemies":"Writhing Mass","floor":49,"turns":4},{"damage":10,"enemies":"downfall:Defect","floor":50,"turns":5}],"seed_played":"-4561971725168921108","potions_obtained":[{"floor":4.0,"key":"LiquidBronze"},{"floor":6.0,"key":"hexamod:EctoCoolerPotion"},{"floor":12,"key":"DuplicationPotion"},{"floor":15,"key":"Explosive Potion"},{"floor":19,"key":"EssenceOfSteel"},{"floor":26,"key":"SkillPotion"},{"floor":30,"key":"LiquidBronze"},{"floor":32,"key":"CultistPotion"},{"floor":36,"key":"BlessingOfTheForge"},{"floor":40,"key":"SneckoOil"},{"floor":48,"key":"Swift Potion"}],"is_trial":false,"path_per_floor":["R","?","R","M","?","M","T","R","?","E","M","M","$","M","M","B",null,"R","E","R","M","M","?","T","M","M","R","M","M","M","$","M","B",null,"R","M","?","?","M","M","T","R","E","R","?","T","M","M","M","B",null],"character_chosen":"THE_SPIRIT","items_purchased":["Letter Opener","hexamod:GhostShield","hexamod:SpectersWail","Orichalcum","Dream Catcher"],"campfire_rested":2,"item_purchase_floors":[13,13,13,31,31],"current_hp_per_floor":[49,49,49,34,34,27,27,48,48,34,39,34,80,80,80,69,80,80,80,80,80,67,67,67,72,73,73,60,67,70,71,68,67,80,80,80,80,80,75,72,72,90,90,90,90,90,90,90,62,79],"gold":231,"neow_bonus":"THREE_RARE_CARDS","is_daily":false,"chose_seed":false,"campfire_upgraded":6,"win_rate":0.0,"timestamp":1607973181,"path_taken":["R","?","R","M","?","M","T","R","?","E","M","M","$","M","M","BOSS","R","E","R","M","M","?","T","M","M","R","M","M","M","$","M","BOSS","R","M","?","?","M","M","T","R","E","R","?","?","M","M","M","BOSS"],"items_purchased_type":["Relic","Card","Card","Relic","Relic"],"build_version":"2020-12-13","purchased_purges":1,"victory":true,"max_hp_per_floor":[70,70,70,70,70,70,70,70,70,70,70,70,80,80,80,80,80,80,80,80,80,80,80,80,80,80,80,80,80,80,80,80,80,80,80,80,80,80,80,80,80,90,90,90,90,90,90,90,90,90],"card_choices":[{"not_picked":["hexamod:EmpoweringStance","hexamod:CrushingStance"],"picked":"hexamod:FifthSeal","floor":0.0},{"not_picked":["hexamod:SecondSeal","hexamod:FifthSeal"],"picked":"hexamod:FirstSeal","floor":4.0},{"not_picked":["hexamod:NightmareGuise","hexamod:GhostOfSpirePresent"],"picked":"hexamod:SpectersWail","floor":4.0},{"not_picked":["hexamod:FirstSeal","hexamod:FifthSeal"],"picked":"hexamod:SecondSeal","floor":6.0},{"not_picked":["hexamod:InspiringFlames","hexamod:NightmareGuise"],"picked":"hexamod:RecurringNightmare","floor":6.0},{"not_picked":["hexamod:FourthSeal","hexamod:FifthSeal"],"picked":"hexamod:ThirdSeal","floor":10},{"not_picked":["hexamod:AdvancingGuard","hexamod:SpectralAdrenaline"],"picked":"hexamod:SpectersWail","floor":10},{"not_picked":["hexamod:FifthSeal","hexamod:SecondSeal"],"picked":"hexamod:FourthSeal","floor":11},{"not_picked":["hexamod:SoulSteal","hexamod:Firestarter"],"picked":"hexamod:PowerFromBeyond","floor":11},{"not_picked":["hexamod:GhostShield","hexamod:NightmareGuise"],"picked":"hexamod:SwordOfDarkness","floor":11},{"not_picked":["hexamod:FirstSeal","hexamod:ThirdSeal"],"picked":"hexamod:SixthSeal","floor":12},{"not_picked":["hexamod:InspiringFlames","hexamod:HauntingEcho"],"picked":"hexamod:StepThrough","floor":12},{"not_picked":["hexamod:SixthSeal","hexamod:ThirdSeal"],"picked":"hexamod:FirstSeal","floor":13},{"not_picked":["hexamod:BurningTouch","hexamod:HeatShield"],"picked":"hexamod:GhostLash","floor":13},{"not_picked":["hexamod:HeatCrush","hexamod:RetreatToShadows"],"picked":"hexamod:Hexaguard","floor":14},{"not_picked":["hexamod:NightmareGuise","hexamod:NightmareStrike"],"picked":"hexamod:HexaLevel","floor":15},{"not_picked":["hexamod:EmpoweringStance","hexamod:TimeOfNeed"],"picked":"hexamod:UnleashSpirits","floor":16},{"not_picked":[],"picked":"hexamod:ChargedBarrage","floor":19},{"not_picked":["hexamod:RetreatToShadows"],"picked":"SKIP","floor":21},{"not_picked":[],"picked":"hexamod:Firestarter+1","floor":22},{"not_picked":[],"picked":"hexamod:RecurringNightmare","floor":25},{"not_picked":[],"picked":"hexamod:RainOfEmbers+1","floor":26},{"not_picked":["hexamod:SwordOfDarkness+1"],"picked":"SKIP","floor":28},{"not_picked":["hexamod:SwordOfDarkness"],"picked":"SKIP","floor":29},{"not_picked":["hexamod:SwordOfDarkness"],"picked":"SKIP","floor":30},{"not_picked":[],"picked":"hexamod:RadiantFlame","floor":31},{"not_picked":["hexamod:GhostShield"],"picked":"SKIP","floor":32},{"not_picked":[],"picked":"hexamod:GiftsFromTheDead","floor":33},{"not_picked":[],"picked":"hexamod:ThermalTransfer+1","floor":36},{"not_picked":["hexamod:BacktrackSmack"],"picked":"SKIP","floor":39},{"not_picked":["hexamod:ThirdSeal"],"picked":"SKIP","floor":40},{"not_picked":[],"picked":"hexamod:PhantomFireball","floor":42},{"not_picked":[],"picked":"hexamod:DynamicBlow","floor":43},{"not_picked":[],"picked":"expansioncontent:DecasProtection","floor":45},{"not_picked":["hexamod:RetreatToShadows+1"],"picked":"SKIP","floor":47},{"not_picked":["hexamod:RainOfEmbers"],"picked":"SKIP","floor":48},{"not_picked":["hexamod:Haunt"],"picked":"SKIP","floor":49}],"player_experience":1535383,"relics_obtained":[{"floor":7.0,"key":"PreservedInsect"},{"floor":10,"key":"hexamod:MatchstickCase"},{"floor":19,"key":"Potion Belt"},{"floor":24,"key":"Tiny Chest"},{"floor":43,"key":"Pen Nib"},{"floor":46,"key":"Toy Ornithopter"}],"event_choices":[{"damage_healed":0,"gold_gain":0,"player_choice":"Ignored","damage_taken":0,"max_hp_gain":0,"max_hp_loss":0,"event_name":"Vampires","floor":23,"gold_loss":0}],"is_beta":false,"boss_relics":[{"not_picked":["hexamod:IceCube","Philosopher\u0027s Stone"],"picked":"Busted Crown"},{"not_picked":["Snecko Eye","Runic Pyramid"],"picked":"Astrolabe"}],"items_purged_floors":[13],"is_endless":false,"potions_floor_spawned":[4,6,15,16,19,26,30,32,36,40,48],"ascension_level":0}}