{"host":"litgxtbgyxrryuwc","time":1607945130,"event":{"mods":["BaseMod","Card Forge","Colored Map","Downfall","Googly Eyes","Minty Spire (QoL Compilation)","StSLib","SuperFastMode"],"gold_per_floor":[99,11,24,51,51,51,51,70,98,124,136,121,121,139,151,248,248,98,112,97,241,254,354,354,382,398,430,454,486,517,529,553,660,672,609,641,672,713,745,784,820,832,858,897,927,1039,942,960,976,976,976,1001,650,650,650],"floor_reached":56,"playtime":2541,"items_purged":[],"score":1777,"play_id":"b50b6622-4738-4871-8615-8200913d6718","local_time":"20201214062530","is_ascension_mode":true,"campfire_choices":[{"data":"Guardian:TwinSlam","floor":1.0,"key":"SMITH"},{"floor":5.0,"key":"RECALL"},{"data":"Guardian:FloatingOrbs","floor":18.0,"key":"SMITH"},{"data":"Guardian:RollAttack","floor":35,"key":"SMITH"},{"data":"Guardian:Orbwalk","floor":42,"key":"SMITH"},{"data":"Guardian:ArmoredProtocol","floor":54,"key":"SMITH"}],"circlet_count":0,"master_deck":["Guardian:CurlUp+1","Guardian:TwinSlam+1","Guardian:DecasProtection+1","Guardian:ArmoredProtocol+1","Guardian:PiercingHide+1","Guardian:SpikerProtocol+1","Guardian:SpikerProtocol+1","Guardian:SpikerProtocol+1","Guardian:ArmoredProtocol+1","Guardian:ChargeUp+1","Guardian:Repulse","Guardian:FloatingOrbs+1","Guardian:BronzeOrb+1","Guardian:Orbwalk+1","Guardian:PiercingHide+1","Guardian:PolyBeam+1","Guardian:Repulse","Guardian:SpikerProtocol+1","Guardian:Orbwalk+1","Guardian:RollAttack+1","Guardian:EvasiveProtocol+1","expansioncontent:DefensiveStance+1","Guardian:ArmoredProtocol+1"],"relics":["Guardian:ModeShifter","Hammer of Thor","Seething Fire","Anvil of the Gods","Art of War","Happy Flower","Lizard Tail","Mummified Hand","Odd Mushroom","Tiny Chest","Coffee Dripper","downfall:HeartBlessingRed","downfall:HeartBlessingBlue","Membership Card","MutagenicStrength","Juzu Bracelet","StrikeDummy","MawBank","Black Star","downfall:HeartBlessingGreen","PreservedInsect","Singing Bowl","Mercury Hourglass","Omamori","Strawberry","White Beast Statue","InkBottle","Potion Belt","CeramicFish","Anchor","Guardian:BottledStasis","Bottled Lightning","Incense Burner","Boot"],"acts_visited":["Exordium","TheCity","TheBeyond","TheEnding"],"potions_floor_usage":[32,50,50,50,50,50,55],"damage_taken":[{"damage":0.0,"enemies":"downfall:FleeingMerchant","floor":2.0,"turns":4.0},{"damage":0.0,"enemies":"Jaw Worm","floor":3.0,"turns":3.0},{"damage":2.0,"enemies":"Gremlin Nob","floor":4.0,"turns":4.0},{"damage":0.0,"enemies":"2 Louse","floor":8.0,"turns":1.0},{"damage":0.0,"enemies":"The Mushroom Lair","floor":9.0,"turns":3.0},{"damage":3.0,"enemies":"3 Sentries","floor":10.0,"turns":5.0},{"damage":0.0,"enemies":"Cultist","floor":11.0,"turns":3.0},{"damage":0.0,"enemies":"downfall:FleeingMerchant","floor":12.0,"turns":4.0},{"damage":0.0,"enemies":"2 Fungi Beasts","floor":14.0,"turns":3.0},{"damage":0.0,"enemies":"Gremlin Gang","floor":15.0,"turns":3.0},{"damage":0.0,"enemies":"downfall:Watcher","floor":16.0,"turns":4.0},{"damage":0.0,"enemies":"Spheric Guardian","floor":19.0,"turns":3.0},{"damage":0,"enemies":"downfall:FleeingMerchant","floor":20,"turns":4},{"damage":0,"enemies":"downfall:FleeingMerchant","floor":21,"turns":4},{"damage":0,"enemies":"Chosen","floor":22,"turns":4},{"damage":7,"enemies":"downfall:Augmenter","floor":23,"turns":4},{"damage":0,"enemies":"Book of Stabbing","floor":25,"turns":4},{"damage":0,"enemies":"Snecko","floor":26,"turns":4},{"damage":5,"enemies":"Gremlin Leader","floor":27,"turns":5},{"damage":2,"enemies":"Snake Plant","floor":29,"turns":2},{"damage":0,"enemies":"Chosen and Byrds","floor":30,"turns":4},{"damage":5,"enemies":"Snecko","floor":32,"turns":4},{"damage":10,"enemies":"downfall:Ironclad","floor":33,"turns":6},{"damage":0,"enemies":"Orb Walker","floor":36,"turns":3},{"damage":1,"enemies":"3 Darklings","floor":37,"turns":3},{"damage":15,"enemies":"Nemesis","floor":38,"turns":5},{"damage":6,"enemies":"Writhing Mass","floor":39,"turns":4},{"damage":0,"enemies":"Giant Head","floor":40,"turns":5},{"damage":0,"enemies":"Sphere and 2 Shapes","floor":43,"turns":3},{"damage":27,"enemies":"Nemesis","floor":44,"turns":5},{"damage":12,"enemies":"4 Shapes","floor":45,"turns":3},{"damage":0,"enemies":"downfall:LadyInBlue","floor":46,"turns":5},{"damage":0,"enemies":"Jaw Worm Horde","floor":48,"turns":3},{"damage":0,"enemies":"3 Darklings","floor":49,"turns":3},{"damage":43,"enemies":"downfall:Silent","floor":50,"turns":4},{"damage":7,"enemies":"downfall:CharBossMerchant","floor":52,"turns":7},{"damage":0,"enemies":"downfall:NeowBoss","floor":55,"turns":19}],"seed_played":"982434911725546702","potions_obtained":[{"floor":8.0,"key":"Energy Potion"},{"floor":10.0,"key":"sneckomod:MuddlingPotion"},{"floor":11.0,"key":"Fruit Juice"},{"floor":15.0,"key":"Guardian:StasisDiscoveryPotion"},{"floor":27,"key":"SteroidPotion"},{"floor":30,"key":"DistilledChaos"},{"floor":33,"key":"Fire Potion"},{"floor":37,"key":"Dexterity Potion"},{"floor":38,"key":"CultistPotion"},{"floor":46,"key":"Dexterity Potion"},{"floor":46,"key":"Ancient Potion"}],"is_trial":false,"path_per_floor":["R","$","M","E","R","?","T","M","?","E","M","$","T","M","M","B",null,"R","M","$","$","M","?","T","E","M","E","T","M","M","?","M","B",null,"R","M","M","E","M","E","T","R","M","E","M","?","$","M","M","B",null,"E","$","R","B",null],"character_chosen":"GUARDIAN","items_purchased":["Guardian:SpikerProtocol","Membership Card","Guardian:Orbwalk","Guardian:GuardianWhirl","CeramicFish","expansioncontent:DefensiveStance","Incense Burner","Boot","Guardian:ArmoredProtocol","FearPotion","LiquidMemories","Energy Potion"],"campfire_rested":0,"item_purchase_floors":[2,21,21,21,47,47,53,53,53,53,53,53],"current_hp_per_floor":[80,80,80,78,78,78,78,78,78,75,80,80,80,80,80,80,85,95,95,95,95,95,88,88,88,88,83,83,81,81,81,76,66,95,95,95,94,81,77,79,86,86,88,63,51,53,53,55,57,14,118,113,113,113,113],"gold":650,"neow_bonus":"RANDOM_COMMON_RELIC","is_daily":false,"chose_seed":false,"campfire_upgraded":5,"win_rate":0.0,"timestamp":1607945130,"path_taken":["R","$","M","E","R","?","T","M","?","E","M","$","?","?","M","BOSS","R","M","$","$","M","?","T","E","M","E","?","M","M","?","M","BOSS","R","M","M","E","M","E","T","R","M","E","M","?","$","M","M","BOSS","E","$","R","BOSS"],"items_purchased_type":["Card","Relic","Card","Card","Relic","Card","Relic","Relic","Card","Potion","Potion","Potion"],"build_version":"2020-12-13","purchased_purges":0,"victory":true,"max_hp_per_floor":[80,80,80,80,80,80,80,80,80,80,85,85,85,85,85,85,85,95,95,95,95,95,95,95,95,95,95,95,95,95,95,95,95,95,95,95,95,97,99,101,108,108,110,112,112,114,114,116,118,118,118,120,120,120,120],"card_choices":[{"not_picked":["Guardian:Suspension","Guardian:Preprogram","Guardian:DonusPower"],"picked":"SKIP","floor":2.0},{"not_picked":["Guardian:ShieldCharger","Guardian:WalkerClaw"],"picked":"Guardian:SpikerProtocol","floor":3.0},{"not_picked":["Guardian:Recover","Guardian:Planning","Guardian:MultiBeam"],"picked":"SKIP","floor":4.0},{"not_picked":["Guardian:PolyBeam","Guardian:RollAttack","Guardian:ChargeCore"],"picked":"SKIP","floor":8.0},{"not_picked":["Guardian:Reroute","Guardian:Suspension"],"picked":"Guardian:Repulse","floor":9.0},{"not_picked":["Guardian:TimeBomb","Guardian:TimeSifter"],"picked":"Guardian:ArmoredProtocol","floor":10.0},{"not_picked":["Guardian:Gem_Lightblue","Guardian:ChargeCore"],"picked":"Guardian:ChargeUp","floor":11.0},{"not_picked":["Guardian:Orbwalk","Guardian:Gem_Green"],"picked":"Guardian:Repulse","floor":12.0},{"not_picked":["Guardian:RollAttack","Guardian:BronzeArmor","Guardian:TemporalShield"],"picked":"SKIP","floor":14.0},{"not_picked":["Guardian:TemporalStrike","Guardian:Recover","Guardian:GemFinder"],"picked":"SKIP","floor":15.0},{"not_picked":["Guardian:ChargeCore","Guardian:Gem_Cyan"],"picked":"Guardian:SpikerProtocol+1","floor":19.0},{"not_picked":["Guardian:PrimingBeam","Guardian:StasisStrike","Guardian:TemporalStrike+1"],"picked":"SKIP","floor":20},{"not_picked":["Guardian:Gem_Cyan","Guardian:Recover","Guardian:ChargeCore"],"picked":"SKIP","floor":21},{"not_picked":["Guardian:TimeBomb","Guardian:Recover","Guardian:Suspension"],"picked":"SKIP","floor":22},{"not_picked":["Guardian:ChargeUp+1","Guardian:Gem_Crimson","Guardian:Gem_Purple"],"picked":"SKIP","floor":25},{"not_picked":["Guardian:Incinerate","Guardian:Preprogram","Guardian:RollAttack+1"],"picked":"SKIP","floor":26},{"not_picked":["Guardian:Repulse","Guardian:FastForward","Guardian:TimeSifter"],"picked":"SKIP","floor":27},{"not_picked":["Guardian:Gem_Yellow","Guardian:PrimingBeam","Guardian:TemporalShield"],"picked":"SKIP","floor":29},{"not_picked":["Guardian:Gem_Red","Guardian:CrystalBeam","Guardian:TemporalStrike+1"],"picked":"SKIP","floor":30},{"not_picked":["Guardian:Planning","Guardian:TemporalShield+1","Guardian:DecasProtection+1"],"picked":"SKIP","floor":32},{"not_picked":["Guardian:CompilePackage","Guardian:StasisEngine"],"picked":"Guardian:Gem_Synthetic","floor":33},{"not_picked":["Guardian:Gem_Red","Guardian:Incinerate","Guardian:VentSteam+1"],"picked":"SKIP","floor":36},{"not_picked":["Guardian:Repulse","Guardian:Clone+1","Guardian:FloatingOrbs"],"picked":"SKIP","floor":37},{"not_picked":["Guardian:Gem_Fragmented","Guardian:ChargeUp+1","Guardian:Gem_Cyan"],"picked":"Singing Bowl","floor":38},{"not_picked":["Guardian:ChargeCore+1","Guardian:FloatingOrbs+1","Guardian:PrimingBeam+1"],"picked":"Singing Bowl","floor":39},{"not_picked":["Guardian:ChargeUp","Guardian:WalkerClaw","Guardian:ShieldCharger+1"],"picked":"Singing Bowl","floor":40},{"not_picked":["Guardian:Suspension+1","Guardian:RefractedBeam+1","Guardian:FuturePlans"],"picked":"Singing Bowl","floor":43},{"not_picked":["Guardian:Clone+1","Guardian:ChargeCore+1","Guardian:TemporalStrike+1"],"picked":"Singing Bowl","floor":44},{"not_picked":["Guardian:ShieldSpikes+1","Guardian:RefractedBeam+1"],"picked":"Guardian:EvasiveProtocol","floor":45},{"not_picked":["Guardian:Gem_Yellow","Guardian:Reroute","Guardian:ChargeUp+1"],"picked":"Singing Bowl","floor":46},{"not_picked":["Guardian:Gem_Crimson","Guardian:PiercingHide","Guardian:Gem_Blue"],"picked":"Singing Bowl","floor":48},{"not_picked":["Guardian:Suspension+1","Guardian:ShieldCharger","Guardian:Emergency+1"],"picked":"Singing Bowl","floor":49},{"not_picked":["Guardian:Recover","Guardian:WalkerClaw","Guardian:Harden+1"],"picked":"Singing Bowl","floor":52}],"player_experience":609658,"relics_obtained":[{"floor":4.0,"key":"Happy Flower"},{"floor":7.0,"key":"Mummified Hand"},{"floor":9.0,"key":"Odd Mushroom"},{"floor":10.0,"key":"Tiny Chest"},{"floor":23,"key":"MutagenicStrength"},{"floor":24,"key":"Juzu Bracelet"},{"floor":25,"key":"StrikeDummy"},{"floor":28,"key":"MawBank"},{"floor":38,"key":"PreservedInsect"},{"floor":38,"key":"Singing Bowl"},{"floor":40,"key":"Mercury Hourglass"},{"floor":40,"key":"Omamori"},{"floor":41,"key":"Strawberry"},{"floor":44,"key":"White Beast Statue"},{"floor":44,"key":"InkBottle"},{"floor":46,"key":"Potion Belt"},{"floor":52,"key":"Anchor"},{"floor":52,"key":"Guardian:BottledStasis"},{"floor":52,"key":"Bottled Lightning"}],"event_choices":[{"damage_healed":0.0,"max_hp_gain":0.0,"max_hp_loss":0.0,"gold_gain":0.0,"event_name":"Big Fish","player_choice":"Box","floor":6.0,"gold_loss":0.0,"damage_taken":0.0,"relics_obtained":["Lizard Tail"],"cards_obtained":["Regret"]},{"damage_healed":0.0,"max_hp_gain":0.0,"max_hp_loss":0.0,"gold_gain":0.0,"event_name":"Mushrooms","player_choice":"Fought Mushrooms","floor":9.0,"gold_loss":0.0,"damage_taken":0.0},{"damage_healed":0,"gold_gain":0,"player_choice":"Simplicity","damage_taken":0,"max_hp_gain":0,"max_hp_loss":0,"event_name":"Back to Basics","floor":31,"gold_loss":0,"cards_upgraded":[]}],"is_beta":false,"boss_relics":[{"not_picked":["Guardian:ModeShifterPlus","Tiny House"],"picked":"Coffee Dripper"},{"not_picked":["Busted Crown","SacredBark"],"picked":"Black Star"}],"items_purged_floors":[],"is_endless":false,"potions_floor_spawned":[8,10,11,15,16,19,22,26,27,30,33,37,38,43,45,48,49],"ascension_level":1}}