{"host":"d7qmn60fs48wu5y6","time":1607914454,"event":{"mods":["BaseMod","Downfall","Minty Spire (QoL Compilation)","Shade Mod","StSLib","The Cursed","The Servant 0.9.4"],"gold_per_floor":[112,23,23,23,37,37,37,47,47,47,62,79,111,123,123,222,222,233,251,77,176,17,17,17,34,57,57,57,57],"floor_reached":28,"playtime":1706,"items_purged":["Strike_G"],"score":229,"play_id":"cccaea55-6878-442f-8893-700684693c8c","local_time":"20201213185414","is_ascension_mode":true,"campfire_choices":[{"floor":6,"key":"REST"},{"data":"Poisoned Stab","floor":15,"key":"SMITH"},{"floor":23,"key":"REST"}],"circlet_count":0,"master_deck":["Strike_G+1","Defend_G","Defend_G","Defend_G","Defend_G","Survivor+1","Neutralize","Madness","Leg Sweep","Blind","Poisoned Stab+1","Bane","Bane","Reflex","Dodge and Roll","Envenom","Phantasmal Killer+1","Backstab+1","Noxious Fumes+1","Blade Dance","Crippling Poison+1","Blade Dance","Flying Knee","Footwork","Cloak And Dagger","Concentrate","Poisoned Stab"],"relics":["Ring of the Snake","StrikeDummy","Astrolabe","PreservedInsect"],"acts_visited":["Exordium","TheCity"],"potions_floor_usage":[13],"damage_taken":[{"damage":0,"enemies":"Cultist","floor":1,"turns":4},{"damage":0,"enemies":"2 Louse","floor":5,"turns":4},{"damage":0,"enemies":"Small Slimes","floor":8,"turns":3},{"damage":0,"enemies":"3 Louse","floor":11,"turns":4},{"damage":0,"enemies":"Exordium Wildlife","floor":12,"turns":5},{"damage":11,"enemies":"Lagavulin","floor":13,"turns":8},{"damage":0,"enemies":"Blue Slaver","floor":14,"turns":3},{"damage":56,"enemies":"Hexaghost","floor":16,"turns":16},{"damage":21,"enemies":"3 Byrds","floor":18,"turns":7},{"damage":10,"enemies":"Chosen","floor":19,"turns":5},{"damage":31,"enemies":"3 Cultists","floor":25,"turns":6},{"damage":24,"enemies":"Colosseum Slavers","floor":27,"turns":4},{"damage":17,"enemies":"Snake Plant","floor":28,"turns":2}],"seed_played":"-765266023576336133","potions_obtained":[{"floor":1,"key":"GamblersBrew"},{"floor":11,"key":"champ:CounterPotion"},{"floor":12,"key":"Ancient Potion"},{"floor":13,"key":"Dexterity Potion"},{"floor":16,"key":"Regen Potion"}],"is_trial":false,"path_per_floor":["M","$","?","?","M","R","?","M","T","$","M","M","E","M","R","B",null,"M","M","$","?","$","R","?","M","T","?","M"],"character_chosen":"THE_SILENT","items_purchased":["Blind","Blade Dance","Flying Knee","Footwork","Cloak And Dagger","Concentrate"],"campfire_rested":2,"item_purchase_floors":[2,20,20,22,22,22],"current_hp_per_floor":[70,70,63,49,49,70,70,70,70,70,70,70,59,59,59,3,70,49,39,39,39,39,60,70,39,39,15,0,0],"gold":57,"neow_bonus":"RANDOM_COLORLESS","is_daily":false,"chose_seed":false,"campfire_upgraded":1,"win_rate":0.0,"timestamp":1607914454,"path_taken":["M","?","?","?","M","R","?","M","T","$","M","M","E","M","R","BOSS","M","M","$","?","$","R","?","M","T","?","M"],"items_purchased_type":["Card","Card","Card","Card","Card","Card"],"build_version":"2020-12-13","purchased_purges":1,"victory":false,"max_hp_per_floor":[70,70,70,70,70,70,70,70,70,70,70,70,70,70,70,70,70,70,70,70,70,70,70,70,70,70,70,70,70],"card_choices":[{"not_picked":["PanicButton","expansioncontent:ChargeUp"],"picked":"Madness","floor":0},{"not_picked":["Concentrate","Sucker Punch"],"picked":"Leg Sweep","floor":1},{"not_picked":["Well Laid Plans","Quick Slash"],"picked":"Poisoned Stab","floor":5},{"not_picked":["Sucker Punch","Setup"],"picked":"Bane","floor":8},{"not_picked":["Endless Agony","Slice"],"picked":"Bane","floor":11},{"not_picked":["Terror","Blade Dance"],"picked":"Reflex","floor":12},{"not_picked":["Venomology","Deflect","Predator"],"picked":"SKIP","floor":13},{"not_picked":["Distraction","Quick Slash"],"picked":"Dodge and Roll","floor":14},{"not_picked":["A Thousand Cuts","Doppelganger"],"picked":"Envenom","floor":16},{"not_picked":["Predator","Quick Slash"],"picked":"Blade Dance","floor":18},{"not_picked":["Quick Slash","Riddle With Holes"],"picked":"Crippling Poison+1","floor":19},{"not_picked":["Slice","Crippling Poison"],"picked":"Poisoned Stab","floor":25}],"player_experience":846247,"relics_obtained":[{"floor":13,"key":"StrikeDummy"},{"floor":26,"key":"PreservedInsect"}],"event_choices":[{"cards_removed":["Defend_G"],"damage_healed":0,"gold_gain":0,"player_choice":"Card Removal","damage_taken":7,"max_hp_gain":0,"max_hp_loss":0,"event_name":"Golden Wing","floor":3,"gold_loss":0},{"damage_healed":0,"gold_gain":0,"player_choice":"Entered Light","damage_taken":14,"max_hp_gain":0,"max_hp_loss":0,"event_name":"Shining Light","floor":4,"gold_loss":0,"cards_upgraded":["Strike_G","Survivor"]},{"damage_healed":0,"gold_gain":0,"player_choice":"Ignored","damage_taken":0,"max_hp_gain":0,"max_hp_loss":0,"event_name":"Liars Game","floor":7,"gold_loss":0},{"damage_healed":0,"gold_gain":99,"player_choice":"Stole From Cult","damage_taken":0,"max_hp_gain":0,"max_hp_loss":0,"event_name":"Nest","floor":21,"gold_loss":0},{"damage_healed":23,"gold_gain":0,"player_choice":"Heal","damage_taken":0,"max_hp_gain":0,"max_hp_loss":0,"event_name":"The Library","floor":24,"gold_loss":0},{"damage_healed":0,"gold_gain":0,"player_choice":"Fight","damage_taken":0,"max_hp_gain":0,"max_hp_loss":0,"event_name":"Colosseum","floor":27,"gold_loss":0},{"damage_healed":0,"gold_gain":0,"player_choice":"Fled From Nobs","damage_taken":0,"max_hp_gain":0,"max_hp_loss":0,"event_name":"Colosseum","floor":27,"gold_loss":0}],"is_beta":false,"boss_relics":[{"not_picked":["Sozu","Philosopher\u0027s Stone"],"picked":"Astrolabe"}],"items_purged_floors":[20],"is_endless":false,"potions_floor_spawned":[1,11,12,13,16,19],"killed_by":"Snake Plant","ascension_level":1}}