{"host":"l8lm1goh5xm9tkuw","time":1607949036,"event":{"mods":["Act Like it!","Alarm Clock","Astrologer","BaseMod","Colored Map","Colored Powertips","GungeonMod","Hermit","KinomotoSakuraMod(木之本樱)","KomeijiMod","Library of Ruina","Library of Ruina Extra","Lobotomy","LobotomyExtend","Marisa（F雨　魔理沙）","Minty Spire (QoL Compilation)","MostiFishMod","Quick Restart","Replay The Spire","Shade Mod","StSLib","TestMod","The Animator","The Bug Knight","The Hierophant","UnlockEverythingMod","Yuri Mod","vexMod","【遗物卡牌】REMEMod"],"gold_per_floor":[112,127,140,157,174,174,174,174,174],"floor_reached":8,"playtime":997,"items_purged":[],"score":100,"play_id":"9bcdacdc-efb7-49b7-beb9-36750f666e9c","local_time":"20201214203036","is_ascension_mode":true,"campfire_choices":[{"floor":7.0,"key":"REST"}],"circlet_count":0,"master_deck":["AscendersBane","Strike_P","Strike_P","Strike_P","Strike_P","Defend_P","Defend_P","Defend_P","Defend_P","Eruption+1","Vigilance+1","MostiFishMod:Speedup"],"relics":["DaveBox","testmod-TestBox","REME_ComplimentaryCards","PageOfBlackSwan","testmod-Nyarlathotep","Technique","Question Card","LetterFromLob"],"acts_visited":["Exordium"],"potions_floor_usage":[],"damage_taken":[{"damage":7.0,"enemies":"2 Louse","floor":1.0,"turns":4.0},{"damage":0.0,"enemies":"Jaw Worm","floor":2.0,"turns":3.0},{"damage":4.0,"enemies":"Small Slimes","floor":3.0,"turns":4.0},{"damage":0.0,"enemies":"Looter","floor":4.0,"turns":2.0},{"damage":11.0,"enemies":"Blue Slaver","floor":5.0,"turns":5.0},{"damage":20,"enemies":"3 Sentries","floor":8,"turns":4}],"seed_played":"-2114544785365482739","potions_obtained":[{"floor":4.0,"key":"BlessingOfTheForge"}],"is_trial":false,"path_per_floor":["M","M","M","M","M","?","R","E"],"character_chosen":"WATCHER","items_purchased":[],"campfire_rested":1,"item_purchase_floors":[],"current_hp_per_floor":[54,54,50,50,39,39,59,39,39],"gold":174,"neow_bonus":"BOSS_RELIC","is_daily":false,"chose_seed":false,"campfire_upgraded":0,"win_rate":0.0,"timestamp":1607949036,"path_taken":["M","M","M","M","M","?","R","E"],"items_purchased_type":[],"build_version":"2020-12-13","purchased_purges":0,"victory":false,"max_hp_per_floor":[68,68,68,68,68,68,68,68,68],"card_choices":[{"not_picked":["SashWhip","REME_Repentance","Halt"],"picked":"SKIP","floor":1.0},{"not_picked":["Replay:Cycle","WreathOfFlame","Replay:BluntJabs","ThirdEye"],"picked":"SKIP","floor":2.0},{"not_picked":["Perseverance","CutThroughFate","FlyingSleeves","Study"],"picked":"SKIP","floor":3.0},{"not_picked":["MostiFishMod:Clarity","Replay:ManipulateFuture","MostiFishMod:UniPurple"],"picked":"MostiFishMod:Speedup","floor":4.0},{"not_picked":["Replay:BluntJabs","Weave","EmptyFist","FlyingSleeves"],"picked":"SKIP","floor":5.0}],"player_experience":313715,"relics_obtained":[{"floor":1.0,"key":"Question Card"},{"floor":1.0,"key":"LetterFromLob"}],"event_choices":[{"damage_healed":0.0,"max_hp_gain":0.0,"max_hp_loss":0.0,"gold_gain":0.0,"event_name":"给自己的盒子","player_choice":"Ignored","floor":6.0,"gold_loss":0.0,"damage_taken":0.0}],"is_beta":false,"boss_relics":[],"items_purged_floors":[],"is_endless":false,"potions_floor_spawned":[4],"killed_by":"3 Sentries","ascension_level":20}}