{"host":"z9grmtg2w0nmz8n1","time":1607971962,"event":{"mods":["Aspiration","BaseMod","Better Third Choice","BetterRewards","CCEM","Colored Map","GifTheSpireLib","Googly Eyes","Highlight Path","Hubris","Infinite Spire","Jedi Mod","Jorbs\u0027s Wanderer Trilogy","Minty Spire (QoL Compilation)","Permanent Neow","Replay The Spire","Spicy Shops","StSLib","Stuff the Spire","The Bug Knight"],"gold_per_floor":[10,10,10,10,20,20,53,53,53,67,67,67,98,98,98,98,98],"floor_reached":16,"playtime":597,"items_purged":["Strike_R"],"score":111,"play_id":"63b2ff89-e11c-439f-bbd9-f544f6a7701a","local_time":"20201214165242","is_ascension_mode":true,"campfire_choices":[{"floor":6,"key":"RECALL"},{"floor":8,"key":"REST"},{"floor":11,"key":"DIG"},{"floor":15,"key":"DIG"}],"circlet_count":0,"master_deck":["Strike_R","Strike_R","Strike_R","Strike_R","Defend_R","Defend_R","Defend_R","Defend_R","Bash","ReplayTheSpireMod:Chaos Vortex","ReplayTheSpireMod:LeadingStrike+1","Flex","Flex"],"relics":["Burning Blood","Shovel","hubris:Towel","hubris:KleinBottle","Mummified Hand","Peace Pipe","CCEMRelics:Pendulum","Lantern","jedi:Pinwheel"],"acts_visited":["Exordium"],"potions_floor_usage":[7],"damage_taken":[{"damage":0,"enemies":"2 Louse","floor":1,"turns":3},{"damage":0,"enemies":"Jaw Worm","floor":5,"turns":4},{"damage":33,"enemies":"Gremlin Nob","floor":7,"turns":5},{"damage":5,"enemies":"Cultist","floor":10,"turns":5},{"damage":35,"enemies":"Lagavulin","floor":13,"turns":8},{"damage":33,"enemies":"The Guardian","floor":16,"turns":9}],"seed_played":"-5174939627445663563","potions_obtained":[{"floor":5,"key":"PowerPotion"},{"floor":13,"key":"SpeedPotion"}],"is_trial":false,"path_per_floor":["M","?","$","?","M","R","E","R","T","M","R","?","E","?","R","B"],"character_chosen":"IRONCLAD","items_purchased":["hubris:KleinBottle","Mummified Hand"],"campfire_rested":1,"item_purchase_floors":[3,3],"current_hp_per_floor":[80,80,40,40,46,46,19,43,43,44,44,44,15,30,30,0,0],"gold":98,"neow_bonus":"ONE_RARE_RELIC","is_daily":false,"chose_seed":false,"campfire_upgraded":0,"win_rate":0.0,"timestamp":1607971962,"path_taken":["M","?","?","?","?","R","E","R","T","M","R","?","E","?","R","BOSS"],"items_purchased_type":["Relic","Relic"],"build_version":"2020-12-13","purchased_purges":1,"victory":false,"max_hp_per_floor":[80,80,80,80,80,80,80,80,80,80,80,80,80,80,80,80,80],"card_choices":[{"not_picked":["Havoc","Evolve","jedi:MakeshiftSword"],"picked":"SKIP","floor":1},{"not_picked":["Havoc","Evolve","jedi:MakeshiftSword"],"picked":"SKIP","floor":1},{"not_picked":["infinitespire:UltimateForm","ReplayTheSpireMod:Haul"],"picked":"ReplayTheSpireMod:Chaos Vortex","floor":3},{"not_picked":["Battle Trance","Clothesline","Pommel Strike"],"picked":"SKIP","floor":5},{"not_picked":["Heavy Blade","jedi:MakeshiftSword"],"picked":"ReplayTheSpireMod:LeadingStrike","floor":7},{"not_picked":["Armaments","ReplayReversal"],"picked":"Flex","floor":10},{"not_picked":["Uppercut","Double Tap"],"picked":"Flex","floor":13}],"player_experience":549373,"relics_obtained":[{"floor":7,"key":"Peace Pipe"},{"floor":11,"key":"CCEMRelics:Pendulum"},{"floor":13,"key":"Lantern"},{"floor":15,"key":"jedi:Pinwheel"}],"event_choices":[],"is_beta":false,"boss_relics":[],"items_purged_floors":[3],"is_endless":false,"potions_floor_spawned":[5,13],"killed_by":"The Guardian","ascension_level":1}}