{"host":"gbop6m4qugddaz18","time":1607982347,"event":{"mods":["2.2 Compatiblity","BaseMod","Better Third Choice","Block Reminder","Downfall","GifTheSpireLib","Highlight Path","Minty Spire (QoL Compilation)","Replay The Spire","StSLib"],"gold_per_floor":[99,99,99,99,133,133,157,169,169,194,213,226,226,226,243,346,346,346,346,379,394,414,414,414],"floor_reached":23,"playtime":993,"items_purged":[],"score":242,"play_id":"ec7b9451-9a80-4101-8b62-80d935a38528","local_time":"20201214164547","is_ascension_mode":false,"campfire_choices":[{"data":"champ:Taunt","floor":1,"key":"SMITH"},{"data":"champ:Duel","floor":4,"key":"SMITH"},{"data":"champ:BringItOn","floor":9,"key":"SMITH"},{"data":"champ:FaceSlap","floor":18,"key":"SMITH"}],"circlet_count":0,"master_deck":["champ:Strike","champ:Strike","champ:Strike","champ:Strike","champ:Defend","champ:Defend","champ:Defend","champ:Defend","champ:Execute+1","champ:Taunt+1","champ:BringItOn+1","champ:Duel+1","champ:FaceSlap+1","champ:Shatter","champ:CalledShot","champ:PerfectedStrike","champ:StanceDance","champ:AdrenalArmor","champ:ShieldThrow","Pain","champ:IronFortress","champ:Haymaker","champ:RecklessLeap"],"relics":["champ:ChampionCrown","downfall:HeartsMalice","Regal Pillow","Oddly Smooth Stone","Mummified Hand","Smiling Mask","Dead Branch","Black Star","WarpedTongs","CaptainsWheel","Ice Cream"],"acts_visited":["Exordium","TheCity"],"potions_floor_usage":[16,16,16],"damage_taken":[{"damage":0,"enemies":"2 Louse","floor":2,"turns":1},{"damage":0,"enemies":"Small Slimes","floor":3,"turns":1},{"damage":0,"enemies":"Gremlin Nob","floor":5,"turns":1},{"damage":4,"enemies":"Jaw Worm","floor":8,"turns":4},{"damage":23,"enemies":"Lagavulin","floor":10,"turns":5},{"damage":17,"enemies":"Gremlin Gang","floor":11,"turns":5},{"damage":3,"enemies":"Blue Slaver","floor":12,"turns":3},{"damage":9,"enemies":"Exordium Thugs","floor":15,"turns":3},{"damage":18,"enemies":"downfall:Watcher","floor":16,"turns":8},{"damage":73,"enemies":"Book of Stabbing","floor":20,"turns":6},{"damage":9,"enemies":"3 Byrds","floor":21,"turns":7},{"damage":5,"enemies":"Snecko","floor":22,"turns":5},{"damage":22,"enemies":"Cultist and Chosen","floor":23,"turns":2}],"seed_played":"770418320669026386","potions_obtained":[{"floor":5,"key":"Dexterity Potion"},{"floor":8,"key":"sneckomod:MuddlingPotion"},{"floor":10,"key":"Dexterity Potion"},{"floor":11,"key":"PowerPotion"},{"floor":20,"key":"champ:OpenerPotion"},{"floor":21,"key":"LifebloodPotion"},{"floor":22,"key":"FearPotion"}],"is_trial":false,"path_per_floor":["R","M","M","R","E","?","T","M","R","E","M","M","?","?","M","B",null,"R","?","E","M","M","M"],"character_chosen":"THE_CHAMP","items_purchased":[],"campfire_rested":0,"item_purchase_floors":[],"current_hp_per_floor":[90,90,90,90,90,90,90,89,89,71,62,62,12,12,12,8,90,90,90,30,24,22,0,0],"gold":414,"neow_bonus":"THREE_ENEMY_KILL","is_daily":false,"chose_seed":false,"campfire_upgraded":4,"win_rate":0.0,"timestamp":1607982347,"path_taken":["R","M","M","R","E","?","T","M","R","E","M","M","?","?","M","BOSS","R","?","E","M","M","M"],"items_purchased_type":[],"build_version":"2020-12-13","purchased_purges":0,"victory":false,"max_hp_per_floor":[90,90,90,90,90,90,90,90,90,90,90,90,90,90,90,90,90,90,90,90,90,90,90,90],"card_choices":[{"not_picked":["champ:BerserkersShout","champ:ArenaPreparation"],"picked":"champ:BringItOn","floor":2},{"not_picked":["champ:CrookedStrike","champ:FocusedGladiator"],"picked":"champ:Duel","floor":3},{"not_picked":["champ:HeartStrike","champ:Backstep"],"picked":"champ:FaceSlap","floor":5},{"not_picked":["champ:ShieldWall","champ:Circumvent"],"picked":"champ:Shatter","floor":8},{"not_picked":["champ:BringItOn","champ:DancingMaster"],"picked":"champ:CalledShot","floor":10},{"not_picked":["champ:Circumvent","champ:BringItOn"],"picked":"champ:PerfectedStrike","floor":11},{"not_picked":["champ:SteelEdge","champ:Encircle"],"picked":"champ:StanceDance","floor":12},{"not_picked":["champ:ArenaPreparation","champ:DeathBlow"],"picked":"champ:AdrenalArmor","floor":15},{"not_picked":["champ:MurderStrike","champ:SteelEdge"],"picked":"champ:ShieldThrow","floor":16},{"not_picked":["champ:GladiatorsShout","champ:StanceDance+1"],"picked":"champ:IronFortress","floor":20},{"not_picked":["champ:CrookedStrike","champ:Backstep"],"picked":"champ:Haymaker","floor":21},{"not_picked":["champ:Encircle","champ:FaceSlap"],"picked":"champ:RecklessLeap","floor":22}],"player_experience":414745,"relics_obtained":[{"floor":5,"key":"Regal Pillow"},{"floor":7,"key":"Oddly Smooth Stone"},{"floor":10,"key":"Mummified Hand"},{"floor":20,"key":"CaptainsWheel"},{"floor":20,"key":"Ice Cream"}],"event_choices":[{"damage_healed":0,"gold_gain":1,"player_choice":"Relic Relic ","damage_taken":50,"max_hp_gain":0,"max_hp_loss":0,"event_name":"betterThird:BetterScrap","floor":13,"gold_loss":0,"cards_obtained":["Hemokinesis"]},{"damage_healed":0,"gold_gain":0,"player_choice":"Rummage","damage_taken":0,"relics_obtained":["WarpedTongs"],"max_hp_gain":0,"max_hp_loss":0,"event_name":"Accursed Blacksmith","floor":19,"gold_loss":0,"cards_obtained":["Pain"]}],"is_beta":false,"boss_relics":[{"not_picked":["SacredBark","Ectoplasm"],"picked":"Black Star"}],"items_purged_floors":[],"is_endless":false,"potions_floor_spawned":[5,8,10,11,12,15,20,21,22],"killed_by":"Cultist and Chosen","ascension_level":0}}