{"host":"buuozll9zukolitn","time":1607943543,"event":{"mods":["BaseMod","Googly Eyes","Minty Spire (QoL Compilation)","StSLib","everything is the same but u backflip on backflip","slay the spire mod where everything is the same but ironclad has a cowboy hat"],"gold_per_floor":[110,60,60,76,93,119,138,155,155,155,186,205,95,123,123,223,223,237,237,252,262,272,307,267,299,354,19,31,60,10,24,24,124,124,142,162,26,41,89,89,120,120,145,195,210,251,263,0,0,0,0],"floor_reached":50,"playtime":3168,"items_purged":["Strike_R","Strike_R","Strike_R"],"score":1014,"play_id":"dafabbaa-ab9f-4e91-b804-e81f2f836cac","local_time":"20201214115903","is_ascension_mode":true,"campfire_choices":[{"floor":10,"key":"REST"},{"data":"Flame Barrier","floor":15,"key":"SMITH"},{"data":"Metallicize","floor":32,"key":"SMITH"},{"data":"1","floor":40,"key":"LIFT"},{"data":"2","floor":42,"key":"LIFT"},{"floor":49,"key":"REST"}],"circlet_count":0,"master_deck":["Strike_R+1","Defend_R","Defend_R","Defend_R","Defend_R","Bash","Cleave","Twin Strike","Cleave","Shrug It Off","Flame Barrier+1","Shrug It Off","Spot Weakness","Ghostly Armor","Spot Weakness","Shrug It Off","Barricade+1","Dual Wield","Body Slam","Iron Wave+1","Armaments","Pommel Strike","Juggernaut","Metallicize+1","Body Slam","Battle Trance","Disarm","Headbutt","Impervious","Cleave+1","Thunderclap","Demon Form","Infernal Blade","Pummel"],"relics":["Burning Blood","Nunchaku","Mummified Hand","FossilizedHelix","Sundial","Oddly Smooth Stone","Odd Mushroom","Mark of Pain","Pear","Girya","Orichalcum","Membership Card","Darkstone Periapt","White Beast Statue","Black Star","Bronze Scales","StoneCalendar","Pen Nib","StrikeDummy","Bag of Marbles","Ice Cream","CeramicFish","Du-Vu Doll","Red Mask"],"acts_visited":["Exordium","TheCity","TheBeyond"],"potions_floor_usage":[6,11,16,23,23,23,33,38,39,39,46,47,50,50],"damage_taken":[{"damage":6,"enemies":"Cultist","floor":1,"turns":3},{"damage":7,"enemies":"Jaw Worm","floor":4,"turns":3},{"damage":0,"enemies":"2 Louse","floor":5,"turns":4},{"damage":40,"enemies":"Lagavulin","floor":6,"turns":5},{"damage":10,"enemies":"Lots of Slimes","floor":7,"turns":3},{"damage":0,"enemies":"Blue Slaver","floor":8,"turns":2},{"damage":0,"enemies":"Gremlin Nob","floor":11,"turns":4},{"damage":14,"enemies":"Exordium Thugs","floor":12,"turns":4},{"damage":0,"enemies":"The Mushroom Lair","floor":14,"turns":6},{"damage":14,"enemies":"The Guardian","floor":16,"turns":10},{"damage":6,"enemies":"Shell Parasite","floor":18,"turns":6},{"damage":12,"enemies":"3 Byrds","floor":20,"turns":4},{"damage":24,"enemies":"Cultist and Chosen","floor":21,"turns":9},{"damage":12,"enemies":"Snake Plant","floor":22,"turns":5},{"damage":23,"enemies":"Slavers","floor":23,"turns":6},{"damage":12,"enemies":"Gremlin Leader","floor":25,"turns":7},{"damage":0,"enemies":"Centurion and Healer","floor":28,"turns":9},{"damage":5,"enemies":"Book of Stabbing","floor":29,"turns":6},{"damage":3,"enemies":"Shelled Parasite and Fungi","floor":31,"turns":5},{"damage":0,"enemies":"Champ","floor":33,"turns":11},{"damage":33,"enemies":"3 Shapes","floor":35,"turns":6},{"damage":0,"enemies":"Orb Walker","floor":36,"turns":4},{"damage":0,"enemies":"Spire Growth","floor":38,"turns":5},{"damage":16,"enemies":"2 Orb Walkers","floor":39,"turns":4},{"damage":0,"enemies":"Nemesis","floor":41,"turns":7},{"damage":15,"enemies":"Mind Bloom Boss Battle","floor":44,"turns":6},{"damage":19,"enemies":"Maw","floor":45,"turns":7},{"damage":67,"enemies":"Giant Head","floor":46,"turns":9},{"damage":31,"enemies":"Sphere and 2 Shapes","floor":47,"turns":5},{"damage":63,"enemies":"Donu and Deca","floor":50,"turns":6}],"seed_played":"-3858826065270512205","potions_obtained":[{"floor":4,"key":"LiquidMemories"},{"floor":7,"key":"EssenceOfSteel"},{"floor":8,"key":"Regen Potion"},{"floor":11,"key":"Explosive Potion"},{"floor":14,"key":"Swift Potion"},{"floor":20,"key":"GamblersBrew"},{"floor":22,"key":"SkillPotion"},{"floor":31,"key":"Energy Potion"},{"floor":33,"key":"Energy Potion"},{"floor":35,"key":"Strength Potion"},{"floor":36,"key":"BloodPotion"},{"floor":38,"key":"AttackPotion"},{"floor":39,"key":"Ancient Potion"},{"floor":41,"key":"FairyPotion"},{"floor":44,"key":"Regen Potion"},{"floor":45,"key":"Regen Potion"},{"floor":46,"key":"Dexterity Potion"},{"floor":47,"key":"Strength Potion"}],"is_trial":false,"path_per_floor":["M","?","T","M","M","E","M","M","T","R","E","M","$","?","R","B",null,"M","?","M","M","M","E","?","E","T","$","M","E","$","M","R","B",null,"M","M","$","M","?","R","E","R","T","?","M","E","M","?","R","B"],"character_chosen":"IRONCLAD","items_purchased":["Spot Weakness","Metallicize","Membership Card","Darkstone Periapt","Body Slam","Bronze Scales"],"campfire_rested":2,"item_purchase_floors":[13,27,27,27,27,37],"current_hp_per_floor":[72,72,72,71,77,43,39,45,45,69,75,67,67,73,73,65,76,76,76,70,52,46,54,54,48,48,48,54,55,55,58,58,64,84,57,63,63,87,77,77,83,83,83,74,61,15,35,35,62,0,0],"gold":0,"neow_bonus":"RANDOM_COMMON_RELIC","is_daily":false,"chose_seed":false,"campfire_upgraded":2,"win_rate":0.0,"timestamp":1607943543,"path_taken":["M","?","?","M","?","E","M","M","T","R","E","?","$","?","R","BOSS","M","?","?","M","M","E","?","E","T","$","M","E","$","M","R","BOSS","M","M","$","M","?","R","E","R","T","?","M","E","M","?","R","BOSS"],"items_purchased_type":["Card","Card","Relic","Relic","Card","Relic"],"build_version":"2020-12-13","purchased_purges":3,"victory":false,"max_hp_per_floor":[80,80,80,80,80,80,80,80,80,80,80,80,80,80,80,80,80,80,80,80,80,80,90,90,90,90,90,90,90,90,90,90,90,90,90,90,90,90,90,90,90,90,90,90,90,90,90,90,90,90,90],"card_choices":[{"not_picked":["Sword Boomerang","Flex"],"picked":"Cleave","floor":1},{"not_picked":["Iron Wave","Perfected Strike"],"picked":"Twin Strike","floor":4},{"not_picked":["Warcry","Iron Wave"],"picked":"Cleave","floor":5},{"not_picked":["Feel No Pain","Sentinel"],"picked":"Shrug It Off","floor":6},{"not_picked":["Battle Trance","Twin Strike"],"picked":"Flame Barrier","floor":7},{"not_picked":["Twin Strike","Bludgeon"],"picked":"Shrug It Off","floor":8},{"not_picked":["Pommel Strike","Twin Strike"],"picked":"Spot Weakness","floor":11},{"not_picked":["Entrench","Flex"],"picked":"Ghostly Armor","floor":12},{"not_picked":["Clash","Anger"],"picked":"Shrug It Off","floor":14},{"not_picked":["Limit Break","Demon Form"],"picked":"Barricade","floor":16},{"not_picked":["Headbutt","Inflame"],"picked":"Dual Wield","floor":18},{"not_picked":["Searing Blow+1","Whirlwind"],"picked":"Body Slam","floor":20},{"not_picked":["Warcry+1","Inflame"],"picked":"Iron Wave","floor":21},{"not_picked":["Dual Wield","Disarm+1"],"picked":"Armaments","floor":22},{"not_picked":["Combust","Sever Soul"],"picked":"Pommel Strike","floor":23},{"not_picked":["Corruption","Battle Trance+1"],"picked":"Juggernaut","floor":25},{"not_picked":["Dropkick","Second Wind+1"],"picked":"Battle Trance","floor":28},{"not_picked":["Bloodletting","Sentinel"],"picked":"Disarm","floor":29},{"not_picked":["Power Through","Flex"],"picked":"Headbutt","floor":31},{"not_picked":["Feed","Corruption"],"picked":"Impervious","floor":33},{"not_picked":["Armaments","Hemokinesis","Sword Boomerang+1"],"picked":"SKIP","floor":35},{"not_picked":["Havoc+1","Pommel Strike+1","Rupture"],"picked":"SKIP","floor":36},{"not_picked":["Pommel Strike","Warcry"],"picked":"Cleave+1","floor":38},{"not_picked":["Anger+1","Cleave+1"],"picked":"Thunderclap","floor":39},{"not_picked":["Fire Breathing","Body Slam"],"picked":"Demon Form","floor":41},{"not_picked":["Feel No Pain+1","Second Wind+1"],"picked":"Infernal Blade","floor":45},{"not_picked":["Wild Strike+1","Second Wind"],"picked":"Pummel","floor":46},{"not_picked":["Iron Wave","Thunderclap+1","Clothesline"],"picked":"SKIP","floor":47}],"player_experience":277456,"relics_obtained":[{"floor":3,"key":"Mummified Hand"},{"floor":6,"key":"FossilizedHelix"},{"floor":9,"key":"Sundial"},{"floor":11,"key":"Oddly Smooth Stone"},{"floor":14,"key":"Odd Mushroom"},{"floor":23,"key":"Pear"},{"floor":25,"key":"Girya"},{"floor":26,"key":"Orichalcum"},{"floor":29,"key":"White Beast Statue"},{"floor":39,"key":"StoneCalendar"},{"floor":41,"key":"Pen Nib"},{"floor":41,"key":"StrikeDummy"},{"floor":43,"key":"Bag of Marbles"},{"floor":44,"key":"Ice Cream"},{"floor":46,"key":"CeramicFish"},{"floor":46,"key":"Du-Vu Doll"}],"event_choices":[{"cards_removed":["Strike_R"],"damage_healed":0,"gold_gain":0,"player_choice":"Card Removal","damage_taken":0,"max_hp_gain":0,"max_hp_loss":0,"event_name":"The Cleric","floor":2,"gold_loss":50},{"damage_healed":0,"gold_gain":0,"player_choice":"Fought Mushrooms","damage_taken":0,"max_hp_gain":0,"max_hp_loss":0,"event_name":"Mushrooms","floor":14,"gold_loss":0},{"damage_healed":0,"gold_gain":0,"player_choice":"Upgraded","damage_taken":0,"max_hp_gain":0,"max_hp_loss":0,"event_name":"Upgrade Shrine","floor":19,"gold_loss":0,"cards_upgraded":["Barricade"]},{"damage_healed":0,"gold_gain":0,"player_choice":"Upgraded Two","damage_taken":0,"max_hp_gain":0,"max_hp_loss":0,"event_name":"Designer","floor":24,"gold_loss":40,"cards_upgraded":["Iron Wave","Strike_R"]},{"damage_healed":0,"gold_gain":0,"player_choice":"Fight","damage_taken":0,"max_hp_gain":0,"max_hp_loss":0,"event_name":"Mysterious Sphere","floor":39,"gold_loss":0},{"damage_healed":0,"gold_gain":0,"player_choice":"Fight","damage_taken":0,"max_hp_gain":0,"max_hp_loss":0,"event_name":"MindBloom","floor":44,"gold_loss":0},{"damage_healed":0,"gold_gain":0,"player_choice":"Paid","damage_taken":0,"relics_obtained":["Red Mask"],"max_hp_gain":0,"max_hp_loss":0,"event_name":"Tomb of Lord Red Mask","floor":48,"gold_loss":263}],"is_beta":false,"boss_relics":[{"not_picked":["Fusion Hammer","Pandora\u0027s Box"],"picked":"Mark of Pain"},{"not_picked":["Empty Cage","Tiny House"],"picked":"Black Star"}],"items_purged_floors":[13,30,37],"is_endless":false,"potions_floor_spawned":[4,7,8,11,14,20,21,22,31,33,35,36,38,39,41,44,45,46,47],"killed_by":"Donu and Deca","ascension_level":9}}