{"host":"3c27c697js19kaoo","time":1607917540,"event":{"mods":["BaseMod","Decade(王小明)","Dota2Spire","Hermit","Minty Spire (QoL Compilation)","Quick Restart","Remilia（蕾米莉亚）","Spicy Shops","StSLib","The Alterego","The Cursed","The Servant 0.9.4","【遗物卡牌】REMEMod"],"gold_per_floor":[116,5,5,5,5,37,37,56,106,116,116,135,135,154,154,256,256,276,137,137,165,178,178,212,212,212,230,244,271,321,337,337,433,433,444,444,444,461,474,474,507,521,521,554,5,55,55,277,277,277],"floor_reached":51,"playtime":2592,"items_purged":[],"score":868,"play_id":"42e22f60-a115-4630-9ecc-323c2a8e7588","local_time":"20201214114540","is_ascension_mode":false,"campfire_choices":[{"data":"alterego_mod:Venus","floor":7.0,"key":"SMITH"},{"floor":15.0,"key":"REST"},{"data":"alterego_mod:ClassAdvantage","floor":23,"key":"SMITH"},{"floor":25,"key":"REST"},{"data":"alterego_mod:BigMeatyClaws","floor":32,"key":"SMITH"},{"floor":40,"key":"REST"},{"floor":47,"key":"REST"},{"data":"alterego_mod:Palingenesis","floor":49,"key":"SMITH"}],"circlet_count":0,"master_deck":["alterego_mod:Strike+1","alterego_mod:Strike","alterego_mod:Strike","alterego_mod:Defend","alterego_mod:Defend","alterego_mod:Defend","alterego_mod:Impale+1","alterego_mod:BigMeatyClaws+1","alterego_mod:BrynhildrsRune","alterego_mod:RocketPunch","alterego_mod:SakuraFive+1","alterego_mod:Bounce","alterego_mod:Venus+1","alterego_mod:Bounce+1","alterego_mod:Cooking","alterego_mod:MaintainEyeContact","alterego_mod:Vow","alterego_mod:Birthday","alterego_mod:ClassAdvantage+1","alterego_mod:Mirror+1","alterego_mod:SideboobHour","Writhe","alterego_mod:Palingenesis+1","CurseOfTheBell","alterego_mod:Rip","Sadistic Nature","alterego_mod:Bounce+1","alterego_mod:Bounce+1","alterego_mod:Cooking","alterego_mod:DestructionOfProperty","alterego_mod:Table+1"],"relics":["alterego_mod:MasochisticConstitution","REME_ComplimentaryCards","NeowsBlessing","Orrery","ScarletDevilRocket","Regal Pillow","Smiling Mask","Dota2Spire:RefresherOrb","Dota2Spire:Vanguard","Red Mask","Dota2Spire:MagicBottle","Dota2Spire:AghanimScepter","TungstenRod","Calling Bell","Dota2Spire:OctarineCore","Potion Belt","Ornamental Fan","Dota2Spire:MaskOfMadness","Darkstone Periapt","Toy Ornithopter","Whetstone","Dota2Spire:EtherealBlade","Frozen Eye","Du-Vu Doll"],"acts_visited":["Exordium","TheCity","TheBeyond"],"potions_floor_usage":[18,24,33,33,38,44,46,50,50,50],"damage_taken":[{"damage":0.0,"enemies":"Cultist","floor":1.0,"turns":1.0},{"damage":0.0,"enemies":"3 Sentries","floor":6.0,"turns":1.0},{"damage":0.0,"enemies":"Small Slimes","floor":8.0,"turns":1.0},{"damage":0.0,"enemies":"Jaw Worm","floor":10.0,"turns":3.0},{"damage":8.0,"enemies":"Gremlin Gang","floor":12.0,"turns":5.0},{"damage":16.0,"enemies":"Blue Slaver","floor":14.0,"turns":4.0},{"damage":34.0,"enemies":"Slime Boss","floor":16.0,"turns":8.0},{"damage":0,"enemies":"2 Thieves","floor":18,"turns":1},{"damage":10,"enemies":"Masked Bandits","floor":21,"turns":3},{"damage":0,"enemies":"Chosen","floor":22,"turns":3},{"damage":31,"enemies":"Slavers","floor":24,"turns":4},{"damage":18,"enemies":"3 Cultists","floor":27,"turns":4},{"damage":0,"enemies":"Centurion and Healer","floor":28,"turns":4},{"damage":14,"enemies":"Gremlin Leader","floor":29,"turns":3},{"damage":11,"enemies":"Sentry and Sphere","floor":31,"turns":3},{"damage":19,"enemies":"Automaton","floor":33,"turns":5},{"damage":21,"enemies":"3 Darklings","floor":35,"turns":6},{"damage":32,"enemies":"3 Shapes","floor":38,"turns":3},{"damage":11,"enemies":"Writhing Mass","floor":39,"turns":5},{"damage":14,"enemies":"Giant Head","floor":41,"turns":7},{"damage":5,"enemies":"Jaw Worm Horde","floor":42,"turns":3},{"damage":27,"enemies":"Nemesis","floor":44,"turns":4},{"damage":22,"enemies":"Mind Bloom Boss Battle","floor":46,"turns":5},{"damage":57,"enemies":"Awakened One","floor":50,"turns":7}],"seed_played":"-4084022962626320048","potions_obtained":[{"floor":6.0,"key":"BlessingOfTheForge"},{"floor":11.0,"key":"FairyPotion"},{"floor":11.0,"key":"Energy Potion"},{"floor":12.0,"key":"Dota2Spire:HealingSalve"},{"floor":14.0,"key":"EssenceOfSteel"},{"floor":16.0,"key":"DuplicationPotion"},{"floor":22,"key":"Fire Potion"},{"floor":31,"key":"EntropicBrew"},{"floor":39,"key":"DuplicationPotion"},{"floor":42,"key":"Energy Potion"},{"floor":44,"key":"SkillPotion"},{"floor":46,"key":"Weak Potion"}],"is_trial":false,"path_per_floor":["M","$","?","?","$","E","R","M","T","M","?","M","?","M","R","B",null,"M","$","?","?","M","R","E","R","T","M","M","E","?","M","R","B",null,"M","?","?","M","M","R","E","M","T","E","$","?","R","?","R","B",null],"character_chosen":"The_Alterego","items_purchased":["alterego_mod:Bounce","Orrery","alterego_mod:SideboobHour","Whetstone","Dota2Spire:EtherealBlade","Frozen Eye"],"campfire_rested":4,"item_purchase_floors":[2,2,19,45,45,45],"current_hp_per_floor":[70,70,56,56,56,56,56,56,56,59,59,55,43,33,69,41,73,73,73,73,64,67,67,39,75,75,74,76,65,65,60,60,47,79,65,65,65,39,34,73,72,68,68,47,47,39,79,79,79,46],"gold":277,"neow_bonus":"THREE_ENEMY_KILL","is_daily":false,"chose_seed":false,"campfire_upgraded":4,"win_rate":0.0,"timestamp":1607917540,"path_taken":["M","$","?","?","$","E","R","M","T","?","?","?","?","M","R","BOSS","M","$","?","?","M","R","E","R","T","M","M","E","?","?","R","BOSS","M","?","?","M","M","R","E","M","T","E","$","?","R","?","R","BOSS"],"items_purchased_type":["Card","Relic","Card","Relic","Relic","Relic"],"build_version":"2020-12-13","purchased_purges":0,"victory":true,"max_hp_per_floor":[70,70,70,70,70,70,70,70,70,70,70,71,71,72,72,73,73,73,73,73,74,74,74,75,75,75,76,76,77,77,78,78,79,79,80,80,80,81,82,82,83,84,84,85,85,86,86,86,86,87],"card_choices":[{"not_picked":["alterego_mod:Skirt","alterego_mod:1TonWallop"],"picked":"alterego_mod:SakuraFive","floor":1.0},{"not_picked":["alterego_mod:Maid","alterego_mod:Rip"],"picked":"alterego_mod:Venus","floor":2.0},{"not_picked":["alterego_mod:GoddessCore","alterego_mod:Swimsuit"],"picked":"alterego_mod:Bounce","floor":2.0},{"not_picked":["alterego_mod:Lingerie","alterego_mod:BusterCard"],"picked":"alterego_mod:Cooking","floor":2.0},{"not_picked":["alterego_mod:Punishment","alterego_mod:Skirt"],"picked":"alterego_mod:MaintainEyeContact","floor":2.0},{"not_picked":["alterego_mod:MagicResistance","alterego_mod:BiFurious","alterego_mod:1TonWallop"],"picked":"SKIP","floor":6.0},{"not_picked":["alterego_mod:Skirt","alterego_mod:Cooking","alterego_mod:Maid"],"picked":"SKIP","floor":8.0},{"not_picked":["alterego_mod:Bloomers","alterego_mod:Santa","alterego_mod:BusterCard"],"picked":"SKIP","floor":10.0},{"not_picked":["alterego_mod:Belts","alterego_mod:Cooking"],"picked":"alterego_mod:Birthday","floor":12.0},{"not_picked":["alterego_mod:DiscoLights","alterego_mod:BreastValley","alterego_mod:HighServant"],"picked":"SKIP","floor":14.0},{"not_picked":["alterego_mod:RingBreak","alterego_mod:GIGAMILK"],"picked":"alterego_mod:ClassAdvantage","floor":16.0},{"not_picked":["alterego_mod:Cooking","alterego_mod:BiFurious"],"picked":"alterego_mod:Mirror+1","floor":18},{"not_picked":["alterego_mod:Mirror","alterego_mod:TrashNCrash","alterego_mod:Skirt"],"picked":"SKIP","floor":22},{"not_picked":["alterego_mod:BeGentle+1","alterego_mod:DeftHands","alterego_mod:GoddessCore"],"picked":"SKIP","floor":24},{"not_picked":["alterego_mod:DiscoLights","alterego_mod:TrashNCrash","alterego_mod:1TonWallop+1"],"picked":"SKIP","floor":27},{"not_picked":["alterego_mod:Clones","alterego_mod:Cycle","alterego_mod:SideboobHour"],"picked":"SKIP","floor":28},{"not_picked":["alterego_mod:Cushion","alterego_mod:IdEs","alterego_mod:Schoolgirl"],"picked":"SKIP","floor":29},{"not_picked":["alterego_mod:Belts","alterego_mod:Santa","alterego_mod:TrashNCrash"],"picked":"SKIP","floor":31},{"not_picked":["alterego_mod:STier","alterego_mod:SideboobHour"],"picked":"alterego_mod:Palingenesis","floor":33},{"not_picked":["alterego_mod:TrashNCrash","alterego_mod:Schoolgirl"],"picked":"alterego_mod:Rip","floor":35},{"not_picked":["Good Instincts","Transmutation"],"picked":"Sadistic Nature","floor":37},{"not_picked":["alterego_mod:Complex+1","alterego_mod:SakuraFive+1"],"picked":"alterego_mod:Bounce+1","floor":38},{"not_picked":["alterego_mod:DiscoLights","alterego_mod:IndependentAction+1"],"picked":"alterego_mod:Bounce+1","floor":39},{"not_picked":["alterego_mod:SakuraFive+1","alterego_mod:Cycle+1"],"picked":"alterego_mod:Cooking","floor":41},{"not_picked":["alterego_mod:Complex","alterego_mod:DustData"],"picked":"alterego_mod:DestructionOfProperty","floor":42},{"not_picked":["alterego_mod:Swimsuit+1","alterego_mod:Antipathy"],"picked":"alterego_mod:Table+1","floor":44}],"player_experience":111042,"relics_obtained":[{"floor":6.0,"key":"ScarletDevilRocket"},{"floor":9.0,"key":"Regal Pillow"},{"floor":21,"key":"Red Mask"},{"floor":24,"key":"Dota2Spire:MagicBottle"},{"floor":26,"key":"Dota2Spire:AghanimScepter"},{"floor":29,"key":"TungstenRod"},{"floor":34,"key":"Dota2Spire:OctarineCore"},{"floor":34,"key":"Potion Belt"},{"floor":34,"key":"Ornamental Fan"},{"floor":41,"key":"Dota2Spire:MaskOfMadness"},{"floor":43,"key":"Darkstone Periapt"},{"floor":44,"key":"Toy Ornithopter"},{"floor":46,"key":"Du-Vu Doll"}],"event_choices":[{"damage_healed":0.0,"max_hp_gain":0.0,"max_hp_loss":0.0,"gold_gain":0.0,"event_name":"Shining Light","player_choice":"Entered Light","floor":3.0,"gold_loss":0.0,"damage_taken":14.0,"cards_upgraded":["alterego_mod:Impale","alterego_mod:Bounce"]},{"damage_healed":0.0,"max_hp_gain":0.0,"max_hp_loss":0.0,"gold_gain":0.0,"cards_transformed":["alterego_mod:Strike"],"event_name":"Transmorgrifier","player_choice":"Transformed","floor":4.0,"gold_loss":0.0,"damage_taken":0.0,"cards_obtained":["alterego_mod:Vow"]},{"damage_healed":0.0,"max_hp_gain":0.0,"max_hp_loss":0.0,"gold_gain":0.0,"event_name":"Lab","player_choice":"Got Potions","floor":11.0,"gold_loss":0.0,"damage_taken":0.0},{"damage_healed":0.0,"max_hp_gain":0.0,"max_hp_loss":0.0,"gold_gain":0.0,"event_name":"Scrap Ooze","player_choice":"Success","floor":13.0,"gold_loss":0.0,"damage_taken":12.0,"relics_obtained":["Smiling Mask"]},{"damage_healed":0,"gold_gain":0,"player_choice":"Opened","damage_taken":0,"relics_obtained":["Dota2Spire:Vanguard"],"max_hp_gain":0,"max_hp_loss":0,"event_name":"The Mausoleum","floor":20,"gold_loss":0,"cards_obtained":["Writhe"]},{"damage_healed":0,"gold_gain":0,"player_choice":"Fought Bandits","damage_taken":0,"max_hp_gain":0,"max_hp_loss":0,"event_name":"Masked Bandits","floor":21,"gold_loss":0},{"damage_healed":0,"gold_gain":100,"player_choice":"Bet on Murderer","damage_taken":0,"max_hp_gain":0,"max_hp_loss":0,"event_name":"The Joust","floor":30,"gold_loss":50},{"cards_removed":["alterego_mod:Defend"],"damage_healed":0,"gold_gain":0,"player_choice":"Removed Skill","damage_taken":0,"max_hp_gain":0,"max_hp_loss":0,"event_name":"Falling","floor":36,"gold_loss":0},{"damage_healed":0,"gold_gain":0,"player_choice":"Memory 1","damage_taken":0,"max_hp_gain":0,"max_hp_loss":0,"event_name":"SensoryStone","floor":37,"gold_loss":0},{"damage_healed":0,"gold_gain":0,"player_choice":"Fight","damage_taken":0,"max_hp_gain":0,"max_hp_loss":0,"event_name":"MindBloom","floor":46,"gold_loss":0},{"damage_healed":0,"gold_gain":222,"player_choice":"Wore Mask","damage_taken":0,"max_hp_gain":0,"max_hp_loss":0,"event_name":"Tomb of Lord Red Mask","floor":48,"gold_loss":0}],"is_beta":false,"boss_relics":[{"not_picked":["Sozu","Runic Pyramid"],"picked":"Dota2Spire:RefresherOrb"},{"not_picked":["REME_LowDesire","REME_DemonsWealth"],"picked":"Calling Bell"}],"items_purged_floors":[],"is_endless":false,"potions_floor_spawned":[6,12,14,16,22,31,33,39,42,44,46],"ascension_level":0}}