{"host":"0vd2boh2oi7jm085","time":1607937747,"event":{"mods":["BaseMod","Colored Map","Colored Powertips","Highlight Path","Minty Spire (QoL Compilation)","Quick Restart","StSLib","The IronCluck"],"gold_per_floor":[110,60,60,110,22,54,69,69,69,69,69,85,95,107,107,184,184,195,195,195],"floor_reached":19,"playtime":558,"items_purged":[],"score":355,"play_id":"d45bf8ec-75b0-443f-9926-69fc86c54c8e","local_time":"20201214012227","is_ascension_mode":true,"campfire_choices":[{"data":"Body Slam","floor":8.0,"key":"SMITH"},{"data":"Body Slam","floor":10.0,"key":"SMITH"},{"floor":15.0,"key":"REST"}],"circlet_count":0,"master_deck":["AscendersBane","Strike_R","Strike_R","Strike_R","Strike_R","Strike_R","Defend_R","Defend_R","Defend_R","Defend_R","Bash","Body Slam+1","Armaments","Flame Barrier","Body Slam+1","Double Tap","Shrug It Off"],"relics":["Burning Blood","NeowsBlessing","Gremlin Horn","Pantograph","Black Star"],"acts_visited":["Exordium","TheCity"],"potions_floor_usage":[19],"damage_taken":[{"damage":0.0,"enemies":"Small Slimes","floor":1.0,"turns":1.0},{"damage":0.0,"enemies":"3 Sentries","floor":6.0,"turns":1.0},{"damage":0.0,"enemies":"2 Louse","floor":7.0,"turns":1.0},{"damage":1.0,"enemies":"Cultist","floor":12.0,"turns":3.0},{"damage":42.0,"enemies":"Gremlin Gang","floor":13.0,"turns":6.0},{"damage":1.0,"enemies":"Looter","floor":14.0,"turns":3.0},{"damage":36.0,"enemies":"The Guardian","floor":16.0,"turns":16.0},{"damage":69.0,"enemies":"Spheric Guardian","floor":18.0,"turns":10.0},{"damage":12,"enemies":"Shell Parasite","floor":19,"turns":8}],"seed_played":"-5533657658267842877","potions_obtained":[{"floor":7.0,"key":"BloodPotion"},{"floor":13.0,"key":"FearPotion"},{"floor":16.0,"key":"DuplicationPotion"}],"is_trial":false,"path_per_floor":["M","$","?","?","$","E","M","R","T","R","$","M","M","M","R","B",null,"M","M"],"character_chosen":"IRONCLAD","items_purchased":["Armaments","Flame Barrier"],"campfire_rested":1,"item_purchase_floors":[2,5],"current_hp_per_floor":[74,74,79,71,71,77,80,80,80,80,80,80,44,49,73,66,77,14,2,2],"gold":195,"neow_bonus":"THREE_ENEMY_KILL","is_daily":false,"chose_seed":false,"campfire_upgraded":2,"win_rate":0.0,"timestamp":1607937747,"path_taken":["M","$","?","?","$","E","?","R","T","R","$","M","M","M","R","BOSS","M","?"],"items_purchased_type":["Card","Card"],"build_version":"2020-12-13","purchased_purges":0,"victory":false,"max_hp_per_floor":[75,75,80,80,80,80,80,80,80,80,80,80,80,80,80,80,80,80,80,80],"card_choices":[{"not_picked":["Blood for Blood","Clothesline"],"picked":"Body Slam","floor":1.0},{"not_picked":["Carnage","Corruption","Flex"],"picked":"SKIP","floor":6.0},{"not_picked":["Iron Wave","True Grit"],"picked":"Body Slam","floor":7.0},{"not_picked":["Rage","Carnage"],"picked":"Double Tap","floor":12.0},{"not_picked":["Whirlwind","Warcry","Twin Strike"],"picked":"SKIP","floor":13.0},{"not_picked":["Disarm","Bloodletting","Heavy Blade"],"picked":"SKIP","floor":14.0},{"not_picked":["Sentinel","Wild Strike"],"picked":"Shrug It Off","floor":18.0}],"player_experience":83030,"relics_obtained":[{"floor":6.0,"key":"Gremlin Horn"},{"floor":9.0,"key":"Pantograph"}],"event_choices":[{"damage_healed":0.0,"max_hp_gain":5.0,"max_hp_loss":0.0,"gold_gain":0.0,"event_name":"Big Fish","player_choice":"Donut","floor":3.0,"gold_loss":0.0,"damage_taken":0.0},{"damage_healed":0.0,"max_hp_gain":0.0,"max_hp_loss":0.0,"gold_gain":50.0,"event_name":"FaceTrader","player_choice":"Touch","floor":4.0,"gold_loss":0.0,"damage_taken":8.0}],"is_beta":false,"boss_relics":[{"not_picked":["Busted Crown","Calling Bell"],"picked":"Black Star"}],"items_purged_floors":[],"is_endless":false,"potions_floor_spawned":[7,13,14,16],"killed_by":"Shell Parasite","ascension_level":17}}