{"host":"2uu78764idqc8x2u","time":1607922762,"event":{"mods":["BaseMod","Better Altar","Better Note","Better Skull","Better Third Choice","Downfall","Energized Spire","Minty Spire (QoL Compilation)","Spicy Shops","StSLib"],"gold_per_floor":[111,67,47,58,78,78,90,15,15,26,26,26,37,55,55,160,160,172,226,5,5,17,17,30,30,30,62,78,78,92,110,110,110,110],"floor_reached":33,"playtime":1935,"items_purged":["Strike_G"],"score":261,"play_id":"3fa5fa7c-5579-441e-a100-7d984a5ec4b4","local_time":"20201214001241","is_ascension_mode":false,"campfire_choices":[{"data":"Dodge and Roll","floor":6,"key":"SMITH"},{"data":"Poisoned Stab","floor":11,"key":"SMITH"},{"floor":15,"key":"RECALL"},{"data":"Envenom","floor":23,"key":"SMITH"},{"data":"Noxious Fumes","floor":25,"key":"SMITH"},{"floor":29,"key":"REST"},{"floor":32,"key":"REST"}],"circlet_count":0,"master_deck":["Strike_G","Strike_G","Strike_G","Strike_G","Defend_G","Defend_G","Defend_G","Defend_G","Defend_G","Survivor","Neutralize","Backflip","Escape Plan","Dodge and Roll+1","Poisoned Stab+1","Die Die Die","Deflect","Envenom+1","Noxious Fumes+1","Panacea","PiercingWail+1","Bouncing Flask+1","Caltrops","Concentrate+1","Prepared"],"relics":["Ring of the Snake","NeowsBlessing","betterThird:SlimedRelic","HornCleat","HoveringKite","TheAbacus","Pear","Mercury Hourglass"],"acts_visited":["Exordium","TheCity"],"potions_floor_usage":[7,7,10,14,16,22,24,30],"damage_taken":[{"damage":0,"enemies":"Small Slimes","floor":1,"turns":1},{"damage":0,"enemies":"Jaw Worm","floor":4,"turns":1},{"damage":0,"enemies":"Cultist","floor":5,"turns":1},{"damage":0,"enemies":"Lots of Slimes","floor":7,"turns":5},{"damage":0,"enemies":"Red Slaver","floor":10,"turns":4},{"damage":0,"enemies":"Looter","floor":13,"turns":4},{"damage":0,"enemies":"Exordium Thugs","floor":14,"turns":3},{"damage":30,"enemies":"Hexaghost","floor":16,"turns":20},{"damage":8,"enemies":"Spheric Guardian","floor":18,"turns":10},{"damage":5,"enemies":"3 Byrds","floor":22,"turns":7},{"damage":3,"enemies":"Centurion and Healer","floor":24,"turns":11},{"damage":41,"enemies":"Gremlin Leader","floor":27,"turns":9},{"damage":12,"enemies":"Snake Plant","floor":28,"turns":6},{"damage":9,"enemies":"Snecko","floor":30,"turns":5},{"damage":8,"enemies":"Centurion and Healer","floor":31,"turns":7},{"damage":43,"enemies":"Champ","floor":33,"turns":13}],"seed_played":"7205381302974447336","potions_obtained":[{"floor":3,"key":"SteroidPotion"},{"floor":4,"key":"LiquidMemories"},{"floor":5,"key":"Swift Potion"},{"floor":7,"key":"champ:CounterPotion"},{"floor":14,"key":"GamblersBrew"},{"floor":18,"key":"hexamod:EctoCoolerPotion"},{"floor":22,"key":"SpeedPotion"},{"floor":28,"key":"Poison Potion"}],"is_trial":false,"path_per_floor":["M","?","?","M","M","R","M","$","T","M","R","$","M","M","R","B",null,"M","T","$","?","M","R","M","R","T","E","M","R","M","M","R","B"],"character_chosen":"THE_SILENT","items_purchased":["Noxious Fumes","TheAbacus"],"campfire_rested":2,"item_purchase_floors":[20,20],"current_hp_per_floor":[70,59,59,59,59,59,59,59,59,59,59,59,59,59,59,29,70,62,62,62,62,57,57,54,54,64,23,11,35,26,18,42,0,0],"gold":110,"neow_bonus":"THREE_ENEMY_KILL","is_daily":false,"chose_seed":false,"campfire_upgraded":4,"win_rate":0.0,"timestamp":1607922761,"path_taken":["M","?","?","?","M","R","M","$","T","M","R","?","M","M","R","BOSS","M","?","$","?","M","R","M","R","T","E","M","R","M","M","R","BOSS"],"items_purchased_type":["Card","Relic"],"build_version":"2020-11-30","purchased_purges":1,"victory":false,"max_hp_per_floor":[70,70,70,70,70,70,70,70,70,70,70,70,70,70,70,70,70,70,70,70,70,70,70,70,70,80,80,80,80,80,80,80,80,80],"card_choices":[{"not_picked":["Bane","Skewer"],"picked":"Backflip","floor":1},{"not_picked":["Flechettes","Calculated Gamble"],"picked":"Escape Plan","floor":4},{"not_picked":["Slice","All Out Attack"],"picked":"Dodge and Roll","floor":5},{"not_picked":["Dodge and Roll","Quick Slash"],"picked":"Poisoned Stab","floor":7},{"not_picked":["Concentrate","Flechettes","Quick Slash"],"picked":"SKIP","floor":10},{"not_picked":["Predator","Flechettes"],"picked":"Die Die Die","floor":13},{"not_picked":["Accuracy","Flying Knee"],"picked":"Deflect","floor":14},{"not_picked":["Grand Finale","Corpse Explosion"],"picked":"Envenom","floor":16},{"not_picked":["Backflip","Sucker Punch","Dodge and Roll+1"],"picked":"SKIP","floor":18},{"not_picked":["Flying Knee","Endless Agony"],"picked":"PiercingWail+1","floor":22},{"not_picked":["Bane+1","PiercingWail+1"],"picked":"Bouncing Flask+1","floor":24},{"not_picked":["Outmaneuver","Flying Knee","Slice"],"picked":"SKIP","floor":27},{"not_picked":["Cloak And Dagger","Sucker Punch"],"picked":"Caltrops","floor":28},{"not_picked":["Storm of Steel","PiercingWail"],"picked":"Concentrate+1","floor":30},{"not_picked":["Quick Slash","Bane"],"picked":"Prepared","floor":31}],"player_experience":412711,"relics_obtained":[{"floor":9,"key":"HornCleat"},{"floor":26,"key":"Pear"},{"floor":27,"key":"Mercury Hourglass"}],"event_choices":[{"damage_healed":0,"gold_gain":0,"player_choice":"Slimed","damage_taken":11,"max_hp_gain":0,"max_hp_loss":0,"event_name":"betterThird:BetterGoop","floor":2,"gold_loss":44},{"damage_healed":0,"gold_gain":0,"player_choice":"Bought 1 Potion","damage_taken":0,"max_hp_gain":0,"max_hp_loss":0,"event_name":"The Woman in Blue","floor":3,"gold_loss":0},{"cards_removed":["Poisoned Stab"],"damage_healed":0,"gold_gain":0,"player_choice":"Take \u0026 Give","damage_taken":0,"max_hp_gain":0,"max_hp_loss":0,"event_name":"betterNote:BetterNote","floor":21,"gold_loss":0,"cards_obtained":["Panacea"]}],"is_beta":false,"boss_relics":[{"not_picked":["WristBlade","Runic Pyramid"],"picked":"HoveringKite"}],"items_purged_floors":[8],"is_endless":false,"potions_floor_spawned":[4,5,7,14,18,22,28],"killed_by":"Champ","ascension_level":0}}