{"host":"etmsduvleanb5j7c","time":1607965503,"event":{"mods":["2.2 Compatiblity","BaseMod","Downfall","Minty Spire (QoL Compilation)","StSLib"],"gold_per_floor":[99,99,110,122,132,146,146,156,156,156],"floor_reached":9,"playtime":529,"items_purged":[],"score":55,"play_id":"cabed4b5-4269-4bed-8807-a7a56104a971","local_time":"20201214180503","is_ascension_mode":false,"campfire_choices":[{"floor":1,"key":"RECALL"}],"circlet_count":0,"master_deck":["Slimebound:Strike_Slimebound","Slimebound:Strike_Slimebound","Slimebound:Strike_Slimebound","Slimebound:Tackle","Slimebound:Defend_Slimebound","Slimebound:Defend_Slimebound","Slimebound:Defend_Slimebound","Slimebound:Defend_Slimebound","Slimebound:Split","Slimebound:CorrosiveSpit","Slimebound:ItLooksTasty","Slimebound:GoopSpray","Slimebound:ServeAndProtect","Slimebound:Repurpose","Slimebound:PressTheAttack","Slimebound:Repurpose"],"relics":["Slimebound:AbsorbEndCombat","Regal Pillow"],"acts_visited":["Exordium"],"potions_floor_usage":[],"damage_taken":[{"damage":19,"enemies":"Small Slimes","floor":3,"turns":3},{"damage":5,"enemies":"2 Louse","floor":4,"turns":2},{"damage":5,"enemies":"Cultist","floor":5,"turns":3},{"damage":20,"enemies":"Gremlin Gang","floor":6,"turns":4},{"damage":17,"enemies":"Red Slaver","floor":8,"turns":5},{"damage":40,"enemies":"3 Sentries","floor":9,"turns":4}],"seed_played":"-6729245512789160998","potions_obtained":[{"floor":4,"key":"Slimebound:SlimedPotion"},{"floor":5,"key":"AttackPotion"}],"is_trial":false,"path_per_floor":["R","?","M","M","M","M","T","M","E"],"character_chosen":"SLIMEBOUND","items_purchased":[],"campfire_rested":0,"item_purchase_floors":[],"current_hp_per_floor":[60,60,47,50,53,45,45,36,0,0],"gold":156,"neow_bonus":"THREE_CARDS","is_daily":false,"chose_seed":false,"campfire_upgraded":0,"win_rate":0.0,"timestamp":1607965503,"path_taken":["R","?","M","M","M","M","T","M","E"],"items_purchased_type":[],"build_version":"2020-12-13","purchased_purges":0,"victory":false,"max_hp_per_floor":[60,60,60,60,60,60,60,60,60,60],"card_choices":[{"not_picked":["Slimebound:FormOfPuddle","Slimebound:BestDefense"],"picked":"Slimebound:ItLooksTasty","floor":0},{"not_picked":["Slimebound:LeechingTouch","Slimebound:Dissolve"],"picked":"Slimebound:GoopSpray","floor":3},{"not_picked":["Slimebound:SlimeTap","Slimebound:RollThrough"],"picked":"Slimebound:ServeAndProtect","floor":4},{"not_picked":["Slimebound:LeechEnergy","Slimebound:Dissolve"],"picked":"Slimebound:Repurpose","floor":5},{"not_picked":["Slimebound:BestDefense","Slimebound:Schlurp"],"picked":"Slimebound:PressTheAttack","floor":6},{"not_picked":["Slimebound:ServeAndProtect","Slimebound:RollThrough"],"picked":"Slimebound:Repurpose","floor":8}],"player_experience":110554,"relics_obtained":[{"floor":7,"key":"Regal Pillow"}],"event_choices":[],"is_beta":false,"boss_relics":[],"items_purged_floors":[],"is_endless":false,"potions_floor_spawned":[4,5],"killed_by":"3 Sentries","ascension_level":0}}