{"host":"ya062ahhhuj9au1o","time":1607911283,"event":{"mods":["BaseMod","Better Third Choice","Filter the Spire","Hermit","Minty Spire (QoL Compilation)","Random Character Button","Robot Space Explorer","Somnambulant","StSLib","The Bug Knight","The Cursed","The Servant 0.9.4"],"gold_per_floor":[16,16,16,16,36,36,36,36,36,57,57,57,73,91,91,211,211,232,232,257,276,376,376,409,409,409],"floor_reached":25,"playtime":1479,"items_purged":[],"score":295,"play_id":"65f5ca88-a368-4596-8353-5ac44e095f7c","local_time":"20201213210123","is_ascension_mode":true,"campfire_choices":[{"data":"somnambulantmod: QuickNap","floor":6.0,"key":"SMITH"},{"data":"somnambulantmod: Harden","floor":8.0,"key":"SMITH"},{"data":"somnambulantmod: SomnambulantStrike","floor":12.0,"key":"SMITH"},{"data":"somnambulantmod: LeechFears","floor":15.0,"key":"SMITH"},{"floor":23.0,"key":"REST"}],"circlet_count":0,"master_deck":["somnambulantmod: SomnambulantStrike+1","somnambulantmod: SomnambulantStrike+1","somnambulantmod: SomnambulantStrike","somnambulantmod: Defend_Somnambulant+1","somnambulantmod: Defend_Somnambulant","somnambulantmod: QuickNap+1","somnambulantmod: PrimingPunch+1","somnambulantmod: LeechFears+1","somnambulantmod: Harden+1","somnambulantmod: HappyThoughts+1","somnambulantmod: GalaxyBrain+1","somnambulantmod: Stumble+1","somnambulantmod: Reject+1","somnambulantmod: MuscleMemory+1","somnambulantmod: HorrificThought","somnambulantmod: SleepingBody+1"],"relics":["somnambulantmod: DreamJournal","Golden Idol","Frozen Egg 2","Astrolabe","StrikeDummy"],"acts_visited":["Exordium","TheCity"],"potions_floor_usage":[],"damage_taken":[{"damage":8.0,"enemies":"Jaw Worm","floor":1.0,"turns":4.0},{"damage":0.0,"enemies":"2 Louse","floor":5.0,"turns":2.0},{"damage":0.0,"enemies":"Cultist","floor":10.0,"turns":3.0},{"damage":0.0,"enemies":"Large Slime","floor":13.0,"turns":4.0},{"damage":2.0,"enemies":"3 Louse","floor":14.0,"turns":3.0},{"damage":12.0,"enemies":"Hexaghost","floor":16.0,"turns":10.0},{"damage":32.0,"enemies":"2 Thieves","floor":18.0,"turns":5.0},{"damage":16.0,"enemies":"3 Byrds","floor":20.0,"turns":5.0},{"damage":5.0,"enemies":"Snecko","floor":21.0,"turns":4.0},{"damage":15,"enemies":"Book of Stabbing","floor":24,"turns":6},{"damage":16,"enemies":"Snake Plant","floor":25,"turns":1}],"seed_played":"-9185869830258916776","potions_obtained":[{"floor":5.0,"key":"Weak Potion"},{"floor":10.0,"key":"somnambulantmod: BottledDream"},{"floor":14.0,"key":"Fruit Juice"},{"floor":16.0,"key":"FearPotion"},{"floor":18.0,"key":"Explosive Potion"}],"is_trial":false,"path_per_floor":["M","?","?","$","M","R","$","R","T","M","?","R","M","M","R","B",null,"M","?","M","M","?","R","E","M"],"character_chosen":"THE_SOMNAMBULANT","items_purchased":[],"campfire_rested":1,"item_purchase_floors":[],"current_hp_per_floor":[55,55,42,42,42,42,42,42,42,42,42,42,42,40,40,33,61,29,29,13,8,8,31,16,0,0],"gold":409,"neow_bonus":"REMOVE_TWO","is_daily":false,"chose_seed":false,"campfire_upgraded":4,"win_rate":0.0,"timestamp":1607911283,"path_taken":["M","?","?","?","M","R","$","R","T","M","?","R","M","?","R","BOSS","M","?","M","M","?","R","E","M"],"items_purchased_type":[],"build_version":"2020-12-13","purchased_purges":0,"victory":false,"max_hp_per_floor":[70,65,65,65,65,65,65,65,65,65,65,65,65,65,65,70,70,70,70,70,70,70,72,72,72,72],"card_choices":[{"not_picked":["somnambulantmod: Stumble","somnambulantmod: MindWave"],"picked":"somnambulantmod: LeechFears","floor":1.0},{"not_picked":["somnambulantmod: Mindlessness","somnambulantmod: Sleepyhead"],"picked":"somnambulantmod: Harden","floor":5.0},{"not_picked":["somnambulantmod: MindWave","somnambulantmod: Cower","somnambulantmod: Sleepyhead"],"picked":"SKIP","floor":10.0},{"not_picked":["somnambulantmod: TimeCompression","somnambulantmod: ShowerThought"],"picked":"somnambulantmod: HappyThoughts","floor":13.0},{"not_picked":["somnambulantmod: Remember","somnambulantmod: DeeperSleep+1","somnambulantmod: Sleepyhead"],"picked":"SKIP","floor":14.0},{"not_picked":["somnambulantmod: Inspiration","somnambulantmod: Mindlessness+1"],"picked":"somnambulantmod: GalaxyBrain+1","floor":16.0},{"not_picked":["somnambulantmod: PourItOut+1","somnambulantmod: Stumble"],"picked":"somnambulantmod: HorrificThought","floor":18.0},{"not_picked":["somnambulantmod: LeechFears+1","somnambulantmod: DreamBig","somnambulantmod: SickeningSwathe"],"picked":"SKIP","floor":20.0},{"not_picked":["somnambulantmod: Unmake","somnambulantmod: BrainFeeder","somnambulantmod: Stumble"],"picked":"SKIP","floor":21.0},{"not_picked":["somnambulantmod: Hush+1","somnambulantmod: RecurringDream+1"],"picked":"somnambulantmod: SleepingBody+1","floor":24}],"player_experience":1613107,"relics_obtained":[{"floor":9.0,"key":"Frozen Egg 2"},{"floor":24,"key":"StrikeDummy"}],"event_choices":[{"damage_healed":0.0,"max_hp_gain":0.0,"max_hp_loss":5.0,"gold_gain":0.0,"event_name":"Golden Idol","player_choice":"Lose Max HP","floor":2.0,"gold_loss":0.0,"damage_taken":0.0,"relics_obtained":["Golden Idol"]},{"damage_healed":55.0,"max_hp_gain":0.0,"max_hp_loss":65.0,"gold_gain":0.0,"event_name":"betterThird:BetterShining","player_choice":"Upgrade","floor":3.0,"gold_loss":0.0,"damage_taken":13.0,"cards_upgraded":["somnambulantmod: Defend_Somnambulant","somnambulantmod: SomnambulantStrike"]},{"damage_healed":0.0,"max_hp_gain":0.0,"max_hp_loss":0.0,"gold_gain":0.0,"event_name":"Accursed Blacksmith","player_choice":"Forge","floor":11.0,"gold_loss":0.0,"damage_taken":0.0,"cards_upgraded":["somnambulantmod: PrimingPunch"]},{"damage_healed":0.0,"max_hp_gain":0.0,"max_hp_loss":0.0,"gold_gain":0.0,"event_name":"Vampires","player_choice":"Ignored","floor":19.0,"gold_loss":0.0,"damage_taken":0.0},{"damage_healed":0.0,"max_hp_gain":0.0,"max_hp_loss":0.0,"gold_gain":100.0,"event_name":"Golden Shrine","player_choice":"Pray","floor":22.0,"gold_loss":0.0,"damage_taken":0.0}],"is_beta":false,"boss_relics":[{"not_picked":["Fusion Hammer","Velvet Choker"],"picked":"Astrolabe"}],"items_purged_floors":[],"is_endless":false,"potions_floor_spawned":[5,10,14,16,18,24],"killed_by":"Snake Plant","ascension_level":8}}