{"host":"2zt55z1m1j8q763w","time":1607955478,"event":{"mods":["AchievementEnabler","BaseMod","Highlight Path","Minty Spire (QoL Compilation)","Relic Stats"],"gold_per_floor":[118,3,21,37,53,73,107,124,124,138,138,138,98,114,114,211,211,221,9,26,38,38,38],"floor_reached":22,"playtime":1883,"items_purged":["Strike_B","Strike_B"],"score":192,"play_id":"f663790f-1ebe-43f1-92e8-1b54480a63e1","local_time":"20201214151758","is_ascension_mode":false,"campfire_choices":[{"floor":12,"key":"REST"},{"floor":15,"key":"REST"}],"circlet_count":0,"master_deck":["Strike_B","Strike_B","Defend_B","Defend_B","Defend_B","Defend_B","Zap","Dualcast","Machine Learning","Storm","Self Repair","Redo","Coolheaded","Conserve Battery","Lockon","Darkness","Cold Snap","White Noise","Seek","Creative AI","Gash+1","Machine Learning","Ball Lightning","Redo+1"],"relics":["Cracked Core","Smiling Mask","Nunchaku","Velvet Choker"],"acts_visited":["Exordium","TheCity"],"potions_floor_usage":[6,7,16,16,16],"damage_taken":[{"damage":0,"enemies":"Cultist","floor":1,"turns":3},{"damage":0,"enemies":"Small Slimes","floor":3,"turns":4},{"damage":1,"enemies":"Jaw Worm","floor":4,"turns":4},{"damage":5,"enemies":"Red Slaver","floor":5,"turns":5},{"damage":18,"enemies":"Exordium Thugs","floor":6,"turns":6},{"damage":31,"enemies":"Lagavulin","floor":7,"turns":7},{"damage":13,"enemies":"2 Fungi Beasts","floor":8,"turns":3},{"damage":0,"enemies":"Large Slime","floor":10,"turns":6},{"damage":8,"enemies":"Exordium Wildlife","floor":14,"turns":3},{"damage":31,"enemies":"Hexaghost","floor":16,"turns":10},{"damage":13,"enemies":"Spheric Guardian","floor":18,"turns":4},{"damage":23,"enemies":"2 Thieves","floor":20,"turns":4},{"damage":16,"enemies":"Chosen and Byrds","floor":21,"turns":6},{"damage":30,"enemies":"Centurion and Healer","floor":22,"turns":2}],"seed_played":"837473063596463769","potions_obtained":[{"floor":3,"key":"ColorlessPotion"},{"floor":6,"key":"Weak Potion"},{"floor":13,"key":"SpeedPotion"},{"floor":13,"key":"FearPotion"},{"floor":13,"key":"Swift Potion"},{"floor":14,"key":"EssenceOfSteel"},{"floor":18,"key":"Explosive Potion"},{"floor":20,"key":"FearPotion"}],"is_trial":false,"path_per_floor":["M","$","M","M","M","M","E","M","T","M","?","R","?","M","R","B",null,"M","$","M","M","M"],"character_chosen":"DEFECT","items_purchased":["Self Repair","Machine Learning"],"campfire_rested":2,"item_purchase_floors":[2,19],"current_hp_per_floor":[68,68,68,68,68,57,33,20,20,20,20,40,40,32,52,28,68,55,55,39,30,0,0],"gold":38,"neow_bonus":"THREE_RARE_CARDS","is_daily":false,"chose_seed":false,"campfire_upgraded":0,"win_rate":0.0,"timestamp":1607955478,"path_taken":["M","$","?","M","M","M","E","M","T","M","?","R","?","M","R","BOSS","M","$","M","?","M"],"items_purchased_type":["Card","Card"],"build_version":"2020-12-13","purchased_purges":2,"victory":false,"max_hp_per_floor":[68,68,68,68,68,68,68,68,68,68,68,68,68,68,68,68,68,68,68,68,68,68,68],"relic_stats":{"Nunchaku":[2],"counters":[14,67],"Smiling Mask":50,"obtain_stats":[{"Nunchaku":9,"Velvet Choker":17,"Cracked Core":0,"Smiling Mask":7},{"Nunchaku":7,"Velvet Choker":10,"Cracked Core":0,"Smiling Mask":6},{"Nunchaku":32,"Velvet Choker":51,"Cracked Core":0,"Smiling Mask":29}]},"card_choices":[{"not_picked":["Biased Cognition","Echo Form"],"picked":"Machine Learning","floor":0},{"not_picked":["Compile Driver","Capacitor"],"picked":"Storm","floor":1},{"not_picked":["Chill","Leap"],"picked":"Redo","floor":3},{"not_picked":["Compile Driver","Scrape"],"picked":"Coolheaded","floor":4},{"not_picked":["Aggregate","Consume"],"picked":"Conserve Battery","floor":5},{"not_picked":["Fusion","Blizzard"],"picked":"Lockon","floor":6},{"not_picked":["Barrage","Steam"],"picked":"Darkness","floor":7},{"not_picked":["Sweeping Beam","Scrape"],"picked":"Cold Snap","floor":8},{"not_picked":["Self Repair","BootSequence"],"picked":"White Noise","floor":10},{"not_picked":["Beam Cell","Cold Snap"],"picked":"Seek","floor":14},{"not_picked":["Multi-Cast","Machine Learning"],"picked":"Creative AI","floor":16},{"not_picked":["Redo","Hologram"],"picked":"Gash+1","floor":18},{"not_picked":["Barrage","Steam"],"picked":"Ball Lightning","floor":20},{"not_picked":["Compile Driver","Go for the Eyes"],"picked":"Redo+1","floor":21}],"player_experience":53714,"relics_obtained":[{"floor":7,"key":"Smiling Mask"},{"floor":9,"key":"Nunchaku"}],"event_choices":[{"damage_healed":0,"gold_gain":0,"player_choice":"Ignored","damage_taken":0,"max_hp_gain":0,"max_hp_loss":0,"event_name":"Liars Game","floor":11,"gold_loss":0},{"damage_healed":0,"gold_gain":0,"player_choice":"Bought 3 Potions","damage_taken":0,"max_hp_gain":0,"max_hp_loss":0,"event_name":"The Woman in Blue","floor":13,"gold_loss":0}],"is_beta":false,"boss_relics":[{"not_picked":["Runic Pyramid","Busted Crown"],"picked":"Velvet Choker"}],"items_purged_floors":[2,19],"is_endless":false,"potions_floor_spawned":[3,6,14,18,20],"killed_by":"Centurion and Healer","ascension_level":0}}