{"host":"684z1xpuwaoqmmh1","time":1607937272,"event":{"mods":["Bard","BaseMod","Downfall","Hermit","Jorbs\u0027s Wanderer Trilogy","Marisa????????","Minty Spire (QoL Compilation)","StSLib","The Hierophant","The Mystic","The Runesmith"],"gold_per_floor":[99,99,99,129,54,54,79,107,121,46,65,81,28,28,41,136,136,136,136,171,171,3,32,32,32,58,58,143,217,227,240,251,352,352,277,305,142,142,177,192,192,467,467,497,516,239,250,250,263,263,263,291,41,41,41],"floor_reached":56,"playtime":3646,"items_purged":["Pain","Bite","Regret"],"score":1584,"play_id":"fe24ca73-24b9-4b26-80da-5ecb62debc88","local_time":"20201214111432","is_ascension_mode":true,"campfire_choices":[{"floor":1,"key":"RECALL"},{"data":"champ:Taunt","floor":5,"key":"SMITH"},{"data":"champ:CheapShot","floor":10,"key":"SMITH"},{"data":"champ:VampiricStrike","floor":18,"key":"SMITH"},{"data":"champ:CalledShot","floor":25,"key":"SMITH"},{"data":"champ:CrownThrow","floor":27,"key":"SMITH"},{"data":"champ:CheapShot","floor":35,"key":"SMITH"},{"data":"champ:VampiricStrike","floor":38,"key":"SMITH"},{"data":"champ:EnchantCrown","floor":43,"key":"SMITH"},{"data":"champ:EnchantCrown","floor":54,"key":"SMITH"}],"circlet_count":0,"master_deck":["champ:Defend","champ:Defend","champ:Defend","champ:Execute","champ:Taunt+1","champ:CrownThrow+1","champ:FanOfKnives","champ:IronFortress","champ:CheapShot+1","champ:CalledShot+1","champ:Riposte","champ:GutPunch","champ:BerserkerStyle","champ:PreciseThrust","champ:VampiricStrike+1","champ:GutPunch","Bite","Bite","Bite","Bite","champ:EndlessRage","champ:VampiricStrike+1","champ:Aggression","champ:CheapShot+1","champ:SwordSigil","champ:FaceSlap","champ:EnchantCrown+1","champ:Balance","champ:Circumvent","champ:RisingSlash+1","champ:Backstep","champ:EnchantCrown+1"],"relics":["champ:ChampionCrown","downfall:HeartsMalice","Centennial Puzzle","downfall:HeartBlessingRed","Akabeko","Pen Nib","downfall:HeartBlessingGreen","WarpedTongs","Philosopher\u0027s Stone","MutagenicStrength","Art of War","Eternal Feather","Ice Cream","Bottled Lightning","Busted Crown","downfall:HeartBlessingBlue","Darkstone Periapt","Vajra","White Beast Statue","Potion Belt","champ:GladiatorsBookOfMartialProwess","FossilizedHelix","Nunchaku","TheAbacus","Toy Ornithopter","Medical Kit"],"acts_visited":["Exordium","TheCity","TheBeyond","TheEnding"],"potions_floor_usage":[20,22,36,39,45,50,55,55,55,55,55,55,55,55],"damage_taken":[{"damage":0,"enemies":"3 Sentries","floor":4,"turns":1},{"damage":0,"enemies":"Jaw Worm","floor":6,"turns":1},{"damage":0,"enemies":"Lagavulin","floor":8,"turns":1},{"damage":0,"enemies":"2 Louse","floor":9,"turns":1},{"damage":5,"enemies":"Cultist","floor":11,"turns":2},{"damage":12,"enemies":"Blue Slaver","floor":12,"turns":2},{"damage":13,"enemies":"downfall:FleeingMerchant","floor":13,"turns":5},{"damage":21,"enemies":"Exordium Thugs","floor":15,"turns":4},{"damage":47,"enemies":"downfall:Silent","floor":16,"turns":9},{"damage":31,"enemies":"Slavers","floor":20,"turns":5},{"damage":23,"enemies":"downfall:FleeingMerchant","floor":22,"turns":5},{"damage":60,"enemies":"Book of Stabbing","floor":23,"turns":6},{"damage":32,"enemies":"Slavers","floor":26,"turns":4},{"damage":9,"enemies":"Chosen","floor":30,"turns":3},{"damage":33,"enemies":"Snake Plant","floor":31,"turns":3},{"damage":18,"enemies":"Cultist and Chosen","floor":32,"turns":4},{"damage":54,"enemies":"downfall:Ironclad","floor":33,"turns":5},{"damage":14,"enemies":"Nemesis","floor":36,"turns":4},{"damage":2,"enemies":"downfall:FleeingMerchant","floor":37,"turns":2},{"damage":19,"enemies":"Giant Head","floor":39,"turns":6},{"damage":45,"enemies":"3 Shapes","floor":40,"turns":2},{"damage":20,"enemies":"Nemesis","floor":44,"turns":3},{"damage":14,"enemies":"Orb Walker","floor":45,"turns":4},{"damage":21,"enemies":"Transient","floor":47,"turns":5},{"damage":4,"enemies":"Jaw Worm Horde","floor":49,"turns":2},{"damage":3,"enemies":"downfall:Watcher","floor":50,"turns":5},{"damage":31,"enemies":"downfall:CharBossMerchant","floor":52,"turns":5},{"damage":78,"enemies":"downfall:NeowBoss","floor":55,"turns":18}],"seed_played":"8988527611817317328","potions_obtained":[{"floor":4,"key":"PowerPotion"},{"floor":8,"key":"Ancient Potion"},{"floor":12,"key":"DuplicationPotion"},{"floor":20,"key":"ColorlessPotion"},{"floor":23,"key":"Weak Potion"},{"floor":36,"key":"LiquidMemories"},{"floor":39,"key":"DistilledChaos"},{"floor":40,"key":"champ:OpenerPotion"},{"floor":44,"key":"champ:OpenerPotion"},{"floor":45,"key":"Weak Potion"},{"floor":47,"key":"LiquidMemories"},{"floor":52,"key":"LiquidMemories"}],"is_trial":false,"path_per_floor":["R","?","?","E","R","M","T","E","M","R","M","M","$","?","M","B",null,"R","?","E","?","$","E","T","R","E","R","?","T","M","M","M","B",null,"R","E","$","R","E","M","T","?","R","E","M","$","M","?","M","B",null,"E","$","R","B",null],"character_chosen":"THE_CHAMP","items_purchased":["champ:BerserkerStyle","champ:VampiricStrike","Vajra","White Beast Statue","Nunchaku","Medical Kit","EntropicBrew"],"campfire_rested":0,"item_purchase_floors":[13,22,37,37,46,53,53],"current_hp_per_floor":[90,95,95,95,95,95,95,95,95,95,95,88,83,83,71,64,95,95,95,95,66,66,32,32,44,52,66,48,48,66,50,66,63,66,76,76,76,76,76,72,72,78,82,82,68,68,82,82,82,82,82,82,82,82,82],"gold":41,"neow_bonus":"THREE_ENEMY_KILL","is_daily":false,"chose_seed":false,"campfire_upgraded":9,"win_rate":0.0,"timestamp":1607937272,"path_taken":["R","?","?","E","R","?","T","E","M","R","M","M","$","?","M","BOSS","R","?","E","?","$","E","T","R","E","R","?","?","M","M","M","BOSS","R","E","$","R","E","M","T","?","R","E","?","$","M","?","M","BOSS","E","$","R","BOSS"],"items_purchased_type":["Card","Card","Relic","Relic","Relic","Relic","Potion"],"build_version":"2020-12-13","purchased_purges":3,"victory":true,"max_hp_per_floor":[90,95,95,95,95,95,95,95,95,95,95,95,95,95,95,95,95,95,95,95,66,66,66,66,66,66,66,66,66,66,66,66,66,66,76,76,76,76,76,76,76,82,82,82,82,82,82,82,82,82,82,82,82,82,82],"card_choices":[{"not_picked":["champ:FocusedDefense","champ:AdrenalArmor"],"picked":"champ:CrownThrow","floor":4},{"not_picked":["champ:BerserkersShout","champ:AdrenalArmor"],"picked":"champ:FanOfKnives","floor":6},{"not_picked":["champ:ShieldSigil","champ:SwordSigil"],"picked":"champ:IronFortress","floor":8},{"not_picked":["champ:SkillfulDodge","champ:BringItOn"],"picked":"champ:CheapShot","floor":9},{"not_picked":["champ:AdrenalArmor","champ:ShieldSigil"],"picked":"champ:CalledShot","floor":11},{"not_picked":["champ:BerserkersShout","champ:FightOn"],"picked":"champ:Riposte","floor":12},{"not_picked":["champ:EnragedBash","champ:BladeFlurry"],"picked":"champ:GutPunch","floor":13},{"not_picked":["champ:TornadoPunch","champ:FocusedDefense"],"picked":"champ:PreciseThrust","floor":15},{"not_picked":["champ:SwordThrow","champ:HoldFirm"],"picked":"champ:VampiricStrike","floor":16},{"not_picked":["champ:Encircle","champ:Backstep"],"picked":"champ:GutPunch","floor":20},{"not_picked":["champ:PerfectedStrike+1","champ:FanOfKnives+1"],"picked":"champ:EndlessRage","floor":22},{"not_picked":["champ:BerserkersShout","champ:Backstep"],"picked":"champ:Aggression","floor":23},{"not_picked":["champ:LastStand","champ:CrookedStrike+1"],"picked":"champ:CheapShot","floor":26},{"not_picked":["champ:Encircle","champ:PerfectedStrike+1"],"picked":"champ:SwordSigil","floor":30},{"not_picked":["champ:BerserkersShout","champ:TornadoPunch"],"picked":"champ:FaceSlap","floor":31},{"not_picked":["champ:HeartStrike","champ:ViciousMockery","champ:CrookedStrike"],"picked":"SKIP","floor":32},{"not_picked":["champ:LastStand","champ:DancingMaster"],"picked":"champ:EnchantCrown","floor":33},{"not_picked":[],"picked":"champ:Balance","floor":36},{"not_picked":["champ:EnragedBash+1"],"picked":"SKIP","floor":37},{"not_picked":["champ:HeartStrike+1"],"picked":"SKIP","floor":39},{"not_picked":[],"picked":"champ:Circumvent","floor":40},{"not_picked":[],"picked":"champ:RisingSlash+1","floor":44},{"not_picked":["champ:BerserkersShout+1"],"picked":"SKIP","floor":45},{"not_picked":["champ:ShieldSigil"],"picked":"SKIP","floor":47},{"not_picked":[],"picked":"champ:Backstep","floor":49},{"not_picked":[],"picked":"champ:EnchantCrown","floor":52}],"player_experience":2291338,"relics_obtained":[{"floor":4,"key":"Centennial Puzzle"},{"floor":7,"key":"Akabeko"},{"floor":8,"key":"Pen Nib"},{"floor":20,"key":"Art of War"},{"floor":23,"key":"Eternal Feather"},{"floor":26,"key":"Ice Cream"},{"floor":29,"key":"Bottled Lightning"},{"floor":36,"key":"Darkstone Periapt"},{"floor":39,"key":"Potion Belt"},{"floor":41,"key":"champ:GladiatorsBookOfMartialProwess"},{"floor":44,"key":"FossilizedHelix"},{"floor":52,"key":"TheAbacus"},{"floor":52,"key":"Toy Ornithopter"}],"event_choices":[{"damage_healed":0,"gold_gain":0,"player_choice":"Donut","damage_taken":0,"max_hp_gain":5,"max_hp_loss":0,"event_name":"Big Fish","floor":2,"gold_loss":0},{"cards_removed":["champ:Defend"],"damage_healed":0,"gold_gain":0,"player_choice":"Offered Basic","damage_taken":0,"max_hp_gain":0,"max_hp_loss":0,"event_name":"Bonfire Elementals","floor":3,"gold_loss":0},{"damage_healed":0,"gold_gain":0,"player_choice":"Rummage","damage_taken":0,"relics_obtained":["WarpedTongs"],"max_hp_gain":0,"max_hp_loss":0,"event_name":"Accursed Blacksmith","floor":14,"gold_loss":0,"cards_obtained":["Pain"]},{"damage_healed":0,"gold_gain":0,"player_choice":"Inject Mutagens","damage_taken":0,"relics_obtained":["MutagenicStrength"],"max_hp_gain":0,"max_hp_loss":0,"event_name":"Drug Dealer","floor":19,"gold_loss":0},{"damage_healed":0,"gold_gain":0,"player_choice":"Became a vampire","damage_taken":0,"max_hp_gain":0,"max_hp_loss":29,"event_name":"Vampires","floor":21,"gold_loss":0,"cards_obtained":["Bite","Bite","Bite","Bite","Bite"]}],"is_beta":false,"boss_relics":[{"not_picked":["Sozu","Velvet Choker"],"picked":"Philosopher\u0027s Stone"},{"not_picked":["Empty Cage","Calling Bell"],"picked":"Busted Crown"}],"items_purged_floors":[22,37,46],"is_endless":false,"potions_floor_spawned":[4,8,12,15,20,23,31,32,33,36,39,40,44,45,47,49,52],"ascension_level":2}}