{"host":"cqsz3xitorlhbrhq","time":1607906677,"event":{"mods":["AchievementEnabler","BaseMod","Bestiary","Block Reminder","Minty Spire (QoL Compilation)","Relic Stats","egg"],"gold_per_floor":[118,118,129,26,46,46,75,75,75,101,101,140,140,158,158,287,287,307,307,307,318,16,50,50,67,67,67,67,94,94,114,114,215,215,230,250,160,173,18,48,48,78,152,152,185,185,110,125,125,125],"floor_reached":51,"playtime":3831,"items_purged":["Strike_G"],"score":957,"play_id":"08b0e4f7-2ba4-44f7-9657-776545dfd446","local_time":"20201213194437","is_ascension_mode":true,"campfire_choices":[{"data":"Noxious Fumes","floor":6.0,"key":"SMITH"},{"data":"Footwork","floor":15.0,"key":"SMITH"},{"data":"Night Terror","floor":28,"key":"SMITH"},{"data":"Noxious Fumes","floor":30,"key":"SMITH"},{"floor":32,"key":"REST"},{"data":"Venomology","floor":41,"key":"SMITH"},{"data":"Leg Sweep","floor":49,"key":"SMITH"}],"circlet_count":0,"master_deck":["Strike_G","Strike_G","Defend_G","Defend_G","Defend_G","Defend_G","Defend_G","Survivor","Neutralize","Dodge and Roll","Noxious Fumes+1","Dagger Spray","Poisoned Stab","Noxious Fumes+1","Caltrops","Footwork+1","Night Terror+1","Leg Sweep+1","Escape Plan","Dagger Throw","Leg Sweep","Venomology+1","Escape Plan","CurseOfTheBell","Well Laid Plans+1","Footwork+1","Bouncing Flask+1","Clumsy","Backflip+1","Footwork+1"],"relics":["Ring of the Snake","NeowsBlessing","Darkstone Periapt","Mango","Mercury Hourglass","Lizard Tail","Bloody Idol","Nunchaku","Cursed Key","Incense Burner","InkBottle","Toy Ornithopter","White Beast Statue","Snake Skull","Calling Bell","Anchor","Pear","Unceasing Top","DollysMirror","Mummified Hand","Oddly Smooth Stone","Frozen Egg 2","Pantograph"],"acts_visited":["Exordium","TheCity","TheBeyond"],"potions_floor_usage":[23,23,25,31,31,31,33,35,35,36,38,38,40,40,40,42,42,45,45,45,45,48,50,50,50],"damage_taken":[{"damage":0.0,"enemies":"Small Slimes","floor":1.0,"turns":1.0},{"damage":0.0,"enemies":"Cultist","floor":3.0,"turns":1.0},{"damage":0.0,"enemies":"2 Louse","floor":5.0,"turns":1.0},{"damage":15.0,"enemies":"3 Sentries","floor":7.0,"turns":7.0},{"damage":13.0,"enemies":"Lagavulin","floor":10.0,"turns":6.0},{"damage":13.0,"enemies":"3 Sentries","floor":12.0,"turns":5.0},{"damage":1.0,"enemies":"2 Fungi Beasts","floor":14.0,"turns":4.0},{"damage":20.0,"enemies":"Slime Boss","floor":16.0,"turns":7.0},{"damage":15.0,"enemies":"2 Thieves","floor":18.0,"turns":5.0},{"damage":6.0,"enemies":"Spheric Guardian","floor":21.0,"turns":6.0},{"damage":17,"enemies":"Slavers","floor":23,"turns":6},{"damage":14,"enemies":"Centurion and Healer","floor":25,"turns":9},{"damage":28,"enemies":"Gremlin Leader","floor":29,"turns":7},{"damage":9,"enemies":"Chosen and Byrds","floor":31,"turns":6},{"damage":10,"enemies":"Champ","floor":33,"turns":14},{"damage":7,"enemies":"3 Shapes","floor":35,"turns":5},{"damage":0,"enemies":"3 Darklings","floor":36,"turns":5},{"damage":15,"enemies":"Spire Growth","floor":38,"turns":6},{"damage":0,"enemies":"Nemesis","floor":40,"turns":8},{"damage":3,"enemies":"Giant Head","floor":42,"turns":9},{"damage":11,"enemies":"Nemesis","floor":45,"turns":7},{"damage":0,"enemies":"Maw","floor":48,"turns":8},{"damage":13,"enemies":"Time Eater","floor":50,"turns":14}],"seed_played":"-855735425371508228","potions_obtained":[{"floor":2.0,"key":"EssenceOfSteel"},{"floor":2.0,"key":"LiquidBronze"},{"floor":2.0,"key":"ColorlessPotion"},{"floor":5.0,"key":"Block Potion"},{"floor":10.0,"key":"GamblersBrew"},{"floor":12.0,"key":"SteroidPotion"},{"floor":18.0,"key":"Swift Potion"},{"floor":23,"key":"AttackPotion"},{"floor":29,"key":"Energy Potion"},{"floor":31,"key":"SkillPotion"},{"floor":33,"key":"PowerPotion"},{"floor":35,"key":"Explosive Potion"},{"floor":38,"key":"SkillPotion"},{"floor":40,"key":"Fruit Juice"},{"floor":42,"key":"SkillPotion"}],"is_trial":false,"path_per_floor":["M","?","M","$","M","R","E","?","T","E","?","E","?","M","R","B",null,"M","?","?","M","$","E","?","M","T","T","R","E","R","M","R","B",null,"M","M","?","M","$","E","R","E","T","?","E","?","$","M","R","B",null],"character_chosen":"THE_SILENT","items_purchased":["Noxious Fumes","Dagger Spray","Incense Burner","DollysMirror"],"campfire_rested":1,"item_purchase_floors":[4,4,22,39],"current_hp_per_floor":[70,70,70,70,70,70,55,62,62,49,49,36,62,61,61,41,78,63,63,63,62,62,50,50,46,46,52,52,29,29,40,65,65,100,100,100,100,95,95,100,100,105,111,111,111,105,105,105,105,102],"gold":125,"neow_bonus":"THREE_ENEMY_KILL","is_daily":false,"chose_seed":false,"campfire_upgraded":6,"win_rate":0.0,"timestamp":1607906677,"path_taken":["M","?","M","$","?","R","E","?","T","E","?","E","?","M","R","BOSS","M","?","?","M","$","E","?","M","T","?","R","E","R","M","R","BOSS","M","M","?","?","$","E","R","E","T","?","E","?","$","M","R","BOSS"],"items_purchased_type":["Card","Card","Relic","Relic"],"build_version":"2020-11-30","purchased_purges":1,"victory":true,"max_hp_per_floor":[70,70,70,70,70,70,70,84,84,84,78,78,78,78,78,78,78,78,78,78,78,78,78,78,78,78,84,84,84,84,84,84,84,100,100,100,100,100,100,100,100,105,111,111,111,105,105,105,105,105],"relic_stats":{"Darkstone Periapt":18,"counters":[23,145],"Snake Skull":[119],"Cursed Key":2,"Mercury Hourglass":[477],"Lizard Tail":0,"Nunchaku":[17],"Mummified Hand":[37],"Bloody Idol":35,"Pantograph":0,"obtain_stats":[{"Darkstone Periapt":7,"Pear":34,"NeowsBlessing":0,"Golden Idol":11,"Oddly Smooth Stone":42,"Mango":8,"Snake Skull":29,"Incense Burner":22,"Frozen Egg 2":43,"Cursed Key":17,"White Beast Statue":27,"Mercury Hourglass":9,"Calling Bell":34,"Lizard Tail":10,"Nunchaku":12,"Anchor":34,"DollysMirror":39,"Mummified Hand":40,"Bloody Idol":20,"Pantograph":45,"InkBottle":23,"Toy Ornithopter":24,"Unceasing Top":34,"Ring of the Snake":0},{"Darkstone Periapt":4,"Pear":15,"NeowsBlessing":0,"Golden Idol":5,"Oddly Smooth Stone":20,"Mango":4,"Snake Skull":13,"Incense Burner":10,"Frozen Egg 2":20,"Cursed Key":8,"White Beast Statue":12,"Mercury Hourglass":4,"Calling Bell":15,"Lizard Tail":5,"Nunchaku":6,"Anchor":15,"DollysMirror":18,"Mummified Hand":19,"Bloody Idol":9,"Pantograph":21,"InkBottle":11,"Toy Ornithopter":11,"Unceasing Top":15,"Ring of the Snake":0},{"Darkstone Periapt":10,"Pear":83,"NeowsBlessing":0,"Golden Idol":16,"Oddly Smooth Stone":116,"Mango":10,"Snake Skull":63,"Incense Burner":41,"Frozen Egg 2":116,"Cursed Key":30,"White Beast Statue":56,"Mercury Hourglass":10,"Calling Bell":83,"Lizard Tail":16,"Nunchaku":20,"Anchor":83,"DollysMirror":99,"Mummified Hand":107,"Bloody Idol":35,"Pantograph":123,"InkBottle":47,"Toy Ornithopter":47,"Unceasing Top":83,"Ring of the Snake":0}],"InkBottle":[41],"Toy Ornithopter":66,"Unceasing Top":[5],"Ring of the Snake":[46]},"card_choices":[{"not_picked":["Underhanded Strike","Bane"],"picked":"Dodge and Roll","floor":1.0},{"not_picked":["Distraction","Acrobatics"],"picked":"Cloak And Dagger","floor":3.0},{"not_picked":["Cloak And Dagger","Eviscerate"],"picked":"Poisoned Stab","floor":5.0},{"not_picked":["Dodge and Roll","Bane"],"picked":"Noxious Fumes","floor":7.0},{"not_picked":["Distraction","Heel Hook"],"picked":"Caltrops","floor":10.0},{"not_picked":["Dagger Spray","Terror","Expertise"],"picked":"SKIP","floor":12.0},{"not_picked":["Dagger Spray","Terror","Expertise"],"picked":"SKIP","floor":12.0},{"not_picked":["Quick Slash","Predator"],"picked":"Footwork","floor":14.0},{"not_picked":["Wraith Form v2","Die Die Die"],"picked":"Night Terror","floor":16.0},{"not_picked":["Poisoned Stab","Underhanded Strike"],"picked":"Leg Sweep","floor":18.0},{"not_picked":["Dagger Throw","Cloak And Dagger","Underhanded Strike"],"picked":"SKIP","floor":21.0},{"not_picked":["PiercingWail","Blade Dance"],"picked":"Leg Sweep","floor":23},{"not_picked":["Backstab+1","Riddle With Holes+1","Skewer"],"picked":"SKIP","floor":25},{"not_picked":["Endless Agony","Leg Sweep"],"picked":"Venomology","floor":29},{"not_picked":["Blur","Riddle With Holes"],"picked":"Escape Plan","floor":31},{"not_picked":["Expertise","Dagger Spray"],"picked":"Well Laid Plans+1","floor":35},{"not_picked":["Distraction+1","Acrobatics","Dagger Throw+1"],"picked":"SKIP","floor":36},{"not_picked":["Acrobatics+1","Sucker Punch+1","Expertise"],"picked":"SKIP","floor":38},{"not_picked":["Sucker Punch","Backstab+1","Acrobatics"],"picked":"SKIP","floor":40},{"not_picked":["Flying Knee+1","Die Die Die"],"picked":"Bouncing Flask+1","floor":42},{"not_picked":["Underhanded Strike+1","Bane"],"picked":"Backflip+1","floor":45},{"not_picked":["Dagger Spray+1","Underhanded Strike"],"picked":"Footwork+1","floor":48}],"player_experience":56805,"relics_obtained":[{"floor":7.0,"key":"Darkstone Periapt"},{"floor":9.0,"key":"Mercury Hourglass"},{"floor":10.0,"key":"Lizard Tail"},{"floor":12.0,"key":"Nunchaku"},{"floor":23,"key":"InkBottle"},{"floor":27,"key":"White Beast Statue"},{"floor":29,"key":"Snake Skull"},{"floor":34,"key":"Anchor"},{"floor":34,"key":"Pear"},{"floor":34,"key":"Unceasing Top"},{"floor":40,"key":"Mummified Hand"},{"floor":42,"key":"Oddly Smooth Stone"},{"floor":43,"key":"Frozen Egg 2"},{"floor":45,"key":"Pantograph"}],"event_choices":[{"damage_healed":0.0,"max_hp_gain":0.0,"max_hp_loss":0.0,"gold_gain":0.0,"event_name":"Lab","player_choice":"Got Potions","floor":2.0,"gold_loss":0.0,"damage_taken":0.0},{"damage_healed":0.0,"max_hp_gain":0.0,"max_hp_loss":0.0,"gold_gain":0.0,"event_name":"Scrap Ooze","player_choice":"Success","floor":8.0,"gold_loss":0.0,"damage_taken":7.0,"relics_obtained":["Mango"]},{"damage_healed":0.0,"max_hp_gain":0.0,"max_hp_loss":6.0,"gold_gain":0.0,"event_name":"Golden Idol","player_choice":"Lose Max HP","floor":11.0,"gold_loss":0.0,"damage_taken":0.0,"relics_obtained":["Golden Idol"]},{"damage_healed":26.0,"max_hp_gain":0.0,"max_hp_loss":0.0,"gold_gain":0.0,"event_name":"Big Fish","player_choice":"Banana","floor":13.0,"gold_loss":0.0,"damage_taken":0.0},{"damage_healed":0.0,"max_hp_gain":0.0,"max_hp_loss":0.0,"gold_gain":0.0,"cards_transformed":["Strike_G","Strike_G"],"event_name":"Drug Dealer","player_choice":"Became Test Subject","floor":19.0,"gold_loss":0.0,"damage_taken":0.0,"cards_obtained":["Escape Plan","Dagger Throw"]},{"damage_healed":0.0,"max_hp_gain":0.0,"max_hp_loss":0.0,"gold_gain":0.0,"event_name":"Forgotten Altar","player_choice":"Gave Idol","floor":20.0,"relics_lost":["Golden Idol"],"gold_loss":0.0,"damage_taken":0.0,"relics_obtained":["Bloody Idol"]},{"damage_healed":0,"gold_gain":0,"player_choice":"Opened","damage_taken":0,"relics_obtained":["Toy Ornithopter"],"max_hp_gain":0,"max_hp_loss":0,"event_name":"The Mausoleum","floor":24,"gold_loss":0},{"cards_removed":["Doubt"],"damage_healed":0,"gold_gain":0,"player_choice":"Upgrade and Remove","damage_taken":0,"max_hp_gain":0,"max_hp_loss":0,"event_name":"Designer","floor":37,"gold_loss":90,"cards_upgraded":["Cloak And Dagger"]},{"cards_removed":["Cloak And Dagger"],"damage_healed":0,"gold_gain":0,"player_choice":"Removed Skill","damage_taken":0,"max_hp_gain":0,"max_hp_loss":0,"event_name":"Falling","floor":44,"gold_loss":0},{"damage_healed":0,"gold_gain":0,"player_choice":"Max HP","damage_taken":0,"max_hp_gain":0,"max_hp_loss":6,"event_name":"Winding Halls","floor":46,"gold_loss":0}],"is_beta":false,"boss_relics":[{"not_picked":["Runic Pyramid","Sozu"],"picked":"Cursed Key"},{"not_picked":["Empty Cage","WristBlade"],"picked":"Calling Bell"}],"items_purged_floors":[47],"is_endless":false,"potions_floor_spawned":[5,10,12,14,18,23,29,31,33,35,36,38,40,42,45,48],"ascension_level":3}}