{"host":"coame8l8goqx0svj","time":1607905090,"event":{"mods":["BaseMod","Downfall","Minty Spire (QoL Compilation)","StSLib"],"gold_per_floor":[99,122,29,46,56,69,93,124,136,179,209,371,281,98,110,215,215,215,228,228,46,46,56,56,56,89,14,54,70,70,83,100,203,203,128,160,213,232,247,247,247,247,257,182,198,209,160,160,176,176,176,208,61,61,61],"floor_reached":56,"playtime":5146,"items_purged":["champ:Taunt","champ:StrikeOfGenius+1","champ:Execute+1"],"score":1432,"play_id":"52c72f54-b0ce-4120-88c9-42e9cce00790","local_time":"20201214011810","is_ascension_mode":false,"campfire_choices":[{"data":"champ:Execute","floor":1.0,"key":"SMITH"},{"data":"champ:PreciseThrust","floor":9.0,"key":"SMITH"},{"data":"champ:PreciseThrust","floor":18.0,"key":"SMITH"},{"data":"Enlightenment","floor":25.0,"key":"SMITH"},{"floor":27.0,"key":"REST"},{"data":"champ:VampiricStrike","floor":35.0,"key":"SMITH"},{"floor":42.0,"key":"RECALL"},{"data":"champ:SteelEdge","floor":44.0,"key":"SMITH"},{"data":"champ:PerfectForm","floor":54,"key":"SMITH"}],"circlet_count":0,"master_deck":["champ:Defend+1","champ:Defend+1","champ:Defend+1","champ:Defend+1","champ:RecklessLeap+1","champ:GladiatorStyle+1","champ:PreciseThrust+1","champ:GladiatorStyle","champ:Haymaker","champ:Duel","champ:GladiatorStyle","champ:FocusedGladiator","champ:VampiricStrike+1","champ:Lariat","champ:PreciseThrust+1","champ:PerfectForm+1","Enlightenment+1","champ:ShieldWall","champ:HoldFirm","expansioncontent:StudyTheSpire","champ:SteelEdge+1","champ:RisingSlash","champ:FanOfKnives+1","champ:Aggression+1","champ:Aggression+1","expansioncontent:AwakenDeath","champ:ShieldSlam"],"relics":["Astrolabe","MealTicket","Regal Pillow","PreservedInsect","Black Star","Omamori","Bottled Tornado","downfall:HeartBlessingBlue","expansioncontent:StudyCardRelic","downfall:HeartBlessingGreen","Blue Candle","Lantern","Torii","Ornamental Fan","downfall:HeartBlessingRed","Strawberry","Orichalcum","Bronze Scales"],"acts_visited":["Exordium","TheCity","TheBeyond","TheEnding"],"potions_floor_usage":[],"damage_taken":[{"damage":30.0,"enemies":"downfall:FleeingMerchant","floor":3.0,"turns":4.0},{"damage":20.0,"enemies":"Cultist","floor":4.0,"turns":3.0},{"damage":0.0,"enemies":"2 Louse","floor":5.0,"turns":2.0},{"damage":25.0,"enemies":"Small Slimes","floor":6.0,"turns":4.0},{"damage":31.0,"enemies":"Lagavulin","floor":8.0,"turns":4.0},{"damage":53.0,"enemies":"3 Sentries","floor":10.0,"turns":9.0},{"damage":18.0,"enemies":"Exordium Wildlife","floor":11.0,"turns":5.0},{"damage":10.0,"enemies":"downfall:FleeingMerchant","floor":13.0,"turns":4.0},{"damage":20.0,"enemies":"downfall:FleeingMerchant","floor":14.0,"turns":4.0},{"damage":27.0,"enemies":"Blue Slaver","floor":15.0,"turns":3.0},{"damage":29.0,"enemies":"downfall:Watcher","floor":16.0,"turns":6.0},{"damage":6.0,"enemies":"3 Byrds","floor":19.0,"turns":9.0},{"damage":4.0,"enemies":"downfall:FleeingMerchant","floor":21.0,"turns":4.0},{"damage":31.0,"enemies":"3 Cultists","floor":23.0,"turns":6.0},{"damage":70.0,"enemies":"Slavers","floor":26.0,"turns":6.0},{"damage":36.0,"enemies":"downfall:FleeingMerchant","floor":28.0,"turns":3.0},{"damage":8.0,"enemies":"Snake Plant","floor":29.0,"turns":8.0},{"damage":10.0,"enemies":"Chosen and Byrds","floor":31.0,"turns":5.0},{"damage":53.0,"enemies":"Shelled Parasite and Fungi","floor":32.0,"turns":8.0},{"damage":23.0,"enemies":"downfall:Defect","floor":33.0,"turns":6.0},{"damage":38.0,"enemies":"Nemesis","floor":36.0,"turns":8.0},{"damage":45.0,"enemies":"2 Orb Walkers","floor":37.0,"turns":6.0},{"damage":2.0,"enemies":"Orb Walker","floor":38.0,"turns":4.0},{"damage":15.0,"enemies":"3 Shapes","floor":39.0,"turns":2.0},{"damage":36.0,"enemies":"Jaw Worm Horde","floor":43.0,"turns":6.0},{"damage":27.0,"enemies":"Spire Growth","floor":45.0,"turns":6.0},{"damage":10.0,"enemies":"Sphere and 2 Shapes","floor":46.0,"turns":8.0},{"damage":1.0,"enemies":"Writhing Mass","floor":49.0,"turns":5.0},{"damage":39.0,"enemies":"downfall:Ironclad","floor":50.0,"turns":6.0},{"damage":28.0,"enemies":"downfall:CharBossMerchant","floor":52.0,"turns":7.0},{"damage":128,"enemies":"downfall:NeowBoss","floor":55,"turns":31}],"seed_played":"1319682011469768058","potions_obtained":[{"floor":5.0,"key":"Fire Potion"},{"floor":6.0,"key":"ColorlessPotion"},{"floor":8.0,"key":"CultistPotion"},{"floor":15.0,"key":"Block Potion"},{"floor":23.0,"key":"ColorlessPotion"},{"floor":32.0,"key":"Guardian:BlockOnCardUsePotion"},{"floor":33.0,"key":"Fire Potion"},{"floor":37.0,"key":"PowerPotion"}],"is_trial":false,"path_per_floor":["R","T","$","M","M","M","T","E","R","E","M","?","$","$","M","B",null,"R","M","?","$","?","M","T","R","E","R","$","M","?","M","M","B",null,"R","E","?","M","M","$","T","R","M","R","M","M","$","?","M","B",null,"E","$","R","B",null],"character_chosen":"THE_CHAMP","items_purchased":["champ:GladiatorStyle","champ:Lariat","Enlightenment","champ:ShieldWall","expansioncontent:StudyTheSpire","Strength Potion","Bronze Scales"],"campfire_rested":1,"item_purchase_floors":[3,14,21,21,28,47,53],"current_hp_per_floor":[90,90,90,90,90,85,85,74,74,41,28,28,33,80,90,90,90,90,90,90,86,86,75,75,75,35,90,100,100,100,100,82,100,100,100,85,40,54,56,71,71,71,79,79,91,84,99,99,98,79,100,107,107,107,40],"gold":61,"neow_bonus":"BOSS_RELIC","is_daily":false,"chose_seed":false,"campfire_upgraded":7,"win_rate":0.0,"timestamp":1607905090,"path_taken":["R","?","$","M","M","M","T","E","R","E","M","?","$","$","M","BOSS","R","M","?","$","?","M","T","R","E","R","$","M","?","M","M","BOSS","R","E","?","M","M","$","T","R","M","R","M","M","$","?","M","BOSS","E","$","R","BOSS"],"items_purchased_type":["Card","Card","Card","Card","Card","Potion","Relic"],"build_version":"2020-11-30","purchased_purges":3,"victory":true,"max_hp_per_floor":[90,90,90,90,90,90,90,90,90,90,90,90,90,90,90,90,90,90,90,90,90,90,90,90,90,90,100,100,100,100,100,100,100,100,100,100,100,100,100,100,100,100,100,100,100,100,100,100,100,100,100,107,107,107,107],"card_choices":[{"not_picked":["champ:TornadoPunch","champ:Backstep"],"picked":"champ:PreciseThrust","floor":3.0},{"not_picked":["champ:StanceDance","champ:DefensiveShout"],"picked":"champ:Haymaker","floor":4.0},{"not_picked":["champ:TornadoPunch","champ:FanOfKnives"],"picked":"champ:Duel","floor":5.0},{"not_picked":["champ:FocusedBerserking","champ:Balance"],"picked":"champ:GladiatorStyle","floor":6.0},{"not_picked":["champ:BringItOn","champ:PerfectedStrike","champ:SwordThrow"],"picked":"SKIP","floor":8.0},{"not_picked":["champ:BladeFlurry","champ:CrookedStrike"],"picked":"champ:FocusedGladiator","floor":10.0},{"not_picked":["champ:FaceSlap","champ:Backstep","champ:RecklessLeap"],"picked":"SKIP","floor":11.0},{"not_picked":["champ:FlashCut","champ:EndlessRage"],"picked":"champ:VampiricStrike","floor":13.0},{"not_picked":["champ:GutPunch","champ:CrookedStrike","champ:Encircle"],"picked":"SKIP","floor":14.0},{"not_picked":["champ:FanOfKnives","champ:Shatter"],"picked":"champ:PreciseThrust","floor":15.0},{"not_picked":["champ:StrikeOfGenius","champ:IgnorePain"],"picked":"champ:PerfectForm","floor":16.0},{"not_picked":["champ:BerserkersShout","champ:PerfectedStrike","champ:TornadoPunch"],"picked":"SKIP","floor":19.0},{"not_picked":["champ:PerfectedStrike","champ:Haymaker","champ:Backstep"],"picked":"SKIP","floor":21.0},{"not_picked":["champ:RecklessLeap","champ:FanOfKnives"],"picked":"champ:HoldFirm","floor":23.0},{"not_picked":["champ:FanOfKnives","champ:HeartStrike","champ:BladeFlurry"],"picked":"SKIP","floor":26.0},{"not_picked":["champ:EndlessRage+1","champ:Circumvent","champ:DefensiveShout"],"picked":"SKIP","floor":29.0},{"not_picked":["champ:FlashCut","champ:PerfectedStrike+1","champ:TornadoPunch"],"picked":"SKIP","floor":31.0},{"not_picked":["champ:Duel","champ:CheapShot","champ:Haymaker"],"picked":"SKIP","floor":32.0},{"not_picked":["champ:ShieldSlam","champ:MurderStrike"],"picked":"champ:SteelEdge","floor":33.0},{"not_picked":["champ:CrookedStrike","champ:RecklessLeap","champ:Haymaker"],"picked":"SKIP","floor":36.0},{"not_picked":["champ:GladiatorsShout","champ:TornadoPunch"],"picked":"champ:RisingSlash","floor":38.0},{"not_picked":["champ:CrookedStrike","champ:Encircle+1","champ:AdrenalArmor"],"picked":"SKIP","floor":39.0},{"not_picked":["champ:DefensiveStyle","champ:Backstep+1"],"picked":"champ:FanOfKnives+1","floor":43.0},{"not_picked":["champ:GladiatorsShout+1","champ:FocusedBerserking"],"picked":"champ:Aggression+1","floor":45.0},{"not_picked":["champ:BladeFlurry","champ:AdrenalArmor+1"],"picked":"champ:Aggression+1","floor":46.0},{"not_picked":["expansioncontent:DarkVoid","expansioncontent:DecasProtection"],"picked":"expansioncontent:AwakenDeath","floor":48.0},{"not_picked":["champ:Backstep","champ:FanOfKnives+1"],"picked":"champ:ShieldSlam","floor":49.0},{"not_picked":["champ:GutPunch+1","champ:FaceSlap","champ:Haymaker"],"picked":"SKIP","floor":52}],"player_experience":1588129,"relics_obtained":[{"floor":2.0,"key":"MealTicket"},{"floor":7.0,"key":"Regal Pillow"},{"floor":8.0,"key":"MawBank"},{"floor":10.0,"key":"PreservedInsect"},{"floor":26.0,"key":"Omamori"},{"floor":26.0,"key":"Bottled Tornado"},{"floor":36.0,"key":"Blue Candle"},{"floor":36.0,"key":"Lantern"},{"floor":37.0,"key":"Torii"},{"floor":41.0,"key":"Ornamental Fan"},{"floor":52,"key":"Strawberry"},{"floor":52,"key":"Orichalcum"}],"event_choices":[{"damage_healed":0.0,"max_hp_gain":0.0,"max_hp_loss":0.0,"gold_gain":0.0,"event_name":"Vampires","player_choice":"Ignored","floor":20.0,"gold_loss":0.0,"damage_taken":0.0},{"damage_healed":0.0,"max_hp_gain":0.0,"max_hp_loss":0.0,"gold_gain":0.0,"event_name":"Back to Basics","player_choice":"Simplicity","floor":22.0,"gold_loss":0.0,"damage_taken":0.0,"cards_upgraded":["champ:Strike","champ:Defend","champ:Defend","champ:Defend","champ:Defend"]},{"damage_healed":0.0,"max_hp_gain":0.0,"max_hp_loss":0.0,"gold_gain":0.0,"event_name":"Mysterious Sphere","player_choice":"Fight","floor":37.0,"gold_loss":0.0,"damage_taken":0.0}],"is_beta":false,"boss_relics":[{"not_picked":["Philosopher\u0027s Stone","Fusion Hammer"],"picked":"Black Star"},{"not_picked":["Cursed Key","Runic Dome"],"picked":"expansioncontent:StudyCardRelic"}],"items_purged_floors":[13,14,28],"is_endless":false,"potions_floor_spawned":[5,6,8,15,23,32,33,37,49],"ascension_level":0}}