{"host":"coame8l8goqx0svj","time":1607971046,"event":{"mods":["BaseMod","Downfall","Minty Spire (QoL Compilation)","StSLib"],"gold_per_floor":[99,109,119,44,63,63,87,113,113,143,243,258,6,6,17,117,117,117,128,128,144,169,238,265,265,285,210,223,223,223,235,251,352,352,352,364,380,406,419,419,445,445,477,477,256,306,306,316,327,327],"floor_reached":51,"playtime":3216,"items_purged":["champ:Strike"],"score":984,"play_id":"4adbf83d-40f2-4af0-9fc6-c8d3a4d8c63b","local_time":"20201214193726","is_ascension_mode":true,"campfire_choices":[{"floor":1,"key":"RECALL"},{"data":"champ:DefensiveShout","floor":4,"key":"SMITH"},{"data":"champ:ShieldSigil","floor":9,"key":"SMITH"},{"data":"Apotheosis","floor":18,"key":"SMITH"},{"data":"champ:Devastate","floor":20,"key":"SMITH"},{"floor":27,"key":"REST"},{"data":"champ:Improvising","floor":35,"key":"SMITH"},{"data":"champ:IgnorePain","floor":40,"key":"SMITH"},{"data":"champ:Taunt","floor":42,"key":"SMITH"},{"floor":44,"key":"REST"}],"circlet_count":0,"master_deck":["champ:Strike","champ:Defend","champ:Defend","champ:Defend","champ:Defend","champ:Execute","champ:Taunt+1","champ:DefensiveShout+1","champ:RapidStrikes+1","champ:ShieldSigil+1","champ:IgnorePain+1","champ:Balance","champ:BladeFlurry","Apotheosis+1","champ:DefensiveStyle","champ:Haymaker+1","champ:Devastate+1","champ:SwordSigil+1","champ:ShieldThrow","champ:RecklessLeap","expansioncontent:GuardianWhirl","champ:FightOn","champ:Improvising+1","champ:StanceDance+1","champ:PreciseThrust+1","champ:Circumvent+1","champ:Circumvent+1"],"relics":["Velvet Choker","downfall:HeartBlessingRed","Strawberry","Nunchaku","Anchor","champ:ChampionCrownUpgraded","Mercury Hourglass","Letter Opener","downfall:HeartBlessingBlue","champ:FightingForDummies","Empty Cage","Singing Bowl","Whetstone","Toxic Egg 2","Bag of Preparation","Turnip"],"acts_visited":["Exordium","TheCity","TheBeyond"],"potions_floor_usage":[8,13,16,33,37,37,48,50],"damage_taken":[{"damage":5,"enemies":"Cultist","floor":2,"turns":4},{"damage":12,"enemies":"Jaw Worm","floor":3,"turns":3},{"damage":7,"enemies":"2 Louse","floor":5,"turns":2},{"damage":33,"enemies":"Lagavulin","floor":8,"turns":6},{"damage":32,"enemies":"Gremlin Nob","floor":10,"turns":4},{"damage":9,"enemies":"Lots of Slimes","floor":12,"turns":4},{"damage":7,"enemies":"downfall:FleeingMerchant","floor":13,"turns":4},{"damage":0,"enemies":"Exordium Wildlife","floor":15,"turns":3},{"damage":49,"enemies":"downfall:Ironclad","floor":16,"turns":6},{"damage":15,"enemies":"Spheric Guardian","floor":19,"turns":1},{"damage":40,"enemies":"Snake Plant","floor":21,"turns":3},{"damage":48,"enemies":"Book of Stabbing","floor":22,"turns":7},{"damage":32,"enemies":"downfall:FleeingMerchant","floor":23,"turns":4},{"damage":47,"enemies":"Centurion and Healer","floor":26,"turns":1},{"damage":52,"enemies":"Shelled Parasite and Fungi","floor":28,"turns":2},{"damage":24,"enemies":"Chosen and Byrds","floor":31,"turns":2},{"damage":47,"enemies":"Snake Plant","floor":32,"turns":2},{"damage":60,"enemies":"downfall:Defect","floor":33,"turns":6},{"damage":38,"enemies":"3 Shapes","floor":36,"turns":3},{"damage":19,"enemies":"3 Darklings","floor":37,"turns":2},{"damage":21,"enemies":"Reptomancer","floor":38,"turns":3},{"damage":53,"enemies":"4 Shapes","floor":39,"turns":3},{"damage":36,"enemies":"Giant Head","floor":43,"turns":5},{"damage":49,"enemies":"Mind Bloom Boss Battle","floor":46,"turns":4},{"damage":24,"enemies":"Sphere and 2 Shapes","floor":48,"turns":3},{"damage":29,"enemies":"Transient","floor":49,"turns":5},{"damage":99,"enemies":"downfall:Silent","floor":50,"turns":9}],"seed_played":"-5453039090309138115","potions_obtained":[{"floor":2,"key":"SteroidPotion"},{"floor":3,"key":"champ:CounterPotion"},{"floor":10,"key":"Swift Potion"},{"floor":12,"key":"BlessingOfTheForge"},{"floor":19,"key":"BlessingOfTheForge"},{"floor":26,"key":"DistilledChaos"},{"floor":33,"key":"AttackPotion"},{"floor":37,"key":"champ:CounterPotion"},{"floor":43,"key":"Regen Potion"},{"floor":48,"key":"BlessingOfTheForge"}],"is_trial":false,"path_per_floor":["R","M","M","R","M","?","T","E","R","E","?","M","$","?","M","B",null,"R","M","R","M","E","$","T","?","M","R","M","?","?","M","M","B",null,"R","M","M","E","M","R","T","R","E","R","$","?","?","M","M","B",null],"character_chosen":"THE_CHAMP","items_purchased":["Apotheosis","champ:DefensiveStyle","Letter Opener","Bag of Preparation"],"campfire_rested":2,"item_purchase_floors":[13,13,23,45],"current_hp_per_floor":[90,90,88,88,81,81,88,68,68,41,41,37,47,97,97,53,97,97,97,97,92,55,55,55,55,55,98,98,98,75,75,75,67,117,117,117,116,118,115,115,115,115,108,121,121,113,113,122,122,40],"gold":327,"neow_bonus":"BOSS_RELIC","is_daily":false,"chose_seed":false,"campfire_upgraded":7,"win_rate":0.0,"timestamp":1607971046,"path_taken":["R","?","M","R","M","?","T","E","R","E","?","M","$","?","M","BOSS","R","M","R","?","E","$","T","?","?","R","?","?","?","M","M","BOSS","R","M","M","E","M","R","T","R","E","R","$","?","?","M","M","BOSS"],"items_purchased_type":["Card","Card","Relic","Relic"],"build_version":"2020-12-13","purchased_purges":1,"victory":true,"max_hp_per_floor":[90,90,90,90,90,90,97,97,97,97,97,97,97,97,97,97,97,97,97,97,102,102,102,102,102,102,112,112,112,117,117,117,117,117,117,117,117,119,119,119,119,119,121,121,121,123,123,123,123,123],"card_choices":[{"not_picked":["champ:PreciseThrust","champ:CalledShot"],"picked":"champ:DefensiveShout","floor":2},{"not_picked":["champ:CrookedStrike","champ:Backstep"],"picked":"champ:FightOn","floor":3},{"not_picked":["champ:IronFortress","champ:TornadoPunch"],"picked":"champ:RapidStrikes","floor":5},{"not_picked":["champ:FocusedBerserking","champ:Circumvent"],"picked":"champ:ShieldSigil","floor":8},{"not_picked":["champ:GladiatorsShout","champ:Encircle"],"picked":"champ:IgnorePain","floor":10},{"not_picked":["champ:DefensiveShout","champ:Circumvent"],"picked":"champ:Balance","floor":12},{"not_picked":["champ:BringItOn","champ:StanceDance"],"picked":"champ:BladeFlurry","floor":13},{"not_picked":["champ:ViciousMockery","champ:ArenaPreparation"],"picked":"champ:Haymaker","floor":15},{"not_picked":["champ:DancingMaster","champ:StrikeOfGenius"],"picked":"champ:Devastate","floor":16},{"not_picked":["champ:BladeFlurry","champ:DefensiveShout+1","champ:Encircle+1"],"picked":"SKIP","floor":19},{"not_picked":["champ:BladeFlurry","champ:Aggression"],"picked":"champ:SwordSigil+1","floor":21},{"not_picked":["champ:Haymaker","champ:EnragedBash+1","champ:GutPunch"],"picked":"SKIP","floor":22},{"not_picked":["champ:ShieldSigil","champ:Lariat"],"picked":"champ:ShieldThrow","floor":23},{"not_picked":["champ:HeartStrike+1","champ:CrookedStrike+1","champ:RecklessLeap"],"picked":"SKIP","floor":26},{"not_picked":["champ:SwordSigil","champ:EnragedBash+1","champ:FlashCut"],"picked":"SKIP","floor":28},{"not_picked":["champ:DefensiveStyle","champ:Encircle"],"picked":"champ:FightOn","floor":31},{"not_picked":["champ:Haymaker+1","champ:Circumvent","champ:SwordSigil"],"picked":"SKIP","floor":32},{"not_picked":["champ:EnchantCrown","champ:HeavySlash"],"picked":"champ:Improvising","floor":33},{"not_picked":["champ:FocusedDefense","champ:Backstep"],"picked":"champ:StanceDance+1","floor":36},{"not_picked":["champ:BerserkerStyle+1","champ:FlashCut","champ:FanOfKnives"],"picked":"SKIP","floor":37},{"not_picked":["champ:FanOfKnives+1","champ:Haymaker+1","champ:Shatter"],"picked":"Singing Bowl","floor":38},{"not_picked":["champ:Circumvent+1","champ:FocusedDefense"],"picked":"champ:PreciseThrust+1","floor":39},{"not_picked":["champ:EndlessRage","champ:CheapShot","champ:BladeFlurry+1"],"picked":"Singing Bowl","floor":43},{"not_picked":["champ:FocusedGladiator+1","champ:Riposte+1","champ:Haymaker+1"],"picked":"Singing Bowl","floor":46},{"not_picked":["champ:FanOfKnives","champ:DefensiveShout+1"],"picked":"champ:Circumvent+1","floor":48},{"not_picked":["champ:ShieldSigil+1","champ:FanOfKnives"],"picked":"champ:Circumvent+1","floor":49}],"player_experience":1607740,"relics_obtained":[{"floor":7,"key":"Strawberry"},{"floor":8,"key":"Nunchaku"},{"floor":10,"key":"Anchor"},{"floor":22,"key":"Mercury Hourglass"},{"floor":38,"key":"Singing Bowl"},{"floor":41,"key":"Whetstone"},{"floor":43,"key":"Toxic Egg 2"},{"floor":46,"key":"Turnip"}],"event_choices":[{"damage_healed":50,"gold_gain":0,"player_choice":"Full Heal","damage_taken":0,"max_hp_gain":0,"max_hp_loss":0,"event_name":"Wheel of Change","floor":14,"gold_loss":0}],"is_beta":false,"boss_relics":[{"not_picked":["Calling Bell","Coffee Dripper"],"picked":"champ:ChampionCrownUpgraded"},{"not_picked":["SacredBark","Astrolabe"],"picked":"Empty Cage"}],"items_purged_floors":[45],"is_endless":false,"potions_floor_spawned":[2,3,10,12,19,26,31,33,37,43,46,48],"ascension_level":4}}