{"host":"dvpvhz1t6etneyb3","time":1607982452,"event":{"mods":["AchievementEnabler","BaseMod","Colored Map","Highlight Path","Minty Spire (QoL Compilation)","Permanent Neow","Quick Restart"],"gold_per_floor":[109,109,123,137,147,172,172,200,200,200,232,232,265,276,276,350,350,361,361,20,20,36,36,36,63,63,63,91,106,106,120,120,195,195,210,220,220,43,0,0,30,30,100,133,146,178,205,221,221,221,221],"floor_reached":52,"playtime":3659,"items_purged":["Strike_G","Strike_G"],"score":2112,"play_id":"70f43b21-116f-4e73-8b87-be18a5f013c5","local_time":"20201214164732","is_ascension_mode":true,"campfire_choices":[{"floor":7.0,"key":"REST"},{"data":"Crippling Poison","floor":10.0,"key":"SMITH"},{"data":"Footwork","floor":15.0,"key":"SMITH"},{"data":"Burst","floor":23.0,"key":"SMITH"},{"floor":27.0,"key":"REST"},{"data":"Footwork","floor":30.0,"key":"SMITH"},{"data":"Ghostly","floor":32.0,"key":"SMITH"},{"data":"Ghostly","floor":40.0,"key":"SMITH"},{"data":"Ghostly","floor":42.0,"key":"SMITH"},{"data":"Well Laid Plans","floor":49.0,"key":"SMITH"}],"circlet_count":0,"master_deck":["AscendersBane","Defend_G","Defend_G","Defend_G","Defend_G","Defend_G","Survivor","Neutralize","Crippling Poison+1","Quick Slash","Poisoned Stab","Quick Slash","Well Laid Plans+1","Footwork+1","Cloak And Dagger","Burst+1","After Image+1","Storm of Steel+1","Dodge and Roll+1","Deadly Poison","Ghostly+1","Ghostly+1","Ghostly+1","Writhe","Prepared+1","Footwork+1","Deflect","Deadly Poison+1","Corpse Explosion","Backflip+1","Footwork","Cloak And Dagger+1"],"relics":["Ring of the Snake","Omamori","WarpedTongs","Akabeko","Pantograph","Blue Candle","Pear","Potion Belt","Du-Vu Doll","Astrolabe","Mummified Hand","Mercury Hourglass","Toy Ornithopter","Darkstone Periapt","Blood Vial","Black Star","Red Mask","Unceasing Top","Ancient Tea Set","Meat on the Bone","Gremlin Horn","Letter Opener","Tingsha","PreservedInsect","MealTicket"],"acts_visited":["Exordium","TheCity","TheBeyond"],"potions_floor_usage":[50,50,51],"damage_taken":[{"damage":4.0,"enemies":"Small Slimes","floor":1.0,"turns":5.0},{"damage":0.0,"enemies":"Cultist","floor":3.0,"turns":4.0},{"damage":5.0,"enemies":"2 Louse","floor":4.0,"turns":3.0},{"damage":9.0,"enemies":"Exordium Thugs","floor":5.0,"turns":7.0},{"damage":17.0,"enemies":"Lagavulin","floor":6.0,"turns":6.0},{"damage":6.0,"enemies":"Gremlin Nob","floor":8.0,"turns":3.0},{"damage":9.0,"enemies":"Lagavulin","floor":11.0,"turns":5.0},{"damage":6.0,"enemies":"Gremlin Nob","floor":13.0,"turns":3.0},{"damage":3.0,"enemies":"2 Fungi Beasts","floor":14.0,"turns":3.0},{"damage":36.0,"enemies":"Slime Boss","floor":16.0,"turns":17.0},{"damage":9.0,"enemies":"Shell Parasite","floor":18.0,"turns":6.0},{"damage":7.0,"enemies":"2 Thieves","floor":22.0,"turns":4.0},{"damage":18.0,"enemies":"Book of Stabbing","floor":25.0,"turns":7.0},{"damage":4.0,"enemies":"Slavers","floor":28.0,"turns":5.0},{"damage":1.0,"enemies":"Snake Plant","floor":29.0,"turns":6.0},{"damage":3.0,"enemies":"Snecko","floor":31.0,"turns":7.0},{"damage":4.0,"enemies":"Champ","floor":33.0,"turns":17.0},{"damage":7.0,"enemies":"Orb Walker","floor":35.0,"turns":4.0},{"damage":1.0,"enemies":"3 Shapes","floor":36.0,"turns":3.0},{"damage":1.0,"enemies":"Giant Head","floor":41.0,"turns":11.0},{"damage":4.0,"enemies":"Reptomancer","floor":44.0,"turns":8.0},{"damage":1.0,"enemies":"Jaw Worm Horde","floor":45.0,"turns":7.0},{"damage":1.0,"enemies":"Nemesis","floor":46.0,"turns":9.0},{"damage":1.0,"enemies":"Spire Growth","floor":48.0,"turns":6.0},{"damage":20,"enemies":"Donu and Deca","floor":50,"turns":9},{"damage":23,"enemies":"Time Eater","floor":51,"turns":18}],"seed_played":"-7639114496736290965","potions_obtained":[{"floor":1.0,"key":"GamblersBrew"},{"floor":3.0,"key":"CunningPotion"},{"floor":11.0,"key":"LiquidMemories"},{"floor":13.0,"key":"Energy Potion"},{"floor":16.0,"key":"Strength Potion"},{"floor":22.0,"key":"FairyPotion"},{"floor":29.0,"key":"LiquidBronze"},{"floor":31.0,"key":"Block Potion"},{"floor":36.0,"key":"PowerPotion"},{"floor":44.0,"key":"SpeedPotion"}],"is_trial":false,"path_per_floor":["M","?","M","M","M","E","R","E","T","R","E","?","E","M","R","B",null,"M","?","$","?","M","R","?","E","T","R","E","M","R","M","R","B",null,"M","M","?","$","?","R","E","R","T","E","M","E","T","M","R","B","B",null],"character_chosen":"THE_SILENT","items_purchased":["Mummified Hand","Footwork"],"campfire_rested":2,"item_purchase_floors":[20,38],"current_hp_per_floor":[55,55,55,50,41,24,43,37,37,37,38,38,32,29,29,18,62,53,38,38,38,31,31,31,13,13,24,20,21,21,20,20,34,37,31,32,32,32,32,32,33,33,33,34,35,36,36,37,37,23,20],"gold":221,"neow_bonus":"RANDOM_COMMON_RELIC","is_daily":false,"chose_seed":false,"campfire_upgraded":8,"win_rate":0.0,"timestamp":1607982452,"path_taken":["M","?","M","?","M","E","R","E","T","R","E","?","E","M","R","BOSS","M","?","$","?","?","R","?","E","T","R","E","M","R","M","R","BOSS","M","M","?","$","?","R","E","R","T","E","M","E","?","?","R","BOSS","BOSS"],"items_purchased_type":["Relic","Card"],"build_version":"2020-12-13","purchased_purges":2,"victory":true,"max_hp_per_floor":[66,66,66,66,66,66,66,66,66,66,76,76,76,76,76,76,76,76,38,38,38,38,38,38,38,38,38,38,38,38,38,38,38,38,38,38,38,38,38,38,38,38,38,38,38,38,38,38,38,38,38],"card_choices":[{"not_picked":["Expertise","Slice"],"picked":"Crippling Poison","floor":1.0},{"not_picked":["Cloak And Dagger","Bane"],"picked":"Quick Slash","floor":3.0},{"not_picked":["Masterful Stab","Choke"],"picked":"Poisoned Stab","floor":4.0},{"not_picked":["Sucker Punch","Tools of the Trade"],"picked":"Quick Slash","floor":5.0},{"not_picked":["Dash","Deadly Poison"],"picked":"Well Laid Plans","floor":6.0},{"not_picked":["Slice","Expertise","Accuracy"],"picked":"SKIP","floor":8.0},{"not_picked":["Blur","Bullet Time"],"picked":"Footwork","floor":11.0},{"not_picked":["Endless Agony","Reflex"],"picked":"Cloak And Dagger","floor":13.0},{"not_picked":["Dagger Spray","Finisher","Poisoned Stab"],"picked":"SKIP","floor":14.0},{"not_picked":["A Thousand Cuts","Adrenaline"],"picked":"Burst","floor":16.0},{"not_picked":["Bane","Sucker Punch"],"picked":"Deadly Poison","floor":18.0},{"not_picked":["Flying Knee","Backflip","All Out Attack"],"picked":"SKIP","floor":22.0},{"not_picked":["Quick Slash+1","Choke+1"],"picked":"Prepared+1","floor":25.0},{"not_picked":["Bane","Backflip"],"picked":"Footwork","floor":28.0},{"not_picked":["Backflip","PiercingWail"],"picked":"Deflect","floor":29.0},{"not_picked":["Bane","Dagger Spray"],"picked":"Deadly Poison+1","floor":31.0},{"not_picked":["Die Die Die","Tools of the Trade"],"picked":"Corpse Explosion","floor":33.0},{"not_picked":["Sucker Punch","Dagger Spray","Setup"],"picked":"SKIP","floor":35.0},{"not_picked":["Acrobatics","Deadly Poison+1"],"picked":"Backflip+1","floor":36.0},{"not_picked":["Deadly Poison","Expertise","Underhanded Strike"],"picked":"SKIP","floor":41.0},{"not_picked":["Flechettes+1","Backstab","Endless Agony"],"picked":"SKIP","floor":44.0},{"not_picked":["Endless Agony+1","Sucker Punch+1"],"picked":"Cloak And Dagger+1","floor":45.0},{"not_picked":["Quick Slash+1","Prepared","Setup"],"picked":"SKIP","floor":46.0},{"not_picked":["Slice+1","Dodge and Roll","Predator"],"picked":"SKIP","floor":48.0}],"player_experience":1843905,"relics_obtained":[{"floor":6.0,"key":"Akabeko"},{"floor":8.0,"key":"Pantograph"},{"floor":9.0,"key":"Blue Candle"},{"floor":11.0,"key":"Pear"},{"floor":13.0,"key":"Du-Vu Doll"},{"floor":25.0,"key":"Toy Ornithopter"},{"floor":26.0,"key":"Darkstone Periapt"},{"floor":28.0,"key":"Blood Vial"},{"floor":41.0,"key":"Unceasing Top"},{"floor":41.0,"key":"Ancient Tea Set"},{"floor":43.0,"key":"Meat on the Bone"},{"floor":44.0,"key":"Gremlin Horn"},{"floor":44.0,"key":"Letter Opener"},{"floor":46.0,"key":"Tingsha"},{"floor":46.0,"key":"PreservedInsect"},{"floor":47.0,"key":"MealTicket"}],"event_choices":[{"damage_healed":0.0,"max_hp_gain":0.0,"max_hp_loss":0.0,"gold_gain":0.0,"event_name":"Accursed Blacksmith","player_choice":"Rummage","floor":2.0,"gold_loss":0.0,"damage_taken":0.0,"relics_obtained":["WarpedTongs"],"cards_obtained":["Pain"]},{"damage_healed":0.0,"max_hp_gain":0.0,"max_hp_loss":0.0,"gold_gain":0.0,"event_name":"Big Fish","player_choice":"Box","floor":12.0,"gold_loss":0.0,"damage_taken":0.0,"relics_obtained":["Potion Belt"],"cards_obtained":["Regret"]},{"damage_healed":0.0,"max_hp_gain":0.0,"max_hp_loss":38.0,"gold_gain":0.0,"event_name":"Ghosts","player_choice":"Became a Ghost","floor":19.0,"gold_loss":0.0,"damage_taken":0.0,"cards_obtained":["Ghostly","Ghostly","Ghostly"]},{"damage_healed":0.0,"max_hp_gain":0.0,"max_hp_loss":0.0,"gold_gain":0.0,"event_name":"FaceTrader","player_choice":"Leave","floor":21.0,"gold_loss":0.0,"damage_taken":0.0},{"damage_healed":0.0,"max_hp_gain":0.0,"max_hp_loss":0.0,"gold_gain":0.0,"event_name":"The Mausoleum","player_choice":"Opened","floor":24.0,"gold_loss":0.0,"damage_taken":0.0,"relics_obtained":["Mercury Hourglass"],"cards_obtained":["Writhe"]},{"damage_healed":0.0,"max_hp_gain":0.0,"max_hp_loss":0.0,"gold_gain":0.0,"event_name":"SensoryStone","player_choice":"Memory 1","floor":37.0,"gold_loss":0.0,"damage_taken":0.0},{"damage_healed":0.0,"max_hp_gain":0.0,"max_hp_loss":0.0,"gold_gain":0.0,"event_name":"Tomb of Lord Red Mask","player_choice":"Paid","floor":39.0,"gold_loss":43.0,"damage_taken":0.0,"relics_obtained":["Red Mask"]}],"is_beta":false,"boss_relics":[{"not_picked":["Runic Dome","HoveringKite"],"picked":"Astrolabe"},{"not_picked":["Runic Pyramid","Coffee Dripper"],"picked":"Black Star"}],"items_purged_floors":[20,38],"is_endless":false,"potions_floor_spawned":[1,3,11,13,16,22,29,31,36,44,45],"ascension_level":20}}