{"host":"dl5mjdlimopbuch5","time":1607989290,"event":{"mods":["AchievementEnabler","BaseMod","Colored Powertips","Googly Eyes","Minty Spire (QoL Compilation)","Quick Restart"],"gold_per_floor":[111,386,399,399,73,108,108,119,119,133,133,145,76,90,90,191,191,210,210,225,225,241,241,168,168,191,210,223,223,142,153,153,252,252,267,267,267,285,300,300,311,322,322,350,367,367,0,0,0,0,0],"floor_reached":50,"playtime":1324,"items_purged":[],"score":681,"play_id":"949a49ed-da6d-47e9-b64c-7c5819c665b7","local_time":"20201214234130","is_ascension_mode":true,"campfire_choices":[{"data":"Zap","floor":11.0,"key":"SMITH"},{"floor":15.0,"key":"REST"},{"floor":23.0,"key":"REST"},{"floor":25.0,"key":"REST"},{"data":"Storm","floor":32.0,"key":"SMITH"},{"data":"Storm","floor":40,"key":"SMITH"},{"data":"Redo","floor":49,"key":"SMITH"}],"circlet_count":0,"master_deck":["Strike_B","Strike_B","Strike_B","Strike_B","Defend_B","Defend_B","Defend_B","Defend_B","Zap+1","Dualcast","Storm+1","Storm+1","Redo+1","Hello World+1","Self Repair+1","Defragment+1","Machine Learning+1","Capacitor+1","Hello World+1","Ghostly","Ghostly","Ghostly","Ghostly","Ghostly","Storm+1","Echo Form+1","Electrodynamics+1","Self Repair+1"],"relics":["Cracked Core","NeowsBlessing","Pear","Lantern","Question Card","Frozen Egg 2","Sozu","Orichalcum","Bird Faced Urn","Singing Bowl","DataDisk","Red Mask"],"acts_visited":["Exordium","TheCity","TheBeyond"],"potions_floor_usage":[33],"damage_taken":[{"damage":0.0,"enemies":"Jaw Worm","floor":1.0,"turns":1.0},{"damage":0.0,"enemies":"Cultist","floor":3.0,"turns":1.0},{"damage":0.0,"enemies":"3 Sentries","floor":6.0,"turns":1.0},{"damage":4.0,"enemies":"2 Louse","floor":8.0,"turns":3.0},{"damage":16.0,"enemies":"Exordium Thugs","floor":10.0,"turns":4.0},{"damage":1.0,"enemies":"Looter","floor":12.0,"turns":2.0},{"damage":12.0,"enemies":"Exordium Wildlife","floor":14.0,"turns":4.0},{"damage":38.0,"enemies":"Slime Boss","floor":16.0,"turns":6.0},{"damage":12.0,"enemies":"Chosen","floor":18.0,"turns":3.0},{"damage":23.0,"enemies":"Shell Parasite","floor":20.0,"turns":3.0},{"damage":51.0,"enemies":"Chosen and Byrds","floor":22.0,"turns":5.0},{"damage":44.0,"enemies":"3 Cultists","floor":27.0,"turns":5.0},{"damage":12.0,"enemies":"Snake Plant","floor":28.0,"turns":3.0},{"damage":0.0,"enemies":"Shelled Parasite and Fungi","floor":31.0,"turns":3.0},{"damage":4,"enemies":"Champ","floor":33,"turns":7},{"damage":10,"enemies":"Orb Walker","floor":35,"turns":3},{"damage":0,"enemies":"3 Shapes","floor":38,"turns":2},{"damage":0,"enemies":"Transient","floor":39,"turns":5},{"damage":10,"enemies":"Jaw Worm Horde","floor":41,"turns":3},{"damage":0,"enemies":"Maw","floor":42,"turns":6},{"damage":0,"enemies":"Nemesis","floor":44,"turns":6},{"damage":29,"enemies":"3 Darklings","floor":45,"turns":3},{"damage":54,"enemies":"Awakened One","floor":50,"turns":3}],"seed_played":"6814283472980781252","potions_obtained":[{"floor":1.0,"key":"Weak Potion"},{"floor":3.0,"key":"LiquidMemories"},{"floor":10.0,"key":"DistilledChaos"},{"floor":16.0,"key":"ColorlessPotion"}],"is_trial":false,"path_per_floor":["M","?","M","?","$","E","?","M","T","M","R","M","$","M","R","B",null,"M","?","M","?","M","R","$","R","T","M","M","?","$","M","R","B",null,"M","$","?","M","M","R","M","M","T","E","M","?","?","?","R","B"],"character_chosen":"DEFECT","items_purchased":["Lantern","Storm","Fruit Juice","Defragment+1","Hello World+1","Storm+1"],"campfire_rested":3,"item_purchase_floors":[5,5,5,13,24,30],"current_hp_per_floor":[75,75,75,82,87,87,80,76,76,60,60,59,59,57,84,56,90,88,88,75,57,16,44,44,72,72,28,26,26,26,36,36,42,47,37,37,37,47,47,47,39,47,47,49,46,46,46,46,46,0,0],"gold":0,"neow_bonus":"THREE_ENEMY_KILL","is_daily":false,"chose_seed":false,"campfire_upgraded":4,"win_rate":0.0,"timestamp":1607989290,"path_taken":["M","?","?","?","?","E","?","?","T","M","R","M","$","?","R","BOSS","M","?","M","?","M","R","$","R","T","M","M","?","?","M","R","BOSS","M","?","?","?","?","R","M","M","T","E","M","?","?","?","R","BOSS"],"items_purchased_type":["Relic","Card","Potion","Card","Card","Card"],"build_version":"2020-12-13","purchased_purges":0,"victory":false,"max_hp_per_floor":[75,75,75,85,90,90,90,90,90,90,90,90,90,90,90,90,90,90,90,90,95,95,95,95,95,95,95,95,47,47,47,47,47,47,47,47,47,47,47,47,47,47,47,49,51,48,48,48,48,48,48],"card_choices":[{"not_picked":["Undo","Recycle","Leap"],"picked":"SKIP","floor":1.0},{"not_picked":["Melter","Go for the Eyes"],"picked":"Storm","floor":3.0},{"not_picked":["Streamline","Stack","Force Field"],"picked":"SKIP","floor":6.0},{"not_picked":["Coolheaded","Rebound","Seek"],"picked":"Redo","floor":8.0},{"not_picked":["Rip and Tear","Steam","Sweeping Beam"],"picked":"Hello World+1","floor":10.0},{"not_picked":["Consume","Recycle","Leap"],"picked":"Self Repair+1","floor":12.0},{"not_picked":["Cold Snap","Stack","Go for the Eyes","Sweeping Beam"],"picked":"SKIP","floor":14.0},{"not_picked":["Amplify","Meteor Strike","Reboot"],"picked":"Machine Learning+1","floor":16.0},{"not_picked":["Reinforced Body","Gash","Redo"],"picked":"Capacitor+1","floor":18.0},{"not_picked":["Sweeping Beam","Rebound","Glacier","Doom and Gloom"],"picked":"SKIP","floor":20.0},{"not_picked":["Steam+1","Cold Snap","Hologram+1","Recycle"],"picked":"SKIP","floor":22.0},{"not_picked":["Go for the Eyes","Redo","Compile Driver","Aggregate"],"picked":"SKIP","floor":27.0},{"not_picked":["Conserve Battery","Doom and Gloom","White Noise","FTL+1"],"picked":"SKIP","floor":28.0},{"not_picked":["Barrage+1","Consume","Glacier"],"picked":"Echo Form+1","floor":31.0},{"not_picked":["Hyperbeam","Amplify","Core Surge"],"picked":"Electrodynamics+1","floor":33},{"not_picked":["Ball Lightning+1","Tempest","Streamline","Sweeping Beam+1"],"picked":"SKIP","floor":35},{"not_picked":["Go for the Eyes+1","Echo Form+1","Rebound","Conserve Battery"],"picked":"SKIP","floor":38},{"not_picked":["Recycle+1","Coolheaded+1","Tempest"],"picked":"Self Repair+1","floor":39},{"not_picked":["White Noise","Loop+1","Gash+1","Turbo+1"],"picked":"SKIP","floor":41},{"not_picked":["Redo","Lockon+1","BootSequence","Barrage"],"picked":"SKIP","floor":42},{"not_picked":["Hologram","Melter","Lockon","Darkness+1"],"picked":"Singing Bowl","floor":44},{"not_picked":["Loop+1","Multi-Cast","Reprogram","Barrage+1"],"picked":"Singing Bowl","floor":45}],"player_experience":223806,"relics_obtained":[{"floor":6.0,"key":"Question Card"},{"floor":9.0,"key":"Frozen Egg 2"},{"floor":26.0,"key":"Orichalcum"},{"floor":43,"key":"Singing Bowl"},{"floor":44,"key":"DataDisk"}],"event_choices":[{"damage_healed":0.0,"max_hp_gain":0.0,"max_hp_loss":0.0,"gold_gain":275.0,"event_name":"Golden Shrine","player_choice":"Desecrate","floor":2.0,"gold_loss":0.0,"damage_taken":0.0,"cards_obtained":["Regret"]},{"damage_healed":0.0,"max_hp_gain":0.0,"max_hp_loss":0.0,"gold_gain":0.0,"event_name":"Scrap Ooze","player_choice":"Success","floor":4.0,"gold_loss":0.0,"damage_taken":3.0,"relics_obtained":["Pear"]},{"cards_removed":["Regret"],"damage_healed":0.0,"max_hp_gain":0.0,"max_hp_loss":0.0,"gold_gain":0.0,"event_name":"Golden Wing","player_choice":"Card Removal","floor":7.0,"gold_loss":0.0,"damage_taken":7.0},{"damage_healed":0.0,"max_hp_gain":0.0,"max_hp_loss":0.0,"gold_gain":0.0,"event_name":"Vampires","player_choice":"Ignored","floor":19.0,"gold_loss":0.0,"damage_taken":0.0},{"damage_healed":0.0,"max_hp_gain":5.0,"max_hp_loss":0.0,"gold_gain":0.0,"event_name":"Forgotten Altar","player_choice":"Shed Blood","floor":21.0,"gold_loss":0.0,"damage_taken":23.0},{"damage_healed":0.0,"max_hp_gain":0.0,"max_hp_loss":48.0,"gold_gain":0.0,"event_name":"Ghosts","player_choice":"Became a Ghost","floor":29.0,"gold_loss":0.0,"damage_taken":0.0,"cards_obtained":["Ghostly","Ghostly","Ghostly","Ghostly","Ghostly"]},{"damage_healed":0,"gold_gain":0,"player_choice":"Gave Potion","damage_taken":0,"relics_obtained":["Bird Faced Urn"],"max_hp_gain":0,"max_hp_loss":0,"event_name":"WeMeetAgain","floor":37,"gold_loss":0},{"damage_healed":0,"gold_gain":0,"player_choice":"Max HP","damage_taken":0,"max_hp_gain":0,"max_hp_loss":3,"event_name":"Winding Halls","floor":46,"gold_loss":0},{"damage_healed":0,"gold_gain":0,"player_choice":"Paid","damage_taken":0,"relics_obtained":["Red Mask"],"max_hp_gain":0,"max_hp_loss":0,"event_name":"Tomb of Lord Red Mask","floor":47,"gold_loss":367},{"damage_healed":0,"gold_gain":0,"player_choice":"Memory 1","damage_taken":0,"max_hp_gain":0,"max_hp_loss":0,"event_name":"SensoryStone","floor":48,"gold_loss":0}],"is_beta":false,"boss_relics":[{"not_picked":["Runic Pyramid","Empty Cage"],"picked":"Sozu"},{"not_picked":["FrozenCore","Coffee Dripper","Snecko Eye"]}],"items_purged_floors":[],"is_endless":false,"potions_floor_spawned":[1,3,10,16,27,31,33,35,42,44],"killed_by":"Awakened One","ascension_level":4}}