{"host":"a0bi5e935fpwrwib","time":1607970093,"event":{"mods":["AchievementEnabler","BaseMod","BetterRewards","Colored Powertips","Hubris","Minty Spire (QoL Compilation)","Rare Cards Sparkle","Relic Stats","Replay The Spire","Spicy Shops","StSLib"],"gold_per_floor":[115,115,115,125,136,136,164,164,164,176,208,17,44,62,62,165,165,182,107,107,107,134,176,188,188],"floor_reached":24,"playtime":1593,"items_purged":[],"score":382,"play_id":"3299730e-c483-402c-9ebb-95e4ae23bd85","local_time":"20201214122133","is_ascension_mode":true,"campfire_choices":[{"data":"Armaments","floor":6,"key":"SMITH"},{"floor":8,"key":"REST"},{"floor":15,"key":"REST"}],"circlet_count":0,"master_deck":["Strike_R","Strike_R","Strike_R","Strike_R","Defend_R","Defend_R","Defend_R","Defend_R","Bash","Wild Strike","Armaments+1","Blood for Blood","Shrug It Off","Limit Break","Wild Strike","Heavy Blade","Demon Form","Fire Breathing+1","hubris:Lust","Hemokinesis"],"relics":["Burning Blood","Champion Belt","ReplayTheSpireMod:Spearhead","hubris:Icosahedron","Tiny Chest","Happy Flower","Chameleon Ring","Membership Card","Replay:Wax Seal","hubris:OldNail","Black Star","StoneCalendar","Nilry\u0027s Codex","MawBank","Torii","Ice Cream"],"acts_visited":["Exordium","TheCity"],"potions_floor_usage":[7,11,14],"damage_taken":[{"damage":2.0,"enemies":"2 Louse","floor":1.0,"turns":3.0},{"damage":10.0,"enemies":"Small Slimes","floor":4.0,"turns":2.0},{"damage":0,"enemies":"Cultist","floor":5,"turns":2},{"damage":44,"enemies":"3 Sentries","floor":7,"turns":10},{"damage":14,"enemies":"Looter","floor":10,"turns":3},{"damage":43,"enemies":"Gremlin Nob","floor":11,"turns":4},{"damage":23,"enemies":"Lagavulin","floor":13,"turns":7},{"damage":6,"enemies":"3 Louse","floor":14,"turns":2},{"damage":38,"enemies":"Slime Boss","floor":16,"turns":8},{"damage":29,"enemies":"Spheric Guardian","floor":18,"turns":5},{"damage":40,"enemies":"Gremlin Leader","floor":23,"turns":6},{"damage":19,"enemies":"Shell Parasite","floor":24,"turns":3}],"seed_played":"5481435285573503329","potions_obtained":[{"floor":1.0,"key":"BloodPotion"},{"floor":11,"key":"Fruit Juice"},{"floor":13,"key":"ColorlessPotion"}],"is_trial":false,"path_per_floor":["M","?","?","M","M","R","E","R","T","M","E","$","E","M","R","B",null,"M","?","?","?","T","E","M"],"character_chosen":"IRONCLAD","items_purchased":["ReplayTheSpireMod:Spearhead","Membership Card","Replay:Wax Seal"],"campfire_rested":2,"item_purchase_floors":[0,12,12],"current_hp_per_floor":[67,67,67,63,69,69,47,71,71,63,31,31,14,14,39,7,85,62,62,62,46,46,12,0,0],"gold":188,"neow_bonus":"","is_daily":false,"chose_seed":false,"campfire_upgraded":1,"win_rate":0.0,"timestamp":1607970093,"path_taken":["M","?","?","M","M","R","E","R","T","M","E","$","E","M","R","BOSS","M","?","?","?","?","E","M"],"items_purchased_type":["Relic","Relic","Relic"],"build_version":"2020-12-13","purchased_purges":0,"victory":false,"max_hp_per_floor":[80,80,80,80,80,80,80,80,80,80,85,85,85,85,85,85,85,85,85,85,85,85,85,85,85],"relic_stats":{"Happy Flower":[12],"Torii":1,"counters":[81,288],"Tiny Chest":1,"StoneCalendar":[0],"Black Star":1,"Champion Belt":[10],"MawBank":24,"obtain_stats":[{"Ice Cream":23,"Golden Egg":20,"hubris:CrystalStatue":0,"Tiny House":17,"Gremlin Horn":22,"Nilry\u0027s Codex":21,"CeramicFish":42,"Ginger":42,"Sling":0,"VioletLotus":34,"Replay:Wax Seal":0,"Happy Flower":9,"Blue Candle":24,"hubris:FruitBowl":22,"Eternal Feather":31,"Pen Nib":9,"hubris:Zylophone":0,"ReplayTheSpireMod:Spearhead":0,"Bronze Scales":43,"Molten Egg 2":19,"Simple Rune":0,"hubris:PeanutButter":9,"Onion Ring":9,"Black Star":17,"ReplayFunnel":17,"Lantern":43,"Torii":0,"Enchiridion":24,"StoneCalendar":20,"Replay:Multitool":0,"Juzu Bracelet":0,"Incense Burner":0,"Ancient Tea Set":6,"Burning Blood":0,"hubris:BlackHole":34,"Nunchaku":29,"Shovel":46,"hubris:Icosahedron":4,"hubris:Backtick":17,"Matryoshka":26,"Chameleon Ring":11,"Mummified Hand":22,"Tiny Chest":7,"Red Mask":19,"Potion Belt":31,"hubris:DisguiseKit":6,"BargainBundle":0,"Lee\u0027s Waffle":0,"Replay:M_StaffOfTheSnake":3,"ReplayTheSpireMod:Ninjato":39,"Guide Book":20,"Quantum Egg":6,"Thread and Needle":43,"PreservedInsect":36,"MawBank":22,"Pondfish Scales":0,"CaptainsWheel":11,"Ring of Misfortune":36,"hubris:GrandSneckoEye":17,"Garlic":28,"Art of War":40,"Membership Card":0,"Champion Belt":0,"PureWater":0,"ReplayTheSpireMod:Ring of Challenge":36,"TungstenRod":19,"hubris:OldNail":0},{"Ice Cream":80,"Golden Egg":13,"hubris:CrystalStatue":1,"Tiny House":12,"Gremlin Horn":27,"Nilry\u0027s Codex":79,"CeramicFish":39,"Ginger":65,"Sling":43,"VioletLotus":61,"Replay:Wax Seal":1,"Happy Flower":73,"Blue Candle":28,"hubris:FruitBowl":27,"Eternal Feather":33,"Pen Nib":7,"hubris:Zylophone":1,"ReplayTheSpireMod:Spearhead":69,"Bronze Scales":65,"Molten Egg 2":13,"Simple Rune":16,"hubris:PeanutButter":20,"Onion Ring":47,"Black Star":78,"ReplayFunnel":52,"Lantern":65,"Torii":1,"Enchiridion":56,"StoneCalendar":79,"Replay:Multitool":1,"Juzu Bracelet":1,"Incense Burner":16,"Ancient Tea Set":19,"Burning Blood":0,"hubris:BlackHole":34,"Nunchaku":58,"Shovel":41,"hubris:Icosahedron":45,"hubris:Backtick":52,"Matryoshka":57,"Chameleon Ring":75,"Mummified Hand":27,"Tiny Chest":73,"Red Mask":54,"Potion Belt":60,"hubris:DisguiseKit":5,"BargainBundle":16,"Lee\u0027s Waffle":43,"Replay:M_StaffOfTheSnake":17,"ReplayTheSpireMod:Ninjato":63,"Guide Book":13,"Quantum Egg":46,"Thread and Needle":39,"PreservedInsect":35,"MawBank":79,"Pondfish Scales":1,"CaptainsWheel":9,"Ring of Misfortune":62,"hubris:GrandSneckoEye":24,"Garlic":57,"Art of War":64,"Membership Card":1,"Champion Belt":69,"PureWater":0,"ReplayTheSpireMod:Ring of Challenge":62,"TungstenRod":13,"hubris:OldNail":16},{"Ice Cream":285,"Golden Egg":57,"hubris:CrystalStatue":3,"Tiny House":52,"Gremlin Horn":108,"Nilry\u0027s Codex":279,"CeramicFish":142,"Ginger":222,"Sling":157,"VioletLotus":210,"Replay:Wax Seal":3,"Happy Flower":250,"Blue Candle":112,"hubris:FruitBowl":108,"Eternal Feather":125,"Pen Nib":29,"hubris:Zylophone":3,"ReplayTheSpireMod:Spearhead":233,"Bronze Scales":222,"Molten Egg 2":57,"Simple Rune":75,"hubris:PeanutButter":84,"Onion Ring":169,"Black Star":274,"ReplayFunnel":183,"Lantern":222,"Torii":3,"Enchiridion":195,"StoneCalendar":279,"Replay:Multitool":3,"Juzu Bracelet":3,"Incense Burner":75,"Ancient Tea Set":83,"Burning Blood":0,"hubris:BlackHole":130,"Nunchaku":199,"Shovel":148,"hubris:Icosahedron":164,"hubris:Backtick":183,"Matryoshka":198,"Chameleon Ring":257,"Mummified Hand":108,"Tiny Chest":250,"Red Mask":189,"Potion Belt":206,"hubris:DisguiseKit":19,"BargainBundle":75,"Lee\u0027s Waffle":157,"Replay:M_StaffOfTheSnake":78,"ReplayTheSpireMod:Ninjato":217,"Guide Book":57,"Quantum Egg":166,"Thread and Needle":142,"PreservedInsect":132,"MawBank":279,"Pondfish Scales":3,"CaptainsWheel":36,"Ring of Misfortune":213,"hubris:GrandSneckoEye":98,"Garlic":198,"Art of War":221,"Membership Card":3,"Champion Belt":233,"PureWater":0,"ReplayTheSpireMod:Ring of Challenge":213,"TungstenRod":57,"hubris:OldNail":75}],"Burning Blood":66},"card_choices":[{"not_picked":["Anger","Dual Wield"],"picked":"Wild Strike","floor":1.0},{"not_picked":["Clothesline","hubris:SharpeningStone","True Grit"],"picked":"SKIP","floor":4.0},{"not_picked":["Disarm","Second Wind"],"picked":"Armaments","floor":5},{"not_picked":["Headbutt","hubris:ReadiedAction"],"picked":"Blood for Blood","floor":7},{"not_picked":["Havoc","Pommel Strike"],"picked":"Shrug It Off","floor":10},{"not_picked":["Iron Wave","Clash"],"picked":"Limit Break","floor":11},{"not_picked":["Sword Boomerang","hubris:SharpeningStone"],"picked":"Wild Strike","floor":13},{"not_picked":["Anger","Dark Embrace"],"picked":"Heavy Blade","floor":14},{"not_picked":["Immolate","Eclipse"],"picked":"Demon Form","floor":16},{"not_picked":["Wild Strike","Sword Boomerang"],"picked":"Fire Breathing+1","floor":18},{"not_picked":["Barricade","Anger"],"picked":"Hemokinesis","floor":23}],"player_experience":135593,"relics_obtained":[{"floor":7,"key":"Tiny Chest"},{"floor":9,"key":"Happy Flower"},{"floor":11,"key":"Chameleon Ring"},{"floor":13,"key":"hubris:OldNail"},{"floor":21,"key":"Nilry\u0027s Codex"},{"floor":22,"key":"MawBank"},{"floor":23,"key":"Torii"},{"floor":23,"key":"Ice Cream"}],"event_choices":[{"damage_healed":0.0,"max_hp_gain":0.0,"max_hp_loss":0.0,"gold_gain":0.0,"event_name":"Liars Game","player_choice":"Ignored","floor":3.0,"gold_loss":0.0,"damage_taken":0.0},{"cards_removed":["Strike_R"],"damage_healed":0,"gold_gain":0,"player_choice":"Gave Gold","damage_taken":0,"max_hp_gain":0,"max_hp_loss":0,"event_name":"Beggar","floor":19,"gold_loss":75},{"damage_healed":0,"gold_gain":0,"player_choice":"Obtained Book","damage_taken":16,"max_hp_gain":0,"max_hp_loss":0,"event_name":"Cursed Tome","floor":21,"gold_loss":0}],"is_beta":false,"boss_relics":[{"not_picked":["Busted Crown","Replay:Wanted Poster"],"picked":"Black Star"}],"items_purged_floors":[],"is_endless":false,"potions_floor_spawned":[1,11,13],"killed_by":"Shell Parasite","ascension_level":3}}