{"host":"x4c6k4e2834hi7xs","time":1607987151,"event":{"mods":["AchievementEnabler","Act Like it!","BaseMod","Beaked The Cultist","Minty Spire (QoL Compilation)","Relic Stats","Robot Space Explorer","StSLib","The Bladedancer","The Dragon Tamer","The Gatherer","The Mystic","The Servant 0.9.4"],"gold_per_floor":[218,393,124,139,139,139,160,160,160,185,228,248,289,305,305,436,436,449,449,629,109,123,123,141,158,208,208,225,225,259,270,270,365,365,377,377,84,99,117,143,143,175,175,186,186,186,186,206,206,206],"floor_reached":51,"playtime":2088,"items_purged":["Doubt"],"score":789,"play_id":"36d75752-67d7-4e02-abb7-cd8d3312540b","local_time":"20201214170551","is_ascension_mode":false,"campfire_choices":[{"data":"beaked:Foresight","floor":6.0,"key":"SMITH"},{"data":"beaked:Roost","floor":15.0,"key":"SMITH"},{"data":"beaked:Poke","floor":23.0,"key":"SMITH"},{"data":"beaked:Ceremony","floor":27.0,"key":"SMITH"},{"data":"beaked:HuntressSpirit","floor":32.0,"key":"SMITH"},{"data":"beaked:Ceremony","floor":41.0,"key":"SMITH"},{"floor":49,"key":"REST"}],"circlet_count":0,"master_deck":["beaked:Strike_Y","beaked:Strike_Y","beaked:Strike_Y","beaked:Strike_Y","beaked:Strike_Y","beaked:Strike_Y","beaked:Defend_Y","beaked:Defend_Y","beaked:Defend_Y","beaked:Defend_Y","beaked:Ceremony+1","beaked:Ceremony","beaked:Ceremony+1","beaked:Foresight+1","beaked:Windmill","beaked:WindBringer","beaked:WarriorEssence","beaked:Roost+1","beaked:Poke+1","beaked:KnowThyFoe","beaked:WarriorEssence","Swift Strike","beaked:Windmill","beaked:Recite+1","beaked:WarriorEssence","beaked:HuntressSpirit+1","beaked:DigDeep+1","beaked:CursingBlood+1","beaked:WarriorSpirit+1","beaked:Brainwash","beaked:MachineSpirit","beaked:Brace"],"relics":["beaked:BlessedCoat","Sling","Bloody Idol","Mercury Hourglass","Anchor","Art of War","Sozu","DollysMirror","Pear","PreservedInsect","MutagenicStrength","Kunai","TungstenRod","Singing Bowl","Vajra"],"acts_visited":["Exordium","TheCity","TheBeyond"],"potions_floor_usage":[],"damage_taken":[{"damage":9.0,"enemies":"Small Slimes","floor":1.0,"turns":5.0},{"damage":6.0,"enemies":"Jaw Worm","floor":4.0,"turns":4.0},{"damage":9.0,"enemies":"2 Louse","floor":7.0,"turns":5.0},{"damage":0.0,"enemies":"Lots of Slimes","floor":10.0,"turns":1.0},{"damage":20.0,"enemies":"Gremlin Nob","floor":11.0,"turns":4.0},{"damage":2.0,"enemies":"Looter","floor":12.0,"turns":3.0},{"damage":10.0,"enemies":"Lagavulin","floor":13.0,"turns":5.0},{"damage":0.0,"enemies":"3 Louse","floor":14.0,"turns":1.0},{"damage":42.0,"enemies":"The Guardian","floor":16.0,"turns":13.0},{"damage":9.0,"enemies":"3 Byrds","floor":18.0,"turns":4.0},{"damage":8.0,"enemies":"2 Thieves","floor":22.0,"turns":4.0},{"damage":26.0,"enemies":"Snake Plant","floor":24.0,"turns":7.0},{"damage":22.0,"enemies":"Shelled Parasite and Fungi","floor":25.0,"turns":5.0},{"damage":33.0,"enemies":"Sentry and Sphere","floor":28.0,"turns":4.0},{"damage":0.0,"enemies":"Slavers","floor":30.0,"turns":1.0},{"damage":13.0,"enemies":"Chosen and Byrds","floor":31.0,"turns":7.0},{"damage":73.0,"enemies":"Collector","floor":33.0,"turns":9.0},{"damage":8.0,"enemies":"Orb Walker","floor":35.0,"turns":3.0},{"damage":19.0,"enemies":"3 Darklings","floor":38.0,"turns":4.0},{"damage":45.0,"enemies":"4 Shapes","floor":39.0,"turns":8.0},{"damage":37.0,"enemies":"Reptomancer","floor":40.0,"turns":7.0},{"damage":75.0,"enemies":"Giant Head","floor":42.0,"turns":7.0},{"damage":45.0,"enemies":"Transient","floor":44.0,"turns":5.0},{"damage":55.0,"enemies":"Maw","floor":48.0,"turns":7.0},{"damage":45,"enemies":"Time Eater","floor":50,"turns":14}],"seed_played":"6082912572105085198","potions_obtained":[{"floor":4.0,"key":"AttackPotion"},{"floor":7.0,"key":"AttackPotion"},{"floor":11.0,"key":"BlessingOfTheForge"},{"floor":12.0,"key":"BlessingOfTheForge"},{"floor":16.0,"key":"Fire Potion"}],"is_trial":false,"path_per_floor":["M","?","$","M","?","R","M","?","T","M","E","M","E","M","R","B",null,"M","?","?","$","M","R","M","M","T","R","M","?","E","M","R","B",null,"M","?","$","M","M","E","R","E","T","M","?","?","?","M","R","B",null],"character_chosen":"BEAKED_THE_CULTIST","items_purchased":["beaked:Windmill","Sling","DollysMirror","Pear","Swift Strike","beaked:Windmill","TungstenRod"],"campfire_rested":1,"item_purchase_floors":[3,3,21,21,21,21,37],"current_hp_per_floor":[47,47,47,50,46,46,46,46,46,46,39,45,42,43,43,49,49,48,48,39,49,59,59,52,59,59,59,36,36,46,59,59,59,59,59,56,56,51,48,51,51,18,18,20,20,22,22,22,41,64],"gold":206,"neow_bonus":"HUNDRED_GOLD","is_daily":false,"chose_seed":false,"campfire_upgraded":6,"win_rate":0.0,"timestamp":1607987151,"path_taken":["M","?","$","M","?","R","M","?","T","M","E","?","E","M","R","BOSS","M","?","?","$","M","R","?","M","T","R","M","?","E","M","R","BOSS","M","?","$","M","M","E","R","E","T","M","?","?","?","M","R","BOSS"],"items_purchased_type":["Card","Relic","Relic","Relic","Card","Card","Relic"],"build_version":"2020-12-13","purchased_purges":1,"victory":true,"max_hp_per_floor":[50,50,50,50,46,46,46,46,46,46,49,49,49,49,49,49,49,49,49,49,59,59,59,59,59,59,59,59,59,59,59,59,59,59,59,56,56,56,56,58,58,58,58,60,60,62,62,64,64,64],"relic_stats":{"Sozu":6,"Singing Bowl":8,"counters":[25,136],"Bloody Idol":66,"PreservedInsect":224,"Art of War":[20],"Kunai":[23],"obtain_stats":[{"Pear":21,"Singing Bowl":40,"Golden Idol":5,"Vajra":42,"PreservedInsect":26,"Sling":3,"beaked:BlessedCoat":34,"Mercury Hourglass":9,"Sozu":17,"Anchor":11,"DollysMirror":21,"Bloody Idol":19,"MutagenicStrength":29,"Art of War":13,"Kunai":30,"beaked:MendingPlumage":0,"TungstenRod":37},{"Pear":10,"Singing Bowl":21,"Golden Idol":2,"Vajra":22,"PreservedInsect":13,"Sling":1,"beaked:BlessedCoat":17,"Mercury Hourglass":3,"Sozu":9,"Anchor":5,"DollysMirror":10,"Bloody Idol":10,"MutagenicStrength":14,"Art of War":7,"Kunai":15,"beaked:MendingPlumage":0,"TungstenRod":18},{"Pear":45,"Singing Bowl":103,"Golden Idol":9,"Vajra":110,"PreservedInsect":61,"Sling":5,"beaked:BlessedCoat":82,"Mercury Hourglass":14,"Sozu":41,"Anchor":19,"DollysMirror":45,"Bloody Idol":45,"MutagenicStrength":65,"Art of War":27,"Kunai":66,"beaked:MendingPlumage":0,"TungstenRod":85}],"TungstenRod":37,"Mercury Hourglass":[504]},"card_choices":[{"not_picked":["beaked:Flinch","beaked:FeelMyPain"],"picked":"beaked:Foresight","floor":1.0},{"not_picked":["beaked:Hexing","beaked:BraceForImpact"],"picked":"beaked:WindBringer","floor":4.0},{"not_picked":["beaked:Daydream","beaked:TuckingFeathers"],"picked":"beaked:WarriorEssence","floor":7.0},{"not_picked":["beaked:Devastation","beaked:SurvivalInstinct","beaked:BarbedWire"],"picked":"SKIP","floor":10.0},{"not_picked":["beaked:SurvivalInstinct","beaked:HuntressEssence"],"picked":"beaked:Roost","floor":11.0},{"not_picked":["beaked:Resilience","beaked:Redirect"],"picked":"beaked:Poke","floor":12.0},{"not_picked":["beaked:Tradeoff","beaked:FeelMyPain","beaked:DigDeeper"],"picked":"SKIP","floor":13.0},{"not_picked":["beaked:MachineSpirit","beaked:Foresight","beaked:Molting"],"picked":"SKIP","floor":14.0},{"not_picked":["beaked:FakeOut","beaked:LiftOff"],"picked":"beaked:KnowThyFoe","floor":16.0},{"not_picked":["beaked:Poke","beaked:Resilience","beaked:BarbedWire"],"picked":"SKIP","floor":18.0},{"not_picked":["beaked:MachineSpirit","beaked:BloodRitual"],"picked":"beaked:Recite+1","floor":22.0},{"not_picked":["beaked:Windmill","beaked:Evade"],"picked":"beaked:WarriorEssence","floor":24.0},{"not_picked":["beaked:Flinch+1","beaked:MimicHuntress+1"],"picked":"beaked:HuntressSpirit","floor":25.0},{"not_picked":["beaked:Resilience+1","beaked:Redirect"],"picked":"beaked:DigDeep+1","floor":28.0},{"not_picked":["beaked:Brace","beaked:MaddeningMurmurs"],"picked":"beaked:CursingBlood+1","floor":30.0},{"not_picked":["beaked:BarbedWire","beaked:Mantra"],"picked":"beaked:WarriorSpirit+1","floor":31.0},{"not_picked":["beaked:Tradeoff+1","beaked:DigDeep","beaked:Insight+1"],"picked":"SKIP","floor":35.0},{"not_picked":["beaked:Cower+1","beaked:TuckingFeathers"],"picked":"beaked:Brainwash","floor":38.0},{"not_picked":["beaked:Hexing","beaked:SurvivalInstinct+1"],"picked":"beaked:MachineSpirit","floor":39.0},{"not_picked":["beaked:Windmill","beaked:SurvivalInstinct+1","beaked:Caw"],"picked":"Singing Bowl","floor":40.0},{"not_picked":["beaked:Negation+1","beaked:WarriorEssence+1"],"picked":"beaked:Brace","floor":42.0},{"not_picked":["beaked:SurvivalInstinct+1","beaked:Cower","beaked:Evade+1"],"picked":"Singing Bowl","floor":44.0},{"not_picked":["Blind","Dramatic Entrance","Jack Of All Trades"],"picked":"Singing Bowl","floor":46.0},{"not_picked":["beaked:Daydream+1","beaked:Resilience+1","beaked:Brainwash"],"picked":"Singing Bowl","floor":48.0}],"player_experience":185006,"relics_obtained":[{"floor":9.0,"key":"Mercury Hourglass"},{"floor":11.0,"key":"Anchor"},{"floor":13.0,"key":"Art of War"},{"floor":26.0,"key":"PreservedInsect"},{"floor":30.0,"key":"Kunai"},{"floor":40.0,"key":"Singing Bowl"},{"floor":42.0,"key":"Vajra"}],"event_choices":[{"damage_healed":0.0,"max_hp_gain":0.0,"max_hp_loss":0.0,"gold_gain":175.0,"event_name":"Liars Game","player_choice":"AGREE","floor":2.0,"gold_loss":0.0,"damage_taken":0.0,"cards_obtained":["Doubt"]},{"damage_healed":0.0,"max_hp_gain":0.0,"max_hp_loss":4.0,"gold_gain":0.0,"event_name":"Golden Idol","player_choice":"Lose Max HP","floor":5.0,"gold_loss":0.0,"damage_taken":0.0,"relics_obtained":["Golden Idol"]},{"damage_healed":0.0,"max_hp_gain":0.0,"max_hp_loss":0.0,"gold_gain":0.0,"event_name":"NoteForYourself","player_choice":"Ignored","floor":8.0,"gold_loss":0.0,"damage_taken":0.0},{"damage_healed":0.0,"max_hp_gain":0.0,"max_hp_loss":0.0,"gold_gain":0.0,"event_name":"Forgotten Altar","player_choice":"Gave Idol","floor":19.0,"relics_lost":["Golden Idol"],"gold_loss":0.0,"damage_taken":0.0,"relics_obtained":["Bloody Idol"]},{"damage_healed":0.0,"max_hp_gain":0.0,"max_hp_loss":0.0,"gold_gain":180.0,"event_name":"Knowing Skull","player_choice":"GOLD GOLD ","floor":20.0,"potions_obtained":[],"gold_loss":0.0,"damage_taken":19.0,"cards_obtained":[]},{"damage_healed":0.0,"max_hp_gain":0.0,"max_hp_loss":0.0,"gold_gain":0.0,"event_name":"Drug Dealer","player_choice":"Inject Mutagens","floor":29.0,"gold_loss":0.0,"damage_taken":0.0,"relics_obtained":["MutagenicStrength"]},{"damage_healed":0.0,"max_hp_gain":0.0,"max_hp_loss":3.0,"gold_gain":0.0,"event_name":"Winding Halls","player_choice":"Max HP","floor":36.0,"gold_loss":0.0,"damage_taken":0.0},{"damage_healed":0.0,"max_hp_gain":0.0,"max_hp_loss":0.0,"gold_gain":0.0,"event_name":"Tomb of Lord Red Mask","player_choice":"Ignored","floor":45.0,"gold_loss":0.0,"damage_taken":0.0},{"damage_healed":0.0,"max_hp_gain":0.0,"max_hp_loss":0.0,"gold_gain":0.0,"event_name":"SensoryStone","player_choice":"Memory 1","floor":46.0,"gold_loss":0.0,"damage_taken":0.0},{"damage_healed":0.0,"max_hp_gain":0.0,"max_hp_loss":0.0,"gold_gain":0.0,"event_name":"The Woman in Blue","player_choice":"Bought 0 Potions","floor":47.0,"gold_loss":0.0,"damage_taken":0.0}],"is_beta":false,"boss_relics":[{"not_picked":["Busted Crown","Pandora\u0027s Box"],"picked":"Sozu"},{"not_picked":["Velvet Choker","beaked:FlawlessSticks"],"picked":"beaked:BlessedCoat"}],"items_purged_floors":[3],"is_endless":false,"potions_floor_spawned":[4,7,11,12,16,22,25,28,30,38,48],"ascension_level":0}}