{"host":"d569f3pn9qirmvjg","time":1607973451,"event":{"mods":["AchievementEnabler","Act Like it!","BaseMod","Colored Powertips","Downfall","Hallownest","Hermit","Minty Spire (QoL Compilation)","Replay The Spire","StSLib","The Bug Knight","The Cursed","The Disciple","The Hierophant"],"gold_per_floor":[199,216,141,141,173,173,198,217,317,242,242,315,333,390,407,512,512,512,512,512,524,552,552,552,575,575,600,624,549,649,649,649,669,669,669],"floor_reached":34,"playtime":2550,"items_purged":[],"score":308,"play_id":"78657c1e-d2c0-4976-800b-eb439c2b1d49","local_time":"20201214141731","is_ascension_mode":true,"campfire_choices":[{"floor":1,"key":"RECALL"},{"data":"hexamod:Float","floor":3,"key":"SMITH"},{"data":"hexamod:FastForward","floor":6,"key":"SMITH"},{"data":"hexamod:BurningTouch","floor":10,"key":"SMITH"},{"floor":18,"key":"DIG"},{"data":"hexamod:SoulSteal","floor":20,"key":"SMITH"},{"data":"hexamod:HexaLevel","floor":29,"key":"SMITH"}],"circlet_count":0,"master_deck":["hexamod:Strike","hexamod:Strike","hexamod:Strike","hexamod:Strike","hexamod:Defend","hexamod:Defend","hexamod:Defend","hexamod:Defend","hexamod:Sear","hexamod:Float+1","hexamod:FastForward+1","hexamod:FlamesFromBeyond","hexamod:BurningTouch+1","hexamod:EmpoweredFlame","hexamod:ThirdSeal","hexamod:StepThrough","hexamod:FirstSeal","hexamod:SoulSteal+1","hexamod:WildfireWeapon","J.A.X.","hexamod:FlamesFromBeyond","hexamod:SecondSeal","hexamod:GhostShield+1","hexamod:ThermalTransfer+1","hexamod:SpectralSpark","hexamod:HexaLevel+1","hexamod:StepThrough+1","hexamod:SpectersWail+1","hexamod:GhostflameBarrier+1","hexamod:FirstSeal"],"relics":["hexamod:SpiritBrand","downfall:HeartBlessingRed","HollowMod:LifeEnderRelic","downfall:HeartBlessingBlue","White Beast Statue","hexamod:IceCube","HollowMod:QueensCombRelic","Letter Opener","Omamori","downfall:HeartBlessingGreen","Replay:PocketPolymizer","Shuriken","Ring of Searing","downfall:RedIOU"],"acts_visited":["Exordium","TheCity"],"potions_floor_usage":[16,16,22,27,30],"damage_taken":[{"damage":1,"enemies":"2 Louse","floor":2,"turns":3},{"damage":7,"enemies":"Replay:BlueRogue","floor":5,"turns":5},{"damage":0,"enemies":"Small Slimes","floor":8,"turns":3},{"damage":1,"enemies":"Jaw Worm","floor":13,"turns":3},{"damage":1,"enemies":"Blue Slaver","floor":15,"turns":4},{"damage":17,"enemies":"downfall:Ironclad","floor":16,"turns":6},{"damage":18,"enemies":"3 Byrds","floor":21,"turns":5},{"damage":5,"enemies":"Centurion and Healer","floor":22,"turns":4},{"damage":26,"enemies":"Sentry and Sphere","floor":25,"turns":6},{"damage":7,"enemies":"HollowMod:Nosk","floor":27,"turns":5},{"damage":15,"enemies":"Shelled Parasite and Fungi","floor":28,"turns":4},{"damage":24,"enemies":"downfall:Defect","floor":30,"turns":6},{"damage":17,"enemies":"Snake Plant","floor":33,"turns":4},{"damage":36,"enemies":"Cultist and Chosen","floor":34,"turns":6}],"seed_played":"-58010561085238513","potions_obtained":[{"floor":8,"key":"Adrenaline Potion"},{"floor":13,"key":"Ancient Potion"},{"floor":14,"key":"Energy Potion"},{"floor":16,"key":"Milkshake"},{"floor":21,"key":"hexamod:EctoCoolerPotion"},{"floor":22,"key":"SpeedPotion"},{"floor":25,"key":"Fire Potion"},{"floor":28,"key":"Swift Potion"},{"floor":33,"key":"LifebloodPotion"}],"is_trial":false,"path_per_floor":["R","M","R","?","E","R","T","M","?","R","?","T","M","?","M","B",null,"R","?","R","M","M","PTL","PTL","M","T","E","M","R","?","?","?","M","M"],"character_chosen":"THE_SPIRIT","items_purchased":[],"campfire_rested":0,"item_purchase_floors":[],"current_hp_per_floor":[70,69,69,69,62,62,62,62,62,72,77,77,76,42,41,24,85,56,56,56,45,51,51,51,37,37,53,41,41,28,28,28,26,0,0],"gold":669,"neow_bonus":"HUNDRED_GOLD","is_daily":false,"chose_seed":false,"campfire_upgraded":5,"win_rate":0.0,"timestamp":1607973451,"path_taken":["R","M","R","?","E","R","T","M","?","R","?","?","?","?","M","BOSS","R","?","R","M","M","PTL","PTL","M","T","E","M","R","?","?","?","M","M"],"items_purchased_type":[],"build_version":"2020-12-13","purchased_purges":0,"victory":false,"max_hp_per_floor":[70,70,70,70,70,70,70,70,70,80,85,85,85,85,85,85,85,56,56,56,56,56,56,56,56,56,56,56,56,56,56,56,56,56,56],"card_choices":[{"not_picked":["hexamod:SpectralSpark","hexamod:NightmareGuise"],"picked":"hexamod:FastForward","floor":2},{"not_picked":["hexamod:Hexaguard","hexamod:Again"],"picked":"hexamod:FlamesFromBeyond","floor":5},{"not_picked":["hexamod:HauntingEcho","hexamod:NightmareStrike"],"picked":"hexamod:BurningTouch","floor":8},{"not_picked":["hexamod:CatchUp","hexamod:HeatShield"],"picked":"hexamod:EmpoweredFlame","floor":13},{"not_picked":["hexamod:SpectersWail","hexamod:GhostShield"],"picked":"hexamod:ThirdSeal","floor":14},{"not_picked":["hexamod:ShieldOfDarkness","hexamod:Rewind"],"picked":"hexamod:StepThrough","floor":14},{"not_picked":["hexamod:SwordOfDarkness","hexamod:HauntingEcho"],"picked":"hexamod:FirstSeal","floor":15},{"not_picked":["hexamod:PhantomFireball","hexamod:ThirdSeal"],"picked":"hexamod:SoulSteal","floor":15},{"not_picked":["hexamod:TimeWarp","hexamod:FifthSeal"],"picked":"hexamod:WildfireWeapon","floor":16},{"not_picked":["hexamod:Rewind+1","hexamod:HeatMetal"],"picked":"hexamod:FlamesFromBeyond","floor":21},{"not_picked":["hexamod:ShieldOfDarkness+1","hexamod:HeatShield"],"picked":"hexamod:SecondSeal","floor":21},{"not_picked":["hexamod:SecondSeal","hexamod:GhostLash"],"picked":"hexamod:GhostShield+1","floor":22},{"not_picked":["hexamod:Hexaguard","hexamod:RainOfEmbers"],"picked":"hexamod:ThermalTransfer+1","floor":22},{"not_picked":["hexamod:SwordOfDarkness","hexamod:Haunt"],"picked":"hexamod:SpectralSpark","floor":25},{"not_picked":["hexamod:FourthSeal","hexamod:ThermalTransfer"],"picked":"hexamod:HexaLevel","floor":25},{"not_picked":["hexamod:GhostOfSpirePast","hexamod:AdvancingGuard+1"],"picked":"hexamod:StepThrough+1","floor":27},{"not_picked":["hexamod:NightmareStrike","hexamod:InspiringFlames"],"picked":"hexamod:SpectersWail+1","floor":27},{"not_picked":["hexamod:ThermalTransfer","hexamod:Hexaguard","hexamod:NightmareGuise"],"picked":"SKIP","floor":28},{"not_picked":["hexamod:PhantomCloak","hexamod:SoulSteal"],"picked":"hexamod:GhostflameBarrier+1","floor":30},{"not_picked":["hexamod:BacktrackSmack+1","hexamod:Haunt"],"picked":"hexamod:FirstSeal","floor":33},{"not_picked":["hexamod:RainOfEmbers","hexamod:FastForward","hexamod:Hexaguard"],"picked":"SKIP","floor":33}],"player_experience":197949,"relics_obtained":[{"floor":5,"key":"HollowMod:LifeEnderRelic"},{"floor":12,"key":"White Beast Statue"},{"floor":14,"key":"Anchor"},{"floor":18,"key":"HollowMod:QueensCombRelic"},{"floor":26,"key":"Letter Opener"},{"floor":27,"key":"Omamori"},{"floor":30,"key":"Replay:PocketPolymizer"},{"floor":30,"key":"Shuriken"},{"floor":31,"key":"Ring of Searing"}],"event_choices":[{"damage_healed":0,"gold_gain":0,"player_choice":"Donut","damage_taken":0,"max_hp_gain":5,"max_hp_loss":0,"event_name":"Big Fish","floor":11,"gold_loss":0},{"damage_healed":0,"gold_gain":0,"player_choice":"Obtain J.A.X.","damage_taken":0,"max_hp_gain":0,"max_hp_loss":0,"event_name":"Drug Dealer","floor":19,"gold_loss":0,"cards_obtained":["J.A.X."]}],"is_beta":false,"boss_relics":[{"not_picked":["Kintsugi","Tiny House"],"picked":"hexamod:IceCube"}],"items_purged_floors":[],"is_endless":false,"potions_floor_spawned":[8,13,15,16,21,22,25,28,33],"killed_by":"Cultist and Chosen","ascension_level":1}}