{"host":"8a3jzv7qxg3y7b6t","time":1607904448,"event":{"mods":["BaseMod","Better Third Choice","Downfall","Hermit","Minty Spire (QoL Compilation)","Relic Stats","StSLib","The Bug Knight","The Cursed"],"gold_per_floor":[116,191,202,202,220,239,265,279,332,332,24,24,57,67,67,67,67],"floor_reached":16,"playtime":1166,"items_purged":[],"score":112,"play_id":"1fa14511-1c65-4582-9532-3875ed1c16e7","local_time":"20201213160728","is_ascension_mode":false,"campfire_choices":[{"floor":10,"key":"REST"},{"floor":15,"key":"REST"}],"circlet_count":0,"master_deck":["hermit:Strike_Hermit","hermit:Strike_Hermit","hermit:Strike_Hermit","hermit:Strike_Hermit","hermit:Defend_Hermit","hermit:Defend_Hermit","hermit:Defend_Hermit","hermit:Defend_Hermit","hermit:Snapshot","hermit:Covet","Injury","hermit:Misfire","hermit:Deadeye","Burn","hermit:TrackingShot","hermit:Dive","hermit:CursedWeapon","hermit:PistolWhip","hermit:TakeAim","hermit:Feint","hermit:Quickdraw"],"relics":["hermit:Momento","HollowMod:LifeEnderRelic","hermit:Horseshoe","Bottled Flame"],"acts_visited":["Exordium"],"potions_floor_usage":[13,14,14,16],"damage_taken":[{"damage":2,"enemies":"2 Louse","floor":1,"turns":2},{"damage":0,"enemies":"Small Slimes","floor":3,"turns":3},{"damage":5,"enemies":"Jaw Worm","floor":5,"turns":3},{"damage":14,"enemies":"Lots of Slimes","floor":6,"turns":5},{"damage":39,"enemies":"3 Sentries","floor":7,"turns":8},{"damage":12,"enemies":"Blue Slaver","floor":8,"turns":5},{"damage":31,"enemies":"HollowMod:MossKnight","floor":13,"turns":10},{"damage":0,"enemies":"Gremlin Gang","floor":14,"turns":3},{"damage":26,"enemies":"The Guardian","floor":16,"turns":7}],"seed_played":"6287260371783751861","potions_obtained":[{"floor":1,"key":"SpeedPotion"},{"floor":5,"key":"FearPotion"},{"floor":8,"key":"Fire Potion"},{"floor":13,"key":"AttackPotion"},{"floor":14,"key":"champ:CounterPotion"}],"is_trial":false,"path_per_floor":["M","?","M","?","M","M","E","M","T","R","$","?","E","M","R","B"],"character_chosen":"HERMIT","items_purchased":["hermit:TakeAim","hermit:Horseshoe"],"campfire_rested":2,"item_purchase_floors":[11,11],"current_hp_per_floor":[87,76,76,76,71,57,18,6,6,32,32,32,1,1,27,1,1],"gold":67,"neow_bonus":"TWENTY_PERCENT_HP_BONUS","is_daily":false,"chose_seed":false,"campfire_upgraded":0,"win_rate":0.0,"timestamp":1607904448,"path_taken":["M","?","M","?","M","M","E","M","T","R","$","?","E","M","R","BOSS"],"items_purchased_type":["Card","Relic"],"build_version":"2020-12-13","purchased_purges":0,"victory":false,"max_hp_per_floor":[89,89,89,89,89,89,89,89,89,89,89,89,89,89,89,89,89],"relic_stats":{"counters":[9,46],"obtain_stats":[{"Bottled Flame":13,"HollowMod:LifeEnderRelic":7,"hermit:Horseshoe":11,"hermit:Momento":0},{"Bottled Flame":7,"HollowMod:LifeEnderRelic":5,"hermit:Horseshoe":6,"hermit:Momento":0},{"Bottled Flame":36,"HollowMod:LifeEnderRelic":21,"hermit:Horseshoe":26,"hermit:Momento":0}]},"card_choices":[{"not_picked":["hermit:Vantage","hermit:HighCaliber"],"picked":"hermit:Misfire","floor":1},{"not_picked":["hermit:Midnight","hermit:Glare"],"picked":"hermit:Deadeye","floor":3},{"not_picked":["hermit:Malice","hermit:LoneWolf"],"picked":"hermit:TrackingShot","floor":5},{"not_picked":["hermit:Spite","hermit:LoneWolf"],"picked":"hermit:Dive","floor":6},{"not_picked":["hermit:Coalescence","hermit:Maintenance"],"picked":"hermit:CursedWeapon","floor":7},{"not_picked":["hermit:TrackingShot","hermit:Scavenge"],"picked":"hermit:PistolWhip","floor":8},{"not_picked":["hermit:Headshot","hermit:HeroicBravado"],"picked":"hermit:Feint","floor":13},{"not_picked":["hermit:Maintenance","hermit:HighCaliber"],"picked":"hermit:Quickdraw","floor":14}],"player_experience":589399,"relics_obtained":[{"floor":7,"key":"HollowMod:LifeEnderRelic"},{"floor":13,"key":"Bottled Flame"}],"event_choices":[{"damage_healed":0,"gold_gain":75,"player_choice":"Gold","damage_taken":11,"max_hp_gain":0,"max_hp_loss":0,"event_name":"betterThird:BetterGoop","floor":2,"gold_loss":0},{"damage_healed":76,"gold_gain":0,"player_choice":"Embrace Burn","damage_taken":0,"max_hp_gain":0,"max_hp_loss":89,"event_name":"betterThird:BetterShining","floor":4,"gold_loss":0},{"damage_healed":0,"gold_gain":0,"player_choice":"Ignored","damage_taken":0,"max_hp_gain":0,"max_hp_loss":0,"event_name":"NoteForYourself","floor":12,"gold_loss":0}],"is_beta":false,"boss_relics":[],"items_purged_floors":[],"is_endless":false,"potions_floor_spawned":[1,5,8,13,14],"killed_by":"The Guardian","ascension_level":0}}