{"host":"yecadp3kwkksam5a","time":1607959405,"event":{"mods":["BaseMod","Minty Spire (QoL Compilation)","Replay The Spire","StSLib"],"gold_per_floor":[109,38,38,50,4,39,39,50,75,93,93,93],"floor_reached":11,"playtime":314,"items_purged":[],"score":113,"play_id":"35a2e776-b296-418a-98d7-b2da8d0cdf52","local_time":"20201215002325","is_ascension_mode":true,"campfire_choices":[{"data":"Coolheaded","floor":7.0,"key":"SMITH"}],"circlet_count":0,"master_deck":["Strike_B+1","Strike_B","Strike_B","Strike_B","Defend_B+1","Defend_B","Defend_B+1","Defend_B","Zap","Dualcast+1","Lockon","ReplayGash","Sweeping Beam","Coolheaded+1","FIFO Queue","Double Energy"],"relics":["Cracked Core","NeowsBlessing","Simple Rune","Pear","War Paint"],"acts_visited":["Exordium"],"potions_floor_usage":[],"damage_taken":[{"damage":0.0,"enemies":"Cultist","floor":1.0,"turns":1.0},{"damage":0.0,"enemies":"Small Slimes","floor":4.0,"turns":1.0},{"damage":0.0,"enemies":"3 Sentries","floor":6.0,"turns":1.0},{"damage":8.0,"enemies":"2 Louse","floor":8.0,"turns":2.0},{"damage":15,"enemies":"2 Fungi Beasts","floor":10,"turns":3},{"damage":8,"enemies":"Gremlin Nob","floor":11,"turns":3}],"seed_played":"2434954138265885516","potions_obtained":[{"floor":1.0,"key":"Cursed Concoction"},{"floor":4.0,"key":"SkillPotion"},{"floor":6.0,"key":"Swift Potion"}],"is_trial":false,"path_per_floor":["M","$","?","M","$","E","R","M","T","M","E"],"character_chosen":"DEFECT","items_purchased":["ReplayGash","Coolheaded"],"campfire_rested":0,"item_purchase_floors":[2,5],"current_hp_per_floor":[75,75,75,75,75,85,85,77,77,62,54,54],"gold":93,"neow_bonus":"THREE_ENEMY_KILL","is_daily":false,"chose_seed":false,"campfire_upgraded":1,"win_rate":0.0,"timestamp":1607959405,"path_taken":["M","$","?","M","?","E","R","?","T","M","E"],"items_purchased_type":["Card","Card"],"build_version":"2020-12-13","purchased_purges":0,"victory":false,"max_hp_per_floor":[75,75,75,75,75,85,85,85,85,85,85,85],"card_choices":[{"not_picked":["Scrape","ReplaySolidLightProjector"],"picked":"Lockon","floor":1.0},{"not_picked":["Compile Driver","Rebound"],"picked":"Sweeping Beam","floor":4.0},{"not_picked":["Go for the Eyes","Stack"],"picked":"FIFO Queue","floor":6.0},{"not_picked":["Fusion","BasicCrystalCard"],"picked":"Double Energy","floor":8.0},{"not_picked":["Sweeping Beam","BasicCrystalCard","Force Field"],"picked":"SKIP","floor":10}],"player_experience":173270,"relics_obtained":[{"floor":6.0,"key":"Pear"},{"floor":9.0,"key":"War Paint"}],"event_choices":[{"damage_healed":0.0,"max_hp_gain":0.0,"max_hp_loss":0.0,"gold_gain":0.0,"event_name":"WeMeetAgain","player_choice":"Gave Potion","floor":3.0,"gold_loss":0.0,"damage_taken":0.0,"relics_obtained":["Simple Rune"]}],"is_beta":false,"boss_relics":[],"items_purged_floors":[],"is_endless":false,"potions_floor_spawned":[1,4,6],"killed_by":"Gremlin Nob","ascension_level":3}}