{"host":"wnbfov91sqg45vrw","time":1607929271,"event":{"mods":["BaseMod","Downfall","GifTheSpireLib","Marisa????????","Minty Spire (QoL Compilation)","StSLib","The Jungle","The Necromancer","The Servant 0.9.4"],"gold_per_floor":[117,117,130,147,159,194,194,57,57,57,82,96,106,106,106,208,208,224,241,151,170,190,222,222,248,248,7,37,61,73,115,127,239,251,274,332,344,369,394,431,443,455,493,517,542,573,127,146,146,146,146,146,70,103,103],"floor_reached":56,"playtime":25442,"items_purged":["Pain"],"score":1371,"play_id":"e00b77f3-eda1-4126-bd83-fda5b41fe413","local_time":"20201214010111","is_ascension_mode":false,"campfire_choices":[{"data":"SoulSculpture","floor":7,"key":"SMITH"},{"data":"Luminosity","floor":15,"key":"SMITH"},{"data":"Luminosity","floor":24,"key":"SMITH"},{"data":"Magnetism","floor":32,"key":"SMITH"},{"data":"SoulSculpture","floor":41,"key":"SMITH"},{"floor":49,"key":"RECALL"},{"data":"WasteNot","floor":52,"key":"SMITH"}],"circlet_count":0,"master_deck":["Strike_S","Defend_S","Defend_S","KidneyShot","Exchange","GearUp","Moondial","ShiftingGears","FastForward","Contraction","FanOfKnives","SoulSculpture+1","TheWorld","ShiftingGears","Luminosity+1","PendulumOfEternity+1","Starlight+1","Dilation+1","Misdirection+1","SurpressingFire","Gouge","Revamp","SurpressingFire+1","Luminosity+1","Rewind","Magnetism+1","SurpressingFire","Rearm","SoulSculpture+1","FloweringNight","SilverBlades","Moondial","Dilation","DualDimension","Moonlight+1","WasteNot+1","RealityMarble","Luminosity","Solidify"],"relics":["SplendidAttire","Bronze Scales","Happy Flower","Mummified Hand","Ice Cream","Akabeko","Astrolabe","White Beast Statue","Pen Nib","Meat on the Bone","MawBank","Letter Opener","Bottled Tornado","CatCart","WarpedTongs","Blood Vial","Calipers","Anchor"],"acts_visited":["Exordium","TheCity","TheBeyond","TheEnding"],"potions_floor_usage":[5,12,13,23,23,25,31,31,31,31,31,33,36,40,46,50,50,50,55],"damage_taken":[{"damage":5,"enemies":"Jaw Worm","floor":1,"turns":4},{"damage":0,"enemies":"2 Louse","floor":3,"turns":3},{"damage":0,"enemies":"Cultist","floor":4,"turns":4},{"damage":0,"enemies":"Lots of Slimes","floor":5,"turns":5},{"damage":9,"enemies":"3 Sentries","floor":6,"turns":10},{"damage":0,"enemies":"Lagavulin","floor":11,"turns":10},{"damage":0,"enemies":"3 Louse","floor":12,"turns":2},{"damage":0,"enemies":"Large Slime","floor":13,"turns":4},{"damage":0,"enemies":"Hexaghost","floor":16,"turns":10},{"damage":5,"enemies":"Shell Parasite","floor":18,"turns":3},{"damage":0,"enemies":"Spheric Guardian","floor":19,"turns":3},{"damage":0,"enemies":"3 Cultists","floor":21,"turns":4},{"damage":0,"enemies":"Centurion and Healer","floor":22,"turns":6},{"damage":12,"enemies":"Book of Stabbing","floor":23,"turns":4},{"damage":0,"enemies":"Gremlin Leader","floor":25,"turns":6},{"damage":4,"enemies":"Book of Stabbing","floor":28,"turns":4},{"damage":0,"enemies":"Snake Plant","floor":29,"turns":2},{"damage":6,"enemies":"Slavers","floor":31,"turns":5},{"damage":5,"enemies":"Collector","floor":33,"turns":9},{"damage":7,"enemies":"Orb Walker","floor":35,"turns":2},{"damage":0,"enemies":"Orin","floor":36,"turns":8},{"damage":6,"enemies":"3 Shapes","floor":38,"turns":2},{"damage":0,"enemies":"3 Darklings","floor":39,"turns":4},{"damage":46,"enemies":"Reptomancer","floor":40,"turns":4},{"damage":2,"enemies":"Spire Growth","floor":44,"turns":3},{"damage":0,"enemies":"Maw","floor":45,"turns":7},{"damage":1,"enemies":"Transient","floor":46,"turns":5},{"damage":10,"enemies":"Writhing Mass","floor":48,"turns":4},{"damage":12,"enemies":"Donu and Deca","floor":50,"turns":11},{"damage":0,"enemies":"Shield and Spear","floor":54,"turns":5},{"damage":20,"enemies":"The Heart","floor":55,"turns":7}],"seed_played":"-4125472280577359692","potions_obtained":[{"floor":1,"key":"Weak Potion"},{"floor":3,"key":"Fire Potion"},{"floor":11,"key":"SkillPotion"},{"floor":12,"key":"hexamod:EctoCoolerPotion"},{"floor":16,"key":"FearPotion"},{"floor":21,"key":"sneckomod:MuddlingPotion"},{"floor":23,"key":"Swift Potion"},{"floor":25,"key":"ColorlessPotion"},{"floor":28,"key":"SpeedPotion"},{"floor":29,"key":"EntropicBrew"},{"floor":33,"key":"DuplicationPotion"},{"floor":35,"key":"FearPotion"},{"floor":36,"key":"EssenceOfSteel"},{"floor":38,"key":"SteroidPotion"},{"floor":39,"key":"Regen Potion"},{"floor":40,"key":"Dexterity Potion"},{"floor":44,"key":"SkillPotion"},{"floor":46,"key":"GamblersBrew"},{"floor":48,"key":"EssenceOfSteel"},{"floor":54,"key":"hexamod:EctoCoolerPotion"}],"is_trial":false,"path_per_floor":["M","?","M","M","M","E","R","$","T","?","E","M","M","?","R","B",null,"M","M","?","M","M","E","R","E","T","$","E","M","T","E","R","B",null,"M","?","?","M","M","E","R","?","T","M","M","M","$","M","R","B",null,"R","$","E","B",null],"character_chosen":"THE_SERVANT","items_purchased":["TheWorld","Magnetism","SurpressingFire","RealityMarble","Calipers","Luminosity"],"campfire_rested":0,"item_purchase_floors":[8,27,27,47,47,53],"current_hp_per_floor":[60,60,60,60,60,51,51,51,51,51,51,51,51,48,48,48,65,60,60,60,60,60,48,48,48,48,48,44,44,44,38,38,33,65,58,58,58,52,52,27,27,27,27,39,41,42,42,34,34,36,65,65,65,65,45],"gold":103,"neow_bonus":"THREE_CARDS","is_daily":false,"chose_seed":false,"campfire_upgraded":6,"win_rate":0.0,"timestamp":1607929271,"path_taken":["M","?","M","M","M","E","R","$","T","?","E","?","?","?","R","BOSS","M","M","?","?","M","E","R","E","T","$","E","M","?","E","R","BOSS","M","?","?","?","M","E","R","?","T","M","M","M","$","M","R","BOSS","R","$","E","BOSS"],"items_purchased_type":["Card","Card","Card","Card","Relic","Card"],"build_version":"2020-12-13","purchased_purges":1,"victory":true,"max_hp_per_floor":[65,65,65,65,65,65,65,65,65,65,65,65,65,65,65,65,65,65,65,65,65,65,65,65,65,65,65,65,65,65,65,65,65,65,65,65,65,65,65,65,65,65,65,65,65,65,65,65,65,65,65,65,65,65,65],"card_choices":[{"not_picked":["Rearm","ShatteredReality"],"picked":"GearUp","floor":0},{"not_picked":["Read","RealityMarble"],"picked":"Moondial","floor":1},{"not_picked":["DualDimension","MoonPhase"],"picked":"FastForward","floor":3},{"not_picked":["Revamp","Replace"],"picked":"Contraction","floor":4},{"not_picked":["Moonlight","Sabotage"],"picked":"FanOfKnives","floor":5},{"not_picked":["Rearm","BestPractice"],"picked":"SoulSculpture","floor":6},{"not_picked":["Rewind","Defy","TimeWarp"],"picked":"SKIP","floor":11},{"not_picked":["Spin","Shuttle"],"picked":"ShiftingGears","floor":12},{"not_picked":["Rewind","Snipe"],"picked":"Luminosity","floor":13},{"not_picked":["Deny","Initiator"],"picked":"PendulumOfEternity","floor":16},{"not_picked":["Hightail+1","ReturningBlade"],"picked":"SurpressingFire","floor":18},{"not_picked":["SpecialFormula","Defy"],"picked":"Gouge","floor":19},{"not_picked":["Alleviate","Starlight"],"picked":"Revamp","floor":21},{"not_picked":["Gouge","TimeWarp"],"picked":"SurpressingFire+1","floor":22},{"not_picked":["Hightail","FanOfKnives"],"picked":"Luminosity","floor":23},{"not_picked":["Ricochet","Defy"],"picked":"Rewind","floor":25},{"not_picked":["Replace","DoubleEdge"],"picked":"Rearm","floor":28},{"not_picked":["Spin+1","Replace"],"picked":"SoulSculpture","floor":29},{"not_picked":["WasteNot","Ricochet+1","Moonlight"],"picked":"SKIP","floor":31},{"not_picked":["Sunlight","Duplication"],"picked":"FloweringNight","floor":33},{"not_picked":["Unruled","BottledTime+1"],"picked":"SilverBlades","floor":35},{"not_picked":["Alleviate+1","Rearm+1"],"picked":"Moondial","floor":36},{"not_picked":["MoonPhase+1","Moondial+1"],"picked":"Dilation","floor":38},{"not_picked":["Misdirection+1","Spin+1","DoubleEdge+1"],"picked":"SKIP","floor":39},{"not_picked":["Defy","Spin","Starlight"],"picked":"SKIP","floor":40},{"not_picked":["Unruled+1","ShatteredReality+1"],"picked":"DualDimension","floor":44},{"not_picked":["Reset","DoubleEdge+1"],"picked":"Moonlight+1","floor":45},{"not_picked":["Hightail+1","Alleviate+1"],"picked":"WasteNot","floor":46},{"not_picked":["Rearm","Rewind","Snipe+1"],"picked":"SKIP","floor":48},{"not_picked":["FloweringNight","DoubleEdge"],"picked":"Solidify","floor":54}],"player_experience":1733469,"relics_obtained":[{"floor":6,"key":"Bronze Scales"},{"floor":9,"key":"Happy Flower"},{"floor":11,"key":"Ice Cream"},{"floor":23,"key":"White Beast Statue"},{"floor":25,"key":"Pen Nib"},{"floor":26,"key":"Meat on the Bone"},{"floor":28,"key":"MawBank"},{"floor":30,"key":"Letter Opener"},{"floor":31,"key":"Bottled Tornado"},{"floor":36,"key":"CatCart"},{"floor":40,"key":"Blood Vial"},{"floor":54,"key":"Anchor"}],"event_choices":[{"damage_healed":0,"gold_gain":0,"cards_transformed":["Strike_S"],"player_choice":"Change","damage_taken":0,"max_hp_gain":0,"max_hp_loss":0,"event_name":"Living Wall","floor":2,"gold_loss":0,"cards_obtained":["ShiftingGears"]},{"damage_healed":0,"gold_gain":0,"player_choice":"Gave Potion","damage_taken":0,"relics_obtained":["Mummified Hand"],"max_hp_gain":0,"max_hp_loss":0,"event_name":"WeMeetAgain","floor":10,"gold_loss":0},{"damage_healed":0,"gold_gain":0,"player_choice":"Success","damage_taken":3,"relics_obtained":["Akabeko"],"max_hp_gain":0,"max_hp_loss":0,"event_name":"Scrap Ooze","floor":14,"gold_loss":0},{"cards_removed":["Defend_S"],"damage_healed":0,"gold_gain":0,"player_choice":"Upgrade and Remove","damage_taken":0,"max_hp_gain":0,"max_hp_loss":0,"event_name":"Designer","floor":20,"gold_loss":90,"cards_upgraded":["PendulumOfEternity"]},{"damage_healed":0,"gold_gain":0,"player_choice":"Fight","damage_taken":0,"max_hp_gain":0,"max_hp_loss":0,"event_name":"OrinTheCat","floor":36,"gold_loss":0},{"damage_healed":0,"gold_gain":0,"player_choice":"Rummage","damage_taken":0,"relics_obtained":["WarpedTongs"],"max_hp_gain":0,"max_hp_loss":0,"event_name":"Accursed Blacksmith","floor":37,"gold_loss":0,"cards_obtained":["Pain"]},{"damage_healed":0,"gold_gain":0,"player_choice":"Ignored","damage_taken":0,"max_hp_gain":0,"max_hp_loss":0,"event_name":"Tomb of Lord Red Mask","floor":42,"gold_loss":0}],"is_beta":false,"boss_relics":[{"not_picked":["Velvet Choker","Snecko Eye"],"picked":"Astrolabe"},{"not_picked":["MysterySword","Pandora\u0027s Box"],"picked":"SplendidAttire"}],"items_purged_floors":[47],"is_endless":false,"potions_floor_spawned":[1,3,11,12,16,21,23,25,28,29,31,33,35,36,38,39,40,44,45,46,48,54],"ascension_level":0}}