{"host":"46dxij13gllk3u9t","time":1607987172,"event":{"mods":["BaseMod","Better Note","BetterRewards","Colored Powertips","Custom Start","Downfall","Minty Spire (QoL Compilation)","Relic Sorter","Shop Mod","StSLib","The IronCluck","slay the spire mod where everything is the same but ironclad has a cowboy hat"],"gold_per_floor":[0,14,39,59,59,79,79,179,66,101,165,165,165,181,194,298,298,148,148,148,162,194,194,217,228,153,180,165,181,193,23,42,147,147,147,181,206,206,252,287,287,287,305,336,336,211,61,75,85,85,85,112,112,112,112],"floor_reached":56,"playtime":5286,"items_purged":["champ:Defend","champ:Strike","champ:Strike","champ:Execute"],"score":1556,"play_id":"cb013e05-a2ed-4841-884e-ce8f71c89313","local_time":"20201214180612","is_ascension_mode":false,"campfire_choices":[{"floor":1,"key":"RECALL"},{"data":"champ:RapidStrikes","floor":5,"key":"SMITH"},{"data":"champ:AdrenalArmor","floor":18,"key":"SMITH"},{"data":"champ:AdrenalArmor","floor":23,"key":"SMITH"},{"data":"champ:Encircle","floor":26,"key":"SMITH"},{"data":"champ:Taunt","floor":35,"key":"SMITH"},{"data":"champ:Lariat","floor":38,"key":"SMITH"},{"data":"champ:SwordThrow","floor":42,"key":"SMITH"},{"data":"champ:CrookedStrike","floor":54,"key":"SMITH"}],"circlet_count":0,"master_deck":["champ:Defend","champ:Defend","champ:Taunt+1","champ:EndlessRage","champ:RapidStrikes+1","champ:Backstep","champ:AdrenalArmor+1","champ:StanceDance+1","champ:IgnorePain","champ:Lariat+1","champ:Encircle+1","champ:AdrenalArmor+1","champ:SwordThrow+1","champ:Improvising","champ:StanceDance+1","champ:Encircle+1","champ:BerserkersShout","champ:BerserkerStyle+1","champ:CrookedStrike+1"],"relics":["champ:ChampionCrown","CaptainsWheel","InkBottle","Pear","Bronze Scales","downfall:ShatteredFragment","Sozu","downfall:HeartBlessingRed","downfall:HeartBlessingGreen","Calipers","downfall:HeartBlessingBlue","Bottled Tornado","Frozen Egg 2","Coffee Dripper","champ:FightingForDummies","Centennial Puzzle","Mango","Omamori","Happy Flower","MealTicket","ClockworkSouvenir","Letter Opener"],"acts_visited":["Exordium","TheCity","TheBeyond","TheEnding"],"potions_floor_usage":[8,55,55],"damage_taken":[{"damage":5,"enemies":"2 Louse","floor":2,"turns":3},{"damage":57,"enemies":"3 Sentries","floor":3,"turns":12},{"damage":5,"enemies":"Small Slimes","floor":4,"turns":3},{"damage":5,"enemies":"Cultist","floor":6,"turns":4},{"damage":60,"enemies":"downfall:Heads","floor":8,"turns":8},{"damage":19,"enemies":"downfall:FleeingMerchant","floor":9,"turns":4},{"damage":32,"enemies":"Lagavulin","floor":10,"turns":8},{"damage":12,"enemies":"Gremlin Nob","floor":11,"turns":5},{"damage":13,"enemies":"3 Louse","floor":14,"turns":2},{"damage":14,"enemies":"Gremlin Gang","floor":15,"turns":5},{"damage":42,"enemies":"downfall:Watcher","floor":16,"turns":5},{"damage":21,"enemies":"3 Byrds","floor":21,"turns":5},{"damage":29,"enemies":"Book of Stabbing","floor":22,"turns":4},{"damage":13,"enemies":"Spheric Guardian","floor":25,"turns":2},{"damage":49,"enemies":"Slavers","floor":27,"turns":4},{"damage":58,"enemies":"downfall:FleeingMerchant","floor":28,"turns":4},{"damage":44,"enemies":"3 Cultists","floor":29,"turns":3},{"damage":42,"enemies":"Chosen and Byrds","floor":30,"turns":4},{"damage":43,"enemies":"downfall:FleeingMerchant","floor":31,"turns":3},{"damage":28,"enemies":"Snake Plant","floor":32,"turns":2},{"damage":106,"enemies":"downfall:Defect","floor":33,"turns":6},{"damage":91,"enemies":"Nemesis","floor":36,"turns":5},{"damage":60,"enemies":"2 Orb Walkers","floor":39,"turns":4},{"damage":56,"enemies":"Reptomancer","floor":40,"turns":3},{"damage":102,"enemies":"3 Darklings","floor":43,"turns":4},{"damage":77,"enemies":"Nemesis","floor":44,"turns":5},{"damage":52,"enemies":"Orb Walker","floor":48,"turns":5},{"damage":107,"enemies":"3 Darklings","floor":49,"turns":4},{"damage":112,"enemies":"downfall:Ironclad","floor":50,"turns":4},{"damage":114,"enemies":"downfall:CharBossMerchant","floor":52,"turns":5},{"damage":339,"enemies":"downfall:NeowBoss","floor":55,"turns":26}],"seed_played":"-4509962242942483539","potions_obtained":[{"floor":3,"key":"Fire Potion"},{"floor":10,"key":"SteroidPotion"},{"floor":11,"key":"SpeedPotion"},{"floor":15,"key":"FairyPotion"}],"is_trial":false,"path_per_floor":["R","M","E","M","R","M","T","?","$","E","?","?","?","M","M","B",null,"R","?","?","M","E","R","T","M","R","E","$","M","M","$","M","B",null,"R","E","?","R","?","E","T","R","M","E","?","$","$","M","M","B",null,"E","$","R","B",null],"character_chosen":"THE_CHAMP","items_purchased":["champ:Encircle","Frozen Egg 2","champ:BerserkerStyle+1","champ:FightOn"],"campfire_rested":0,"item_purchase_floors":[9,31,31,31],"current_hp_per_floor":[90,90,51,52,52,52,62,27,34,51,50,23,23,18,24,20,100,100,100,100,100,100,100,100,100,110,98,110,110,110,115,105,120,120,120,120,120,120,134,134,134,134,134,134,59,74,89,114,139,139,139,139,139,139,139],"gold":112,"neow_bonus":"ONE_RARE_RELIC","is_daily":false,"chose_seed":false,"campfire_upgraded":8,"win_rate":0.0,"timestamp":1607987172,"path_taken":["R","M","E","M","R","M","T","?","$","E","?","?","?","M","M","BOSS","R","?","?","?","E","R","T","M","R","E","$","M","M","$","M","BOSS","R","E","?","R","?","E","T","R","M","E","?","$","$","?","M","BOSS","E","$","R","BOSS"],"items_purchased_type":["Card","Relic","Card","Card"],"build_version":"2020-12-13","purchased_purges":4,"victory":true,"max_hp_per_floor":[90,90,90,90,90,90,100,100,100,100,100,100,100,100,100,100,100,100,100,100,100,100,100,100,100,110,110,110,110,110,115,115,120,120,120,120,120,120,134,134,134,134,134,134,134,134,134,139,139,139,139,139,139,139,139],"card_choices":[{"not_picked":["champ:GladiatorsShout","champ:Circumvent"],"picked":"champ:EndlessRage","floor":2},{"not_picked":["champ:Shatter","champ:Riposte"],"picked":"champ:RapidStrikes","floor":3},{"not_picked":["champ:EnGarde","champ:FlashCut"],"picked":"champ:Backstep","floor":4},{"not_picked":["champ:Encircle","champ:CalledShot"],"picked":"champ:AdrenalArmor","floor":6},{"not_picked":["champ:DefensiveShout","champ:BringItOn"],"picked":"champ:StanceDance","floor":8},{"not_picked":["champ:Backstep","champ:FalseCounter"],"picked":"champ:Lariat","floor":9},{"not_picked":["champ:ViciousMockery","champ:DefensiveStyle"],"picked":"champ:AdrenalArmor","floor":10},{"not_picked":["champ:SkillfulDodge","champ:FaceSlap"],"picked":"champ:SwordThrow","floor":11},{"not_picked":["champ:HeartStrike","champ:GladiatorsShout","champ:BladeFlurry"],"picked":"SKIP","floor":14},{"not_picked":["champ:Circumvent","champ:BladeFlurry","champ:FalseCounter"],"picked":"SKIP","floor":15},{"not_picked":["champ:HeavySlash","champ:LastStand"],"picked":"champ:Improvising","floor":16},{"not_picked":["champ:GladiatorsShout","champ:SkillfulDodge"],"picked":"champ:StanceDance+1","floor":21},{"not_picked":["champ:DancingMaster","champ:DefensiveShout","champ:SteelEdge"],"picked":"SKIP","floor":22},{"not_picked":["champ:DefensiveShout","champ:BringItOn","champ:Backstep"],"picked":"SKIP","floor":25},{"not_picked":["champ:FanOfKnives+1","champ:TornadoPunch"],"picked":"champ:Encircle+1","floor":27},{"not_picked":["champ:Haymaker","champ:GladiatorsShout"],"picked":"champ:BerserkersShout","floor":28},{"not_picked":["champ:TornadoPunch","champ:Control","champ:FalseCounter+1"],"picked":"SKIP","floor":29},{"not_picked":["champ:RapidStrikes","champ:TornadoPunch"],"picked":"champ:FightOn","floor":30},{"not_picked":["champ:BerserkersShout","champ:ShieldWall","champ:RisingSlash"],"picked":"SKIP","floor":31},{"not_picked":["champ:Encircle","champ:DefensiveShout","champ:FanOfKnives"],"picked":"SKIP","floor":32},{"not_picked":["champ:GladiatorsShout","champ:FlashCut","champ:Backstep"],"picked":"SKIP","floor":36},{"not_picked":["champ:FlashCut","champ:FocusedGladiator","champ:Backstep"],"picked":"SKIP","floor":40},{"not_picked":["champ:PerfectedStrike","champ:Haymaker+1","champ:BringItOn+1"],"picked":"SKIP","floor":43},{"not_picked":["champ:Haymaker+1","champ:StrikeOfGenius+1"],"picked":"champ:FightOn","floor":44},{"not_picked":["champ:Shatter","champ:Circumvent","champ:CrookedStrike"],"picked":"SKIP","floor":48},{"not_picked":["champ:Circumvent","champ:FanOfKnives"],"picked":"champ:CrookedStrike","floor":49},{"not_picked":["champ:DefensiveShout","champ:CrookedStrike","champ:Lariat"],"picked":"SKIP","floor":52}],"player_experience":392606,"relics_obtained":[{"floor":3,"key":"InkBottle"},{"floor":7,"key":"Pear"},{"floor":10,"key":"Bronze Scales"},{"floor":22,"key":"Calipers"},{"floor":27,"key":"Bottled Tornado"},{"floor":36,"key":"champ:FightingForDummies"},{"floor":37,"key":"Centennial Puzzle"},{"floor":39,"key":"Mango"},{"floor":40,"key":"Omamori"},{"floor":41,"key":"Happy Flower"},{"floor":44,"key":"MealTicket"},{"floor":52,"key":"ClockworkSouvenir"},{"floor":52,"key":"Letter Opener"}],"event_choices":[{"cards_removed":["champ:Strike"],"damage_healed":0,"gold_gain":0,"player_choice":"Give","damage_taken":0,"max_hp_gain":0,"max_hp_loss":0,"event_name":"betterNote:BetterNote","floor":19,"gold_loss":0,"cards_obtained":["champ:Strike"]},{"damage_healed":0,"gold_gain":0,"player_choice":"Leave","damage_taken":0,"max_hp_gain":0,"max_hp_loss":0,"event_name":"FaceTrader","floor":20,"gold_loss":0},{"damage_healed":0,"gold_gain":0,"player_choice":"Fight","damage_taken":0,"max_hp_gain":0,"max_hp_loss":0,"event_name":"Mysterious Sphere","floor":39,"gold_loss":0}],"is_beta":false,"boss_relics":[{"not_picked":["Velvet Choker","Snecko Eye"],"picked":"Sozu"},{"not_picked":["SacredBark","Astrolabe"],"picked":"Coffee Dripper"}],"items_purged_floors":[9,31,46,47],"is_endless":false,"potions_floor_spawned":[3,10,11,15,21,22,30,32,33,36,40,48,49,52],"ascension_level":0}}