{"host":"3mdjmozz5rahgtdc","time":1607952884,"event":{"mods":["AchievementEnabler","BaseMod","Better Silent Start","Better-Laid Plans","Colored Map","Colored Powertips","Custom Start","DeckTracker","KOR Keyword Fix","Minty Spire (QoL Compilation)","Permanent Neow","Quick Restart","StSLib","SuperFastMode"],"gold_per_floor":[128,149,8,19,29,67,67,82,150,150,150],"floor_reached":10,"playtime":246,"items_purged":["Bash"],"score":91,"play_id":"c59b4ca3-f825-45d7-a9f2-50cbdf34e288","local_time":"20201214223444","is_ascension_mode":true,"campfire_choices":[{"data":"Pommel Strike","floor":7,"key":"SMITH"}],"circlet_count":0,"master_deck":["Strike_R","Strike_R","Strike_R","Strike_R","Strike_R","Defend_R","Defend_R","Defend_R","Defend_R","Hemokinesis","Pommel Strike+1","Perfected Strike","Shockwave","Twin Strike"],"relics":["Burning Blood","CeramicFish","Prayer Wheel","Kunai"],"acts_visited":["Exordium"],"potions_floor_usage":[],"damage_taken":[{"damage":6,"enemies":"Cultist","floor":1,"turns":4},{"damage":9,"enemies":"Small Slimes","floor":2,"turns":2},{"damage":9,"enemies":"Jaw Worm","floor":4,"turns":3},{"damage":21,"enemies":"Gremlin Gang","floor":5,"turns":4},{"damage":40,"enemies":"Lagavulin","floor":6,"turns":8},{"damage":10,"enemies":"Blue Slaver","floor":8,"turns":2},{"damage":19,"enemies":"3 Sentries","floor":10,"turns":2}],"seed_played":"3017082889514166364","potions_obtained":[{"floor":2,"key":"BloodPotion"},{"floor":4,"key":"SkillPotion"},{"floor":8,"key":"BloodPotion"}],"is_trial":false,"path_per_floor":["M","M","$","M","M","E","R","M","T","E"],"character_chosen":"IRONCLAD","items_purchased":["Perfected Strike","Shockwave"],"campfire_rested":0,"item_purchase_floors":[3,3],"current_hp_per_floor":[72,69,69,66,51,17,17,13,13,0,0],"gold":150,"neow_bonus":"RANDOM_COMMON_RELIC","is_daily":false,"chose_seed":false,"campfire_upgraded":1,"win_rate":0.0,"timestamp":1607952884,"path_taken":["M","M","$","M","M","E","R","M","T","E"],"items_purchased_type":["Card","Card"],"build_version":"2020-12-13","purchased_purges":1,"victory":false,"max_hp_per_floor":[80,80,80,80,80,80,80,80,80,80,80],"card_choices":[{"not_picked":["Twin Strike","Clothesline"],"picked":"Hemokinesis","floor":1},{"not_picked":["Armaments","Feel No Pain"],"picked":"Pommel Strike","floor":2},{"not_picked":["Sever Soul","Intimidate","Reckless Charge"],"picked":"SKIP","floor":4},{"not_picked":["Body Slam","Sword Boomerang","Pummel"],"picked":"SKIP","floor":5},{"not_picked":["Body Slam","Sword Boomerang","Pummel"],"picked":"SKIP","floor":5},{"not_picked":["Burning Pact","Anger"],"picked":"Twin Strike","floor":6},{"not_picked":["Warcry","Heavy Blade","Flex"],"picked":"SKIP","floor":8},{"not_picked":["Headbutt","Havoc","True Grit"],"picked":"SKIP","floor":8}],"player_experience":283809,"relics_obtained":[{"floor":6,"key":"Prayer Wheel"},{"floor":9,"key":"Kunai"}],"event_choices":[],"is_beta":false,"boss_relics":[],"items_purged_floors":[3],"is_endless":false,"potions_floor_spawned":[2,4,8],"killed_by":"3 Sentries","ascension_level":6}}