{"host":"etmsduvleanb5j7c","time":1607957560,"event":{"mods":["2.2 Compatiblity","BaseMod","Downfall","Minty Spire (QoL Compilation)","StSLib"],"gold_per_floor":[99,116,143,163,176,190,190,190,201,201,227,377,390,390,401,401,401],"floor_reached":16,"playtime":684,"items_purged":[],"score":104,"play_id":"b2ffdea7-dfa5-4b8e-8aeb-dd85c913ec81","local_time":"20201214155240","is_ascension_mode":false,"campfire_choices":[{"floor":1,"key":"RECALL"},{"floor":8,"key":"REST"},{"floor":10,"key":"REST"}],"circlet_count":0,"master_deck":["champ:Strike","champ:Strike","champ:Strike","champ:Strike","champ:Defend","champ:Defend","champ:Defend","champ:Defend","champ:Execute","champ:Taunt","champ:FocusedBerserking","champ:SteelEdge","champ:GladiatorsShout","champ:TornadoPunch","champ:TornadoPunch","champ:Haymaker","champ:BladeFlurry","champ:MurderStrike"],"relics":["champ:ChampionCrown","Art of War","Bag of Marbles","Omamori"],"acts_visited":["Exordium"],"potions_floor_usage":[16],"damage_taken":[{"damage":5,"enemies":"Cultist","floor":2,"turns":3},{"damage":74,"enemies":"Lagavulin","floor":3,"turns":9},{"damage":10,"enemies":"Small Slimes","floor":4,"turns":4},{"damage":12,"enemies":"2 Louse","floor":5,"turns":4},{"damage":15,"enemies":"Exordium Wildlife","floor":6,"turns":3},{"damage":19,"enemies":"Large Slime","floor":9,"turns":5},{"damage":22,"enemies":"2 Fungi Beasts","floor":13,"turns":3},{"damage":14,"enemies":"Blue Slaver","floor":15,"turns":3},{"damage":65,"enemies":"downfall:Defect","floor":16,"turns":6}],"seed_played":"3539266807599134230","potions_obtained":[{"floor":3,"key":"Swift Potion"},{"floor":4,"key":"champ:CounterPotion"},{"floor":5,"key":"ColorlessPotion"},{"floor":15,"key":"Block Potion"}],"is_trial":false,"path_per_floor":["R","M","E","M","M","M","T","R","M","R","T","?","M","?","M","B"],"character_chosen":"THE_CHAMP","items_purchased":[],"campfire_rested":2,"item_purchase_floors":[],"current_hp_per_floor":[99,99,40,35,28,18,18,47,33,62,62,62,45,78,64,0,0],"gold":401,"neow_bonus":"TEN_PERCENT_HP_BONUS","is_daily":false,"chose_seed":false,"campfire_upgraded":0,"win_rate":0.0,"timestamp":1607957560,"path_taken":["R","M","E","M","M","M","T","R","M","R","?","?","M","?","M","BOSS"],"items_purchased_type":[],"build_version":"2020-12-13","purchased_purges":0,"victory":false,"max_hp_per_floor":[99,99,99,99,99,99,99,99,99,99,99,99,99,99,99,99,99],"card_choices":[{"not_picked":["champ:DeathBlow","champ:FocusedGladiator"],"picked":"champ:FocusedBerserking","floor":2},{"not_picked":["champ:ArenaPreparation","champ:FalseCounter"],"picked":"champ:SteelEdge","floor":3},{"not_picked":["champ:CalledShot","champ:AdrenalArmor"],"picked":"champ:GladiatorsShout","floor":4},{"not_picked":["champ:FalseCounter","champ:DefensiveShout"],"picked":"champ:TornadoPunch","floor":5},{"not_picked":["champ:AdrenalArmor","champ:PerfectedStrike"],"picked":"champ:TornadoPunch","floor":6},{"not_picked":["champ:AdrenalArmor","champ:FocusedBerserking"],"picked":"champ:Haymaker","floor":9},{"not_picked":["champ:AdrenalArmor","champ:Haymaker"],"picked":"champ:BladeFlurry","floor":13},{"not_picked":["champ:CrookedStrike","champ:Shatter"],"picked":"champ:MurderStrike","floor":15}],"player_experience":104935,"relics_obtained":[{"floor":3,"key":"Art of War"},{"floor":7,"key":"Bag of Marbles"},{"floor":11,"key":"Omamori"}],"event_choices":[{"damage_healed":33,"gold_gain":0,"player_choice":"Banana","damage_taken":0,"max_hp_gain":0,"max_hp_loss":0,"event_name":"Big Fish","floor":14,"gold_loss":0}],"is_beta":false,"boss_relics":[],"items_purged_floors":[],"is_endless":false,"potions_floor_spawned":[3,4,5,9,13,15],"killed_by":"downfall:Defect","ascension_level":0}}