{"host":"ks12kfi5c4d9hdxy","time":1607957302,"event":{"mods":["BaseMod","Conspire","GifTheSpireLib","HololiveMod","Koishi","LagranYue(拉格朗・月)","Marisa（F雨　魔理沙）","Minty Spire (QoL Compilation)","Reimu（博丽灵梦）","Remilia（蕾米莉亚）","Replay The Spire","RumiaBox-露米娅的神秘盒子","StSLib","SuperFastMode","The Administrix","The Servant 0.9.4","Youmu（魂魄妖梦）","Yuyuko","【功能Mod】混沌之环修复补丁","【功能Mod】聪明的最终Boss","篝火指南"],"gold_per_floor":[116,116,116,41,51,76,76,21,97,122,135,135,167,185,185,258,258,270,287,336,351,351,351],"floor_reached":22,"playtime":2176,"items_purged":["Defend_MRS"],"score":502,"play_id":"d83c2950-26a5-4307-821a-b7cea3e467be","local_time":"20201214224822","is_ascension_mode":true,"campfire_choices":[{"data":"UpSweep","floor":7,"key":"SMITH"},{"data":"UltimateShortwave","floor":12,"key":"SMITH"},{"data":"EarthLightRay","floor":15,"key":"SMITH"}],"circlet_count":0,"master_deck":["AscendersBane","Defend_MRS","Defend_MRS","Defend_MRS","MasterSpark","UpSweep+1","UnstableBomb","PowerUp","Parasite","Parasite","UltimateShortwave+1","MachineGunSpark","EarthLightRay+1","PowerUp","UltimateShortwave","Acceleration"],"relics":["MiniHakkero","LagranYue:RandomDrawCardRelic","NeowsBlessing","Gambling Chip","Eternal Feather","ShroomBag","GodSword6","Empty Cage","conspire:GiftBox"],"acts_visited":["Exordium","TheCity"],"potions_floor_usage":[13,13,20,20,21],"damage_taken":[{"damage":0,"enemies":"Jaw Worm","floor":1,"turns":1},{"damage":0,"enemies":"2 Louse","floor":5,"turns":1},{"damage":0,"enemies":"Gremlin Nob","floor":6,"turns":1},{"damage":10,"enemies":"Lagavulin","floor":10,"turns":5},{"damage":1,"enemies":"Cultist","floor":11,"turns":3},{"damage":20,"enemies":"3 Sentries","floor":13,"turns":5},{"damage":1,"enemies":"Blue Slaver","floor":14,"turns":3},{"damage":0,"enemies":"Slime Boss","floor":16,"turns":7},{"damage":23,"enemies":"2 Thieves","floor":18,"turns":4},{"damage":6,"enemies":"3 Byrds","floor":19,"turns":4},{"damage":39,"enemies":"conspire:MimicChest","floor":20,"turns":7},{"damage":29,"enemies":"Shelled Parasite and Fungi","floor":21,"turns":4},{"damage":31,"enemies":"Snecko","floor":22,"turns":5}],"seed_played":"8017503663454961984","potions_obtained":[{"floor":5,"key":"Adrenaline Potion"},{"floor":6,"key":"Fire Potion"},{"floor":13,"key":"conspire:TimeTravelPotion"},{"floor":14,"key":"PowerPotion"},{"floor":20,"key":"Block Potion"},{"floor":21,"key":"SteroidPotion"}],"is_trial":false,"path_per_floor":["M","?","?","$","M","E","R","$","T","E","M","R","E","M","R","B",null,"M","M","?","M","M"],"character_chosen":"MARISA","items_purchased":["PowerUp"],"campfire_rested":0,"item_purchase_floors":[8],"current_hp_per_floor":[63,56,56,56,56,56,56,56,56,46,49,55,39,42,51,61,68,55,59,42,23,2,2],"gold":351,"neow_bonus":"THREE_ENEMY_KILL","is_daily":false,"chose_seed":false,"campfire_upgraded":3,"win_rate":0.0,"timestamp":1607957302,"path_taken":["M","?","?","$","?","E","R","$","T","E","M","R","E","M","R","BOSS","M","M","?","M","M"],"items_purchased_type":["Card"],"build_version":"2020-12-13","purchased_purges":1,"victory":false,"max_hp_per_floor":[70,70,70,70,70,70,70,70,70,70,70,70,70,70,70,70,70,70,70,70,70,70,70],"card_choices":[{"not_picked":["MysteriousBeam","SporeBomb"],"picked":"UnstableBomb","floor":1},{"not_picked":["PulseMagic","EventHorizon","DragonMeteor"],"picked":"SKIP","floor":5},{"not_picked":["DoubleSpark","EnergyRecoil","Acceleration"],"picked":"SKIP","floor":6},{"not_picked":["ChargeUpSpray","MysteriousBeam"],"picked":"UltimateShortwave","floor":10},{"not_picked":["NonDirectionalLaser","EnergyFlow"],"picked":"MachineGunSpark","floor":11},{"not_picked":["ShootTheMoon","GalacticHalo","AsteroidBelt"],"picked":"SKIP","floor":13},{"not_picked":["IllusionStar","SprinkleStarSeal"],"picked":"EarthLightRay","floor":14},{"not_picked":["ShootTheMoon","MagicAbsorber","DoubleSpark"],"picked":"SKIP","floor":18},{"not_picked":["WitchLeyline","OpenUniverse"],"picked":"PowerUp","floor":19},{"not_picked":["CollectingQuirk","JA"],"picked":"UltimateShortwave","floor":20},{"not_picked":["LuminesStrike","MysteriousBeam"],"picked":"Acceleration","floor":21}],"player_experience":471659,"relics_obtained":[{"floor":6,"key":"Gambling Chip"},{"floor":9,"key":"Eternal Feather"},{"floor":10,"key":"ShroomBag"},{"floor":13,"key":"GodSword6"},{"floor":20,"key":"conspire:GiftBox"}],"event_choices":[{"cards_removed":["Strike_MRS"],"damage_healed":0,"gold_gain":0,"player_choice":"Card Removal","damage_taken":7,"max_hp_gain":0,"max_hp_loss":0,"event_name":"Golden Wing","floor":2,"gold_loss":0},{"cards_removed":["Strike_MRS"],"damage_healed":0,"gold_gain":0,"player_choice":"Purged","damage_taken":0,"max_hp_gain":0,"max_hp_loss":0,"event_name":"Purifier","floor":3,"gold_loss":0}],"is_beta":false,"boss_relics":[{"not_picked":["Velvet Choker","Replay:Grab Bag"],"picked":"Empty Cage"}],"items_purged_floors":[4],"is_endless":false,"potions_floor_spawned":[5,6,10,13,14,16,20,21],"killed_by":"Snecko","ascension_level":16}}