{"host":"1c52r9kaxdyo25eq","time":1607953118,"event":{"mods":["AchievementEnabler","BaseMod","Minty Spire (QoL Compilation)","Rare Cards Sparkle","SuperFastMode","everything is the same but u backflip on backflip"],"gold_per_floor":[111,124,141,154,154,154,171,171,171,171,246,256,616,616,616,616,616],"floor_reached":16,"playtime":332,"items_purged":[],"score":110,"play_id":"c1585cc9-7aed-4236-8c62-e4fb549d34b6","local_time":"20201214223838","is_ascension_mode":true,"campfire_choices":[{"data":"Rupture","floor":6,"key":"SMITH"},{"data":"Twin Strike","floor":8,"key":"SMITH"},{"data":"Pommel Strike","floor":10,"key":"SMITH"},{"floor":15,"key":"REST"}],"circlet_count":0,"master_deck":["Strike_R","Strike_R","Strike_R","Strike_R","Defend_R","Defend_R","Defend_R","Bash","Bloodletting","Rupture+1","Pommel Strike+1","Twin Strike+1"],"relics":["Burning Blood","Gremlin Horn","Old Coin","Golden Idol"],"acts_visited":["Exordium"],"potions_floor_usage":[7,16],"damage_taken":[{"damage":1,"enemies":"Cultist","floor":1,"turns":4},{"damage":18,"enemies":"Jaw Worm","floor":2,"turns":3},{"damage":6,"enemies":"2 Louse","floor":3,"turns":3},{"damage":25,"enemies":"Large Slime","floor":4,"turns":7},{"damage":0,"enemies":"3 Louse","floor":7,"turns":3},{"damage":12,"enemies":"Red Slaver","floor":12,"turns":2},{"damage":28,"enemies":"3 Sentries","floor":13,"turns":6},{"damage":36,"enemies":"Hexaghost","floor":16,"turns":7}],"seed_played":"-3628437060687534823","potions_obtained":[{"floor":1,"key":"Fire Potion"},{"floor":7,"key":"GamblersBrew"},{"floor":13,"key":"GamblersBrew"}],"is_trial":false,"path_per_floor":["M","M","M","M","?","R","M","R","T","R","?","M","?","?","R","B"],"character_chosen":"IRONCLAD","items_purchased":[],"campfire_rested":1,"item_purchase_floors":[],"current_hp_per_floor":[80,68,68,49,42,42,48,48,48,48,37,31,9,9,31,0,0],"gold":616,"neow_bonus":"TRANSFORM_CARD","is_daily":false,"chose_seed":false,"campfire_upgraded":3,"win_rate":0.0,"timestamp":1607953118,"path_taken":["M","?","?","M","?","R","M","R","T","R","?","M","?","?","R","BOSS"],"items_purchased_type":[],"build_version":"2020-12-13","purchased_purges":0,"victory":false,"max_hp_per_floor":[80,80,80,80,80,80,80,80,80,80,80,80,80,74,74,74,74],"card_choices":[{"not_picked":["Pommel Strike","Havoc"],"picked":"Rupture","floor":1},{"not_picked":["Perfected Strike","Carnage"],"picked":"Pommel Strike","floor":2},{"not_picked":["Warcry","Dropkick","Intimidate"],"picked":"SKIP","floor":3},{"not_picked":["True Grit","Body Slam","Metallicize"],"picked":"SKIP","floor":4},{"not_picked":["Dual Wield","Fire Breathing"],"picked":"Twin Strike","floor":7},{"not_picked":["Thunderclap","Flex","Clothesline"],"picked":"SKIP","floor":12}],"player_experience":476135,"relics_obtained":[{"floor":9,"key":"Gremlin Horn"},{"floor":13,"key":"Old Coin"}],"event_choices":[{"cards_removed":["Defend_R"],"damage_healed":0,"gold_gain":0,"player_choice":"Card Removal","damage_taken":7,"max_hp_gain":0,"max_hp_loss":0,"event_name":"Golden Wing","floor":5,"gold_loss":0},{"damage_healed":0,"gold_gain":75,"player_choice":"Gather Gold","damage_taken":11,"max_hp_gain":0,"max_hp_loss":0,"event_name":"World of Goop","floor":11,"gold_loss":0},{"damage_healed":0,"gold_gain":0,"player_choice":"Searched \u00271\u0027 times","damage_taken":0,"max_hp_gain":0,"max_hp_loss":0,"event_name":"Dead Adventurer","floor":13,"gold_loss":0},{"damage_healed":0,"gold_gain":0,"player_choice":"Lose Max HP","damage_taken":0,"relics_obtained":["Golden Idol"],"max_hp_gain":0,"max_hp_loss":6,"event_name":"Golden Idol","floor":14,"gold_loss":0}],"is_beta":false,"boss_relics":[],"items_purged_floors":[],"is_endless":false,"potions_floor_spawned":[1,7,13],"killed_by":"Hexaghost","ascension_level":4}}