{"host":"qvhy3c6mwu5ha9zk","time":1607954484,"event":{"mods":["2.2 Compatiblity","AchievementEnabler","BaseMod","Colored Powertips","Highlight Path","Minty Spire (QoL Compilation)","Rare Cards Sparkle","StSLib","The Cursed","The Disciple"],"gold_per_floor":[111,125,125,142,142,142,173,173,173,192,210,210,229,259,259,355,355,367,384,397,408,30,60,60,73,73,90,90,101,101,51,51,148,148,164,184,184,234,34,62,62,74,74,89,89,89,99,110,110,110],"floor_reached":51,"playtime":2605,"items_purged":["Strike_G","Strike_G","Strike_G"],"score":876,"play_id":"72ea1bc3-cf66-405a-ab81-fa597e75829a","local_time":"20201214060124","is_ascension_mode":true,"campfire_choices":[{"data":"Neutralize","floor":6,"key":"SMITH"},{"data":"Dagger Spray","floor":12,"key":"SMITH"},{"data":"Leg Sweep","floor":15,"key":"SMITH"},{"data":"Footwork","floor":24,"key":"SMITH"},{"floor":28,"key":"REST"},{"data":"Survivor","floor":30,"key":"SMITH"},{"floor":32,"key":"REST"},{"data":"1","floor":41,"key":"LIFT"},{"data":"2","floor":46,"key":"LIFT"},{"floor":49,"key":"REST"}],"circlet_count":0,"master_deck":["Strike_G","Defend_G","Defend_G","Defend_G","Defend_G+1","Defend_G","Survivor+1","Neutralize+1","Cloak And Dagger+1","Dagger Spray+1","Die Die Die","Infinite Blades+1","Sucker Punch","Leg Sweep+1","Sucker Punch+1","Footwork+1","Blade Dance+1","Envenom","Cloak And Dagger+1"],"relics":["Ring of the Snake","NeowsBlessing","Smiling Mask","Mercury Hourglass","Omamori","Runic Pyramid","Shuriken","Oddly Smooth Stone","Bottled Lightning","Fusion Hammer","Girya","TwistedFunnel","PreservedInsect","Darkstone Periapt"],"acts_visited":["Exordium","TheCity","TheBeyond"],"potions_floor_usage":[7,7,7,14,14,14,16,16,36,50,50],"damage_taken":[{"damage":0,"enemies":"2 Louse","floor":1,"turns":1},{"damage":0,"enemies":"Jaw Worm","floor":2,"turns":1},{"damage":0,"enemies":"Cultist","floor":4,"turns":1},{"damage":10,"enemies":"Lagavulin","floor":7,"turns":8},{"damage":0,"enemies":"Blue Slaver","floor":10,"turns":3},{"damage":0,"enemies":"Looter","floor":11,"turns":2},{"damage":0,"enemies":"Exordium Wildlife","floor":13,"turns":2},{"damage":5,"enemies":"Gremlin Nob","floor":14,"turns":3},{"damage":18,"enemies":"The Guardian","floor":16,"turns":14},{"damage":3,"enemies":"Shell Parasite","floor":18,"turns":7},{"damage":0,"enemies":"Chosen","floor":19,"turns":6},{"damage":13,"enemies":"Snake Plant","floor":20,"turns":7},{"damage":3,"enemies":"Chosen and Byrds","floor":21,"turns":5},{"damage":17,"enemies":"Gremlin Leader","floor":23,"turns":6},{"damage":0,"enemies":"3 Cultists","floor":25,"turns":4},{"damage":8,"enemies":"Snake Plant","floor":27,"turns":6},{"damage":7,"enemies":"Snecko","floor":29,"turns":5},{"damage":27,"enemies":"Champ","floor":33,"turns":12},{"damage":0,"enemies":"Orb Walker","floor":35,"turns":4},{"damage":4,"enemies":"3 Darklings","floor":36,"turns":5},{"damage":0,"enemies":"Mind Bloom Boss Battle","floor":38,"turns":5},{"damage":0,"enemies":"Reptomancer","floor":40,"turns":5},{"damage":0,"enemies":"Spire Growth","floor":42,"turns":4},{"damage":0,"enemies":"Jaw Worm Horde","floor":44,"turns":3},{"damage":8,"enemies":"Writhing Mass","floor":47,"turns":7},{"damage":0,"enemies":"Spire Growth","floor":48,"turns":4},{"damage":16,"enemies":"Donu and Deca","floor":50,"turns":8}],"seed_played":"6618739102657437041","potions_obtained":[{"floor":1,"key":"BlessingOfTheForge"},{"floor":2,"key":"CunningPotion"},{"floor":4,"key":"EssenceOfSteel"},{"floor":7,"key":"DuplicationPotion"},{"floor":13,"key":"EntropicBrew"},{"floor":14,"key":"Strength Potion"},{"floor":18,"key":"Dexterity Potion"},{"floor":19,"key":"ColorlessPotion"},{"floor":38,"key":"Fire Potion"},{"floor":42,"key":"CultistPotion"}],"is_trial":false,"path_per_floor":["M","M","?","M","?","R","E","?","T","M","M","R","M","E","R","B",null,"M","M","M","M","$","E","R","M","T","M","R","M","R","$","R","B",null,"M","M","?","?","$","E","R","M","T","M","?","R","M","M","R","B",null],"character_chosen":"THE_SILENT","items_purchased":["Footwork","Shuriken","TwistedFunnel"],"campfire_rested":3,"item_purchase_floors":[22,22,39],"current_hp_per_floor":[70,70,70,70,56,56,46,46,46,46,46,46,46,41,41,23,70,67,67,54,51,51,34,34,34,34,26,47,40,40,40,61,34,70,70,66,66,66,66,66,66,66,66,66,66,66,58,58,70,54],"gold":110,"neow_bonus":"THREE_ENEMY_KILL","is_daily":false,"chose_seed":false,"campfire_upgraded":5,"win_rate":0.0,"timestamp":1607954484,"path_taken":["M","M","?","M","?","R","E","?","T","M","M","R","M","E","R","BOSS","M","M","M","M","$","E","R","M","T","?","R","M","R","$","R","BOSS","M","M","?","?","?","E","R","?","T","M","?","R","M","M","R","BOSS"],"items_purchased_type":["Card","Relic","Relic"],"build_version":"2020-12-13","purchased_purges":3,"victory":true,"max_hp_per_floor":[70,70,70,70,70,70,70,70,70,70,70,70,70,70,70,70,70,70,70,70,70,70,70,70,70,70,70,70,70,70,70,70,70,70,70,70,70,70,70,70,70,70,70,70,70,70,70,70,70,70],"card_choices":[{"not_picked":["Deadly Poison","Poisoned Stab"],"picked":"Cloak And Dagger","floor":1},{"not_picked":["Flying Knee","PiercingWail"],"picked":"Dagger Spray","floor":2},{"not_picked":["Escape Plan","Riddle With Holes"],"picked":"Die Die Die","floor":4},{"not_picked":["Catalyst","Night Terror"],"picked":"Infinite Blades","floor":7},{"not_picked":["Riddle With Holes","Setup"],"picked":"Sucker Punch","floor":10},{"not_picked":["Sucker Punch","Slice","Dodge and Roll"],"picked":"SKIP","floor":11},{"not_picked":["Dodge and Roll","Dagger Throw"],"picked":"Leg Sweep","floor":13},{"not_picked":["Deadly Poison","Reflex","Night Terror"],"picked":"SKIP","floor":14},{"not_picked":["Endless Agony+1","Catalyst","Backstab"],"picked":"SKIP","floor":18},{"not_picked":["Dagger Throw","Bane","Choke"],"picked":"SKIP","floor":19},{"not_picked":["Outmaneuver","Sucker Punch","Slice"],"picked":"SKIP","floor":20},{"not_picked":["Reflex","Dodge and Roll"],"picked":"Sucker Punch+1","floor":21},{"not_picked":["Catalyst","Dagger Spray","Concentrate+1"],"picked":"SKIP","floor":23},{"not_picked":["Cloak And Dagger","Dagger Throw+1"],"picked":"Blade Dance+1","floor":25},{"not_picked":["Deadly Poison","Backflip","Bouncing Flask+1"],"picked":"SKIP","floor":27},{"not_picked":["Dodge and Roll+1","Crippling Poison+1","Prepared"],"picked":"SKIP","floor":29},{"not_picked":["Grand Finale","Phantasmal Killer"],"picked":"Envenom","floor":33},{"not_picked":["Cloak And Dagger","Flying Knee+1","Sucker Punch"],"picked":"SKIP","floor":35},{"not_picked":["Deadly Poison+1","Corpse Explosion","Slice"],"picked":"SKIP","floor":36},{"not_picked":["PiercingWail+1","Dodge and Roll+1"],"picked":"Cloak And Dagger+1","floor":40},{"not_picked":["Acrobatics+1","Backflip+1","Deflect"],"picked":"SKIP","floor":42},{"not_picked":["Sucker Punch+1","Bane+1","Dash+1"],"picked":"SKIP","floor":44},{"not_picked":["Quick Slash+1","Envenom","Slice"],"picked":"SKIP","floor":47},{"not_picked":["Backflip","Deflect","Prepared"],"picked":"SKIP","floor":48}],"player_experience":350894,"relics_obtained":[{"floor":7,"key":"Smiling Mask"},{"floor":9,"key":"Mercury Hourglass"},{"floor":14,"key":"Omamori"},{"floor":23,"key":"Oddly Smooth Stone"},{"floor":26,"key":"Bottled Lightning"},{"floor":38,"key":"Girya"},{"floor":40,"key":"PreservedInsect"},{"floor":43,"key":"Darkstone Periapt"}],"event_choices":[{"cards_removed":["Strike_G"],"damage_healed":0,"gold_gain":0,"player_choice":"Forget","damage_taken":0,"max_hp_gain":0,"max_hp_loss":0,"event_name":"Living Wall","floor":3,"gold_loss":0},{"damage_healed":0,"gold_gain":0,"player_choice":"Entered Light","damage_taken":14,"max_hp_gain":0,"max_hp_loss":0,"event_name":"Shining Light","floor":5,"gold_loss":0,"cards_upgraded":["Cloak And Dagger","Defend_G"]},{"damage_healed":0,"gold_gain":0,"player_choice":"Forge","damage_taken":0,"max_hp_gain":0,"max_hp_loss":0,"event_name":"Accursed Blacksmith","floor":8,"gold_loss":0,"cards_upgraded":["Infinite Blades"]},{"damage_healed":0,"gold_gain":0,"player_choice":"Memory 1","damage_taken":0,"max_hp_gain":0,"max_hp_loss":0,"event_name":"SensoryStone","floor":37,"gold_loss":0},{"damage_healed":0,"gold_gain":0,"player_choice":"Fight","damage_taken":0,"max_hp_gain":0,"max_hp_loss":0,"event_name":"MindBloom","floor":38,"gold_loss":0},{"damage_healed":0,"gold_gain":0,"player_choice":"Got Potions","damage_taken":0,"max_hp_gain":0,"max_hp_loss":0,"event_name":"Lab","floor":45,"gold_loss":0}],"is_beta":false,"boss_relics":[{"not_picked":["Pandora\u0027s Box","Philosopher\u0027s Stone"],"picked":"Runic Pyramid"},{"not_picked":["Empty Cage","HoveringKite"],"picked":"Fusion Hammer"}],"items_purged_floors":[22,31,39],"is_endless":false,"potions_floor_spawned":[1,2,4,7,13,14,18,19,23,25,38,40,42],"ascension_level":4}}