{"host":"qyjrmrr57odine7m","time":1607950589,"event":{"mods":["AchievementEnabler","BaseMod","Bestiary","Block Reminder","Card Forge","Highlight Path","Minty Spire (QoL Compilation)","StSLib"],"gold_per_floor":[119,133,148,163,181,209,33,58,104,104,143,218,245,265,265,376,376,392,408,383,409,418,418,436,436,512,546,567,567,602,702,702,813,813,830,841,605,619,619,619,654,654,654,671,703,703,714,787,787,787],"floor_reached":51,"playtime":3678,"items_purged":[],"score":919,"play_id":"a26b2889-0f40-4e34-9845-2b78b17fc1f6","local_time":"20201214125629","is_ascension_mode":false,"campfire_choices":[{"floor":10,"key":"REST"},{"data":"Barricade","floor":15,"key":"SMITH"},{"floor":23,"key":"RECALL"},{"data":"1","floor":32,"key":"LIFT"},{"data":"2","floor":40,"key":"LIFT"},{"data":"3","floor":46,"key":"LIFT"}],"circlet_count":0,"master_deck":["Strike_R+1","Defend_R+1","Dramatic Entrance+1","Pommel Strike+1","Whirlwind+1","Metallicize+1","Pommel Strike+1","Barricade+1","Feed+1","Metallicize+1","Ghostly Armor+1","Entrench+1","Shrug It Off+1","Juggernaut+1","Inflame+1"],"relics":["Burning Blood","Hammer of Thor","Seething Fire","Anvil of the Gods","CeramicFish","Membership Card","Mummified Hand","Whetstone","Meat on the Bone","Coffee Dripper","Eternal Feather","Blood Vial","Girya","FossilizedHelix","Darkstone Periapt","Busted Crown","Chemical X","Bottled Flame","Paper Frog","Singing Bowl","Champion Belt","Pantograph"],"acts_visited":["Exordium","TheCity","TheBeyond"],"potions_floor_usage":[13,27,33,50,50],"damage_taken":[{"damage":0,"enemies":"Small Slimes","floor":1,"turns":2},{"damage":0,"enemies":"2 Louse","floor":2,"turns":1},{"damage":0,"enemies":"Jaw Worm","floor":3,"turns":2},{"damage":0,"enemies":"Exordium Wildlife","floor":4,"turns":3},{"damage":0,"enemies":"Lots of Slimes","floor":5,"turns":1},{"damage":36,"enemies":"Lagavulin","floor":6,"turns":4},{"damage":16,"enemies":"Gremlin Nob","floor":8,"turns":4},{"damage":1,"enemies":"3 Sentries","floor":11,"turns":4},{"damage":0,"enemies":"Exordium Thugs","floor":13,"turns":2},{"damage":11,"enemies":"Large Slime","floor":14,"turns":3},{"damage":16,"enemies":"Hexaghost","floor":16,"turns":11},{"damage":0,"enemies":"Spheric Guardian","floor":18,"turns":4},{"damage":6,"enemies":"Chosen","floor":19,"turns":4},{"damage":14,"enemies":"Shelled Parasite and Fungi","floor":21,"turns":6},{"damage":0,"enemies":"3 Cultists","floor":24,"turns":7},{"damage":11,"enemies":"Gremlin Leader","floor":27,"turns":5},{"damage":2,"enemies":"Cultist and Chosen","floor":28,"turns":6},{"damage":0,"enemies":"Book of Stabbing","floor":30,"turns":6},{"damage":3,"enemies":"Colosseum Slavers","floor":31,"turns":4},{"damage":13,"enemies":"Colosseum Nobs","floor":31,"turns":3},{"damage":0,"enemies":"Collector","floor":33,"turns":20},{"damage":0,"enemies":"3 Shapes","floor":35,"turns":4},{"damage":0,"enemies":"Orb Walker","floor":36,"turns":3},{"damage":0,"enemies":"3 Darklings","floor":38,"turns":3},{"damage":0,"enemies":"Nemesis","floor":41,"turns":5},{"damage":0,"enemies":"Spire Growth","floor":44,"turns":4},{"damage":0,"enemies":"Reptomancer","floor":45,"turns":5},{"damage":9,"enemies":"4 Shapes","floor":47,"turns":5},{"damage":14,"enemies":"Time Eater","floor":50,"turns":10}],"seed_played":"-4717859001376262749","potions_obtained":[{"floor":4,"key":"ElixirPotion"},{"floor":5,"key":"Strength Potion"},{"floor":11,"key":"FairyPotion"},{"floor":13,"key":"Fruit Juice"},{"floor":18,"key":"AttackPotion"},{"floor":27,"key":"Swift Potion"},{"floor":38,"key":"PowerPotion"}],"is_trial":false,"path_per_floor":["M","M","M","M","M","E","$","E","T","R","E","?","M","M","R","B",null,"M","M","$","M","?","R","M","R","T","E","M","?","E","?","R","B",null,"M","M","$","M","?","R","E","?","T","M","E","R","M","T","R","B",null],"character_chosen":"IRONCLAD","items_purchased":["Membership Card","Metallicize","Metallicize","Chemical X","Bottled Flame","EssenceOfSteel"],"campfire_rested":1,"item_purchase_floors":[7,7,20,37,37,37],"current_hp_per_floor":[80,80,80,80,80,50,50,40,40,64,69,58,69,64,64,54,85,89,89,89,85,85,85,95,95,95,90,96,77,89,89,98,106,106,110,110,110,110,110,110,110,107,107,112,114,114,113,113,116,108],"gold":787,"neow_bonus":"RANDOM_COLORLESS","is_daily":false,"chose_seed":false,"campfire_upgraded":1,"win_rate":0.0,"timestamp":1607950589,"path_taken":["M","M","M","M","M","E","$","E","T","R","E","?","M","M","R","BOSS","M","M","$","M","?","R","M","R","T","E","M","?","E","?","R","BOSS","M","M","$","M","?","R","E","?","T","M","E","R","?","?","R","BOSS"],"items_purchased_type":["Relic","Card","Card","Relic","Relic","Potion"],"build_version":"2020-12-13","purchased_purges":0,"victory":true,"max_hp_per_floor":[80,80,80,80,80,80,80,80,80,80,80,80,85,85,85,85,85,89,89,89,93,93,93,97,97,97,97,97,102,106,106,106,106,106,110,110,110,110,110,110,110,110,110,112,114,114,116,116,116,116],"card_choices":[{"not_picked":["Deep Breath","Finesse"],"picked":"Dramatic Entrance","floor":0},{"not_picked":["Armaments","Sentinel"],"picked":"Pommel Strike","floor":1},{"not_picked":["Iron Wave","Twin Strike"],"picked":"Whirlwind","floor":2},{"not_picked":["Perfected Strike","Whirlwind","Carnage"],"picked":"SKIP","floor":3},{"not_picked":["Heavy Blade","Shockwave","Wild Strike"],"picked":"SKIP","floor":4},{"not_picked":["Havoc","Clash","Anger"],"picked":"SKIP","floor":5},{"not_picked":["Battle Trance","Twin Strike","Fiend Fire"],"picked":"SKIP","floor":6},{"not_picked":["Burning Pact","Flex","Wild Strike"],"picked":"SKIP","floor":8},{"not_picked":["Entrench","Clothesline"],"picked":"Fire Breathing","floor":11},{"not_picked":["Heavy Blade","Dual Wield"],"picked":"Pommel Strike","floor":13},{"not_picked":["Clash","Infernal Blade","Perfected Strike"],"picked":"SKIP","floor":14},{"not_picked":["Limit Break","Corruption"],"picked":"Feed","floor":16},{"not_picked":["Body Slam+1","Armaments","Headbutt"],"picked":"SKIP","floor":18},{"not_picked":["Burning Pact","Warcry+1","Blood for Blood+1"],"picked":"SKIP","floor":19},{"not_picked":["Warcry","Intimidate"],"picked":"Ghostly Armor","floor":21},{"not_picked":["Power Through","Pommel Strike+1","Body Slam+1"],"picked":"SKIP","floor":24},{"not_picked":["Sentinel+1","Rupture","Havoc"],"picked":"SKIP","floor":27},{"not_picked":["Heavy Blade","Armaments"],"picked":"Shrug It Off","floor":28},{"not_picked":["Hemokinesis","Feed","True Grit"],"picked":"SKIP","floor":30},{"not_picked":["Corruption","Impervious"],"picked":"Juggernaut","floor":33},{"not_picked":["Anger"],"picked":"SKIP","floor":35},{"not_picked":["Dark Embrace+1"],"picked":"SKIP","floor":36},{"not_picked":["Thunderclap"],"picked":"SKIP","floor":38},{"not_picked":[],"picked":"Inflame+1","floor":41},{"not_picked":["Sword Boomerang+1"],"picked":"Singing Bowl","floor":44},{"not_picked":["Warcry+1"],"picked":"Singing Bowl","floor":45},{"not_picked":["Warcry+1"],"picked":"Singing Bowl","floor":47}],"player_experience":1147105,"relics_obtained":[{"floor":6,"key":"CeramicFish"},{"floor":8,"key":"Mummified Hand"},{"floor":9,"key":"Whetstone"},{"floor":11,"key":"Meat on the Bone"},{"floor":26,"key":"Eternal Feather"},{"floor":27,"key":"Blood Vial"},{"floor":30,"key":"Girya"},{"floor":31,"key":"FossilizedHelix"},{"floor":31,"key":"Darkstone Periapt"},{"floor":41,"key":"Paper Frog"},{"floor":43,"key":"Singing Bowl"},{"floor":45,"key":"Champion Belt"},{"floor":48,"key":"Pantograph"}],"event_choices":[{"damage_healed":0,"gold_gain":75,"player_choice":"Gather Gold","damage_taken":11,"max_hp_gain":0,"max_hp_loss":0,"event_name":"World of Goop","floor":12,"gold_loss":0},{"damage_healed":0,"gold_gain":0,"player_choice":"Read","damage_taken":0,"max_hp_gain":0,"max_hp_loss":0,"event_name":"The Library","floor":22,"gold_loss":0,"cards_obtained":["Entrench"]},{"damage_healed":0,"gold_gain":0,"player_choice":"Shed Blood","damage_taken":24,"max_hp_gain":5,"max_hp_loss":0,"event_name":"Forgotten Altar","floor":29,"gold_loss":0},{"damage_healed":0,"gold_gain":0,"player_choice":"Fight","damage_taken":0,"max_hp_gain":0,"max_hp_loss":0,"event_name":"Colosseum","floor":31,"gold_loss":0},{"damage_healed":0,"gold_gain":0,"player_choice":"Fought Nobs","damage_taken":0,"max_hp_gain":0,"max_hp_loss":0,"event_name":"Colosseum","floor":31,"gold_loss":0},{"damage_healed":0,"gold_gain":0,"player_choice":"Memory 1","damage_taken":0,"max_hp_gain":0,"max_hp_loss":0,"event_name":"SensoryStone","floor":39,"gold_loss":0},{"damage_healed":0,"gold_gain":0,"player_choice":"Punched","damage_taken":3,"max_hp_gain":0,"max_hp_loss":0,"event_name":"Designer","floor":42,"gold_loss":0}],"is_beta":false,"boss_relics":[{"not_picked":["Velvet Choker","Pandora\u0027s Box"],"picked":"Coffee Dripper"},{"not_picked":["Runic Dome","Black Blood"],"picked":"Busted Crown"}],"items_purged_floors":[],"is_endless":false,"potions_floor_spawned":[4,5,11,13,18,27,28,31,38,41,47],"ascension_level":0}}