{"host":"voynvaosqxulty6e","time":1607963197,"event":{"mods":["BaseMod","Downfall","Minty Spire (QoL Compilation)","StSLib"],"gold_per_floor":[199,232,232,261,261,273,353,353,353,384,395,395,407,582,596,695,695,695,695,695,730,730,759,785,805,805,830,846,161,174,185,204,306,306,306,69,69,69,98,110,174,218,246,284,312,374,64,79,95,95],"floor_reached":51,"playtime":3028,"items_purged":["Doubt","Guardian:Strike_Guardian"],"score":1005,"play_id":"7208fd77-02ad-4855-98a2-451449879bcc","local_time":"20201214172637","is_ascension_mode":true,"campfire_choices":[{"data":"Guardian:CurlUp","floor":1,"key":"SMITH"},{"data":"Guardian:Preprogram","floor":3,"key":"SMITH"},{"floor":9,"key":"REST"},{"data":"Guardian:ArmoredProtocol","floor":18,"key":"SMITH"},{"data":"Guardian:BronzeOrb","floor":20,"key":"SMITH"},{"data":"Guardian:PiercingHide","floor":22,"key":"SMITH"},{"data":"Guardian:WalkerClaw","floor":26,"key":"SMITH"},{"floor":35,"key":"RECALL"},{"data":"1","floor":38,"key":"LIFT"}],"circlet_count":0,"master_deck":["Guardian:Strike_Guardian","Guardian:Strike_Guardian","Guardian:Defend_Guardian","Guardian:Defend_Guardian","Guardian:Defend_Guardian+1","Guardian:Defend_Guardian","Guardian:CurlUp+1","Guardian:TwinSlam","Guardian:Preprogram+1","Guardian:ArmoredProtocol+1","Guardian:BronzeOrb+1","Guardian:PiercingHide+1","Guardian:PolyBeam","Guardian:SentryBeam+1","Guardian:WalkerClaw+1","Guardian:ShieldCharger+1","Guardian:MultiBeam","Guardian:TimeBomb","Guardian:EvasiveProtocol","Guardian:BaubleBeam","Guardian:RollAttack+1","Guardian:ChargeUp+1","Guardian:EvasiveProtocol","Guardian:ChargeUp+1","Guardian:PrimingBeam+1","Guardian:Gem_Red"],"relics":["Guardian:ModeShifter","Pocketwatch","Mummified Hand","Bottled Lightning","White Beast Statue","Nunchaku","SlaversCollar","Singing Bowl","Potion Belt","Bag of Marbles","Girya","Matryoshka","Dream Catcher","TheAbacus","SacredBark","PreservedInsect","MawBank","InkBottle","War Paint","Pen Nib","Thread and Needle","Gremlin Horn","Vajra","Lee\u0027s Waffle"],"acts_visited":["Exordium","TheCity","TheBeyond"],"potions_floor_usage":[16,16,27,27,27,30,32,33,33,33,33,33,47,50],"damage_taken":[{"damage":56,"enemies":"Lagavulin","floor":2,"turns":13},{"damage":16,"enemies":"Gremlin Nob","floor":4,"turns":5},{"damage":0,"enemies":"Jaw Worm","floor":6,"turns":4},{"damage":22,"enemies":"3 Sentries","floor":10,"turns":9},{"damage":0,"enemies":"2 Louse","floor":11,"turns":3},{"damage":0,"enemies":"Cultist","floor":13,"turns":4},{"damage":4,"enemies":"3 Louse","floor":15,"turns":5},{"damage":13,"enemies":"downfall:Defect","floor":16,"turns":5},{"damage":50,"enemies":"Slavers","floor":21,"turns":8},{"damage":19,"enemies":"Book of Stabbing","floor":23,"turns":7},{"damage":0,"enemies":"Shell Parasite","floor":25,"turns":6},{"damage":0,"enemies":"Slavers","floor":27,"turns":6},{"damage":0,"enemies":"Spheric Guardian","floor":28,"turns":5},{"damage":0,"enemies":"downfall:FleeingMerchant","floor":29,"turns":4},{"damage":0,"enemies":"Snecko","floor":30,"turns":5},{"damage":2,"enemies":"Snake Plant","floor":31,"turns":5},{"damage":3,"enemies":"Centurion and Healer","floor":32,"turns":12},{"damage":8,"enemies":"downfall:Ironclad","floor":33,"turns":5},{"damage":0,"enemies":"downfall:FleeingMerchant","floor":36,"turns":4},{"damage":29,"enemies":"Giant Head","floor":39,"turns":8},{"damage":0,"enemies":"Reptomancer","floor":42,"turns":3},{"damage":0,"enemies":"3 Darklings","floor":43,"turns":5},{"damage":0,"enemies":"Nemesis","floor":44,"turns":6},{"damage":0,"enemies":"3 Shapes","floor":45,"turns":2},{"damage":0,"enemies":"Mind Bloom Boss Battle","floor":46,"turns":5},{"damage":13,"enemies":"downfall:FleeingMerchant","floor":47,"turns":4},{"damage":0,"enemies":"Sphere and 2 Shapes","floor":48,"turns":3},{"damage":0,"enemies":"4 Shapes","floor":49,"turns":2},{"damage":0,"enemies":"downfall:Watcher","floor":50,"turns":7}],"seed_played":"7143780216942827240","potions_obtained":[{"floor":2,"key":"FairyPotion"},{"floor":6,"key":"Guardian:AcceleratePotion"},{"floor":10,"key":"AttackPotion"},{"floor":16,"key":"Strength Potion"},{"floor":21,"key":"LiquidMemories"},{"floor":23,"key":"champ:CounterPotion"},{"floor":25,"key":"Slimebound:ThreeZeroPotion"},{"floor":27,"key":"Strength Potion"},{"floor":28,"key":"hexamod:EctoCoolerPotion"},{"floor":29,"key":"LiquidBronze"},{"floor":30,"key":"Fruit Juice"},{"floor":31,"key":"Explosive Potion"},{"floor":32,"key":"ColorlessPotion"},{"floor":33,"key":"SkillPotion"},{"floor":36,"key":"Guardian:BlockOnCardUsePotion"},{"floor":39,"key":"SneckoOil"},{"floor":42,"key":"SteroidPotion"},{"floor":43,"key":"BlessingOfTheForge"},{"floor":44,"key":"hexamod:EctoCoolerPotion"},{"floor":45,"key":"Weak Potion"},{"floor":47,"key":"Guardian:DefensiveModePotion"},{"floor":48,"key":"Fire Potion"}],"is_trial":false,"path_per_floor":["R","E","R","E","?","M","T","T","R","E","M","?","M","?","M","B",null,"R","?","R","E","R","E","T","M","R","E","M","$","M","M","M","B",null,"R","$","?","R","E","?","T","E","M","E","M","?","$","M","M","B",null],"character_chosen":"GUARDIAN","items_purchased":["Matryoshka","Dream Catcher","TheAbacus","Guardian:Gem_Purple","Guardian:ChargeUp","PreservedInsect","Gremlin Horn","Vajra","Lee\u0027s Waffle"],"campfire_rested":1,"item_purchase_floors":[29,29,29,29,36,36,47,47,47],"current_hp_per_floor":[80,24,24,8,8,8,8,8,32,10,10,10,10,10,6,24,80,80,80,80,30,30,11,11,11,11,13,13,13,18,16,13,5,87,87,87,87,87,58,58,58,58,60,60,62,62,100,102,104,104],"gold":95,"neow_bonus":"HUNDRED_GOLD","is_daily":false,"chose_seed":false,"campfire_upgraded":6,"win_rate":0.0,"timestamp":1607963197,"path_taken":["R","E","R","E","?","M","T","?","R","E","M","?","?","?","M","BOSS","R","?","R","E","R","E","T","M","R","E","?","?","M","M","M","BOSS","R","$","?","R","E","?","T","E","?","E","M","?","$","M","M","BOSS"],"items_purchased_type":["Relic","Relic","Relic","Card","Card","Relic","Relic","Relic","Relic"],"build_version":"2020-12-13","purchased_purges":2,"victory":true,"max_hp_per_floor":[80,80,80,80,80,80,80,80,80,80,80,80,80,80,80,80,80,80,80,80,80,80,80,80,80,80,82,82,82,87,87,87,87,87,87,87,87,87,87,87,87,87,89,89,91,91,100,102,104,104],"card_choices":[{"not_picked":["Guardian:ShieldSpikes","Guardian:PrismaticBarrier"],"picked":"Guardian:Preprogram","floor":2},{"not_picked":["Guardian:PolyBeam","Guardian:Clone"],"picked":"Guardian:ArmoredProtocol","floor":4},{"not_picked":["Guardian:Suspension","Guardian:Reroute"],"picked":"Guardian:BronzeOrb","floor":6},{"not_picked":["Guardian:TemporalStrike","Guardian:PrismaticBeam"],"picked":"Guardian:PiercingHide","floor":10},{"not_picked":["Guardian:TimeBomb","Guardian:MultiBeam"],"picked":"Guardian:Gem_Cyan","floor":11},{"not_picked":["Guardian:Recover","Guardian:TemporalShield"],"picked":"Guardian:PolyBeam","floor":13},{"not_picked":["Guardian:DonusPower","Guardian:SphericShield"],"picked":"Guardian:Gem_Green","floor":15},{"not_picked":["Guardian:HyperBeam_Guardian","Guardian:TimeSifter"],"picked":"Guardian:Gem_Orange","floor":16},{"not_picked":["Guardian:Gem_Cyan","Guardian:BronzeOrb"],"picked":"Guardian:SentryBeam+1","floor":21},{"not_picked":["Guardian:Gem_Cyan","Guardian:ArmoredProtocol"],"picked":"Guardian:WalkerClaw","floor":23},{"not_picked":["Guardian:MultiBeam","Guardian:Gem_Green"],"picked":"Guardian:ShieldCharger+1","floor":25},{"not_picked":["Guardian:WalkerClaw","Guardian:ArmoredProtocol","Guardian:ShieldSpikes"],"picked":"Singing Bowl","floor":27},{"not_picked":["Guardian:Incinerate+1","Guardian:PolyBeam+1"],"picked":"Guardian:Gem_White","floor":28},{"not_picked":["Guardian:Reroute+1","Guardian:Recover"],"picked":"Guardian:MultiBeam","floor":29},{"not_picked":["Guardian:Gem_Purple","Guardian:Gem_Crimson"],"picked":"Guardian:TimeBomb","floor":30},{"not_picked":["Guardian:Incinerate","Guardian:FloatingOrbs"],"picked":"Guardian:EvasiveProtocol","floor":31},{"not_picked":["Guardian:Suspension","Guardian:TemporalShield"],"picked":"Guardian:Gem_Crimson","floor":32},{"not_picked":["Guardian:SphericShield","Guardian:Gem_Orange"],"picked":"Guardian:BaubleBeam","floor":33},{"not_picked":["Guardian:Recover+1","Guardian:Incinerate+1"],"picked":"Guardian:RollAttack+1","floor":36},{"not_picked":["Guardian:Gem_Cyan","Guardian:Gem_Crimson"],"picked":"Guardian:EvasiveProtocol","floor":39},{"not_picked":["Guardian:Emergency","Guardian:Gem_Red"],"picked":"Guardian:ChargeUp+1","floor":42},{"not_picked":["Guardian:SphericShield","Guardian:Planning","Guardian:Preprogram"],"picked":"Singing Bowl","floor":43},{"not_picked":["Guardian:FloatingOrbs","Guardian:Recover+1"],"picked":"Guardian:PrimingBeam+1","floor":44},{"not_picked":["Guardian:Gem_Lightblue","Guardian:ArmoredProtocol+1","Guardian:Gem_Cyan"],"picked":"Singing Bowl","floor":45},{"not_picked":["Guardian:PrismaticBeam+1","Guardian:PrimingBeam+1"],"picked":"Guardian:Gem_Red","floor":46},{"not_picked":["Guardian:CrystalBeam","Guardian:Gem_Purple","Guardian:WalkerClaw"],"picked":"Singing Bowl","floor":47},{"not_picked":["Guardian:TimeCapacitor","Guardian:Gem_Green","Guardian:PrismaticBarrier+1"],"picked":"Singing Bowl","floor":48},{"not_picked":["Guardian:Gem_Lightblue","Guardian:Clone+1","Guardian:TimeCapacitor"],"picked":"Singing Bowl","floor":49}],"player_experience":202852,"relics_obtained":[{"floor":2,"key":"Pocketwatch"},{"floor":4,"key":"Mummified Hand"},{"floor":7,"key":"Bottled Lightning"},{"floor":8,"key":"White Beast Statue"},{"floor":10,"key":"Nunchaku"},{"floor":21,"key":"Singing Bowl"},{"floor":23,"key":"Potion Belt"},{"floor":24,"key":"Bag of Marbles"},{"floor":27,"key":"Girya"},{"floor":39,"key":"MawBank"},{"floor":41,"key":"InkBottle"},{"floor":42,"key":"War Paint"},{"floor":44,"key":"Pen Nib"},{"floor":46,"key":"Thread and Needle"}],"event_choices":[{"damage_healed":0,"gold_gain":0,"player_choice":"Leave","damage_taken":0,"max_hp_gain":0,"max_hp_loss":0,"event_name":"FaceTrader","floor":12,"gold_loss":0},{"cards_removed":["Guardian:Strike_Guardian"],"damage_healed":0,"gold_gain":0,"player_choice":"Card Removal","damage_taken":0,"max_hp_gain":0,"max_hp_loss":0,"event_name":"Wheel of Change","floor":40,"gold_loss":0}],"is_beta":false,"boss_relics":[{"not_picked":["Guardian:StasisSlotReductionRelic","Busted Crown"],"picked":"SlaversCollar"},{"not_picked":["Tiny House","Black Star"],"picked":"SacredBark"}],"items_purged_floors":[29,47],"is_endless":false,"potions_floor_spawned":[2,6,10,11,13,15,16,21,23,25,27,28,29,30,31,32,33,36,39,42,43,44,45,46,47,48,49],"ascension_level":1}}