{"host":"g9y2ptialarrkhtq","time":1607950132,"event":{"mods":["Act Like it!","Astrologer","BaseMod","Conspire","Jedi Mod","Minty Spire (QoL Compilation)","Replay The Spire","StSLib"],"gold_per_floor":[110,110,122,141,179,211,227,227,227,244,276,276,3,13,13,116,116,98,118,138,59,59,85,99,177,254,267,43,69,104,154,154,258,258,273,273,286,286,134,134,184,96,96,7,7,23,35,55,55,55,55,55,7,39,39,39],"floor_reached":55,"playtime":4408,"items_purged":["astrologer:Strike","astrologer:Strike","astrologer:Strike","Pain","CommonCold"],"score":697,"play_id":"2959509a-c8f7-4d10-837d-7dae6e0aabd2","local_time":"20201214204852","is_ascension_mode":false,"campfire_choices":[{"floor":12.0,"key":"REST"},{"data":"astrologer:CosmicExpanse","floor":15.0,"key":"SMITH"},{"floor":32.0,"key":"REST"},{"data":"ReplayTheSpireMod:Faulty Equipment","floor":40.0,"key":"SMITH"},{"floor":49.0,"key":"RECALL"},{"data":"astrologer:TheSun","floor":52.0,"key":"SMITH"}],"circlet_count":0,"master_deck":["astrologer:Defend","astrologer:NorthStar","astrologer:TheFool+1","astrologer:Sunrise","astrologer:GlassStar","astrologer:Conjunction","astrologer:Fireball","astrologer:FadingStar","astrologer:LonelyStar","astrologer:TheSun+1","astrologer:FrozenStar","astrologer:CosmicExpanse+1","astrologer:Nova+1","astrologer:Strength","astrologer:ShootingStar+1","astrologer:Conjunction","astrologer:Prismatic+1","astrologer:MeteorShower+1","astrologer:FrozenStar","astrologer:Temperance","astrologer:Alignment","astrologer:Death+1","astrologer:ShiningStar","conspire:Banana","astrologer:Starfield","astrologer:Conjunction+1","astrologer:LonelyStar+1","astrologer:Fate"],"relics":["astrologer:SkyMirror","NeowsBlessing","Mummified Hand","Mercury Hourglass","GremlinMask","Snack Pack","Gremlin Food","Membership Card","Velvet Choker","Potion Belt","Replay:Baseball","conspire:DecoderRing","Eternal Feather","ReplayFunnel","Red Mask","ReplayTheSpireMod:TigerMarble","Kintsugi","WarpedTongs","Guide Book","conspire:GlowingRock","InkBottle","Prayer Wheel","Blood Vial"],"acts_visited":["Exordium","TheCity","TheBeyond","TheEnding"],"potions_floor_usage":[54,54,55,55],"damage_taken":[{"damage":0.0,"enemies":"conspire:RoseBush","floor":1.0,"turns":1.0},{"damage":0.0,"enemies":"Cultist","floor":3.0,"turns":1.0},{"damage":0.0,"enemies":"2 Louse","floor":4.0,"turns":1.0},{"damage":6.0,"enemies":"conspire:MimicChest","floor":5.0,"turns":8.0},{"damage":18.0,"enemies":"Lagavulin","floor":6.0,"turns":8.0},{"damage":0.0,"enemies":"Exordium Wildlife","floor":7.0,"turns":4.0},{"damage":0.0,"enemies":"3 Louse","floor":10.0,"turns":2.0},{"damage":5.0,"enemies":"Replay:BlueRogue","floor":11.0,"turns":7.0},{"damage":0.0,"enemies":"Lots of Slimes","floor":14.0,"turns":1.0},{"damage":48.0,"enemies":"Hexaghost","floor":16.0,"turns":11.0},{"damage":2.0,"enemies":"2 Thieves","floor":18.0,"turns":4.0},{"damage":0.0,"enemies":"Spheric Guardian","floor":19.0,"turns":5.0},{"damage":19.0,"enemies":"Shelled Parasite and Fungi","floor":20.0,"turns":6.0},{"damage":27.0,"enemies":"conspire:SneckoGhost","floor":23.0,"turns":6.0},{"damage":1.0,"enemies":"Snecko","floor":24.0,"turns":4.0},{"damage":2.0,"enemies":"Centurion and Healer","floor":27.0,"turns":5.0},{"damage":0.0,"enemies":"Masked Bandits","floor":30.0,"turns":4.0},{"damage":9.0,"enemies":"conspire:MysteriousRune","floor":33.0,"turns":7.0},{"damage":0.0,"enemies":"3 Darklings","floor":35.0,"turns":6.0},{"damage":7.0,"enemies":"Orb Walker","floor":37.0,"turns":3.0},{"damage":16.0,"enemies":"Mind Bloom Boss Battle","floor":41.0,"turns":5.0},{"damage":0.0,"enemies":"Sphere and 2 Shapes","floor":46.0,"turns":4.0},{"damage":20.0,"enemies":"Jaw Worm Horde","floor":47.0,"turns":4.0},{"damage":0.0,"enemies":"Transient","floor":48.0,"turns":5.0},{"damage":29.0,"enemies":"Time Eater","floor":50.0,"turns":9.0},{"damage":47,"enemies":"Shield and Spear","floor":54,"turns":4},{"damage":40,"enemies":"The Heart","floor":55,"turns":5}],"seed_played":"2068205288748099308","potions_obtained":[{"floor":3.0,"key":"SkillPotion"},{"floor":6.0,"key":"Elixir"},{"floor":7.0,"key":"ColorlessPotion"},{"floor":14.0,"key":"PowerPotion"},{"floor":18.0,"key":"DuplicationPotion"},{"floor":23.0,"key":"LifebloodPotion"},{"floor":30.0,"key":"Reflective Coating"},{"floor":33.0,"key":"Fruit Juice"},{"floor":37.0,"key":"ColorlessPotion"},{"floor":47.0,"key":"Elixir"},{"floor":48.0,"key":"jedi:holywater"},{"floor":54,"key":"jedi:wingpotion"}],"is_trial":false,"path_per_floor":["M","?","M","M","?","E","M","?","T","M","E","R","$","M","R","B",null,"M","M","M","$","?","E","M","T","T","M","$","T","?","T","R","B",null,"M","?","M","?","$","R","?","$","T","$","T","M","M","M","R","B",null,"R","$","E","B"],"character_chosen":"ASTROLOGER","items_purchased":["Membership Card","astrologer:TheSun","astrologer:FrozenStar","astrologer:Prismatic+1","Eternal Feather","astrologer:Temperance","Guide Book","astrologer:ShiningStar","conspire:Banana","Cursed Concoction"],"campfire_rested":2,"item_purchase_floors":[13,13,13,21,28,28,39,44,44,53],"current_hp_per_floor":[70,70,70,70,64,46,46,46,46,48,45,66,66,66,66,18,70,68,68,51,51,51,26,25,25,25,23,23,23,23,23,59,61,75,75,75,70,70,70,75,61,61,61,61,61,67,48,53,68,45,79,79,79,35,0,0],"gold":39,"neow_bonus":"THREE_ENEMY_KILL","is_daily":false,"chose_seed":false,"campfire_upgraded":3,"win_rate":0.0,"timestamp":1607950132,"path_taken":["M","?","?","M","?","E","M","?","T","?","E","R","$","M","R","BOSS","M","M","M","$","?","E","M","?","T","M","$","?","?","?","R","BOSS","M","?","?","?","?","R","?","$","T","$","?","M","?","M","R","BOSS","R","$","E","BOSS"],"items_purchased_type":["Relic","Card","Card","Card","Relic","Card","Relic","Card","Card","Potion"],"build_version":"2020-12-13","purchased_purges":5,"victory":false,"max_hp_per_floor":[70,70,70,70,70,70,70,70,70,70,70,70,70,70,70,70,70,70,70,70,70,70,70,70,70,70,70,70,70,70,70,70,75,75,75,75,75,75,75,75,75,75,75,75,75,76,77,78,78,79,79,79,79,80,80,80],"card_choices":[{"not_picked":["astrologer:MeteorShower","astrologer:TheEmperor"],"picked":"astrologer:Sunrise","floor":1.0},{"not_picked":["astrologer:Observe","astrologer:Stardust"],"picked":"astrologer:GlassStar","floor":3.0},{"not_picked":["astrologer:Eclipse","astrologer:Divination"],"picked":"astrologer:Conjunction","floor":4.0},{"not_picked":["astrologer:MeteorShower","astrologer:Quincunx"],"picked":"astrologer:Fireball","floor":5.0},{"not_picked":["astrologer:SolarFlare","astrologer:CometStrike"],"picked":"astrologer:FadingStar","floor":6.0},{"not_picked":["astrologer:Fireball","astrologer:TheHierophant"],"picked":"astrologer:LonelyStar","floor":7.0},{"not_picked":["astrologer:LonelyStar","astrologer:Moonlight"],"picked":"astrologer:MeteorShower","floor":10.0},{"not_picked":["astrologer:SpaceDust","astrologer:TheMoon"],"picked":"astrologer:Still","floor":11.0},{"not_picked":["astrologer:Sunrise","astrologer:NeutronStar"],"picked":"astrologer:CosmicExpanse","floor":14.0},{"not_picked":["astrologer:DarkMatter","astrologer:Fate"],"picked":"astrologer:Nova","floor":16.0},{"not_picked":["astrologer:Radiance","astrologer:Opposition"],"picked":"astrologer:Strength","floor":18.0},{"not_picked":["astrologer:Strength+1","astrologer:SolarFlare"],"picked":"astrologer:ShootingStar","floor":19.0},{"not_picked":["astrologer:ReadTheStars","astrologer:Justice"],"picked":"astrologer:Conjunction","floor":20.0},{"not_picked":["astrologer:BlackHole","astrologer:CometStrike","astrologer:CosmicExpanse"],"picked":"SKIP","floor":23.0},{"not_picked":["astrologer:TheMoon","astrologer:Conjunction"],"picked":"astrologer:MeteorShower+1","floor":24.0},{"not_picked":["astrologer:TheEmperor+1","astrologer:Quincunx"],"picked":"astrologer:FrozenStar","floor":27.0},{"not_picked":["astrologer:FadingStar+1","astrologer:SpaceDust"],"picked":"astrologer:Alignment","floor":30.0},{"not_picked":["astrologer:Nova","astrologer:TheMagician"],"picked":"astrologer:Death","floor":33.0},{"not_picked":["astrologer:Glimpse+1","astrologer:MeteorShower+1","astrologer:Moonlight+1"],"picked":"SKIP","floor":35.0},{"not_picked":["astrologer:Fireball","astrologer:ReadTheStars","astrologer:Radiance"],"picked":"SKIP","floor":37.0},{"not_picked":["astrologer:Moonlight+1","astrologer:Stardust","astrologer:Eclipse+1"],"picked":"SKIP","floor":46.0},{"not_picked":["astrologer:Moonlight+1","astrologer:Prestidigitation","astrologer:FrozenStar+1"],"picked":"SKIP","floor":46.0},{"not_picked":["astrologer:TheMoon","astrologer:SpaceDust"],"picked":"astrologer:Starfield","floor":47.0},{"not_picked":["astrologer:Moonlight+1","astrologer:Eclipse"],"picked":"astrologer:Conjunction+1","floor":47.0},{"not_picked":["astrologer:Moonlight","astrologer:TheHighPriestess+1"],"picked":"astrologer:LonelyStar+1","floor":48.0},{"not_picked":["astrologer:Strength","astrologer:ReadTheStars","astrologer:CometStrike+1"],"picked":"SKIP","floor":48.0},{"not_picked":["astrologer:MeteorShower","astrologer:Conjunction+1"],"picked":"astrologer:Fate","floor":54}],"player_experience":91356,"relics_obtained":[{"floor":5.0,"key":"Mummified Hand"},{"floor":6.0,"key":"Mercury Hourglass"},{"floor":9.0,"key":"Snack Pack"},{"floor":11.0,"key":"Gremlin Food"},{"floor":22.0,"key":"Potion Belt"},{"floor":23.0,"key":"Replay:Baseball"},{"floor":26.0,"key":"conspire:DecoderRing"},{"floor":29.0,"key":"ReplayFunnel"},{"floor":30.0,"key":"Red Mask"},{"floor":31.0,"key":"ReplayTheSpireMod:TigerMarble"},{"floor":41.0,"key":"conspire:GlowingRock"},{"floor":43.0,"key":"InkBottle"},{"floor":45.0,"key":"Prayer Wheel"},{"floor":54,"key":"Blood Vial"}],"event_choices":[{"damage_healed":0.0,"max_hp_gain":0.0,"max_hp_loss":0.0,"gold_gain":0.0,"event_name":"Upgrade Shrine","player_choice":"Upgraded","floor":2.0,"gold_loss":0.0,"damage_taken":0.0,"cards_upgraded":["astrologer:TheFool"]},{"damage_healed":0.0,"max_hp_gain":0.0,"max_hp_loss":0.0,"gold_gain":0.0,"event_name":"FaceTrader","player_choice":"Trade","floor":8.0,"gold_loss":0.0,"damage_taken":0.0,"relics_obtained":["GremlinMask"]},{"damage_healed":0.0,"max_hp_gain":0.0,"max_hp_loss":0.0,"gold_gain":0.0,"event_name":"Masked Bandits","player_choice":"Fought Bandits","floor":30.0,"gold_loss":0.0,"damage_taken":0.0},{"damage_healed":0.0,"max_hp_gain":0.0,"max_hp_loss":0.0,"gold_gain":0.0,"event_name":"Accursed Blacksmith","player_choice":"Rummage","floor":36.0,"gold_loss":0.0,"damage_taken":0.0,"relics_obtained":["WarpedTongs"],"cards_obtained":["Pain"]},{"cards_removed":["astrologer:Defend"],"damage_healed":0.0,"max_hp_gain":0.0,"max_hp_loss":0.0,"gold_gain":0.0,"event_name":"Falling","player_choice":"Removed Skill","floor":38.0,"gold_loss":0.0,"damage_taken":0.0},{"damage_healed":0.0,"max_hp_gain":0.0,"max_hp_loss":0.0,"gold_gain":0.0,"event_name":"MindBloom","player_choice":"Fight","floor":41.0,"gold_loss":0.0,"damage_taken":0.0}],"is_beta":false,"boss_relics":[{"not_picked":["jedi:hotpepper","Black Star"],"picked":"Velvet Choker"},{"not_picked":["Busted Crown","Runic Pyramid"],"picked":"Kintsugi"}],"items_purged_floors":[13,21,28,39,42],"is_endless":false,"potions_floor_spawned":[3,6,7,14,18,23,30,33,37,47,48,54],"killed_by":"The Heart","ascension_level":0}}