{"host":"q2l6xtlpu05lrop8","time":1607929742,"event":{"mods":["AchievementEnabler","Ascension Reborn","BaseMod","Colored Map","Googly Eyes","Minty Spire (QoL Compilation)","StSLib","The IronCluck","slay the spire mod where everything is the same but ironclad has a cowboy hat"],"gold_per_floor":[119,130,130,130,155,155,198,212,212,212,212,230,230,268,268,389,389,408,408,408,408,79,94,94,138,138,138,151,167,180,224,224,358,385,400,1417,1417,932,1032,1032,1066,1066,1066,1079,1110,894,912,951,960,960,960,960,10,62,62],"floor_reached":56,"playtime":4807,"items_purged":["Reflex","Normality","Normality","Strike_G+1"],"score":1306,"play_id":"4298e524-69fd-44c9-a76a-c61bd62ee257","local_time":"20201213230902","is_ascension_mode":true,"campfire_choices":[{"data":"Catalyst","floor":6.0,"key":"SMITH"},{"floor":11.0,"key":"RECALL"},{"floor":15.0,"key":"REST"},{"data":"Burst","floor":24.0,"key":"SMITH"},{"data":"Catalyst","floor":27.0,"key":"SMITH"},{"floor":32.0,"key":"REST"},{"data":"Wraith Form v2","floor":40.0,"key":"SMITH"},{"data":"PiercingWail","floor":42.0,"key":"SMITH"},{"floor":49,"key":"REST"},{"floor":52,"key":"REST"}],"circlet_count":0,"master_deck":["Strike_G+1","Defend_G+1","Defend_G+1","Defend_G+1","Survivor+1","Neutralize+1","Wraith Form v2+1","Deadly Poison+1","Catalyst+1","All Out Attack","PiercingWail+1","Burst+1","Catalyst+1","Catalyst+1","Wraith Form v2+1","PiercingWail","Acrobatics+1","Venomology","A Thousand Cuts+1","Poisoned Stab+1","Unload+1","Backflip","Leg Sweep+1","Night Terror","Doppelganger","After Image"],"relics":["Ring of the Snake","Golden Idol","War Paint","Lantern","Juzu Bracelet","Snecko Eye","Matryoshka","Boot","Pantograph","Akabeko","CeramicFish","Astrolabe","Meat on the Bone","ClockworkSouvenir","Happy Flower","Art of War","Unceasing Top","Pear","Dream Catcher","Chemical X","Ornamental Fan","Vajra","Snake Skull"],"acts_visited":["Exordium","TheCity","TheBeyond","TheEnding"],"potions_floor_usage":[45,55,55,55,55],"damage_taken":[{"damage":0.0,"enemies":"Jaw Worm","floor":1.0,"turns":3.0},{"damage":0.0,"enemies":"Small Slimes","floor":2.0,"turns":3.0},{"damage":0.0,"enemies":"Cultist","floor":5.0,"turns":3.0},{"damage":6.0,"enemies":"Gremlin Nob","floor":7.0,"turns":4.0},{"damage":1.0,"enemies":"3 Louse","floor":8.0,"turns":3.0},{"damage":0.0,"enemies":"Gremlin Gang","floor":12.0,"turns":4.0},{"damage":2.0,"enemies":"Lagavulin","floor":14.0,"turns":6.0},{"damage":20.0,"enemies":"The Guardian","floor":16.0,"turns":13.0},{"damage":0.0,"enemies":"2 Thieves","floor":18.0,"turns":4.0},{"damage":0.0,"enemies":"Chosen","floor":23.0,"turns":3.0},{"damage":8.0,"enemies":"Slavers","floor":25.0,"turns":9.0},{"damage":2.0,"enemies":"3 Cultists","floor":28.0,"turns":6.0},{"damage":3.0,"enemies":"Centurion and Healer","floor":29.0,"turns":7.0},{"damage":7.0,"enemies":"Snake Plant","floor":30.0,"turns":4.0},{"damage":39.0,"enemies":"Gremlin Leader","floor":31.0,"turns":4.0},{"damage":44.0,"enemies":"Automaton","floor":33.0,"turns":6.0},{"damage":19.0,"enemies":"Orb Walker","floor":35.0,"turns":4.0},{"damage":1.0,"enemies":"Giant Head","floor":41.0,"turns":5.0},{"damage":23,"enemies":"3 Darklings","floor":44,"turns":6},{"damage":20,"enemies":"Nemesis","floor":45,"turns":7},{"damage":0,"enemies":"Writhing Mass","floor":47,"turns":2},{"damage":0,"enemies":"Giant Head","floor":48,"turns":2},{"damage":28,"enemies":"Awakened One","floor":50,"turns":13},{"damage":10,"enemies":"Shield and Spear","floor":54,"turns":7},{"damage":7,"enemies":"The Heart","floor":55,"turns":3}],"seed_played":"886645043062030310","potions_obtained":[{"floor":2.0,"key":"GamblersBrew"},{"floor":5.0,"key":"Weak Potion"},{"floor":8.0,"key":"LiquidMemories"},{"floor":16.0,"key":"Strength Potion"},{"floor":18.0,"key":"SkillPotion"},{"floor":23.0,"key":"CunningPotion"},{"floor":30.0,"key":"DistilledChaos"},{"floor":31.0,"key":"SpeedPotion"},{"floor":35.0,"key":"ColorlessPotion"},{"floor":44,"key":"Weak Potion"},{"floor":45,"key":"Dexterity Potion"}],"is_trial":false,"path_per_floor":["M","M","?","T","M","R","E","M","T","?","R","M","?","E","R","B",null,"M","?","?","?","$","M","R","E","T","R","M","M","M","E","R","B",null,"M","?","?","$","?","R","E","R","T","M","E","$","M","E","R","B",null,"R","$","E","B",null],"character_chosen":"THE_SILENT","items_purchased":["Matryoshka","Meat on the Bone","ClockworkSouvenir","Backflip","DuplicationPotion","Night Terror","Chemical X","Doppelganger","Ornamental Fan","Vajra","Dexterity Potion"],"campfire_rested":4,"item_purchase_floors":[22,38,38,46,46,53,53,53,53,53,53],"current_hp_per_floor":[70,70,53,53,53,53,47,46,46,46,46,46,46,44,65,45,70,70,70,70,70,70,70,70,62,62,62,60,57,50,11,32,13,70,51,51,51,51,51,51,50,50,50,39,41,41,41,41,65,52,80,80,80,70,73],"gold":62,"neow_bonus":"ONE_RANDOM_RARE_CARD","is_daily":false,"chose_seed":false,"campfire_upgraded":5,"win_rate":0.0,"timestamp":1607929742,"path_taken":["M","M","?","?","?","R","E","M","T","?","R","M","?","E","R","BOSS","M","?","?","?","$","M","R","E","T","R","M","M","M","E","R","BOSS","M","?","?","?","?","R","E","R","T","M","E","$","M","E","R","BOSS","R","$","E","BOSS"],"items_purchased_type":["Relic","Relic","Relic","Card","Potion","Card","Relic","Card","Relic","Relic","Potion"],"build_version":"2020-12-13","purchased_purges":4,"victory":true,"max_hp_per_floor":[70,70,70,70,70,70,70,70,70,70,70,70,70,70,70,70,70,70,70,70,70,70,70,70,70,70,70,70,70,70,70,70,70,70,70,70,70,70,70,70,70,70,70,70,80,80,80,80,80,80,80,80,80,80,80],"card_choices":[{"not_picked":["Bane","Endless Agony"],"picked":"Deflect","floor":1.0},{"not_picked":["Masterful Stab","Cloak And Dagger"],"picked":"Deadly Poison","floor":2.0},{"not_picked":["Riddle With Holes","Backflip"],"picked":"Catalyst","floor":5.0},{"not_picked":["Blade Dance","Escape Plan"],"picked":"All Out Attack","floor":7.0},{"not_picked":["Calculated Gamble","Masterful Stab","Slice"],"picked":"SKIP","floor":8.0},{"not_picked":["Finisher","Slice"],"picked":"PiercingWail","floor":12.0},{"not_picked":["Poisoned Stab","Accuracy","Predator"],"picked":"SKIP","floor":14.0},{"not_picked":["Grand Finale","Tools of the Trade"],"picked":"Burst","floor":16.0},{"not_picked":["Quick Slash","Poisoned Stab","Caltrops+1"],"picked":"SKIP","floor":18.0},{"not_picked":["Flying Knee","Prepared+1","Blade Dance"],"picked":"SKIP","floor":23.0},{"not_picked":["Sucker Punch","Quick Slash"],"picked":"PiercingWail","floor":25.0},{"not_picked":["Skewer","Die Die Die","Terror+1"],"picked":"SKIP","floor":28.0},{"not_picked":["Dagger Throw","Flying Knee"],"picked":"Acrobatics+1","floor":29.0},{"not_picked":["Bane","Poisoned Stab","Outmaneuver"],"picked":"SKIP","floor":30.0},{"not_picked":["Blade Dance","Expertise","Skewer"],"picked":"SKIP","floor":31.0},{"not_picked":["Glass Knife","Doppelganger"],"picked":"Venomology","floor":33.0},{"not_picked":["Bane","PiercingWail+1","Underhanded Strike"],"picked":"SKIP","floor":35.0},{"not_picked":["Escape Plan","Cloak And Dagger","Expertise+1"],"picked":"SKIP","floor":41.0},{"not_picked":["Masterful Stab+1","Acrobatics","Bane+1"],"picked":"SKIP","floor":44},{"not_picked":["Well Laid Plans","Quick Slash","Tactician+1"],"picked":"SKIP","floor":45},{"not_picked":["All Out Attack","Deflect","Acrobatics"],"picked":"SKIP","floor":47},{"not_picked":["Slice+1","Sucker Punch+1","Poisoned Stab"],"picked":"SKIP","floor":48},{"not_picked":["Underhanded Strike+1","Endless Agony+1"],"picked":"Leg Sweep+1","floor":49},{"not_picked":["Concentrate","Sucker Punch+1"],"picked":"After Image","floor":54}],"player_experience":774050,"relics_obtained":[{"floor":7.0,"key":"War Paint"},{"floor":9.0,"key":"Lantern"},{"floor":14.0,"key":"Juzu Bracelet"},{"floor":25.0,"key":"Boot"},{"floor":26.0,"key":"Pantograph"},{"floor":26.0,"key":"Akabeko"},{"floor":31.0,"key":"CeramicFish"},{"floor":41.0,"key":"Happy Flower"},{"floor":43.0,"key":"Art of War"},{"floor":43.0,"key":"Unceasing Top"},{"floor":45,"key":"Pear"},{"floor":48,"key":"Dream Catcher"},{"floor":54,"key":"Snake Skull"}],"event_choices":[{"damage_healed":0.0,"max_hp_gain":0.0,"max_hp_loss":0.0,"gold_gain":0.0,"event_name":"Golden Idol","player_choice":"Take Damage","floor":3.0,"gold_loss":0.0,"damage_taken":17.0,"relics_obtained":["Golden Idol"]},{"damage_healed":0.0,"max_hp_gain":0.0,"max_hp_loss":0.0,"gold_gain":0.0,"cards_transformed":["Strike_G"],"event_name":"Living Wall","player_choice":"Change","floor":10.0,"gold_loss":0.0,"damage_taken":0.0,"cards_obtained":["Setup"]},{"damage_healed":0.0,"max_hp_gain":0.0,"max_hp_loss":0.0,"gold_gain":0.0,"event_name":"Upgrade Shrine","player_choice":"Upgraded","floor":13.0,"gold_loss":0.0,"damage_taken":0.0,"cards_upgraded":["Wraith Form v2"]},{"damage_healed":0.0,"max_hp_gain":0.0,"max_hp_loss":0.0,"gold_gain":0.0,"event_name":"The Library","player_choice":"Read","floor":19.0,"gold_loss":0.0,"damage_taken":0.0,"cards_obtained":["Catalyst"]},{"damage_healed":0.0,"max_hp_gain":0.0,"max_hp_loss":0.0,"gold_gain":0.0,"event_name":"Duplicator","player_choice":"Copied","floor":20.0,"gold_loss":0.0,"damage_taken":0.0,"cards_obtained":["Catalyst"]},{"damage_healed":0.0,"max_hp_gain":0.0,"max_hp_loss":0.0,"gold_gain":0.0,"cards_transformed":["Deflect","Setup"],"event_name":"Drug Dealer","player_choice":"Became Test Subject","floor":21.0,"gold_loss":0.0,"damage_taken":0.0,"cards_obtained":["Wraith Form v2","Reflex"]},{"damage_healed":0.0,"max_hp_gain":0.0,"max_hp_loss":0.0,"gold_gain":999.0,"event_name":"MindBloom","player_choice":"Gold","floor":36.0,"gold_loss":0.0,"damage_taken":0.0,"cards_obtained":["Normality","Normality"]},{"cards_removed":["Defend_G"],"damage_healed":0.0,"max_hp_gain":0.0,"max_hp_loss":0.0,"gold_gain":0.0,"event_name":"Falling","player_choice":"Removed Skill","floor":37.0,"gold_loss":0.0,"damage_taken":0.0},{"damage_healed":0.0,"max_hp_gain":0.0,"max_hp_loss":0.0,"gold_gain":100.0,"event_name":"Golden Shrine","player_choice":"Pray","floor":39.0,"gold_loss":0.0,"damage_taken":0.0}],"is_beta":false,"boss_relics":[{"not_picked":["Runic Dome","Black Star"],"picked":"Snecko Eye"},{"not_picked":["Runic Pyramid","Sozu"],"picked":"Astrolabe"}],"items_purged_floors":[22,38,46,53],"is_endless":false,"potions_floor_spawned":[2,5,8,16,18,23,30,31,35,44,45],"ascension_level":0}}