{"host":"l2dnabsh5e0fsksb","time":1607913951,"event":{"mods":["2.2 Compatiblity","BaseMod","Downfall","Minty Spire (QoL Compilation)","Quick Restart","StSLib"],"gold_per_floor":[99,199,273,273,273,301,327,502,535,310,310,333,343,366,384,459,459,409,419,429,429,379,406,476,490,440,471,484,501,501,515,535,614,614,564,594,544,573,583,533,578,607,557,592,136,154,54,54,65,85,85,110,9,9,9],"floor_reached":56,"playtime":2217,"items_purged":["Slimebound:Tackle","Doubt"],"score":2268,"play_id":"950046f7-09bf-48f0-84d0-09447cd7a191","local_time":"20201214131551","is_ascension_mode":true,"campfire_choices":[{"floor":1.0,"key":"RECALL"},{"data":"Slimebound:SplitBruiser","floor":10.0,"key":"SMITH"},{"data":"Slimebound:Split","floor":18.0,"key":"SMITH"},{"data":"Slimebound:Repurpose","floor":22.0,"key":"SMITH"},{"data":"Slimebound:SplitAcid","floor":26.0,"key":"SMITH"},{"data":"Slimebound:Split","floor":35,"key":"SMITH"},{"data":"Slimebound:Overexert","floor":37,"key":"SMITH"},{"data":"Slimebound:OneTwoCombo","floor":40,"key":"SMITH"},{"data":"Slimebound:Nibble","floor":43,"key":"SMITH"},{"data":"expansioncontent:DefensiveStance","floor":54,"key":"SMITH"}],"circlet_count":0,"master_deck":["AscendersBane","Slimebound:Strike_Slimebound+1","Slimebound:Strike_Slimebound","Slimebound:Strike_Slimebound","Slimebound:Defend_Slimebound+1","Slimebound:Defend_Slimebound","Slimebound:Defend_Slimebound+1","Slimebound:Defend_Slimebound","Slimebound:Split+1","Slimebound:CorrosiveSpit","Slimebound:Repurpose+1","Slimebound:Nibble+1","Slimebound:SplitBruiser+1","Slimebound:Recollect","Slimebound:GoopSpray","Slimebound:SplitAcid+1","Slimebound:Overexert+1","Slimebound:PressTheAttack+1","Slimebound:SplitBruiser","Slimebound:RejuvenatingLick+1","Slimebound:AcidTongue","Slimebound:SplitSpecialist","Slimebound:MegaLick","expansioncontent:DefensiveMode","Slimebound:Split+1","Slimebound:LeechEnergy+1","Slimebound:Prepare","Slimebound:OneTwoCombo+1","Slimebound:AcidTongue","Slimebound:SplitBruiser+1","Slimebound:SplitBruiser","Slimebound:TongueLash+1","Slimebound:LeechEnergy","Slimebound:Recollect","Slimebound:LevelUp","Slimebound:SplitAcid","Slimebound:PressTheAttack","expansioncontent:DefensiveStance+1","expansioncontent:CaCaw","expansioncontent:Flail","Slimebound:SamplingLick+1","Slimebound:SamplingLick+1","Slimebound:SplitLeeching"],"relics":["Slimebound:AbsorbEndCombatUpgraded","downfall:HeartsMalice","Gremlin Horn","War Paint","PreservedInsect","downfall:HeartBlessingRed","downfall:HeartBlessingGreen","downfall:HeartBlessingBlue","Slimebound:GreedOozeRelic","MealTicket","Odd Mushroom","SlaversCollar","Bag of Preparation","Letter Opener","Dream Catcher","Art of War","Meat on the Bone","Juzu Bracelet","Whetstone","Pear","Strange Spoon","Question Card","Akabeko","ClockworkSouvenir","Bronze Scales"],"acts_visited":["Exordium","TheCity","TheBeyond","TheEnding"],"potions_floor_usage":[44,50,50,55],"damage_taken":[{"damage":0.0,"enemies":"Jaw Worm","floor":4.0,"turns":1.0},{"damage":0.0,"enemies":"2 Louse","floor":5.0,"turns":1.0},{"damage":0.0,"enemies":"3 Sentries","floor":6.0,"turns":1.0},{"damage":47.0,"enemies":"Gremlin Nob","floor":9.0,"turns":4.0},{"damage":9.0,"enemies":"Small Slimes","floor":13.0,"turns":3.0},{"damage":4.0,"enemies":"The Mushroom Lair","floor":14.0,"turns":2.0},{"damage":7.0,"enemies":"Red Slaver","floor":15.0,"turns":3.0},{"damage":40.0,"enemies":"downfall:Watcher","floor":16.0,"turns":10.0},{"damage":22.0,"enemies":"3 Byrds","floor":19.0,"turns":3.0},{"damage":26.0,"enemies":"Chosen","floor":20.0,"turns":4.0},{"damage":16.0,"enemies":"Gremlin Leader","floor":23.0,"turns":4.0},{"damage":20.0,"enemies":"Sentry and Sphere","floor":25.0,"turns":3.0},{"damage":13.0,"enemies":"Book of Stabbing","floor":27.0,"turns":3.0},{"damage":16.0,"enemies":"Chosen and Byrds","floor":28.0,"turns":3.0},{"damage":14.0,"enemies":"Cultist and Chosen","floor":29.0,"turns":3.0},{"damage":21.0,"enemies":"Snake Plant","floor":31.0,"turns":3.0},{"damage":28.0,"enemies":"Centurion and Healer","floor":32.0,"turns":3.0},{"damage":73,"enemies":"downfall:Ironclad","floor":33,"turns":7},{"damage":28,"enemies":"Giant Head","floor":36,"turns":5},{"damage":20,"enemies":"Nemesis","floor":38,"turns":3},{"damage":20,"enemies":"Orb Walker","floor":39,"turns":3},{"damage":8,"enemies":"Reptomancer","floor":42,"turns":3},{"damage":32,"enemies":"Nemesis","floor":44,"turns":3},{"damage":32,"enemies":"downfall:FleeingMerchant","floor":45,"turns":4},{"damage":12,"enemies":"3 Shapes","floor":46,"turns":2},{"damage":16,"enemies":"Jaw Worm Horde","floor":49,"turns":1},{"damage":77,"enemies":"downfall:Silent","floor":50,"turns":5},{"damage":68,"enemies":"downfall:CharBossMerchant","floor":52,"turns":4},{"damage":104,"enemies":"downfall:NeowBoss","floor":55,"turns":16}],"seed_played":"5297929536935900714","potions_obtained":[{"floor":6.0,"key":"BlessingOfTheForge"},{"floor":9.0,"key":"BlessingOfTheForge"},{"floor":14.0,"key":"Guardian:BlockOnCardUsePotion"},{"floor":20.0,"key":"LiquidMemories"},{"floor":28.0,"key":"Dexterity Potion"},{"floor":38,"key":"LiquidMemories"},{"floor":49,"key":"ColorlessPotion"}],"is_trial":false,"path_per_floor":["R","?","T","M","M","E","T","?","E","R","?","T","M","?","M","B",null,"R","M","M","?","R","E","T","M","R","E","M","M","?","M","M","B",null,"R","E","R","E","M","R","T","E","R","E","$","M","$","?","M","B",null,"E","$","R","B",null],"character_chosen":"SLIMEBOUND","items_purchased":["Strange Spoon","Question Card","Akabeko","Slimebound:LevelUp","Slimebound:SplitAcid","Slimebound:SplitLeeching","AttackPotion"],"campfire_rested":0,"item_purchase_floors":[45,45,45,45,45,53,53],"current_hp_per_floor":[49,49,49,49,49,49,49,49,19,29,29,29,34,40,45,45,59,59,53,55,46,46,62,62,60,60,55,60,60,60,63,62,31,56,56,64,64,60,60,60,60,64,64,62,74,74,74,64,74,47,67,45,60,60,64],"gold":9,"neow_bonus":"THREE_ENEMY_KILL","is_daily":false,"chose_seed":false,"campfire_upgraded":9,"win_rate":0.0,"timestamp":1607913951,"path_taken":["R","?","?","M","M","E","T","?","E","R","?","?","?","?","M","BOSS","R","M","M","?","R","E","T","M","R","E","?","M","?","?","M","BOSS","R","E","R","E","M","R","T","E","R","E","$","M","$","?","M","BOSS","E","$","R","BOSS"],"items_purchased_type":["Relic","Relic","Relic","Card","Card","Card","Potion"],"build_version":"2020-12-13","purchased_purges":2,"victory":true,"max_hp_per_floor":[54,54,54,54,54,54,54,54,54,64,64,64,64,64,64,64,64,64,64,64,64,64,64,64,64,64,64,64,64,64,64,64,64,64,64,64,64,64,64,64,64,64,64,74,74,74,74,74,74,74,74,74,74,74,74],"card_choices":[{"not_picked":["Slimebound:ComboTackle","Slimebound:LivingWall"],"picked":"Slimebound:Repurpose","floor":4.0},{"not_picked":["Slimebound:RejuvenatingLick","Slimebound:SlimeBrawl"],"picked":"Slimebound:Nibble","floor":5.0},{"not_picked":["Slimebound:LeechingTouch","Slimebound:SplitSpecialist"],"picked":"Slimebound:SplitBruiser","floor":6.0},{"not_picked":["Slimebound:FirmFortitude","Slimebound:WasteNot"],"picked":"Slimebound:Recollect","floor":9.0},{"not_picked":["Slimebound:SplitAcid","Slimebound:RollThrough"],"picked":"Slimebound:GoopSpray","floor":13.0},{"not_picked":["Slimebound:RollThrough","Slimebound:Schlurp"],"picked":"Slimebound:SplitAcid","floor":14.0},{"not_picked":["Slimebound:Chomp","Slimebound:ViciousTackle","Slimebound:GrowthPunch"],"picked":"SKIP","floor":15.0},{"not_picked":["Slimebound:RallyTheTroops","Slimebound:TagTeam"],"picked":"Slimebound:Overexert","floor":16.0},{"not_picked":["Slimebound:GrowthPunch","Slimebound:Chomp","Slimebound:GoopSpray"],"picked":"SKIP","floor":19.0},{"not_picked":["Slimebound:SlimeSpikes","Slimebound:RollThrough"],"picked":"Slimebound:PressTheAttack","floor":20.0},{"not_picked":["Slimebound:Chomp","Slimebound:LeadByExample"],"picked":"Slimebound:SplitBruiser","floor":23.0},{"not_picked":["Slimebound:SplitMire","Slimebound:SamplingLick+1"],"picked":"Slimebound:RejuvenatingLick+1","floor":25.0},{"not_picked":["Slimebound:Dissolve","Slimebound:SplitLeeching"],"picked":"Slimebound:AcidTongue","floor":27.0},{"not_picked":["Slimebound:FirmFortitude","Slimebound:Dissolve+1","Slimebound:Equalize"],"picked":"SKIP","floor":28.0},{"not_picked":["Slimebound:SplitBruiser","Slimebound:SlimeSpikes"],"picked":"Slimebound:SplitSpecialist","floor":29.0},{"not_picked":["Slimebound:FinishingTackle","Slimebound:SamplingLick"],"picked":"Slimebound:LeechEnergy+1","floor":31.0},{"not_picked":["Slimebound:BestDefense","Slimebound:SlimeSpikes"],"picked":"Slimebound:Prepare","floor":32.0},{"not_picked":["Slimebound:Teamwork","Slimebound:DouseInSlime"],"picked":"Slimebound:OneTwoCombo","floor":33},{"not_picked":["Slimebound:ItLooksTasty","Slimebound:DisruptingSlam"],"picked":"Slimebound:AcidTongue","floor":36},{"not_picked":["Slimebound:Equalize","Slimebound:Grow"],"picked":"Slimebound:SplitBruiser+1","floor":38},{"not_picked":["Slimebound:SlimeSpikes","Slimebound:LeechEnergy+1"],"picked":"Slimebound:SplitBruiser","floor":39},{"not_picked":["Slimebound:SlimeSpikes","Slimebound:Schlurp"],"picked":"Slimebound:TongueLash+1","floor":42},{"not_picked":["Slimebound:GoopSpray","Slimebound:FinishingTackle"],"picked":"Slimebound:LeechEnergy","floor":44},{"not_picked":["Slimebound:Chomp+1","Slimebound:FirmFortitude+1"],"picked":"Slimebound:Recollect","floor":45},{"not_picked":["Slimebound:BestDefense","Slimebound:ComboTackle+1","Slimebound:LeechingTouch"],"picked":"Slimebound:PressTheAttack","floor":46},{"not_picked":["expansioncontent:GuardianWhirl","expansioncontent:TimeRipple","expansioncontent:Flail"],"picked":"expansioncontent:DefensiveStance","floor":48},{"not_picked":["expansioncontent:PolyBeam","expansioncontent:Chronoboost","expansioncontent:HyperBeam"],"picked":"expansioncontent:CaCaw","floor":48},{"not_picked":["expansioncontent:SuperHexaguard","expansioncontent:Sear","expansioncontent:Chronoboost"],"picked":"expansioncontent:Flail","floor":48},{"not_picked":["Slimebound:SplitMire","Slimebound:FormOfPuddle+1","Slimebound:RejuvenatingLick"],"picked":"Slimebound:SamplingLick+1","floor":49},{"not_picked":["Slimebound:SlimeSpikes","Slimebound:LeechingTouch","Slimebound:Dissolve+1"],"picked":"Slimebound:SamplingLick+1","floor":52}],"player_experience":1677692,"relics_obtained":[{"floor":3.0,"key":"Gremlin Horn"},{"floor":6.0,"key":"War Paint"},{"floor":9.0,"key":"PreservedInsect"},{"floor":12.0,"key":"MealTicket"},{"floor":14.0,"key":"Odd Mushroom"},{"floor":23.0,"key":"Bag of Preparation"},{"floor":24.0,"key":"Letter Opener"},{"floor":27.0,"key":"Dream Catcher"},{"floor":36,"key":"Art of War"},{"floor":38,"key":"Meat on the Bone"},{"floor":41,"key":"Juzu Bracelet"},{"floor":42,"key":"Whetstone"},{"floor":44,"key":"Pear"},{"floor":52,"key":"ClockworkSouvenir"},{"floor":52,"key":"Bronze Scales"}],"event_choices":[{"damage_healed":0.0,"max_hp_gain":0.0,"max_hp_loss":0.0,"gold_gain":0.0,"event_name":"Mushrooms","player_choice":"Fought Mushrooms","floor":14.0,"gold_loss":0.0,"damage_taken":0.0}],"is_beta":false,"boss_relics":[{"not_picked":["Snecko Eye","Busted Crown"],"picked":"SlaversCollar"},{"not_picked":["Runic Dome","Slimebound:TarBlob"],"picked":"Slimebound:AbsorbEndCombatUpgraded"}],"items_purged_floors":[45,47],"is_endless":false,"potions_floor_spawned":[6,9,14,19,20,28,29,38,49],"ascension_level":14}}