{"host":"vh33hu3wddwn6yt6","time":1607970319,"event":{"mods":["AchievementEnabler","Act Like it!","Aspiration","BaseMod","Better Altar","Better Match","Better Note","Better Sensory Stone","Better Skull","Better Third Choice","BetterRewards","Downfall","Hubris","Minty Spire (QoL Compilation)","Permanent Neow","Replay The Spire","Shade Mod","Shop Mod","Spicy Shops","StSLib","SuperFastMode","The Blackbeard","The Necromancer","The Poker Player","The Servant 0.9.4","Wandering Minibosses"],"gold_per_floor":[99,99,133,43,61,93,118,43,43,43,28,45,55,74,84,179,179,179,199,211,230,72,105,151,1,34,34,46,66,66,85,98,198,198,198,230,247,274,374,385,410,410,310,341,359,377,89,106,118,118,118,144,44,44,44],"floor_reached":56,"playtime":2040,"items_purged":["Amnesia","Sickly"],"score":3328,"play_id":"1710a7c5-31ce-4d4d-a9e3-a1f04ba447c2","local_time":"20201214192519","is_ascension_mode":true,"campfire_choices":[{"floor":1,"key":"RECALL"},{"floor":8,"key":"REST"},{"data":"Summon_Undead","floor":10,"key":"SMITH"},{"data":"Cloudkill","floor":18,"key":"SMITH"},{"data":"Summon_Undead","floor":25,"key":"SMITH"},{"floor":27,"key":"REST"},{"data":"Summon_Death_Knight","floor":35,"key":"SMITH"},{"floor":42,"key":"REST"},{"floor":54,"key":"REST"}],"circlet_count":0,"master_deck":["Strike_W","Strike_W","Strike_W","Defend_W","Defend_W","Defend_W","Negative_Energy_Arrows","Bone_Wall","Pandemic","Pandemic+1","Summon_Undead+1","Death_Coil","Summon_Undead+1","Stop_Heart","Negative_Energy_Sphere","Toxic_Smoke_Screen","Cloudkill+1","Toxic_Smoke_Screen","Siphon_Strength+1","Summon_Lich","Siphon_Strength","Negative_Energy_Mist","Toxic_Smoke_Screen","Summon_Death_Knight+1","Negative_Energy_Javelin","Negative_Energy_Javelin","hubris:DuctTapeCard","Summon_Undead_Army"],"relics":["Vampire_Amulet","aspiration:AnachronicSnailShell","hubris:OldNail","War Paint","downfall:HeartBlessingRed","hubris:TerracottaHorce","hubris:Reverence","downfall:HeartBlessingGreen","downfall:HeartBlessingBlue","Turnip","GremlinMask","Busted Crown","Anchor","hubris:BottledRain","downfall:GremlinWheel","Replay:Baseball","Blue Doll","Garlic","Vajra","ReplayFunnel","TheAbacus","hubris:DuctTape"],"acts_visited":["Exordium","TheCity","TheBeyond","TheEnding"],"potions_floor_usage":[4,16,16,23,23,33,36,44,47,50,55,55],"damage_taken":[{"damage":48,"enemies":"Gremlin Nob","floor":3,"turns":6},{"damage":0,"enemies":"downfall:FleeingMerchant","floor":4,"turns":4},{"damage":2,"enemies":"2 Louse","floor":5,"turns":3},{"damage":41,"enemies":"Lagavulin","floor":6,"turns":8},{"damage":0,"enemies":"downfall:FleeingMerchant","floor":11,"turns":4},{"damage":4,"enemies":"Jaw Worm","floor":12,"turns":3},{"damage":1,"enemies":"Cultist","floor":13,"turns":3},{"damage":10,"enemies":"Large Slime","floor":14,"turns":6},{"damage":9,"enemies":"3 Louse","floor":15,"turns":2},{"damage":32,"enemies":"downfall:Ironclad","floor":16,"turns":8},{"damage":13,"enemies":"Spheric Guardian","floor":19,"turns":4},{"damage":4,"enemies":"Chosen","floor":20,"turns":4},{"damage":32,"enemies":"Centurion and Healer","floor":21,"turns":6},{"damage":0,"enemies":"downfall:FleeingMerchant","floor":22,"turns":4},{"damage":4,"enemies":"Book of Stabbing","floor":23,"turns":4},{"damage":29,"enemies":"Slavers","floor":26,"turns":4},{"damage":17,"enemies":"Shelled Parasite and Fungi","floor":28,"turns":5},{"damage":3,"enemies":"3 Cultists","floor":29,"turns":4},{"damage":0,"enemies":"Snake Plant","floor":31,"turns":5},{"damage":13,"enemies":"Centurion and Healer","floor":32,"turns":6},{"damage":16,"enemies":"downfall:Silent","floor":33,"turns":8},{"damage":46,"enemies":"R_Hoarder","floor":36,"turns":6},{"damage":4,"enemies":"3 Shapes","floor":37,"turns":5},{"damage":50,"enemies":"Reptomancer","floor":38,"turns":7},{"damage":12,"enemies":"Reptomancer","floor":39,"turns":4},{"damage":14,"enemies":"3 Darklings","floor":40,"turns":5},{"damage":0,"enemies":"R_Hoarder","floor":44,"turns":6},{"damage":6,"enemies":"Transient","floor":45,"turns":5},{"damage":17,"enemies":"Jaw Worm Horde","floor":46,"turns":4},{"damage":0,"enemies":"downfall:FleeingMerchant","floor":47,"turns":4},{"damage":2,"enemies":"Spire Growth","floor":48,"turns":3},{"damage":1,"enemies":"3 Darklings","floor":49,"turns":3},{"damage":13,"enemies":"downfall:Defect","floor":50,"turns":5},{"damage":50,"enemies":"downfall:CharBossMerchant","floor":52,"turns":7},{"damage":29,"enemies":"downfall:NeowBoss","floor":55,"turns":22}],"seed_played":"-9048626123163662713","potions_obtained":[{"floor":3,"key":"Weak Potion"},{"floor":5,"key":"Strength Potion"},{"floor":12,"key":"Dexterity Potion"},{"floor":14,"key":"Adrenaline Potion"},{"floor":19,"key":"Dexterity Potion"},{"floor":21,"key":"ColorlessPotion"},{"floor":26,"key":"FearPotion"},{"floor":33,"key":"ColorlessPotion"},{"floor":38,"key":"Elixir"},{"floor":40,"key":"Fruit Juice"},{"floor":46,"key":"Swift Potion"}],"is_trial":false,"path_per_floor":["R","?","E","$","M","E","T","R","?","R","$","M","M","M","M","B",null,"R","M","M","M","$","E","T","R","E","R","M","M","?","M","M","B",null,"R","E","M","E","?","M","T","R","NS","E","M","M","$","M","M","B",null,"E","$","R","B",null],"character_chosen":"NECROMANCER","items_purchased":["Summon_Lich","PowerPotion","Garlic","Vajra","ReplayFunnel","Negative_Energy_Javelin","ColorlessPotion"],"campfire_rested":4,"item_purchase_floors":[22,22,47,47,47,47,47],"current_hp_per_floor":[89,89,43,43,45,27,27,53,53,53,62,63,70,76,79,70,84,84,73,74,70,70,77,77,87,64,93,80,83,83,85,76,62,90,90,61,75,39,31,25,25,54,54,61,57,52,54,54,55,53,91,43,43,74,53],"gold":44,"neow_bonus":"TWENTY_PERCENT_HP_BONUS","is_daily":false,"chose_seed":false,"campfire_upgraded":4,"win_rate":0.0,"timestamp":1607970319,"path_taken":["R","?","E","$","M","E","T","R","?","R","$","M","M","M","M","BOSS","R","M","M","?","$","E","T","R","E","R","M","M","?","M","M","BOSS","R","E","M","E","?","M","T","R","NS","E","M","M","$","?","M","BOSS","E","$","R","BOSS"],"items_purchased_type":["Card","Potion","Relic","Relic","Relic","Card","Potion"],"build_version":"2020-12-13","purchased_purges":2,"victory":true,"max_hp_per_floor":[89,89,89,89,89,89,89,89,89,89,89,89,89,89,89,89,89,89,89,89,89,89,89,89,99,99,99,99,99,99,99,99,99,99,99,99,99,99,99,99,99,99,99,104,104,104,104,104,104,104,104,104,104,104,104],"card_choices":[{"not_picked":["Life_Tap","Finger_Of_Death"],"picked":"Pandemic","floor":3},{"not_picked":["Finger_Of_Death","Life_Drain"],"picked":"Pandemic","floor":4},{"not_picked":["Negative_Energy_Mist","Vampiric_Strike"],"picked":"Summon_Undead","floor":5},{"not_picked":["Death_Coil","Whirlwind_of_Bones","Consume_Illness"],"picked":"SKIP","floor":6},{"not_picked":["Shade_Step","Blood_Shield"],"picked":"Summon_Undead","floor":11},{"not_picked":["Vampiric_Strike","Bone_Spikes"],"picked":"Stop_Heart","floor":12},{"not_picked":["Death_Coil","Blood_Magic"],"picked":"Negative_Energy_Sphere","floor":13},{"not_picked":["Vampiric_Strike","Shade_Step","Exploit"],"picked":"SKIP","floor":14},{"not_picked":["Blood_Whip","Negative_Energy_Shield"],"picked":"Toxic_Smoke_Screen","floor":15},{"not_picked":["Requiem","Detonate_Bones"],"picked":"Cloudkill","floor":16},{"not_picked":["Finger_Of_Death+1","Life_Drain"],"picked":"Negative_Energy_Mist+1","floor":19},{"not_picked":["Finger_Of_Death","Death_Coil"],"picked":"Toxic_Smoke_Screen","floor":20},{"not_picked":["Consume_Illness","Summon_Undead+1"],"picked":"Siphon_Strength+1","floor":21},{"not_picked":["Blood_Curse","Blood_Whip","Death_March_Dance"],"picked":"SKIP","floor":22},{"not_picked":["Finger_Of_Death","Bone_Spikes","Blood_Curse"],"picked":"SKIP","floor":23},{"not_picked":["Slay_Living","Skeleton_Dragon"],"picked":"Siphon_Strength","floor":26},{"not_picked":["Negative_Energy_Javelin","Slay_Living"],"picked":"Negative_Energy_Mist","floor":28},{"not_picked":["Bone_Armor+1","Chill_Blood","Finger_Of_Death"],"picked":"SKIP","floor":29},{"not_picked":["Bone_Shift","Chill_Blood+1","Death_Coil"],"picked":"SKIP","floor":31},{"not_picked":["Hellfire","Vampiric_Strike+1"],"picked":"Toxic_Smoke_Screen","floor":32},{"not_picked":["Blood_Wake","Requiem"],"picked":"Summon_Death_Knight","floor":33},{"not_picked":["Scare+1"],"picked":"SKIP","floor":36},{"not_picked":["Bones_to_Steel+1"],"picked":"SKIP","floor":37},{"not_picked":["Bone_Spikes"],"picked":"SKIP","floor":38},{"not_picked":[],"picked":"Necrotic_Claws+1","floor":40},{"not_picked":[],"picked":"Negative_Energy_Javelin","floor":44},{"not_picked":["Vampiric_Strike+1"],"picked":"SKIP","floor":45},{"not_picked":["Bone_Prison"],"picked":"SKIP","floor":46},{"not_picked":["Spectral_Walk"],"picked":"SKIP","floor":47},{"not_picked":[],"picked":"Necrotic_Claws+1","floor":48},{"not_picked":["Negative_Energy_Burst"],"picked":"SKIP","floor":49},{"not_picked":[],"picked":"Summon_Undead_Army","floor":52}],"player_experience":516055,"relics_obtained":[{"floor":3,"key":"aspiration:AnachronicSnailShell"},{"floor":6,"key":"hubris:OldNail"},{"floor":7,"key":"War Paint"},{"floor":23,"key":"hubris:Reverence"},{"floor":26,"key":"Turnip"},{"floor":36,"key":"Anchor"},{"floor":38,"key":"hubris:BottledRain"},{"floor":39,"key":"downfall:GremlinWheel"},{"floor":41,"key":"Replay:Baseball"},{"floor":44,"key":"Blue Doll"},{"floor":52,"key":"TheAbacus"},{"floor":52,"key":"hubris:DuctTape"}],"event_choices":[{"damage_healed":0,"gold_gain":0,"cards_transformed":["Strike_W"],"player_choice":"Transformed","damage_taken":0,"max_hp_gain":0,"max_hp_loss":0,"event_name":"Transmorgrifier","floor":9,"gold_loss":0,"cards_obtained":["Death_Coil"]},{"damage_healed":0,"gold_gain":0,"player_choice":"Trade","damage_taken":0,"relics_obtained":["GremlinMask"],"max_hp_gain":0,"max_hp_loss":0,"event_name":"FaceTrader","floor":30,"gold_loss":0}],"is_beta":false,"boss_relics":[{"not_picked":["Ring of Chaos","aspiration:SilentSkillbook"],"picked":"hubris:TerracottaHorce"},{"not_picked":["Fusion Hammer","ChewingGum"],"picked":"Busted Crown"}],"items_purged_floors":[4,53],"is_endless":false,"potions_floor_spawned":[3,5,12,14,15,19,21,26,31,32,33,38,40,46,48,49],"ascension_level":6}}