{"host":"f6tqpspb2ou2a4h5","time":1607932160,"event":{"mods":["2.2 Compatiblity","Ascension Unlocker","BaseMod","Colored Map","DeckTracker","Hermit","Highlight Path","KOR Keyword Fix","Keyboard Shortcuts","Minty Spire (QoL Compilation)","Permanent Neow","Quick Restart","Random Character Button","StSLib","SuperFastMode","The Poker Player","everything is the same but u backflip on backflip"],"gold_per_floor":[168,168,183,207,207,207,246,259,259,279,279,303,24,24,24,117,117,91,106,106,106],"floor_reached":20,"playtime":1333,"items_purged":["Strike_G"],"score":352,"play_id":"24111305-4e96-43eb-8bce-788e3f4d44c0","local_time":"20201214164920","is_ascension_mode":true,"campfire_choices":[{"data":"Neutralize","floor":6,"key":"SMITH"},{"floor":11,"key":"REST"},{"data":"Catalyst","floor":15,"key":"SMITH"}],"circlet_count":0,"master_deck":["AscendersBane","Strike_G","Strike_G","Strike_G+1","Strike_G","Defend_G","Defend_G","Defend_G","Defend_G","Defend_G","Survivor","Neutralize+1","Blur","Underhanded Strike","Poisoned Stab","Calculated Gamble","Infinite Blades","Deadly Poison","Well Laid Plans+1","Bouncing Flask","Catalyst+1","Prepared","Dark Shackles","Masterful Stab","Grand Finale","Acrobatics"],"relics":["Tiny House","Golden Idol","InkBottle","Paper Crane","The Courier","Sozu"],"acts_visited":["Exordium","TheCity"],"potions_floor_usage":[20],"damage_taken":[{"damage":0,"enemies":"Small Slimes","floor":1,"turns":5},{"damage":0,"enemies":"Jaw Worm","floor":3,"turns":4},{"damage":1,"enemies":"Cultist","floor":4,"turns":4},{"damage":34,"enemies":"3 Sentries","floor":7,"turns":13},{"damage":3,"enemies":"Red Slaver","floor":8,"turns":4},{"damage":0,"enemies":"Blue Slaver","floor":10,"turns":4},{"damage":4,"enemies":"2 Fungi Beasts","floor":12,"turns":4},{"damage":11,"enemies":"Hexaghost","floor":16,"turns":9},{"damage":17,"enemies":"2 Thieves","floor":18,"turns":4},{"damage":4,"enemies":"Spheric Guardian","floor":19,"turns":4},{"damage":33,"enemies":"3 Cultists","floor":20,"turns":5}],"seed_played":"-2712169095467524684","potions_obtained":[{"floor":0,"key":"Ancient Potion"},{"floor":1,"key":"FearPotion"},{"floor":8,"key":"BlessingOfTheForge"},{"floor":10,"key":"SpeedPotion"}],"is_trial":false,"path_per_floor":["M","?","M","M","?","R","E","M","T","M","R","M","$","?","R","B",null,"M","M","M"],"character_chosen":"THE_SILENT","items_purchased":["Catalyst","Prepared","Dark Shackles","Masterful Stab"],"campfire_rested":1,"item_purchase_floors":[13,13,13,13],"current_hp_per_floor":[64,64,64,63,63,63,29,26,26,26,45,41,41,41,41,30,56,39,35,2,2],"gold":106,"neow_bonus":"BOSS_RELIC","is_daily":false,"chose_seed":false,"campfire_upgraded":2,"win_rate":0.0,"timestamp":1607932160,"path_taken":["M","?","M","M","?","R","E","M","T","?","R","M","?","?","R","BOSS","M","M","M"],"items_purchased_type":["Card","Card","Card","Card"],"build_version":"2020-12-13","purchased_purges":1,"victory":false,"max_hp_per_floor":[71,64,64,64,64,64,64,64,64,64,64,64,64,64,64,64,64,64,64,64,64],"card_choices":[{"not_picked":["Quick Slash","Expertise"],"picked":"Blur","floor":0},{"not_picked":["Blur","Escape Plan"],"picked":"Underhanded Strike","floor":1},{"not_picked":["Caltrops","Dagger Spray"],"picked":"Poisoned Stab","floor":3},{"not_picked":["Dagger Spray","Heel Hook"],"picked":"Calculated Gamble","floor":4},{"not_picked":["Riddle With Holes","Expertise"],"picked":"Infinite Blades","floor":7},{"not_picked":["Bane","Riddle With Holes"],"picked":"Deadly Poison","floor":8},{"not_picked":["Dagger Spray","Bane"],"picked":"Well Laid Plans","floor":10},{"not_picked":["Cloak And Dagger","Endless Agony"],"picked":"Bouncing Flask","floor":12},{"not_picked":["Bullet Time","Doppelganger"],"picked":"Grand Finale","floor":16},{"not_picked":["Deadly Poison","Dodge and Roll"],"picked":"Acrobatics","floor":18},{"not_picked":["Flying Knee","Sucker Punch","PiercingWail"],"picked":"SKIP","floor":19}],"player_experience":17232,"relics_obtained":[{"floor":7,"key":"Paper Crane"},{"floor":9,"key":"The Courier"}],"event_choices":[{"damage_healed":0,"gold_gain":0,"player_choice":"Lose Max HP","damage_taken":0,"relics_obtained":["Golden Idol"],"max_hp_gain":0,"max_hp_loss":7,"event_name":"Golden Idol","floor":2,"gold_loss":0},{"damage_healed":0,"gold_gain":0,"player_choice":"Gave Potion","damage_taken":0,"relics_obtained":["InkBottle"],"max_hp_gain":0,"max_hp_loss":0,"event_name":"WeMeetAgain","floor":5,"gold_loss":0},{"damage_healed":0,"gold_gain":0,"player_choice":"Grow","damage_taken":0,"max_hp_gain":0,"max_hp_loss":0,"event_name":"Living Wall","floor":14,"gold_loss":0,"cards_upgraded":["Well Laid Plans"]}],"is_beta":false,"boss_relics":[{"not_picked":["Calling Bell","WristBlade"],"picked":"Sozu"}],"items_purged_floors":[13],"is_endless":false,"potions_floor_spawned":[1,8,10,18],"killed_by":"3 Cultists","ascension_level":20}}