{"host":"5gc11emcm5chfr5t","time":1607988748,"event":{"mods":["2.2 Compatiblity","AchievementEnabler","BaseMod","Bestiary","Better Note","Colored Map","Colored Powertips","Downfall","Googly Eyes","Minty Spire (QoL Compilation)","Rare Cards Sparkle","Say the Spire","StSLib"],"gold_per_floor":[119,119,138,138,150,183,183,212,284,11,30,30,62,81,81,81,81],"floor_reached":16,"playtime":578,"items_purged":[],"score":138,"play_id":"eefe5e14-1117-4fb8-ac92-2a1c524f02dd","local_time":"20201214183228","is_ascension_mode":true,"campfire_choices":[{"floor":7,"key":"REST"},{"floor":12,"key":"REST"},{"floor":15,"key":"REST"}],"circlet_count":0,"master_deck":["sneckomod:Strike","sneckomod:Strike","sneckomod:Strike","sneckomod:Defend","sneckomod:Defend","sneckomod:Defend","sneckomod:TailWhip","sneckomod:SnekBite","sneckomod:Unknown","sneckomod:Unknown","sneckomod:UnknownDexterity","sneckomod:UnknownClassBLUE","Regret","sneckomod:SnekBeam","sneckomod:IronFang","sneckomod:UnknownRarePower","sneckomod:UnknownBlock+1","sneckomod:UnknownUncommonAttack","sneckomod:SoulDraw+1","sneckomod:UnknownClassPURPLE+1","sneckomod:UnknownVulnerable+1"],"relics":["sneckomod:SneckoSoul","NeowsBlessing","Unceasing Top","Bag of Preparation","Bottled Lightning","Toxic Egg 2","sneckomod:SleevedAce","PreservedInsect"],"acts_visited":["Exordium"],"potions_floor_usage":[6,16,16],"damage_taken":[{"damage":0,"enemies":"Cultist","floor":1,"turns":1},{"damage":0,"enemies":"Small Slimes","floor":3,"turns":1},{"damage":0,"enemies":"2 Louse","floor":5,"turns":1},{"damage":44,"enemies":"Gremlin Nob","floor":6,"turns":4},{"damage":52,"enemies":"Lagavulin","floor":8,"turns":10},{"damage":2,"enemies":"Blue Slaver","floor":11,"turns":3},{"damage":47,"enemies":"Gremlin Nob","floor":13,"turns":5},{"damage":0,"enemies":"Exordium Wildlife","floor":14,"turns":2},{"damage":53,"enemies":"Hexaghost","floor":16,"turns":9}],"seed_played":"-1252111144396787161","potions_obtained":[{"floor":3,"key":"BlessingOfTheForge"},{"floor":5,"key":"SpeedPotion"},{"floor":8,"key":"SpeedPotion"}],"is_trial":false,"path_per_floor":["M","$","M","?","M","E","R","E","T","$","M","R","E","M","R","B"],"character_chosen":"THE_SNECKO","items_purchased":["sneckomod:SleevedAce","sneckomod:UnknownBlock+1","sneckomod:UnknownUncommonAttack"],"campfire_rested":3,"item_purchase_floors":[10,10,10],"current_hp_per_floor":[91,91,92,92,92,68,92,41,41,43,41,69,23,24,53,0,0],"gold":81,"neow_bonus":"THREE_ENEMY_KILL","is_daily":false,"chose_seed":false,"campfire_upgraded":0,"win_rate":0.0,"timestamp":1607988748,"path_taken":["M","$","M","?","M","E","R","E","T","$","M","R","E","M","R","BOSS"],"items_purchased_type":["Relic","Card","Card"],"build_version":"2020-12-13","purchased_purges":0,"victory":false,"max_hp_per_floor":[91,91,92,92,92,92,92,93,93,95,95,95,96,97,97,97,97],"card_choices":[{"not_picked":["sneckomod:UnknownWeak","sneckomod:IronFang"],"picked":"sneckomod:UnknownDexterity","floor":1},{"not_picked":["sneckomod:UnknownEthereal","sneckomod:UnknownDexterity"],"picked":"sneckomod:UnknownClassBLUE","floor":3},{"not_picked":["sneckomod:UnknownClassHEXA_GHOST_PURPLE","sneckomod:UnknownClassPURPLE"],"picked":"sneckomod:SnekBeam","floor":5},{"not_picked":["sneckomod:QuickBite","sneckomod:SoulDraw"],"picked":"sneckomod:IronFang","floor":6},{"not_picked":["sneckomod:DiceBlock","sneckomod:UnknownClassGUARDIAN"],"picked":"sneckomod:UnknownRarePower","floor":8},{"not_picked":["sneckomod:UnknownUncommonPower","sneckomod:Unknown1Cost+1"],"picked":"sneckomod:SoulDraw+1","floor":11},{"not_picked":["sneckomod:IronFang","sneckomod:UnknownStrike"],"picked":"sneckomod:UnknownClassPURPLE+1","floor":13},{"not_picked":["sneckomod:RainOfDice","sneckomod:DefensiveFlair+1"],"picked":"sneckomod:UnknownVulnerable+1","floor":14}],"player_experience":368201,"relics_obtained":[{"floor":6,"key":"Bag of Preparation"},{"floor":8,"key":"Bottled Lightning"},{"floor":9,"key":"Toxic Egg 2"},{"floor":13,"key":"PreservedInsect"}],"event_choices":[{"damage_healed":0,"gold_gain":0,"player_choice":"Box","damage_taken":0,"relics_obtained":["Unceasing Top"],"max_hp_gain":0,"max_hp_loss":0,"event_name":"Big Fish","floor":4,"gold_loss":0,"cards_obtained":["Regret"]}],"is_beta":false,"boss_relics":[],"items_purged_floors":[],"is_endless":false,"potions_floor_spawned":[3,5,8],"killed_by":"Hexaghost","ascension_level":3}}