{"host":"fdq5pmhluajjrf8d","time":1607989841,"event":{"mods":["BaseMod","Minty Spire (QoL Compilation)"],"gold_per_floor":[12,25,25,45,58,58,77,77,100,100,100,117,132,158,158,158,158],"floor_reached":16,"playtime":749,"items_purged":[],"score":228,"play_id":"467765d4-16b7-47d4-94bb-4cbb02f55b19","local_time":"20201214185041","is_ascension_mode":true,"campfire_choices":[{"floor":6,"key":"REST"},{"data":"Beam Cell","floor":8,"key":"SMITH"},{"floor":10,"key":"REST"},{"floor":15,"key":"REST"}],"circlet_count":0,"master_deck":["AscendersBane","Strike_B","Strike_B","Strike_B","Strike_B","Defend_B","Defend_B","Defend_B","Defend_B","Zap+1","Dualcast","Beam Cell+1","Gash","Recycle","Gash","Sunder","Coolheaded","Hologram","Streamline"],"relics":["Cracked Core","Mango","Art of War","Bronze Scales"],"acts_visited":["Exordium"],"potions_floor_usage":[14],"damage_taken":[{"damage":7,"enemies":"Small Slimes","floor":1,"turns":3},{"damage":7,"enemies":"Jaw Worm","floor":2,"turns":4},{"damage":3,"enemies":"2 Louse","floor":4,"turns":2},{"damage":36,"enemies":"Exordium Wildlife","floor":5,"turns":6},{"damage":21,"enemies":"Exordium Thugs","floor":7,"turns":3},{"damage":13,"enemies":"Blue Slaver","floor":12,"turns":3},{"damage":10,"enemies":"Gremlin Gang","floor":13,"turns":4},{"damage":25,"enemies":"Gremlin Nob","floor":14,"turns":4},{"damage":39,"enemies":"The Guardian","floor":16,"turns":7}],"seed_played":"-4923071663193338891","potions_obtained":[{"floor":2,"key":"GamblersBrew"},{"floor":5,"key":"PotionOfCapacity"},{"floor":12,"key":"FocusPotion"}],"is_trial":false,"path_per_floor":["M","M","?","M","M","R","M","R","T","R","?","M","M","E","R","B"],"character_chosen":"DEFECT","items_purchased":[],"campfire_rested":3,"item_purchase_floors":[],"current_hp_per_floor":[71,64,64,61,25,50,29,29,29,54,59,46,36,11,38,0,0],"gold":158,"neow_bonus":"ONE_RARE_RELIC","is_daily":false,"chose_seed":false,"campfire_upgraded":1,"win_rate":0.0,"timestamp":1607989841,"path_taken":["M","M","?","M","M","R","M","R","T","R","?","M","M","E","R","BOSS"],"items_purchased_type":[],"build_version":"2020-12-13","purchased_purges":0,"victory":false,"max_hp_per_floor":[85,85,85,85,85,85,85,85,85,85,90,90,90,90,90,90,90],"card_choices":[{"not_picked":["Coolheaded","Undo"],"picked":"Beam Cell","floor":1},{"not_picked":["Hologram","Leap"],"picked":"Gash","floor":2},{"not_picked":["Lockon","Compile Driver"],"picked":"Recycle","floor":4},{"not_picked":["Leap","Conserve Battery"],"picked":"Gash","floor":5},{"not_picked":["Cold Snap","Rip and Tear"],"picked":"Sunder","floor":7},{"not_picked":["Redo","Beam Cell"],"picked":"Coolheaded","floor":12},{"not_picked":["Darkness","Self Repair"],"picked":"Hologram","floor":13},{"not_picked":["Static Discharge","Conserve Battery"],"picked":"Streamline","floor":14}],"player_experience":1852788,"relics_obtained":[{"floor":9,"key":"Art of War"},{"floor":14,"key":"Bronze Scales"}],"event_choices":[{"damage_healed":0,"gold_gain":0,"player_choice":"Grow","damage_taken":0,"max_hp_gain":0,"max_hp_loss":0,"event_name":"Living Wall","floor":3,"gold_loss":0,"cards_upgraded":["Zap"]},{"damage_healed":0,"gold_gain":0,"player_choice":"Donut","damage_taken":0,"max_hp_gain":5,"max_hp_loss":0,"event_name":"Big Fish","floor":11,"gold_loss":0}],"is_beta":false,"boss_relics":[],"items_purged_floors":[],"is_endless":false,"potions_floor_spawned":[2,5,12],"killed_by":"The Guardian","ascension_level":19}}