{"host":"t9zjxed0utvsfjwc","time":1607947860,"event":{"mods":["2.2 Compatiblity","Aspiration","BaseMod","Block Reminder","Colored Map","Colored Powertips","Downfall","Highlight Path","Hubris","Minty Spire (QoL Compilation)","Quick Restart","Replay The Spire","StSLib","Unceasing Turn Reminder","everything is the same but u backflip on backflip"],"gold_per_floor":[99,99,109,109,134,134,134,234,143,172,172,85,95,105,126,239,239,239,267,285,285,285,306,387,387,387,387,662,684,370,389,415,415,415],"floor_reached":33,"playtime":3128,"items_purged":["Regret"],"score":280,"play_id":"53dbe489-6ec3-44d1-bd25-0420f236bd66","local_time":"20201214121100","is_ascension_mode":false,"campfire_choices":[{"floor":6,"key":"REST"},{"data":"hexamod:EmpoweringStance","floor":18,"key":"SMITH"}],"circlet_count":0,"master_deck":["hexamod:Defend","hexamod:Defend","hexamod:Defend","hexamod:Sear","hexamod:Float+1","hexamod:NecessarySacrifice","hexamod:RainOfEmbers","hexamod:SpectralAdrenaline","hexamod:StepThrough","hexamod:SecondSeal","hexamod:GhostOfSpirePast+1","hexamod:ChargedBarrage","hexamod:HeatShield+1","hexamod:EmpoweringStance+1","hexamod:Haunt","hexamod:SixthSeal","hexamod:EmpoweredFlame","hexamod:HeatCrush+1","Writhe","hexamod:FirstSeal","hexamod:FastForward+1","Bite","Bite","Bite","Bite","Bite","hexamod:SkipABeat","hexamod:AdvancingGuard","hexamod:SwordOfDarkness"],"relics":["SlaversCollar","hubris:Towel","hubris:TenFootPole","Kunai","ReplayFunnel","hubris:GrandSneckoEye","Mummified Hand","Chameleon Ring","PrismaticShard","Onion Ring"],"acts_visited":["Exordium","TheCity"],"potions_floor_usage":[9,12,16,16,16,20,29,29,30,33],"damage_taken":[{"damage":10,"enemies":"Small Slimes","floor":3,"turns":3},{"damage":10,"enemies":"Gremlin Nob","floor":5,"turns":3},{"damage":5,"enemies":"downfall:FleeingMerchant","floor":9,"turns":4},{"damage":12,"enemies":"Replay:BlueRogue","floor":10,"turns":3},{"damage":15,"enemies":"downfall:FleeingMerchant","floor":12,"turns":4},{"damage":0,"enemies":"2 Louse","floor":13,"turns":2},{"damage":6,"enemies":"Cultist","floor":14,"turns":3},{"damage":0,"enemies":"Large Slime","floor":15,"turns":4},{"damage":31,"enemies":"downfall:Ironclad","floor":16,"turns":5},{"damage":0,"enemies":"Shell Parasite","floor":19,"turns":4},{"damage":21,"enemies":"Snecko","floor":20,"turns":4},{"damage":31,"enemies":"Snake Plant","floor":23,"turns":3},{"damage":17,"enemies":"Centurion and Healer","floor":29,"turns":5},{"damage":6,"enemies":"downfall:FleeingMerchant","floor":30,"turns":4},{"damage":37,"enemies":"Shelled Parasite and Fungi","floor":31,"turns":5},{"damage":15,"enemies":"3 Cultists","floor":32,"turns":7},{"damage":30,"enemies":"downfall:Watcher","floor":33,"turns":4}],"seed_played":"1786178575074923523","potions_obtained":[{"floor":5,"key":"Strength Potion"},{"floor":10,"key":"EntropicBrew"},{"floor":19,"key":"Swift Potion"},{"floor":26,"key":"Regen Potion"},{"floor":26,"key":"AttackPotion"},{"floor":29,"key":"Regen Potion"},{"floor":32,"key":"Ancient Potion"}],"is_trial":false,"path_per_floor":["R_BF","?","M","?","E","R","T","?","$","E","?","$","M","M","M","B",null,"R","M","M","?","?","M","T","?","R","?","?","M","$","M","M","B"],"character_chosen":"THE_SPIRIT","items_purchased":["hexamod:SecondSeal","hexamod:HeatShield","Onion Ring"],"campfire_rested":1,"item_purchase_floors":[9,12,30],"current_hp_per_floor":[70,70,60,60,50,70,70,70,65,53,53,38,38,32,32,1,70,70,70,56,56,56,25,25,21,21,21,21,37,49,14,16,0,0],"gold":415,"neow_bonus":"BOSS_RELIC","is_daily":false,"chose_seed":false,"campfire_upgraded":1,"win_rate":0.0,"timestamp":1607947860,"path_taken":["R_BF","?","M","?","E","R","T","?","$","E","?","$","M","M","M","BOSS","R","?","M","?","?","?","T","?","R","?","?","?","$","M","M","BOSS"],"items_purchased_type":["Card","Card","Relic"],"build_version":"2020-12-13","purchased_purges":1,"victory":false,"max_hp_per_floor":[70,70,70,70,70,70,70,70,70,70,70,70,70,70,70,70,70,70,70,70,70,70,70,70,70,70,49,49,49,49,49,49,49,49],"card_choices":[{"not_picked":["hexamod:RecurringNightmare","hexamod:BacktrackSmack"],"picked":"hexamod:RainOfEmbers","floor":3},{"not_picked":["hexamod:SpectersWail","hexamod:UnleashSpirits"],"picked":"hexamod:SpectralAdrenaline","floor":5},{"not_picked":["hexamod:NightmareStrike","hexamod:GhostflameBarrier"],"picked":"hexamod:StepThrough","floor":9},{"not_picked":["hexamod:Hexaguard","hexamod:SoulSteal"],"picked":"hexamod:GhostOfSpirePast","floor":10},{"not_picked":["hexamod:ExtraCrispy","hexamod:SwordOfDarkness"],"picked":"hexamod:ChargedBarrage","floor":12},{"not_picked":["hexamod:SpectersWail","hexamod:GhostShield","hexamod:InspiringFlames"],"picked":"SKIP","floor":13},{"not_picked":["hexamod:ShieldOfDarkness","hexamod:GhostflameBarrier"],"picked":"hexamod:EmpoweringStance","floor":14},{"not_picked":["hexamod:InspiringFlames","hexamod:SwordOfDarkness"],"picked":"hexamod:Haunt","floor":15},{"not_picked":["hexamod:TimeWarp","hexamod:UnleashSpirits"],"picked":"hexamod:SixthSeal","floor":16},{"not_picked":["hexamod:NightmareStrike","hexamod:HeatMetal"],"picked":"hexamod:EmpoweredFlame","floor":19},{"not_picked":["hexamod:RainOfEmbers+1","hexamod:InspiringFlames+1"],"picked":"hexamod:HeatCrush","floor":20},{"not_picked":["hexamod:ExtraCrispy+1","hexamod:GhostOfSpireFuture"],"picked":"hexamod:FirstSeal","floor":23},{"not_picked":["hexamod:SoulSteal","hexamod:Hexaguard"],"picked":"hexamod:FastForward+1","floor":25},{"not_picked":["hexamod:BurningTouch+1","Guardian:RollAttack+1"],"picked":"hexamod:SkipABeat","floor":29},{"not_picked":["sneckomod:QuickMove+1","Evolve","Hidden Blade"],"picked":"SKIP","floor":30},{"not_picked":["PiercingWail+1","Evaluate"],"picked":"hexamod:AdvancingGuard","floor":31},{"not_picked":["Blade Dance+1","Replay:SS_forest_6+1"],"picked":"hexamod:SwordOfDarkness","floor":31},{"not_picked":["hexamod:TimeWarp","hexamod:BacktrackSmack","hexamod:SecondSeal"],"picked":"SKIP","floor":32}],"player_experience":222103,"relics_obtained":[{"floor":5,"key":"hubris:TenFootPole"},{"floor":7,"key":"Kunai"},{"floor":10,"key":"ReplayFunnel"},{"floor":24,"key":"Chameleon Ring"},{"floor":25,"key":"PrismaticShard"}],"event_choices":[{"damage_healed":0,"gold_gain":0,"player_choice":"Ignored","damage_taken":0,"max_hp_gain":0,"max_hp_loss":0,"event_name":"NoteForYourself","floor":11,"gold_loss":0},{"damage_healed":0,"gold_gain":0,"player_choice":"Upgraded","damage_taken":0,"max_hp_gain":0,"max_hp_loss":0,"event_name":"Upgrade Shrine","floor":22,"gold_loss":0,"cards_upgraded":["hexamod:HeatCrush"]},{"damage_healed":0,"gold_gain":0,"player_choice":"Became a vampire","damage_taken":0,"max_hp_gain":0,"max_hp_loss":21,"event_name":"Vampires","floor":27,"gold_loss":0,"cards_obtained":["Bite","Bite","Bite","Bite","Bite"]}],"is_beta":false,"boss_relics":[{"not_picked":["aspiration:RitualDagger","aspiration:RunicSpoon"],"picked":"hubris:GrandSneckoEye"}],"items_purged_floors":[30],"is_endless":false,"potions_floor_spawned":[5,10,13,14,15,19,29,32],"killed_by":"downfall:Watcher","ascension_level":0}}