{"host":"7xrfhfoo16q2v8hj","time":1607930656,"event":{"mods":["BaseMod","Colored Map","DeckTracker","Highlight Path","Minty Spire (QoL Compilation)","StSLib","SuperFastMode"],"gold_per_floor":[113,113,133,178,197,197,215,215,215,231,162,197,214,232,232,329,329,316,333,347,347,365,365,365],"floor_reached":23,"playtime":943,"items_purged":[],"score":207,"play_id":"9fd03cdc-055f-41ef-8e9f-3284a0e3226d","local_time":"20201214012416","is_ascension_mode":true,"campfire_choices":[{"data":"Footwork","floor":6,"key":"SMITH"},{"data":"Crippling Poison","floor":8,"key":"SMITH"},{"data":"Crippling Poison","floor":15,"key":"SMITH"}],"circlet_count":0,"master_deck":["Strike_G","Strike_G","Strike_G","Strike_G","Defend_G","Defend_G","Defend_G","Defend_G","Defend_G","Survivor","Neutralize","Prepared","Acrobatics","Footwork+1","Crippling Poison+1","Dash","Crippling Poison","A Thousand Cuts+1","Crippling Poison+1","Outmaneuver","Envenom+1","Blade Dance","Caltrops+1","Quick Slash","Die Die Die","Poisoned Stab"],"relics":["Ring of the Snake","NeowsBlessing","Smiling Mask","Eternal Feather","Frozen Egg 2","Cursed Key"],"acts_visited":["Exordium","TheCity"],"potions_floor_usage":[10,12,16,16,16,20,22],"damage_taken":[{"damage":0,"enemies":"Small Slimes","floor":1,"turns":1},{"damage":0,"enemies":"Jaw Worm","floor":3,"turns":1},{"damage":0,"enemies":"Cultist","floor":5,"turns":1},{"damage":14,"enemies":"Lots of Slimes","floor":7,"turns":9},{"damage":8,"enemies":"Gremlin Gang","floor":10,"turns":5},{"damage":18,"enemies":"3 Sentries","floor":12,"turns":9},{"damage":0,"enemies":"Exordium Wildlife","floor":13,"turns":5},{"damage":3,"enemies":"Lots of Slimes","floor":14,"turns":3},{"damage":2,"enemies":"The Guardian","floor":16,"turns":9},{"damage":15,"enemies":"2 Thieves","floor":18,"turns":4},{"damage":0,"enemies":"3 Byrds","floor":19,"turns":3},{"damage":20,"enemies":"Sentry and Sphere","floor":20,"turns":5},{"damage":24,"enemies":"Shelled Parasite and Fungi","floor":22,"turns":5},{"damage":8,"enemies":"Book of Stabbing","floor":23,"turns":2}],"seed_played":"9027323412072875367","potions_obtained":[{"floor":1,"key":"Block Potion"},{"floor":3,"key":"Poison Potion"},{"floor":7,"key":"LiquidMemories"},{"floor":10,"key":"GhostInAJar"},{"floor":14,"key":"FearPotion"},{"floor":18,"key":"Fire Potion"},{"floor":20,"key":"EssenceOfSteel"}],"is_trial":false,"path_per_floor":["M","?","M","T","M","R","M","R","T","M","$","E","M","M","R","B",null,"M","M","M","?","M","E"],"character_chosen":"THE_SILENT","items_purchased":["Crippling Poison"],"campfire_rested":0,"item_purchase_floors":[11],"current_hp_per_floor":[70,70,70,70,70,70,56,56,56,48,48,30,30,27,39,37,70,55,55,35,35,11,3,3],"gold":365,"neow_bonus":"THREE_ENEMY_KILL","is_daily":false,"chose_seed":false,"campfire_upgraded":3,"win_rate":0.0,"timestamp":1607930656,"path_taken":["M","?","M","?","?","R","M","R","T","M","?","E","M","?","R","BOSS","M","M","M","?","M","E"],"items_purchased_type":["Card"],"build_version":"2020-12-13","purchased_purges":0,"victory":false,"max_hp_per_floor":[70,70,70,70,70,70,70,70,70,70,70,70,70,70,70,70,70,70,70,70,70,70,70,70],"card_choices":[{"not_picked":["Eviscerate","Cloak And Dagger"],"picked":"Prepared","floor":1},{"not_picked":["Riddle With Holes","PiercingWail"],"picked":"Acrobatics","floor":3},{"not_picked":["Escape Plan","Flechettes"],"picked":"Footwork","floor":5},{"not_picked":["Blade Dance","Dagger Spray"],"picked":"Crippling Poison","floor":7},{"not_picked":["Flechettes","PiercingWail"],"picked":"Dash","floor":10},{"not_picked":["Underhanded Strike","Backstab"],"picked":"A Thousand Cuts+1","floor":12},{"not_picked":["PiercingWail","Deadly Poison"],"picked":"Crippling Poison","floor":13},{"not_picked":["Masterful Stab","Setup"],"picked":"Outmaneuver","floor":14},{"not_picked":["Grand Finale","Wraith Form v2+1"],"picked":"Envenom+1","floor":16},{"not_picked":["Setup+1","Reflex"],"picked":"Blade Dance","floor":18},{"not_picked":["Outmaneuver","Leg Sweep"],"picked":"Caltrops+1","floor":19},{"not_picked":["Underhanded Strike","Outmaneuver"],"picked":"Quick Slash","floor":20},{"not_picked":["Dagger Throw+1","Flechettes"],"picked":"Poisoned Stab","floor":22}],"player_experience":535873,"relics_obtained":[{"floor":4,"key":"Smiling Mask"},{"floor":9,"key":"Eternal Feather"},{"floor":12,"key":"Frozen Egg 2"}],"event_choices":[{"damage_healed":0,"gold_gain":0,"player_choice":"Ignored","damage_taken":0,"max_hp_gain":0,"max_hp_loss":0,"event_name":"Golden Wing","floor":2,"gold_loss":0},{"damage_healed":0,"gold_gain":0,"cards_transformed":["Strike_G"],"player_choice":"Transformed","damage_taken":0,"max_hp_gain":0,"max_hp_loss":0,"event_name":"Transmorgrifier","floor":21,"gold_loss":0,"cards_obtained":["Die Die Die"]}],"is_beta":false,"boss_relics":[{"not_picked":["Fusion Hammer","Velvet Choker"],"picked":"Cursed Key"}],"items_purged_floors":[],"is_endless":false,"potions_floor_spawned":[1,3,7,10,14,18,20],"killed_by":"Book of Stabbing","ascension_level":1}}