{"host":"d7qmn60fs48wu5y6","time":1607921668,"event":{"mods":["BaseMod","Downfall","Minty Spire (QoL Compilation)","Shade Mod","StSLib","The Cursed","The Servant 0.9.4"],"gold_per_floor":[20,20,20,33,33,33,47,47,47,78,78,89,114,124,124,226,226,238,238,258,8,27,27,54,54,54,54,65,94,108,136,136,239,289,308,308,321,27,46,46,62,81,105,105,105,138,138,156,156,156,156,156,8,41,41,41],"floor_reached":55,"playtime":2086,"items_purged":[],"score":924,"play_id":"99ea712c-787a-43e4-a998-fc6d0fe9fed9","local_time":"20201213205428","is_ascension_mode":true,"campfire_choices":[{"floor":6,"key":"REST"},{"data":"Footwork","floor":8,"key":"SMITH"},{"data":"Noxious Fumes","floor":11,"key":"SMITH"},{"data":"Leg Sweep","floor":15,"key":"SMITH"},{"data":"Phantasmal Killer","floor":23,"key":"SMITH"},{"data":"Blur","floor":25,"key":"SMITH"},{"data":"Dagger Throw","floor":27,"key":"SMITH"},{"floor":32,"key":"REST"},{"floor":40,"key":"RECALL"},{"floor":44,"key":"REST"},{"floor":47,"key":"REST"},{"floor":49,"key":"REST"},{"data":"Footwork","floor":52,"key":"SMITH"}],"circlet_count":0,"master_deck":["Strike_G","Strike_G","Strike_G","Strike_G","Defend_G+1","Defend_G","Defend_G","Defend_G","Defend_G","Survivor","Neutralize+1","Master of Strategy","Slice","Noxious Fumes+1","Footwork+1","Acrobatics","Dagger Throw+1","Leg Sweep+1","Phantasmal Killer+1","Poisoned Stab","Flying Knee","Heel Hook","Backstab","Flying Knee+1","Blur+1","Bane","Deadly Poison","Footwork+1","Corpse Explosion","Bane+1","Phantasmal Killer","Footwork+1","Backflip","Deadly Poison+1","Blur","Deflect+1","Footwork+1"],"relics":["Ring of the Snake","Sundial","Ornamental Fan","Mummified Hand","WristBlade","Lantern","TwistedFunnel","Bronze Scales","Blue Candle","The Specimen","PreservedInsect","Tiny House","Calipers","Toy Ornithopter","FossilizedHelix","DollysMirror","Dead Branch"],"acts_visited":["Exordium","TheCity","TheBeyond","TheEnding"],"potions_floor_usage":[10,10,29,31,31,39,50,54,55,55],"damage_taken":[{"damage":0,"enemies":"Jaw Worm","floor":1,"turns":4},{"damage":0,"enemies":"Small Slimes","floor":4,"turns":3},{"damage":0,"enemies":"Cultist","floor":7,"turns":4},{"damage":0,"enemies":"3 Sentries","floor":10,"turns":5},{"damage":1,"enemies":"Blue Slaver","floor":12,"turns":3},{"damage":0,"enemies":"2 Fungi Beasts","floor":14,"turns":3},{"damage":20,"enemies":"Hexaghost","floor":16,"turns":11},{"damage":4,"enemies":"Spheric Guardian","floor":18,"turns":5},{"damage":0,"enemies":"Chosen","floor":20,"turns":3},{"damage":8,"enemies":"Sentry and Sphere","floor":22,"turns":4},{"damage":0,"enemies":"Slavers","floor":24,"turns":5},{"damage":6,"enemies":"Snake Plant","floor":28,"turns":4},{"damage":0,"enemies":"Gremlin Leader","floor":29,"turns":5},{"damage":9,"enemies":"Centurion and Healer","floor":30,"turns":4},{"damage":0,"enemies":"Slavers","floor":31,"turns":4},{"damage":15,"enemies":"Collector","floor":33,"turns":11},{"damage":6,"enemies":"Orb Walker","floor":35,"turns":2},{"damage":0,"enemies":"3 Shapes","floor":37,"turns":4},{"damage":17,"enemies":"Jaw Worm Horde","floor":39,"turns":3},{"damage":15,"enemies":"Writhing Mass","floor":41,"turns":6},{"damage":3,"enemies":"4 Shapes","floor":42,"turns":3},{"damage":23,"enemies":"Reptomancer","floor":46,"turns":4},{"damage":0,"enemies":"3 Darklings","floor":48,"turns":4},{"damage":65,"enemies":"Time Eater","floor":50,"turns":16},{"damage":34,"enemies":"Shield and Spear","floor":54,"turns":6},{"damage":68,"enemies":"The Heart","floor":55,"turns":6}],"seed_played":"9149498708625860420","potions_obtained":[{"floor":4,"key":"Explosive Potion"},{"floor":7,"key":"Explosive Potion"},{"floor":10,"key":"Swift Potion"},{"floor":22,"key":"champ:CounterPotion"},{"floor":28,"key":"SpeedPotion"},{"floor":30,"key":"EntropicBrew"},{"floor":41,"key":"sneckomod:MuddlingPotion"},{"floor":54,"key":"Swift Potion"}],"is_trial":false,"path_per_floor":["M","$","?","M","?","R","M","R","T","E","R","M","T","M","R","B",null,"M","?","M","$","M","R","E","R","T","R","M","E","M","E","R","B",null,"M","?","M","$","M","R","M","M","T","R","?","E","R","M","R","B",null,"R","$","E","B"],"character_chosen":"THE_SILENT","items_purchased":["TwistedFunnel","Heel Hook","Backstab","Calipers","DollysMirror"],"campfire_rested":5,"item_purchase_floors":[21,21,21,38,53],"current_hp_per_floor":[70,70,70,70,28,49,49,49,49,49,49,48,48,48,48,28,70,66,66,66,66,58,58,58,58,58,58,52,52,43,43,64,49,75,69,69,69,69,52,52,37,34,34,56,56,33,55,55,75,15,75,75,75,46,0,0],"gold":41,"neow_bonus":"RANDOM_COLORLESS_2","is_daily":false,"chose_seed":false,"campfire_upgraded":7,"win_rate":0.0,"timestamp":1607921668,"path_taken":["M","$","?","M","?","R","M","R","T","E","R","M","?","M","R","BOSS","M","?","?","$","M","R","E","R","T","R","M","E","M","E","R","BOSS","M","?","M","$","M","R","M","M","T","R","?","E","R","?","R","BOSS","R","$","E","BOSS"],"items_purchased_type":["Relic","Card","Card","Relic","Relic"],"build_version":"2020-12-13","purchased_purges":0,"victory":false,"max_hp_per_floor":[70,70,70,70,70,70,70,70,70,70,70,70,70,70,70,70,70,70,70,70,70,70,70,70,70,70,70,70,70,70,70,70,70,75,75,75,75,75,75,75,75,75,75,75,75,75,75,75,75,75,75,75,75,75,75,75],"card_choices":[{"not_picked":["Transmutation","Secret Weapon"],"picked":"Master of Strategy","floor":0},{"not_picked":["Underhanded Strike","Finisher"],"picked":"Slice","floor":1},{"not_picked":["Setup","Well Laid Plans"],"picked":"Noxious Fumes","floor":4},{"not_picked":["Eviscerate","Bane"],"picked":"Footwork","floor":7},{"not_picked":["Riddle With Holes","Setup"],"picked":"Acrobatics","floor":10},{"not_picked":["Deflect","Backflip"],"picked":"Dagger Throw","floor":12},{"not_picked":["Sucker Punch","Deadly Poison"],"picked":"Leg Sweep","floor":14},{"not_picked":["Grand Finale","Unload"],"picked":"Phantasmal Killer","floor":16},{"not_picked":["PiercingWail","Predator"],"picked":"Poisoned Stab","floor":18},{"not_picked":["Dagger Spray","Prepared"],"picked":"Flying Knee","floor":20},{"not_picked":["After Image","Accuracy"],"picked":"Flying Knee+1","floor":22},{"not_picked":["Outmaneuver","Underhanded Strike"],"picked":"Blur","floor":24},{"not_picked":["Dagger Throw","Skewer"],"picked":"Bane","floor":28},{"not_picked":["Blade Dance","Underhanded Strike"],"picked":"Deadly Poison","floor":29},{"not_picked":["Slice","Flying Knee"],"picked":"Footwork+1","floor":30},{"not_picked":["Acrobatics","Endless Agony","Outmaneuver"],"picked":"SKIP","floor":31},{"not_picked":["Night Terror","Unload"],"picked":"Corpse Explosion","floor":33},{"not_picked":["Deadly Poison","Flying Knee"],"picked":"Bane+1","floor":35},{"not_picked":["Backflip","PiercingWail"],"picked":"Phantasmal Killer","floor":37},{"not_picked":["Bane+1","Deadly Poison+1"],"picked":"Footwork","floor":39},{"not_picked":["Underhanded Strike+1","Well Laid Plans"],"picked":"Backflip","floor":41},{"not_picked":["Backflip","Bane+1"],"picked":"Deadly Poison+1","floor":42},{"not_picked":["Crippling Poison+1","Predator+1"],"picked":"Blur","floor":46},{"not_picked":["Bane+1","Die Die Die"],"picked":"Deflect+1","floor":48},{"not_picked":["Setup+1","Calculated Gamble","Riddle With Holes"],"picked":"SKIP","floor":54}],"player_experience":853026,"relics_obtained":[{"floor":9,"key":"Ornamental Fan"},{"floor":10,"key":"Mummified Hand"},{"floor":24,"key":"Bronze Scales"},{"floor":26,"key":"Blue Candle"},{"floor":29,"key":"The Specimen"},{"floor":31,"key":"PreservedInsect"},{"floor":43,"key":"Toy Ornithopter"},{"floor":46,"key":"FossilizedHelix"},{"floor":54,"key":"Dead Branch"}],"event_choices":[{"damage_healed":0,"gold_gain":0,"player_choice":"Grow","damage_taken":0,"max_hp_gain":0,"max_hp_loss":0,"event_name":"Living Wall","floor":3,"gold_loss":0,"cards_upgraded":["Neutralize"]},{"damage_healed":0,"gold_gain":0,"player_choice":"Success","damage_taken":42,"relics_obtained":["Sundial"],"max_hp_gain":0,"max_hp_loss":0,"event_name":"Scrap Ooze","floor":5,"gold_loss":0},{"damage_healed":0,"gold_gain":0,"player_choice":"Gave Potion","damage_taken":0,"relics_obtained":["Lantern"],"max_hp_gain":0,"max_hp_loss":0,"event_name":"WeMeetAgain","floor":19,"gold_loss":0},{"cards_removed":["Strike_G"],"damage_healed":0,"gold_gain":0,"player_choice":"Removed Attack","damage_taken":0,"max_hp_gain":0,"max_hp_loss":0,"event_name":"Falling","floor":36,"gold_loss":0},{"damage_healed":0,"gold_gain":0,"player_choice":"Ignored","damage_taken":0,"max_hp_gain":0,"max_hp_loss":0,"event_name":"SecretPortal","floor":45,"gold_loss":0}],"is_beta":false,"boss_relics":[{"not_picked":["Runic Dome","Astrolabe"],"picked":"WristBlade"},{"not_picked":["Philosopher\u0027s Stone","Coffee Dripper"],"picked":"Tiny House"}],"items_purged_floors":[],"is_endless":false,"potions_floor_spawned":[4,7,10,22,28,30,37,41,42,46,54],"killed_by":"The Heart","ascension_level":1}}