{"host":"p6y17sixyu8q9v1f","time":1607971094,"event":{"mods":["BaseMod","Colored Map","Minty Spire (QoL Compilation)"],"gold_per_floor":[109,34,52,66,66,96,96,110,186,205,205,205],"floor_reached":11,"playtime":1107,"items_purged":["Strike_B"],"score":90,"play_id":"1e7ca065-335f-4889-97e8-c9cb5742ad15","local_time":"20201214123814","is_ascension_mode":true,"campfire_choices":[],"circlet_count":0,"master_deck":["Strike_B","Strike_B","Strike_B","Defend_B","Defend_B","Defend_B","Zap","Dualcast","Gash","White Noise+1","Leap","Genetic Algorithm","Gash"],"relics":["Cracked Core","Dead Branch","Eternal Feather"],"acts_visited":["Exordium"],"potions_floor_usage":[6,8,11,11],"damage_taken":[{"damage":2,"enemies":"Jaw Worm","floor":1,"turns":3},{"damage":0,"enemies":"Small Slimes","floor":3,"turns":3},{"damage":9,"enemies":"2 Louse","floor":4,"turns":3},{"damage":22,"enemies":"Gremlin Nob","floor":6,"turns":4},{"damage":8,"enemies":"2 Fungi Beasts","floor":8,"turns":3},{"damage":5,"enemies":"Looter","floor":10,"turns":3},{"damage":22,"enemies":"3 Sentries","floor":11,"turns":2}],"seed_played":"8028198216831560695","potions_obtained":[{"floor":1,"key":"ColorlessPotion"},{"floor":3,"key":"PowerPotion"},{"floor":4,"key":"Block Potion"},{"floor":8,"key":"Swift Potion"}],"is_trial":false,"path_per_floor":["M","$","M","M","?","E","?","M","T","M","E"],"character_chosen":"DEFECT","items_purchased":[],"campfire_rested":0,"item_purchase_floors":[],"current_hp_per_floor":[73,73,73,64,64,42,35,27,27,22,0,0],"gold":205,"neow_bonus":"THREE_CARDS","is_daily":false,"chose_seed":false,"campfire_upgraded":0,"win_rate":0.0,"timestamp":1607971094,"path_taken":["M","$","M","M","?","E","?","M","T","?","E"],"items_purchased_type":[],"build_version":"2020-12-13","purchased_purges":1,"victory":false,"max_hp_per_floor":[75,75,75,75,75,75,75,75,75,75,75,75],"card_choices":[{"not_picked":["Rebound","Ball Lightning"],"picked":"Gash","floor":0},{"not_picked":["Storm","FTL"],"picked":"White Noise","floor":1},{"not_picked":["Steam Power","Reinforced Body","Stack"],"picked":"SKIP","floor":3},{"not_picked":["Steam Power","Reinforced Body","Stack"],"picked":"SKIP","floor":3},{"not_picked":["Fusion","Turbo"],"picked":"Leap","floor":4},{"not_picked":["Stack","Coolheaded","Ball Lightning"],"picked":"SKIP","floor":6},{"not_picked":["Chaos","Stack"],"picked":"Genetic Algorithm","floor":8},{"not_picked":["Leap","Compile Driver"],"picked":"Gash","floor":10}],"player_experience":749442,"relics_obtained":[{"floor":6,"key":"Dead Branch"},{"floor":9,"key":"Eternal Feather"}],"event_choices":[{"damage_healed":0,"gold_gain":0,"player_choice":"Grow","damage_taken":0,"max_hp_gain":0,"max_hp_loss":0,"event_name":"Living Wall","floor":5,"gold_loss":0,"cards_upgraded":["White Noise"]},{"cards_removed":["Defend_B"],"damage_healed":0,"gold_gain":0,"player_choice":"Card Removal","damage_taken":7,"max_hp_gain":0,"max_hp_loss":0,"event_name":"Golden Wing","floor":7,"gold_loss":0}],"is_beta":false,"boss_relics":[],"items_purged_floors":[2],"is_endless":false,"potions_floor_spawned":[1,3,4,8],"killed_by":"3 Sentries","ascension_level":4}}