{"host":"51dweoxrcspgw6ri","time":1607983762,"event":{"mods":["BaseMod","Colored Map","Colored Powertips","Minty Spire (QoL Compilation)","Rare Cards Sparkle","Relic Stats","StSLib","SuperFastMode","The Bug Knight"],"gold_per_floor":[117,117,117,134,151,171,206,232,232,232,251,251,22,22,22,132,132,144,156,166,166,166,166],"floor_reached":22,"playtime":1161,"items_purged":[],"score":188,"play_id":"9e871ef5-9812-409b-8107-822f3ea0fc1a","local_time":"20201214230922","is_ascension_mode":false,"campfire_choices":[{"floor":10.0,"key":"REST"},{"data":"HollowMod:Weaversong","floor":12.0,"key":"SMITH"},{"data":"HollowMod:SiblingsSouls","floor":15.0,"key":"SMITH"}],"circlet_count":0,"master_deck":["HollowMod:NailStrikeStart","HollowMod:NailStrikeStart","HollowMod:NailStrikeStart","HollowMod:NailStrikeStart","HollowMod:QuickDashStart","HollowMod:QuickDashStart","HollowMod:QuickDashStart","HollowMod:FocusHealStart","HollowMod:PogoStrike","HollowMod:Weaversong+1","HollowMod:InfectedAttack","HollowMod:CycloneSlash","HollowMod:SiblingsSouls+1","HollowMod:CycloneSlash","HollowMod:InfectedAttack","HollowMod:Weaversong+1","Dark Shackles","HollowMod:ZotesMagnificence"],"relics":["HollowMod:VesselMask","CeramicFish","HollowMod:LifeEnderRelic","DollysMirror","Runic Pyramid"],"acts_visited":["Exordium","TheCity"],"potions_floor_usage":[20,22],"damage_taken":[{"damage":6.0,"enemies":"Cultist","floor":1.0,"turns":3.0},{"damage":10.0,"enemies":"Small Slimes","floor":4.0,"turns":2.0},{"damage":1.0,"enemies":"Jaw Worm","floor":5.0,"turns":3.0},{"damage":15.0,"enemies":"Lots of Slimes","floor":6.0,"turns":3.0},{"damage":31.0,"enemies":"Gremlin Nob","floor":7.0,"turns":4.0},{"damage":9.0,"enemies":"Gremlin Gang","floor":8.0,"turns":2.0},{"damage":0.0,"enemies":"Large Slime","floor":11.0,"turns":4.0},{"damage":34.0,"enemies":"The Guardian","floor":16.0,"turns":12.0},{"damage":13,"enemies":"Spheric Guardian","floor":18,"turns":3},{"damage":22,"enemies":"Shell Parasite","floor":19,"turns":5},{"damage":30,"enemies":"Cultist and Chosen","floor":20,"turns":5},{"damage":35,"enemies":"Shelled Parasite and Fungi","floor":22,"turns":3}],"seed_played":"-7551456138539887419","potions_obtained":[{"floor":6.0,"key":"LiquidBronze"},{"floor":11.0,"key":"SkillPotion"},{"floor":16.0,"key":"Ancient Potion"},{"floor":19,"key":"SkillPotion"},{"floor":20,"key":"Energy Potion"}],"is_trial":false,"path_per_floor":["M","?","?","M","M","M","E","M","T","R","M","R","$","$","R","B",null,"M","M","M","?","M"],"character_chosen":"THE_BUGKNIGHT","items_purchased":["DollysMirror","Dark Shackles"],"campfire_rested":1,"item_purchase_floors":[13,13],"current_hp_per_floor":[75,68,68,58,57,42,17,8,8,30,36,36,36,36,36,8,75,62,46,22,16,0,0],"gold":166,"neow_bonus":"ONE_RANDOM_RARE_CARD","is_daily":false,"chose_seed":false,"campfire_upgraded":2,"win_rate":0.0,"timestamp":1607983762,"path_taken":["M","?","?","?","M","M","E","M","T","R","M","R","?","$","R","BOSS","M","M","?","?","M"],"items_purchased_type":["Relic","Card"],"build_version":"2020-12-13","purchased_purges":0,"victory":false,"max_hp_per_floor":[75,75,75,75,75,75,75,75,75,75,75,75,75,75,75,75,75,75,75,75,75,75,75],"relic_stats":{"counters":[12,49],"CeramicFish":45,"obtain_stats":[{"HollowMod:LifeEnderRelic":9,"DollysMirror":13,"CeramicFish":7,"HollowMod:VesselMask":0,"Runic Pyramid":17},{"HollowMod:LifeEnderRelic":6,"DollysMirror":7,"CeramicFish":5,"HollowMod:VesselMask":0,"Runic Pyramid":8},{"HollowMod:LifeEnderRelic":17,"DollysMirror":21,"CeramicFish":15,"HollowMod:VesselMask":0,"Runic Pyramid":33}]},"card_choices":[{"not_picked":["HollowMod:DoubleDash","HollowMod:ShadowDash"],"picked":"HollowMod:InfectedAttack","floor":1.0},{"not_picked":["HollowMod:GrimmsGift","HollowMod:NewLittleFool"],"picked":"HollowMod:CycloneSlash","floor":4.0},{"not_picked":["HollowMod:NewJinnsSoul","HollowMod:CornifersMapStart","HollowMod:SoulStrike"],"picked":"SKIP","floor":5.0},{"not_picked":["HollowMod:InfectedCysts","HollowMod:MothsMistake"],"picked":"HollowMod:SiblingsSouls","floor":6.0},{"not_picked":["HollowMod:MonarchWings","HollowMod:NewGlowingWomb"],"picked":"HollowMod:CycloneSlash","floor":7.0},{"not_picked":["HollowMod:NewJinnsSoul","HollowMod:ShadowDash"],"picked":"HollowMod:InfectedAttack","floor":8.0},{"not_picked":["HollowMod:AwokenDreamNail","HollowMod:SoulShaman","HollowMod:SoulEater"],"picked":"SKIP","floor":11.0},{"not_picked":["HollowMod:PureVessel","HollowMod:ElderbugsWisdom"],"picked":"HollowMod:ZotesMagnificence","floor":16.0},{"not_picked":["HollowMod:VengefulVoid","HollowMod:NewLittleFool","HollowMod:SoulStrike"],"picked":"SKIP","floor":18},{"not_picked":["HollowMod:ChannelNail","HollowMod:DescendingDark","HollowMod:SoulVessel"],"picked":"SKIP","floor":19},{"not_picked":["HollowMod:SiblingsSouls+1","HollowMod:HowlingWraiths+1","HollowMod:AbyssShriek"],"picked":"SKIP","floor":20}],"player_experience":522767,"relics_obtained":[{"floor":7.0,"key":"CeramicFish"},{"floor":9.0,"key":"HollowMod:LifeEnderRelic"}],"event_choices":[{"cards_removed":["HollowMod:QuickDashStart"],"damage_healed":0.0,"max_hp_gain":0.0,"max_hp_loss":0.0,"gold_gain":0.0,"event_name":"Golden Wing","player_choice":"Card Removal","floor":2.0,"gold_loss":0.0,"damage_taken":7.0},{"damage_healed":0,"gold_gain":0,"player_choice":"","damage_taken":6,"max_hp_gain":0,"max_hp_loss":0,"event_name":"Knowing Skull","floor":21,"potions_obtained":[],"gold_loss":0,"cards_obtained":[]}],"is_beta":false,"boss_relics":[{"not_picked":["Empty Cage","Velvet Choker"],"picked":"Runic Pyramid"}],"items_purged_floors":[],"is_endless":false,"potions_floor_spawned":[6,11,16,19,20],"killed_by":"Shelled Parasite and Fungi","ascension_level":0}}