{"host":"xd92u7alcwi518yp","time":1607926251,"event":{"mods":["Aspiration","BaseMod","BetterRewards","Colored Map","Colored Powertips","Hubris","Minty Spire (QoL Compilation)","Quick Restart","StSLib"],"gold_per_floor":[114,131,143,143,158,194,223,193,244,256,291,303,335,388,400,412,412],"floor_reached":16,"playtime":1239,"items_purged":[],"score":114,"play_id":"eff9767b-c167-4a3b-8f7d-39a2512b60c6","local_time":"20201213221051","is_ascension_mode":false,"campfire_choices":[{"floor":10,"key":"REST"},{"floor":15,"key":"REST"}],"circlet_count":0,"master_deck":["Strike_G","Strike_G+1","Strike_G","Strike_G","Strike_G","Defend_G","Defend_G","Defend_G","Defend_G","Defend_G","Survivor+1","Neutralize","Cloak And Dagger","hubris:TrickCloak","Cloak And Dagger","Caltrops","Dagger Spray","Footwork","Noxious Fumes","Catalyst","A Thousand Cuts"],"relics":["Ring of the Snake","aspiration:Nostalgia","Cracked Core","CeramicFish","MawBank","Potion Belt"],"acts_visited":["Exordium"],"potions_floor_usage":[6,14],"damage_taken":[{"damage":0,"enemies":"Small Slimes","floor":1,"turns":3},{"damage":0,"enemies":"Cultist","floor":2,"turns":3},{"damage":0,"enemies":"2 Louse","floor":3,"turns":2},{"damage":12,"enemies":"Large Slime","floor":5,"turns":9},{"damage":39,"enemies":"Lagavulin","floor":6,"turns":7},{"damage":1,"enemies":"Blue Slaver","floor":7,"turns":3},{"damage":0,"enemies":"Looter","floor":11,"turns":3},{"damage":0,"enemies":"2 Fungi Beasts","floor":13,"turns":3},{"damage":13,"enemies":"Gremlin Nob","floor":14,"turns":4},{"damage":72,"enemies":"Slime Boss","floor":16,"turns":8}],"seed_played":"3510356581649191589","potions_obtained":[{"floor":3,"key":"SkillPotion"},{"floor":5,"key":"SmokeBomb"},{"floor":8,"key":"SkillPotion"},{"floor":8,"key":"FairyPotion"}],"is_trial":false,"path_per_floor":["M","M","M","$","M","E","M","?","T","R","M","?","M","E","R","B"],"character_chosen":"THE_SILENT","items_purchased":[],"campfire_rested":2,"item_purchase_floors":[],"current_hp_per_floor":[70,70,70,70,58,19,18,18,18,39,39,25,25,12,33,0,0],"gold":412,"neow_bonus":"NOSTALGIA","is_daily":false,"chose_seed":false,"campfire_upgraded":0,"win_rate":0.0,"timestamp":1607926251,"path_taken":["M","M","M","$","M","E","M","?","T","R","?","?","M","E","R","BOSS"],"items_purchased_type":[],"build_version":"2020-12-13","purchased_purges":0,"victory":false,"max_hp_per_floor":[70,70,70,70,70,70,70,70,70,70,70,70,70,70,70,70,70],"card_choices":[{"not_picked":["Riddle With Holes","Deflect"],"picked":"Cloak And Dagger","floor":1},{"not_picked":["All Out Attack","Sucker Punch"],"picked":"hubris:TrickCloak","floor":2},{"not_picked":["Outmaneuver","Prepared"],"picked":"Cloak And Dagger","floor":3},{"not_picked":["Escape Plan","Expertise"],"picked":"Caltrops","floor":5},{"not_picked":["Eviscerate","Sucker Punch"],"picked":"Dagger Spray","floor":6},{"not_picked":["Sucker Punch","Phantasmal Killer"],"picked":"Footwork","floor":7},{"not_picked":["Outmaneuver","Deadly Poison"],"picked":"Noxious Fumes","floor":11},{"not_picked":["Dodge and Roll","Masterful Stab"],"picked":"Catalyst","floor":13},{"not_picked":["Dagger Spray","Terror"],"picked":"A Thousand Cuts","floor":14}],"player_experience":320439,"relics_obtained":[{"floor":6,"key":"CeramicFish"},{"floor":9,"key":"MawBank"},{"floor":14,"key":"Potion Belt"}],"event_choices":[{"damage_healed":0,"gold_gain":0,"player_choice":"Bought 2 Potions","damage_taken":0,"max_hp_gain":0,"max_hp_loss":0,"event_name":"The Woman in Blue","floor":8,"gold_loss":0},{"damage_healed":0,"gold_gain":0,"player_choice":"Entered Light","damage_taken":14,"max_hp_gain":0,"max_hp_loss":0,"event_name":"Shining Light","floor":12,"gold_loss":0,"cards_upgraded":["Strike_G","Survivor"]}],"is_beta":false,"boss_relics":[],"items_purged_floors":[],"is_endless":false,"potions_floor_spawned":[3,5],"killed_by":"Slime Boss","ascension_level":0}}