{"host":"lhth1efayex2023z","time":1607907184,"event":{"mods":["BaseMod","Colored Map","Googly Eyes","Minty Spire (QoL Compilation)","StSLib"],"gold_per_floor":[117,82,99,27,27,54,54,81,81,81,95,95,95],"floor_reached":12,"playtime":346,"items_purged":[],"score":138,"play_id":"def3bc94-dca4-41da-87f1-ba0501a0c308","local_time":"20201213175304","is_ascension_mode":true,"campfire_choices":[{"data":"Static Discharge","floor":7,"key":"SMITH"},{"floor":10,"key":"REST"}],"circlet_count":0,"master_deck":["AscendersBane","Strike_B","Strike_B","Strike_B","Strike_B","Defend_B","Defend_B","Defend_B","Defend_B","Zap","Dualcast","Rainbow","Heatsinks","Static Discharge+1","Cold Snap","Storm","Regret","Capacitor","Auto Shields","White Noise"],"relics":["Cracked Core","Dead Branch","Strawberry","Dream Catcher","Gambling Chip"],"acts_visited":["Exordium"],"potions_floor_usage":[6,8],"damage_taken":[{"damage":14,"enemies":"Jaw Worm","floor":1,"turns":4},{"damage":2,"enemies":"2 Louse","floor":3,"turns":3},{"damage":30,"enemies":"3 Sentries","floor":6,"turns":5},{"damage":21,"enemies":"Gremlin Nob","floor":8,"turns":3},{"damage":12,"enemies":"Small Slimes","floor":11,"turns":4},{"damage":20,"enemies":"Lagavulin","floor":12,"turns":4}],"seed_played":"-6018316607221470685","potions_obtained":[{"floor":3,"key":"AttackPotion"},{"floor":6,"key":"DuplicationPotion"},{"floor":8,"key":"FearPotion"}],"is_trial":false,"path_per_floor":["M","$","M","$","?","E","R","E","T","R","M","E"],"character_chosen":"DEFECT","items_purchased":["Static Discharge","Storm"],"campfire_rested":1,"item_purchase_floors":[2,4],"current_hp_per_floor":[54,54,52,52,52,29,29,8,8,32,20,0,0],"gold":95,"neow_bonus":"ONE_RANDOM_RARE_CARD","is_daily":false,"chose_seed":false,"campfire_upgraded":1,"win_rate":0.0,"timestamp":1607907184,"path_taken":["M","$","M","$","?","E","R","E","T","R","M","E"],"items_purchased_type":["Card","Card"],"build_version":"2020-11-30","purchased_purges":0,"victory":false,"max_hp_per_floor":[75,75,75,75,75,82,82,82,82,82,82,82,82],"card_choices":[{"not_picked":["Hologram","Rebound"],"picked":"Heatsinks","floor":1},{"not_picked":["Coolheaded","Rebound"],"picked":"Cold Snap","floor":3},{"not_picked":["Chaos","Chill"],"picked":"Capacitor","floor":6},{"not_picked":["Melter","Ball Lightning","Coolheaded"],"picked":"SKIP","floor":8},{"not_picked":["FTL","Cold Snap"],"picked":"Auto Shields","floor":10},{"not_picked":["Steam","Barrage"],"picked":"White Noise","floor":11}],"player_experience":359355,"relics_obtained":[{"floor":6,"key":"Strawberry"},{"floor":8,"key":"Dream Catcher"},{"floor":9,"key":"Gambling Chip"}],"event_choices":[{"damage_healed":0,"gold_gain":0,"player_choice":"Box","damage_taken":0,"relics_obtained":["Dead Branch"],"max_hp_gain":0,"max_hp_loss":0,"event_name":"Big Fish","floor":5,"gold_loss":0,"cards_obtained":["Regret"]}],"is_beta":false,"boss_relics":[],"items_purged_floors":[],"is_endless":false,"potions_floor_spawned":[3,6,8],"killed_by":"Lagavulin","ascension_level":12}}