{"host":"vddnn8yddbh0df4g","time":1607990309,"event":{"mods":["Act Like it!","BaseMod","Beaked The Cultist","Downfall","Hallownest","Hermit","Minty Spire (QoL Compilation)","Shop Mod","StSLib","SuperFastMode","The Bug Knight","The Runesmith","The Vixen"],"gold_per_floor":[99,125,140,140,175,10,92,5,5,36,50,60,79,89,101,206,206,206,219,219,129,144,144,144,172,172,200,199,199,218,218,234,336,336,336,371,170,200,219,69,93,143,171,96,96,149,99,150,166,166,166,201,8,8,8],"floor_reached":56,"playtime":2675,"items_purged":["hexamod:Strike","hexamod:Sear","ks:1","hexamod:Defend+1","hexamod:SixthSeal"],"score":1628,"play_id":"d2df9ab8-d433-46f8-9f38-89f0a173c4eb","local_time":"20201214165829","is_ascension_mode":true,"campfire_choices":[{"data":"hexamod:Float","floor":1.0,"key":"SMITH"},{"data":"hexamod:SoulSteal","floor":4.0,"key":"SMITH"},{"data":"hexamod:RainOfEmbers","floor":9.0,"key":"SMITH"},{"data":"hexamod:TimeOfNeed","floor":18.0,"key":"SMITH"},{"data":"hexamod:RainOfEmbers","floor":20.0,"key":"SMITH"},{"data":"hexamod:CatchUp","floor":23.0,"key":"SMITH"},{"floor":26.0,"key":"RECALL"},{"data":"hexamod:TimeOfNeed","floor":35.0,"key":"SMITH"},{"data":"hexamod:EtherealExpedition","floor":40.0,"key":"SMITH"},{"floor":44.0,"key":"DIG"},{"floor":54.0,"key":"DIG"}],"circlet_count":0,"master_deck":["hexamod:Strike+1","hexamod:Strike+1","hexamod:Strike+1","hexamod:Defend+1","hexamod:Defend+1","hexamod:Defend+1","hexamod:Float+1","hexamod:SwordOfDarkness+1","hexamod:SoulSteal+1","hexamod:EmpoweredFlame+1","hexamod:RainOfEmbers+1","hexamod:FastForward+1","hexamod:FirstSeal","hexamod:RainOfEmbers+1","hexamod:AdvancingGuard+1","hexamod:TimeOfNeed+1","hexamod:CatchUp+1","hexamod:EtherealExpedition+1","hexamod:EtherealExpedition+1","hexamod:SpectersWail+1","hexamod:TimeOfNeed+1","hexamod:FirstSeal","expansioncontent:Flail+1","hexamod:Hexaguard+1"],"relics":["hexamod:SpiritBrand","Shuriken","hexamod:SoulConsumer","Chemical X","Bottled Flame","HollowMod:QueensCombRelic","Philosopher\u0027s Stone","Calipers","Smiling Mask","Whetstone","ClockworkSouvenir","Oddly Smooth Stone","downfall:KnowingSkull","Coffee Dripper","Ice Cream","Sling","Sundial","downfall:HeartBlessingRed","downfall:HeartBlessingGreen","Shovel","Pear","downfall:HeartBlessingBlue","Runesmith:AutoHammer","FossilizedHelix","hexamod:MatchstickCase","Gambling Chip","OrangePellets","HollowMod:StagPassRelic"],"acts_visited":["Exordium","TheCity","TheBeyond","TheEnding"],"potions_floor_usage":[55],"damage_taken":[{"damage":23.0,"enemies":"Gremlin Nob","floor":2.0,"turns":4.0},{"damage":0.0,"enemies":"Small Slimes","floor":3.0,"turns":3.0},{"damage":0.0,"enemies":"HollowMod:MossKnight","floor":5.0,"turns":5.0},{"damage":4.0,"enemies":"downfall:FleeingMerchant","floor":6.0,"turns":4.0},{"damage":4.0,"enemies":"downfall:FleeingMerchant","floor":8.0,"turns":4.0},{"damage":15.0,"enemies":"Lagavulin","floor":10.0,"turns":5.0},{"damage":0.0,"enemies":"2 Louse","floor":11.0,"turns":2.0},{"damage":0.0,"enemies":"Cultist","floor":12.0,"turns":2.0},{"damage":0.0,"enemies":"2 Fungi Beasts","floor":13.0,"turns":2.0},{"damage":3.0,"enemies":"Blue Slaver","floor":14.0,"turns":3.0},{"damage":0.0,"enemies":"Exordium Wildlife","floor":15.0,"turns":2.0},{"damage":21.0,"enemies":"downfall:Defect","floor":16.0,"turns":5.0},{"damage":10.0,"enemies":"Chosen","floor":19.0,"turns":3.0},{"damage":0.0,"enemies":"downfall:FleeingMerchant","floor":21.0,"turns":4.0},{"damage":9.0,"enemies":"3 Byrds","floor":22.0,"turns":3.0},{"damage":6.0,"enemies":"HollowMod:Nosk","floor":25.0,"turns":5.0},{"damage":36.0,"enemies":"Slavers","floor":27.0,"turns":5.0},{"damage":6.0,"enemies":"downfall:FleeingMerchant","floor":28.0,"turns":3.0},{"damage":19.0,"enemies":"Centurion and Healer","floor":30.0,"turns":3.0},{"damage":20.0,"enemies":"Shelled Parasite and Fungi","floor":32.0,"turns":4.0},{"damage":0.0,"enemies":"downfall:Ironclad","floor":33.0,"turns":6.0},{"damage":15.0,"enemies":"Nemesis","floor":36.0,"turns":5.0},{"damage":21.0,"enemies":"Reptomancer","floor":38.0,"turns":4.0},{"damage":15.0,"enemies":"Orb Walker","floor":39.0,"turns":3.0},{"damage":0.0,"enemies":"Mind Bloom Boss Battle","floor":42.0,"turns":5.0},{"damage":0.0,"enemies":"Giant Head","floor":43.0,"turns":6.0},{"damage":0.0,"enemies":"2 Orb Walkers","floor":46.0,"turns":4.0},{"damage":0.0,"enemies":"3 Darklings","floor":49.0,"turns":3.0},{"damage":14.0,"enemies":"downfall:Silent","floor":50.0,"turns":8.0},{"damage":29.0,"enemies":"downfall:CharBossMerchant","floor":52.0,"turns":6.0},{"damage":1,"enemies":"downfall:NeowBoss","floor":55,"turns":24}],"seed_played":"8682201623075017692","potions_obtained":[{"floor":10.0,"key":"Fire Potion"},{"floor":11.0,"key":"LiquidMemories"},{"floor":12.0,"key":"Regen Potion"},{"floor":15.0,"key":"CultistPotion"},{"floor":16.0,"key":"SpeedPotion"},{"floor":19.0,"key":"EssenceOfSteel"},{"floor":27.0,"key":"Regen Potion"},{"floor":30.0,"key":"PowerPotion"},{"floor":39.0,"key":"hexamod:EctoCoolerPotion"},{"floor":46.0,"key":"Fire Potion"},{"floor":52.0,"key":"Guardian:BlockOnCardUsePotion"}],"is_trial":false,"path_per_floor":["R","E","M","R","E","$","T","$","R","E","M","M","M","M","M","B",null,"R","M","R","$","M","R","T","E","R","E","$","?","M","?","M","B",null,"R","E","$","E","M","R","T","?","E","R","?","?","$","T","M","B",null,"E","$","R","B",null],"character_chosen":"THE_SPIRIT","items_purchased":["Chemical X","hexamod:FirstSeal","ClockworkSouvenir","Oddly Smooth Stone","Sling","OrangePellets"],"campfire_rested":0,"item_purchase_floors":[6,8,28,28,37,53],"current_hp_per_floor":[70,47,47,47,47,43,43,39,39,24,32,40,46,43,46,39,46,46,46,46,46,44,44,44,46,46,24,46,46,27,20,11,42,46,46,38,38,28,24,24,24,46,56,66,66,66,66,66,66,59,66,51,51,51,66],"gold":8,"neow_bonus":"THREE_CARDS","is_daily":false,"chose_seed":false,"campfire_upgraded":8,"win_rate":0.0,"timestamp":1607990309,"path_taken":["R","E","M","R","E","$","T","$","R","E","M","M","M","M","M","BOSS","R","M","R","$","M","R","T","E","R","E","$","?","M","?","M","BOSS","R","E","$","E","?","R","T","?","E","R","?","?","?","?","M","BOSS","E","$","R","BOSS"],"items_purchased_type":["Relic","Card","Relic","Relic","Relic","Relic"],"build_version":"2020-12-13","purchased_purges":5,"victory":true,"max_hp_per_floor":[70,70,70,70,70,70,70,70,70,46,46,46,46,46,46,46,46,46,46,46,46,46,46,46,46,46,46,46,46,46,46,46,46,46,46,46,46,46,46,46,46,46,56,66,66,66,66,66,66,66,66,66,66,66,66],"card_choices":[{"not_picked":["hexamod:ThermalTransfer","hexamod:BacktrackSmack"],"picked":"hexamod:SwordOfDarkness","floor":0.0},{"not_picked":["hexamod:SpectersWail","hexamod:GhostLash"],"picked":"hexamod:SoulSteal","floor":2.0},{"not_picked":["hexamod:ExtraCrispy","hexamod:GhostShield"],"picked":"hexamod:EmpoweredFlame","floor":3.0},{"not_picked":["hexamod:AdvancingGuard","hexamod:SwordOfDarkness"],"picked":"hexamod:RainOfEmbers","floor":5.0},{"not_picked":["hexamod:Firestarter","hexamod:AdvancingGuard"],"picked":"hexamod:FastForward","floor":6.0},{"not_picked":["hexamod:CrushingStance","hexamod:GhostOfSpirePresent","hexamod:SwordOfDarkness"],"picked":"SKIP","floor":8.0},{"not_picked":["hexamod:BurningTouch","hexamod:ChargedBarrage"],"picked":"hexamod:RainOfEmbers","floor":10.0},{"not_picked":["hexamod:SwordOfDarkness","hexamod:SkipABeat","hexamod:GhostShield"],"picked":"SKIP","floor":11.0},{"not_picked":["hexamod:FourthSeal","hexamod:RadiantFlame"],"picked":"hexamod:AdvancingGuard","floor":12.0},{"not_picked":["hexamod:GhostOfSpireFuture","hexamod:RainOfEmbers","hexamod:GhostShield"],"picked":"SKIP","floor":13.0},{"not_picked":["hexamod:NightmareStrike","hexamod:GhostLash"],"picked":"hexamod:TimeOfNeed","floor":14.0},{"not_picked":["hexamod:ShieldOfDarkness","hexamod:SpectersWail"],"picked":"hexamod:FirstSeal","floor":15.0},{"not_picked":["hexamod:TimeWarp","hexamod:TurnItUp"],"picked":"hexamod:SixthSeal","floor":16.0},{"not_picked":["hexamod:BurningTouch","hexamod:SoulSteal","hexamod:ExtraCrispy"],"picked":"SKIP","floor":19.0},{"not_picked":["hexamod:SpectralAdrenaline","hexamod:SpectersWail"],"picked":"hexamod:CatchUp","floor":21.0},{"not_picked":["hexamod:AdvancingGuard+1","hexamod:BurningTouch","hexamod:ExtraCrispy+1"],"picked":"SKIP","floor":22.0},{"not_picked":["hexamod:PowerFromBeyond","hexamod:FastForward"],"picked":"hexamod:EtherealExpedition","floor":25.0},{"not_picked":["hexamod:HauntingEcho","hexamod:NightmareStrike","hexamod:BacktrackSmack"],"picked":"SKIP","floor":27.0},{"not_picked":["hexamod:SoulSteal","hexamod:EmpoweredFlame"],"picked":"hexamod:EtherealExpedition+1","floor":28.0},{"not_picked":["hexamod:HauntingEcho","hexamod:TimeOfNeed","hexamod:BacktrackSmack"],"picked":"SKIP","floor":30.0},{"not_picked":["hexamod:ShieldOfDarkness","hexamod:HauntingEcho"],"picked":"hexamod:SpectersWail+1","floor":32.0},{"not_picked":["hexamod:Toasty","hexamod:SixthSeal"],"picked":"hexamod:TimeOfNeed","floor":33.0},{"not_picked":["hexamod:Again+1","hexamod:NecessarySacrifice+1","hexamod:SuperheatedStrike"],"picked":"SKIP","floor":36.0},{"not_picked":["hexamod:GhostflameBarrier","hexamod:ThirdSeal","hexamod:ExtraCrispy+1"],"picked":"SKIP","floor":38.0},{"not_picked":["hexamod:SpectralAdrenaline","hexamod:SuperheatedStrike+1"],"picked":"hexamod:FirstSeal","floor":39.0},{"not_picked":["hexamod:SpectralAdrenaline","hexamod:ParanormalForm","hexamod:SoulSteal+1"],"picked":"SKIP","floor":43.0},{"not_picked":["expansioncontent:Torchfire","expansioncontent:AwakenDeath"],"picked":"expansioncontent:Flail","floor":45.0},{"not_picked":["hexamod:SkipABeat+1","hexamod:NightmareGuise+1","hexamod:HeatCrush+1"],"picked":"SKIP","floor":49.0},{"not_picked":["hexamod:FirstSeal","hexamod:CatchUp"],"picked":"hexamod:Hexaguard+1","floor":52.0}],"player_experience":674334,"relics_obtained":[{"floor":2.0,"key":"Shuriken"},{"floor":5.0,"key":"hexamod:SoulConsumer"},{"floor":7.0,"key":"Bottled Flame"},{"floor":10.0,"key":"HollowMod:QueensCombRelic"},{"floor":24.0,"key":"Calipers"},{"floor":25.0,"key":"Smiling Mask"},{"floor":27.0,"key":"Whetstone"},{"floor":36.0,"key":"Ice Cream"},{"floor":38.0,"key":"Sundial"},{"floor":42.0,"key":"Shovel"},{"floor":43.0,"key":"Pear"},{"floor":44.0,"key":"Runesmith:AutoHammer"},{"floor":46.0,"key":"FossilizedHelix"},{"floor":48.0,"key":"hexamod:MatchstickCase"},{"floor":52.0,"key":"Gambling Chip"},{"floor":54.0,"key":"HollowMod:StagPassRelic"}],"event_choices":[{"damage_healed":0.0,"max_hp_gain":0.0,"max_hp_loss":0.0,"gold_gain":0.0,"event_name":"Mysterious Sphere","player_choice":"Fight","floor":46.0,"gold_loss":0.0,"damage_taken":0.0}],"is_beta":false,"boss_relics":[{"not_picked":["beaked:MawFillet","Sozu"],"picked":"Philosopher\u0027s Stone"},{"not_picked":["Tiny House","hexamod:IceCube"],"picked":"Coffee Dripper"}],"items_purged_floors":[21,28,37,47,53],"is_endless":false,"potions_floor_spawned":[10,11,12,15,16,19,27,30,39,46,52],"ascension_level":2}}