{"host":"yk6rxbjfjo5kivd3","time":1607950531,"event":{"mods":["BaseMod","Googly Eyes","Hermit","Minty Spire (QoL Compilation)","StSLib","The Cursed","The Servant 0.9.4"],"gold_per_floor":[110,110,121,396,157,188,200,230,278,292,292,309,325,342,342,342,342],"floor_reached":16,"playtime":994,"items_purged":["hermit:Strike_Hermit"],"score":139,"play_id":"32e93988-0261-4779-b858-4b736b9786b5","local_time":"20201214165531","is_ascension_mode":false,"campfire_choices":[{"floor":15,"key":"REST"}],"circlet_count":0,"master_deck":["hermit:Strike_Hermit","hermit:Strike_Hermit","hermit:Strike_Hermit","hermit:Defend_Hermit+1","hermit:Defend_Hermit","hermit:Defend_Hermit","hermit:Snapshot","hermit:Covet+1","hermit:LuckOfTheDraw","hermit:Spite","hermit:CalledShot","Regret","hermit:Deadeye","Dramatic Entrance","hermit:Grudge","hermit:Coalescence","hermit:Showdown","hermit:BigShot","hermit:TrackingShot","hermit:Combo"],"relics":["hermit:Momento","NeowsBlessing","Letter Opener","War Paint","Ancient Tea Set","The Courier"],"acts_visited":["Exordium"],"potions_floor_usage":[8,8,16],"damage_taken":[{"damage":0,"enemies":"Small Slimes","floor":1,"turns":1},{"damage":0,"enemies":"Cultist","floor":3,"turns":1},{"damage":0,"enemies":"3 Sentries","floor":6,"turns":1},{"damage":1,"enemies":"Jaw Worm","floor":7,"turns":4},{"damage":26,"enemies":"Lagavulin","floor":8,"turns":5},{"damage":0,"enemies":"Gremlin Gang","floor":10,"turns":1},{"damage":21,"enemies":"Exordium Thugs","floor":12,"turns":5},{"damage":0,"enemies":"Red Slaver","floor":13,"turns":3},{"damage":0,"enemies":"2 Fungi Beasts","floor":14,"turns":2},{"damage":51,"enemies":"The Guardian","floor":16,"turns":8}],"seed_played":"7929807636867039527","potions_obtained":[{"floor":3,"key":"SteroidPotion"},{"floor":6,"key":"Weak Potion"},{"floor":8,"key":"Weak Potion"}],"is_trial":false,"path_per_floor":["M","?","M","?","$","E","M","E","T","M","T","M","M","M","R","B"],"character_chosen":"HERMIT","items_purchased":["hermit:Deadeye","Dramatic Entrance"],"campfire_rested":1,"item_purchase_floors":[5,5],"current_hp_per_floor":[75,75,75,75,75,75,74,48,48,48,48,27,27,27,49,0,0],"gold":342,"neow_bonus":"THREE_ENEMY_KILL","is_daily":false,"chose_seed":false,"campfire_upgraded":0,"win_rate":0.0,"timestamp":1607950531,"path_taken":["M","?","?","?","$","E","?","E","T","M","?","M","M","M","R","BOSS"],"items_purchased_type":["Card","Card"],"build_version":"2020-12-13","purchased_purges":1,"victory":false,"max_hp_per_floor":[75,75,75,75,75,75,75,75,75,75,75,75,75,75,75,75,75],"card_choices":[{"not_picked":["hermit:LowProfile","hermit:HighCaliber"],"picked":"hermit:LuckOfTheDraw","floor":1},{"not_picked":["hermit:TrackingShot","hermit:HoleUp"],"picked":"hermit:CalledShot","floor":3},{"not_picked":["hermit:HeroicBravado","hermit:Misfire"],"picked":"hermit:Grudge","floor":6},{"not_picked":["hermit:LowProfile","hermit:ItchyTrigger","hermit:Misfire"],"picked":"SKIP","floor":7},{"not_picked":["hermit:OverwhelmingPower","hermit:Deadeye"],"picked":"hermit:Coalescence","floor":8},{"not_picked":["hermit:Roulette","hermit:Feint"],"picked":"hermit:Showdown","floor":10},{"not_picked":["hermit:Quickdraw","hermit:Cheat"],"picked":"hermit:BigShot","floor":12},{"not_picked":["hermit:Coalescence","hermit:CalledShot"],"picked":"hermit:TrackingShot","floor":13},{"not_picked":["hermit:Quickdraw","hermit:Shortfuse"],"picked":"hermit:Combo","floor":14}],"player_experience":1261876,"relics_obtained":[{"floor":6,"key":"Letter Opener"},{"floor":8,"key":"War Paint"},{"floor":9,"key":"Ancient Tea Set"},{"floor":11,"key":"The Courier"}],"event_choices":[{"damage_healed":0,"gold_gain":0,"cards_transformed":["hermit:Defend_Hermit"],"player_choice":"Transformed","damage_taken":0,"max_hp_gain":0,"max_hp_loss":0,"event_name":"Transmorgrifier","floor":2,"gold_loss":0,"cards_obtained":["hermit:Spite"]},{"damage_healed":0,"gold_gain":275,"player_choice":"Desecrate","damage_taken":0,"max_hp_gain":0,"max_hp_loss":0,"event_name":"Golden Shrine","floor":4,"gold_loss":0,"cards_obtained":["Regret"]}],"is_beta":false,"boss_relics":[],"items_purged_floors":[5],"is_endless":false,"potions_floor_spawned":[3,6,8],"killed_by":"The Guardian","ascension_level":0}}