{"host":"h8bshyl4dp77d6d9","time":1607954370,"event":{"mods":["AchievementEnabler","Aspiration","BaseMod","Better Altar","Better Match","Better Note","Better Sensory Stone","Better Skull","Better Third Choice","BetterRewards","CCEM","Colored Map","Downfall","GifTheSpireLib","Halation","Highlight Path","Hubris","Minty Spire (QoL Compilation)","Permanent Neow","Replay The Spire","Spicy Shops","StSLib","Stuff the Spire","Unceasing Turn Reminder"],"gold_per_floor":[99,99,113,132,132,167,167,167,217,230,230,262,274,289,289,20,32,32,32],"floor_reached":18,"playtime":1805,"items_purged":[],"score":122,"play_id":"d9ad6532-79e0-4441-b6ee-43d8f4d32847","local_time":"20201214155930","is_ascension_mode":false,"campfire_choices":[{"data":"Slimebound:Split","floor":1,"key":"SMITH"},{"floor":11,"key":"REST"}],"circlet_count":0,"master_deck":["Slimebound:Strike_Slimebound","Slimebound:Strike_Slimebound","Slimebound:Tackle","Slimebound:Defend_Slimebound","Slimebound:Defend_Slimebound","Slimebound:Defend_Slimebound","Slimebound:Defend_Slimebound","Slimebound:Split+1","Slimebound:CorrosiveSpit","Slimebound:ComboTackle","Slimebound:LeechEnergy","Slimebound:RejuvenatingLick","Slimebound:SlimeBarrage","Slimebound:SplitBruiser","Slimebound:Replication","Slimebound:ForwardTackle","Slimebound:Repurpose","Slimebound:GrowthPunch","Slimebound:Teamwork","expansioncontent:DashGenerateEvil","Enlightenment","Slimebound:SlimeBrawl"],"relics":["Slimebound:AbsorbEndCombat","Replay:Baseball","halation:AfternoonTea","Potion Belt","hubris:Icosahedron"],"acts_visited":["Exordium"],"potions_floor_usage":[],"damage_taken":[{"damage":8,"enemies":"2 Louse","floor":3,"turns":3},{"damage":9,"enemies":"Jaw Worm","floor":4,"turns":3},{"damage":0,"enemies":"Cultist","floor":5,"turns":1},{"damage":51,"enemies":"3 Sentries","floor":6,"turns":7},{"damage":21,"enemies":"Exordium Wildlife","floor":10,"turns":3},{"damage":39,"enemies":"Lagavulin","floor":12,"turns":4},{"damage":20,"enemies":"Blue Slaver","floor":13,"turns":3},{"damage":18,"enemies":"3 Louse","floor":14,"turns":3},{"damage":12,"enemies":"downfall:FleeingMerchant","floor":16,"turns":4},{"damage":18,"enemies":"Lots of Slimes","floor":17,"turns":3},{"damage":68,"enemies":"downfall:Defect","floor":18,"turns":5}],"seed_played":"-5092405832051680952","potions_obtained":[{"floor":10,"key":"Toxic Potion"},{"floor":12,"key":"Swift Potion"},{"floor":14,"key":"GamblersBrew"},{"floor":17,"key":"Swift Potion"}],"is_trial":false,"path_per_floor":["R","?","M","M","M","E","PTL","PTL","T","M","R","E","M","M","?","$","M","B"],"character_chosen":"SLIMEBOUND","items_purchased":["expansioncontent:DashGenerateEvil","Enlightenment"],"campfire_rested":1,"item_purchase_floors":[16,16],"current_hp_per_floor":[60,60,60,60,60,31,31,31,31,32,50,49,37,41,41,53,55,0,0],"gold":32,"neow_bonus":"TRANSFORM_CARD","is_daily":false,"chose_seed":false,"campfire_upgraded":1,"win_rate":0.0,"timestamp":1607954370,"path_taken":["R","?","M","M","M","E","PTL","PTL","T","M","R","E","?","M","?","$","M","BOSS"],"items_purchased_type":["Card","Card"],"build_version":"2020-12-13","purchased_purges":0,"victory":false,"max_hp_per_floor":[60,60,60,60,60,60,60,60,60,60,60,60,60,60,60,60,60,60,60],"card_choices":[{"not_picked":["Slimebound:SlimeSpikes","Slimebound:ItLooksTasty"],"picked":"Slimebound:LeechEnergy","floor":3},{"not_picked":["Slimebound:SlimeSpikes","Slimebound:SamplingLick"],"picked":"Slimebound:RejuvenatingLick","floor":4},{"not_picked":["Slimebound:FinishingTackle","Slimebound:LeechingTouch"],"picked":"Slimebound:SlimeBarrage","floor":5},{"not_picked":["Slimebound:ItLooksTasty","Slimebound:GrowthPunch"],"picked":"Slimebound:SplitBruiser","floor":6},{"not_picked":["Slimebound:ItLooksTasty","Slimebound:FirmFortitude"],"picked":"Slimebound:Replication","floor":10},{"not_picked":["Slimebound:GoopSpray","Slimebound:Schlurp"],"picked":"Slimebound:ForwardTackle","floor":12},{"not_picked":["Slimebound:Replication","Slimebound:LivingWall"],"picked":"Slimebound:Repurpose","floor":13},{"not_picked":["Slimebound:OozeBath","Slimebound:LeadByExample"],"picked":"Slimebound:GrowthPunch","floor":14},{"not_picked":["Slimebound:BestDefense","Slimebound:SlimeBarrage"],"picked":"Slimebound:Teamwork","floor":16},{"not_picked":["Slimebound:ComboTackle","Slimebound:HauntingLick"],"picked":"Slimebound:SlimeBrawl","floor":17}],"player_experience":0,"relics_obtained":[{"floor":6,"key":"Replay:Baseball"},{"floor":9,"key":"halation:AfternoonTea"},{"floor":12,"key":"Potion Belt"}],"event_choices":[],"is_beta":false,"boss_relics":[],"items_purged_floors":[],"is_endless":false,"potions_floor_spawned":[10,12,14,17],"killed_by":"downfall:Defect","ascension_level":0}}