{"host":"eydwxg59205c3vtl","time":1607989139,"event":{"mods":["2.2 Compatiblity","BaseMod","Colored Map","Colored Powertips","Minty Spire (QoL Compilation)","StSLib"],"gold_per_floor":[109,109,34,49,66,98,112,112,157,192,192,192,206,206,206],"floor_reached":14,"playtime":420,"items_purged":[],"score":200,"play_id":"955aeb97-99e3-4693-adfb-f7f8b780cdfb","local_time":"20201214183859","is_ascension_mode":true,"campfire_choices":[{"floor":8,"key":"REST"}],"circlet_count":0,"master_deck":["AscendersBane","Strike_R","Strike_R","Strike_R","Defend_R","Defend_R","Defend_R","Defend_R","Bash","Battle Trance","Body Slam","Dropkick","Armaments","Dual Wield","Body Slam","Headbutt","Iron Wave"],"relics":["Burning Blood","NeowsBlessing","Blue Candle","Bag of Marbles","Toy Ornithopter","Ancient Tea Set","Bottled Flame"],"acts_visited":["Exordium"],"potions_floor_usage":[6,10,14],"damage_taken":[{"damage":0.0,"enemies":"Small Slimes","floor":1.0,"turns":2.0},{"damage":0.0,"enemies":"Jaw Worm","floor":4.0,"turns":1.0},{"damage":0.0,"enemies":"Cultist","floor":5.0,"turns":1.0},{"damage":39,"enemies":"Gremlin Nob","floor":6,"turns":4},{"damage":21,"enemies":"Looter","floor":7,"turns":4},{"damage":39,"enemies":"3 Sentries","floor":10,"turns":13},{"damage":3,"enemies":"Blue Slaver","floor":13,"turns":5},{"damage":36,"enemies":"Gremlin Nob","floor":14,"turns":3}],"seed_played":"3298396570354872638","potions_obtained":[{"floor":1.0,"key":"CultistPotion"},{"floor":7,"key":"Dexterity Potion"},{"floor":10,"key":"SpeedPotion"}],"is_trial":false,"path_per_floor":["M","?","?","M","M","E","M","R","T","E","?","T","M","E"],"character_chosen":"IRONCLAD","items_purchased":[],"campfire_rested":1,"item_purchase_floors":[],"current_hp_per_floor":[74,74,74,75,75,42,27,49,49,16,5,5,8,0,0],"gold":206,"neow_bonus":"THREE_ENEMY_KILL","is_daily":false,"chose_seed":false,"campfire_upgraded":0,"win_rate":0.0,"timestamp":1607989139,"path_taken":["M","?","?","?","?","E","M","R","T","E","?","?","?","E"],"items_purchased_type":[],"build_version":"2020-12-13","purchased_purges":0,"victory":false,"max_hp_per_floor":[75,75,75,75,75,75,75,75,75,75,75,75,75,75,75],"card_choices":[{"not_picked":["Heavy Blade","Blood for Blood"],"picked":"Battle Trance","floor":1.0},{"not_picked":["Havoc","Anger"],"picked":"Dropkick","floor":4.0},{"not_picked":["Wild Strike","Bloodletting"],"picked":"Armaments","floor":5.0},{"not_picked":["Wild Strike","Entrench"],"picked":"Dual Wield","floor":6},{"not_picked":["Flex","Anger"],"picked":"Body Slam","floor":7},{"not_picked":["Thunderclap","Anger"],"picked":"Headbutt","floor":10},{"not_picked":["Shockwave","Pommel Strike"],"picked":"Iron Wave","floor":13}],"player_experience":484378,"relics_obtained":[{"floor":6,"key":"Blue Candle"},{"floor":9,"key":"Bag of Marbles"},{"floor":10,"key":"Toy Ornithopter"},{"floor":12,"key":"Bottled Flame"}],"event_choices":[{"damage_healed":0.0,"max_hp_gain":0.0,"max_hp_loss":0.0,"gold_gain":0.0,"cards_transformed":["Strike_R"],"event_name":"Living Wall","player_choice":"Change","floor":2.0,"gold_loss":0.0,"damage_taken":0.0,"cards_obtained":["Body Slam"]},{"cards_removed":["Strike_R"],"damage_healed":0.0,"max_hp_gain":0.0,"max_hp_loss":0.0,"gold_gain":0.0,"event_name":"The Cleric","player_choice":"Card Removal","floor":3.0,"gold_loss":75.0,"damage_taken":0.0},{"damage_healed":0,"gold_gain":0,"player_choice":"Success","damage_taken":11,"relics_obtained":["Ancient Tea Set"],"max_hp_gain":0,"max_hp_loss":0,"event_name":"Scrap Ooze","floor":11,"gold_loss":0}],"is_beta":false,"boss_relics":[],"items_purged_floors":[],"is_endless":false,"potions_floor_spawned":[1,7,10],"killed_by":"Gremlin Nob","ascension_level":20}}