{"host":"litgxtbgyxrryuwc","time":1607949029,"event":{"mods":["BaseMod","Card Forge","Colored Map","Downfall","Googly Eyes","Minty Spire (QoL Compilation)","StSLib","SuperFastMode"],"gold_per_floor":[99,99,130,130,130,230,230,230,245,276,295,314,332,432,445,544,544,544,563,663,694,708,633,657,681,693,738,850,499,499,328,338,436,436,436,453,629,554,573,603,650,682,700,733,744,630,644,659,677,677],"floor_reached":51,"playtime":2509,"items_purged":[],"score":987,"play_id":"71aa4e8b-bf97-4242-bb65-ba86deb9dac3","local_time":"20201214073029","is_ascension_mode":false,"campfire_choices":[{"data":"hexamod:Float","floor":1,"key":"SMITH"},{"data":"hexamod:Hexaguard","floor":5,"key":"SMITH"},{"data":"hexamod:HexaLevel","floor":18,"key":"SMITH"},{"floor":23,"key":"RECALL"},{"data":"hexamod:EmpoweringStance","floor":35,"key":"SMITH"},{"data":"hexamod:HeatMetal","floor":38,"key":"SMITH"}],"circlet_count":0,"master_deck":["hexamod:Strike+1","hexamod:Strike+1","hexamod:Defend+1","hexamod:Defend+1","hexamod:Sear+1","hexamod:Float+1","hexamod:FirstSeal","hexamod:Hexaguard+1","hexamod:HauntingEcho+1","hexamod:GhostflameBarrier+1","hexamod:AdvancingGuard+1","hexamod:GhostLash+1","hexamod:HexaLevel+1","hexamod:GhostOfSpireFuture+1","hexamod:GhostOfSpireFuture+1","hexamod:EmpoweredFlame+1","hexamod:HeatMetal+1","hexamod:EmpoweringStance+1","hexamod:CatchUp+1","hexamod:Again+1"],"relics":["hexamod:SpiritBrand","Hammer of Thor","Seething Fire","Anvil of the Gods","downfall:HeartsMalice","Mummified Hand","White Beast Statue","Coffee Dripper","Shuriken","Peace Pipe","Bird Faced Urn","downfall:HeartBlessingGreen","MawBank","Thread and Needle","Bottled Lightning","Bottled Tornado","downfall:RedIOU","Lantern","Busted Crown","Membership Card","downfall:HeartBlessingRed","HornCleat","Vajra","Omamori","Calipers","Potion Belt"],"acts_visited":["Exordium","TheCity","TheBeyond"],"potions_floor_usage":[14,16,21,29],"damage_taken":[{"damage":0,"enemies":"Gremlin Nob","floor":3,"turns":1},{"damage":0,"enemies":"2 Louse","floor":4,"turns":1},{"damage":0,"enemies":"Jaw Worm","floor":8,"turns":1},{"damage":0,"enemies":"Small Slimes","floor":9,"turns":3},{"damage":3,"enemies":"Lagavulin","floor":10,"turns":6},{"damage":2,"enemies":"Gremlin Gang","floor":11,"turns":5},{"damage":1,"enemies":"Large Slime","floor":12,"turns":5},{"damage":0,"enemies":"3 Louse","floor":13,"turns":4},{"damage":28,"enemies":"downfall:Heads","floor":14,"turns":6},{"damage":0,"enemies":"Exordium Thugs","floor":15,"turns":3},{"damage":58,"enemies":"downfall:Defect","floor":16,"turns":9},{"damage":0,"enemies":"3 Byrds","floor":19,"turns":4},{"damage":3,"enemies":"downfall:Silent","floor":20,"turns":6},{"damage":16,"enemies":"Slavers","floor":21,"turns":6},{"damage":2,"enemies":"Shell Parasite","floor":22,"turns":3},{"damage":0,"enemies":"Shelled Parasite and Fungi","floor":25,"turns":5},{"damage":0,"enemies":"Book of Stabbing","floor":27,"turns":6},{"damage":0,"enemies":"downfall:FleeingMerchant","floor":29,"turns":4},{"damage":0,"enemies":"downfall:FleeingMerchant","floor":31,"turns":4},{"damage":0,"enemies":"3 Cultists","floor":32,"turns":5},{"damage":9,"enemies":"downfall:Watcher","floor":33,"turns":9},{"damage":3,"enemies":"3 Shapes","floor":36,"turns":6},{"damage":0,"enemies":"downfall:FleeingMerchant","floor":37,"turns":4},{"damage":0,"enemies":"Orb Walker","floor":39,"turns":4},{"damage":0,"enemies":"Nemesis","floor":40,"turns":7},{"damage":1,"enemies":"Reptomancer","floor":42,"turns":7},{"damage":10,"enemies":"Writhing Mass","floor":43,"turns":5},{"damage":20,"enemies":"Nemesis","floor":44,"turns":9},{"damage":0,"enemies":"Maw","floor":45,"turns":7},{"damage":0,"enemies":"Spire Growth","floor":47,"turns":4},{"damage":0,"enemies":"Transient","floor":48,"turns":5},{"damage":0,"enemies":"Maw","floor":49,"turns":6},{"damage":0,"enemies":"downfall:Ironclad","floor":50,"turns":9}],"seed_played":"-4316076347671775940","potions_obtained":[{"floor":9,"key":"FairyPotion"},{"floor":9,"key":"SkillPotion"},{"floor":10,"key":"SteroidPotion"},{"floor":12,"key":"Ancient Potion"},{"floor":13,"key":"EssenceOfSteel"},{"floor":15,"key":"hexamod:DoubleChargePotion"},{"floor":16,"key":"SteroidPotion"},{"floor":19,"key":"FairyPotion"},{"floor":21,"key":"ColorlessPotion"},{"floor":25,"key":"FairyPotion"},{"floor":31,"key":"FearPotion"},{"floor":36,"key":"DuplicationPotion"},{"floor":48,"key":"BlessingOfTheForge"},{"floor":49,"key":"Block Potion"}],"is_trial":false,"path_per_floor":["R","?","E","M","R","?","T","M","M","E","M","M","M","?","M","B",null,"R","M","?","E","M","R","T","M","T","E","?","$","?","$","M","B",null,"R","M","$","R","M","E","T","E","M","E","M","$","M","M","M","B",null],"character_chosen":"THE_SPIRIT","items_purchased":["Bottled Tornado","Fruit Juice","Lantern","Membership Card","Potion Belt","hexamod:Again"],"campfire_rested":0,"item_purchase_floors":[29,29,31,37,46,46],"current_hp_per_floor":[70,63,63,63,63,63,63,63,70,67,70,70,70,49,56,28,70,70,70,70,61,70,70,70,70,70,70,70,75,75,75,75,73,75,75,75,75,75,75,75,75,75,75,72,75,75,75,75,75,75],"gold":677,"neow_bonus":"THREE_ENEMY_KILL","is_daily":false,"chose_seed":false,"campfire_upgraded":5,"win_rate":0.0,"timestamp":1607949029,"path_taken":["R","?","E","M","R","?","T","M","M","E","M","M","M","?","M","BOSS","R","M","?","E","M","R","T","M","?","E","?","$","?","?","M","BOSS","R","M","$","R","?","E","T","E","M","E","?","$","?","M","M","BOSS"],"items_purchased_type":["Relic","Potion","Relic","Relic","Relic","Card"],"build_version":"2020-12-13","purchased_purges":0,"victory":true,"max_hp_per_floor":[70,70,70,70,70,70,70,70,70,70,70,70,70,70,70,70,70,70,70,70,70,70,70,70,70,70,70,70,75,75,75,75,75,75,75,75,75,75,75,75,75,75,75,75,75,75,75,75,75,75],"card_choices":[{"not_picked":["hexamod:GhostShield","hexamod:NightmareGuise"],"picked":"hexamod:FourthSeal","floor":3},{"not_picked":["hexamod:ThermalTransfer","hexamod:Rewind"],"picked":"hexamod:Hexaguard","floor":4},{"not_picked":["hexamod:RainOfEmbers","hexamod:ThirdSeal"],"picked":"hexamod:HauntingEcho","floor":8},{"not_picked":["hexamod:Hexaguard","hexamod:SkipABeat","hexamod:PhantomCloak"],"picked":"SKIP","floor":9},{"not_picked":["hexamod:GhostOfSpirePast","hexamod:ShieldOfDarkness","hexamod:InspiringFlames"],"picked":"SKIP","floor":10},{"not_picked":["hexamod:InspiringFlames","hexamod:RecurringNightmare","hexamod:NightmareGuise"],"picked":"SKIP","floor":11},{"not_picked":["hexamod:PhantomCloak","hexamod:SixthSeal"],"picked":"hexamod:GhostflameBarrier","floor":12},{"not_picked":["hexamod:HeatShield","hexamod:ChargedBarrage","hexamod:Hexaguard"],"picked":"SKIP","floor":13},{"not_picked":["hexamod:GhostflameBarrier","hexamod:ThermalTransfer"],"picked":"hexamod:GhostLash","floor":15},{"not_picked":["hexamod:GhostflameInferno","hexamod:EmpoweringStance"],"picked":"hexamod:HexaLevel","floor":16},{"not_picked":["hexamod:FastForward+1","hexamod:Haunt","hexamod:NightmareGuise"],"picked":"SKIP","floor":19},{"not_picked":["hexamod:TimeOfNeed","hexamod:SwordOfDarkness"],"picked":"hexamod:GhostOfSpireFuture","floor":21},{"not_picked":["hexamod:HauntingEcho+1","hexamod:HeatShield","hexamod:GhostLash"],"picked":"SKIP","floor":22},{"not_picked":["hexamod:RainOfEmbers","hexamod:NightmareGuise"],"picked":"hexamod:GhostOfSpireFuture+1","floor":25},{"not_picked":["hexamod:HexaLevel","hexamod:StepThrough"],"picked":"hexamod:EmpoweredFlame","floor":27},{"not_picked":["hexamod:FastForward","hexamod:SwordOfDarkness"],"picked":"hexamod:HeatMetal","floor":29},{"not_picked":["hexamod:FirstSeal","hexamod:FastForward+1","hexamod:SixthSeal"],"picked":"SKIP","floor":31},{"not_picked":["hexamod:RainOfEmbers","hexamod:Rewind","hexamod:FastForward"],"picked":"SKIP","floor":32},{"not_picked":["hexamod:TimeWarp","hexamod:UnleashSpirits"],"picked":"hexamod:EmpoweringStance","floor":33},{"not_picked":["hexamod:ThermalTransfer"],"picked":"SKIP","floor":36},{"not_picked":["hexamod:BacktrackSmack"],"picked":"SKIP","floor":37},{"not_picked":["hexamod:SwordOfDarkness"],"picked":"SKIP","floor":39},{"not_picked":["hexamod:BacktrackSmack"],"picked":"SKIP","floor":40},{"not_picked":["hexamod:CatchUp"],"picked":"SKIP","floor":42},{"not_picked":[],"picked":"hexamod:CatchUp","floor":42},{"not_picked":["hexamod:BacktrackSmack+1"],"picked":"SKIP","floor":43},{"not_picked":["hexamod:EtherealExpedition"],"picked":"SKIP","floor":44},{"not_picked":["hexamod:HauntingEcho"],"picked":"SKIP","floor":45},{"not_picked":["hexamod:ThermalTransfer"],"picked":"SKIP","floor":47},{"not_picked":["hexamod:FourthSeal"],"picked":"SKIP","floor":48},{"not_picked":["hexamod:SwordOfDarkness"],"picked":"SKIP","floor":49}],"player_experience":613526,"relics_obtained":[{"floor":3,"key":"Smiling Mask"},{"floor":7,"key":"Mummified Hand"},{"floor":10,"key":"White Beast Statue"},{"floor":20,"key":"Shuriken"},{"floor":20,"key":"Peace Pipe"},{"floor":21,"key":"Bird Faced Urn"},{"floor":24,"key":"MawBank"},{"floor":26,"key":"Thread and Needle"},{"floor":27,"key":"Bottled Lightning"},{"floor":40,"key":"HornCleat"},{"floor":41,"key":"Vajra"},{"floor":42,"key":"Omamori"},{"floor":44,"key":"Calipers"}],"event_choices":[],"is_beta":false,"boss_relics":[{"not_picked":["Philosopher\u0027s Stone","Astrolabe"],"picked":"Coffee Dripper"},{"not_picked":["Runic Dome","Tiny House"],"picked":"Busted Crown"}],"items_purged_floors":[],"is_endless":false,"potions_floor_spawned":[9,11,12,13,15,16,19,20,21,22,25,27,29,31,32,33,36,37,39,40,42,43,44,45,47,48,49],"ascension_level":0}}