{"host":"id1lehtnb7dzklac","time":1607954590,"event":{"mods":["AchievementEnabler","BaseMod","Block Reminder","Colored Map","Highlight Path","Minty Spire (QoL Compilation)","Permanent Neow","Random Character Button","StSLib","The Construct","slay the spire mod where everything is the same but ironclad has a cowboy hat"],"gold_per_floor":[116,130,143,143,154,154,154,154,154,183,203,232,232,264,264,369,369,382,382,582,592,604,604,637,650,650,683,701,701,718,738,738,843,843,843],"floor_reached":34,"playtime":2485,"items_purged":[],"score":460,"play_id":"4a2189e8-bb9f-4258-bfcc-c4095af6b7ad","local_time":"20201214220310","is_ascension_mode":true,"campfire_choices":[{"data":"construct:Chainstrike","floor":6,"key":"SMITH"},{"data":"construct:PowerUp","floor":8,"key":"SMITH"},{"data":"construct:PowerUp+1","floor":15,"key":"SMITH"},{"data":"construct:ClockworkEgg","floor":23,"key":"SMITH"},{"data":"construct:ClockworkEgg+1","floor":32,"key":"SMITH"}],"circlet_count":0,"master_deck":["construct:Strike_Gold+1","construct:Strike_Gold+1","construct:Strike_Gold+2","construct:Strike_Gold+1","construct:Defend_Gold+1","construct:Defend_Gold+1","construct:Defend_Gold+1","construct:Defend_Gold+1","construct:Defend_Gold+1","construct:AttackMode","construct:DefenseMode","construct:Forcefield","construct:Electrocute","construct:PowerUp+2","construct:Chainstrike+2","construct:PointDefense","construct:ReactiveShield","construct:ClockworkEgg+2","construct:MetalShell+1","construct:FlameCore","construct:PointDefense+1","construct:Autoturret+1","construct:FlameCore+2","construct:FlameCore+2","construct:FlameCore+2"],"relics":["construct:ClockworkPhoenix","Prayer Wheel","Happy Flower","White Beast Statue","Bag of Preparation","Frozen Egg 2","Coffee Dripper","Gambling Chip","Vajra","Whetstone","construct:WeddingRing"],"acts_visited":["Exordium","TheCity","TheBeyond"],"potions_floor_usage":[12,12,22],"damage_taken":[{"damage":0,"enemies":"Small Slimes","floor":1,"turns":7},{"damage":1,"enemies":"Jaw Worm","floor":2,"turns":7},{"damage":0,"enemies":"Cultist","floor":3,"turns":3},{"damage":8,"enemies":"2 Fungi Beasts","floor":5,"turns":4},{"damage":19,"enemies":"3 Sentries","floor":10,"turns":8},{"damage":0,"enemies":"Looter","floor":11,"turns":4},{"damage":8,"enemies":"Lagavulin","floor":12,"turns":5},{"damage":21,"enemies":"3 Sentries","floor":14,"turns":8},{"damage":8,"enemies":"The Guardian","floor":16,"turns":14},{"damage":0,"enemies":"Shell Parasite","floor":18,"turns":9},{"damage":0,"enemies":"Spheric Guardian","floor":21,"turns":3},{"damage":4,"enemies":"Shelled Parasite and Fungi","floor":22,"turns":6},{"damage":12,"enemies":"Gremlin Leader","floor":24,"turns":10},{"damage":10,"enemies":"3 Cultists","floor":25,"turns":6},{"damage":2,"enemies":"Book of Stabbing","floor":27,"turns":8},{"damage":13,"enemies":"Cultist and Chosen","floor":28,"turns":10},{"damage":19,"enemies":"Shelled Parasite and Fungi","floor":30,"turns":5},{"damage":0,"enemies":"Centurion and Healer","floor":31,"turns":5},{"damage":24,"enemies":"Automaton","floor":33,"turns":9}],"seed_played":"2175524896988256749","potions_obtained":[{"floor":3,"key":"Swift Potion"},{"floor":5,"key":"LiquidMemories"},{"floor":11,"key":"Dexterity Potion"},{"floor":12,"key":"Swift Potion"},{"floor":14,"key":"Strength Potion"},{"floor":16,"key":"construct:ShiftPotion"},{"floor":24,"key":"SteroidPotion"},{"floor":28,"key":"PowerPotion"}],"is_trial":false,"path_per_floor":["M","M","M","?","M","R","?","R","T","E","M","E","?","E","R","B",null,"M","?","?","M","M","R","E","M","T","E","M","?","M","M","R","B",null],"character_chosen":"THE_CONSTRUCT_MOD","items_purchased":[],"campfire_rested":0,"item_purchase_floors":[],"current_hp_per_floor":[61,60,60,60,52,52,52,52,52,33,33,25,53,32,32,24,85,85,85,85,85,81,81,69,59,59,57,44,49,30,30,30,6,85,85],"gold":843,"neow_bonus":"ONE_RARE_RELIC","is_daily":false,"chose_seed":false,"campfire_upgraded":5,"win_rate":0.0,"timestamp":1607954590,"path_taken":["M","M","M","?","M","R","?","R","T","E","?","E","?","E","R","BOSS","M","?","?","M","M","R","E","M","T","E","?","?","?","M","R","BOSS"],"items_purchased_type":[],"build_version":"2020-12-13","purchased_purges":0,"victory":false,"max_hp_per_floor":[85,85,85,85,85,85,85,85,85,85,85,85,85,85,85,85,85,85,85,85,85,85,85,85,85,85,85,85,85,85,85,85,85,85,85],"card_choices":[{"not_picked":["construct:VentSteam","construct:PointDefense"],"picked":"construct:Forcefield","floor":1},{"not_picked":["construct:Synchronize","construct:FlakBarrage"],"picked":"construct:Electrocute","floor":1},{"not_picked":["construct:HardReboot","construct:Antimatter","construct:SaveState"],"picked":"SKIP","floor":2},{"not_picked":["construct:CripplingShot","construct:ClusterMines","construct:ShiftGuard"],"picked":"SKIP","floor":2},{"not_picked":["construct:Failsafe","construct:ModeShift"],"picked":"construct:PowerUp","floor":3},{"not_picked":["construct:FocusedBeam","construct:Impenetrable","construct:VentSteam"],"picked":"SKIP","floor":3},{"not_picked":["construct:ClusterMines","construct:Analyze"],"picked":"construct:Chainstrike","floor":5},{"not_picked":["construct:VentSteam","construct:SuppressiveFire","construct:FocusedBeam"],"picked":"SKIP","floor":5},{"not_picked":["construct:PanicFire","construct:ScrapCannon","construct:Failsafe"],"picked":"SKIP","floor":10},{"not_picked":["construct:ShiftGuard","construct:ScopeCore"],"picked":"construct:PointDefense","floor":11},{"not_picked":["construct:Hazardproof","construct:Reinforce","construct:SaveState"],"picked":"SKIP","floor":11},{"not_picked":["construct:FocusedBeam","construct:HeavyBolt"],"picked":"construct:ReactiveShield","floor":12},{"not_picked":["construct:OmegaCannon","construct:ClusterMines","construct:OneWayMirror"],"picked":"SKIP","floor":14},{"not_picked":["construct:Bunker+1","construct:MemoryTap"],"picked":"construct:ClockworkEgg","floor":16},{"not_picked":["construct:Versatility","construct:HeavyBolt","construct:SaveState"],"picked":"SKIP","floor":18},{"not_picked":["construct:Backfire","construct:Autoturret+1","construct:ModeShift+1"],"picked":"SKIP","floor":18},{"not_picked":["construct:Enhance+1","construct:ShiftStrike"],"picked":"construct:MetalShell+1","floor":21},{"not_picked":["construct:Missile","construct:Anticipate","construct:Construct_Overclock+1"],"picked":"SKIP","floor":21},{"not_picked":["construct:PowerUp+1","construct:Enhance+1"],"picked":"construct:FlameCore","floor":22},{"not_picked":["construct:Impenetrable","construct:OneWayMirror+1","construct:Versatility+1"],"picked":"SKIP","floor":22},{"not_picked":["construct:Forcefield","construct:OneWayMirror+1","construct:Versatility+1"],"picked":"SKIP","floor":24},{"not_picked":["construct:Backfire","construct:Anticipate","construct:Versatility"],"picked":"SKIP","floor":25},{"not_picked":["construct:Accumulate","construct:ShiftGuard","construct:Overcharge+1"],"picked":"SKIP","floor":25},{"not_picked":["construct:HyperBeam","construct:HeavyBolt","construct:Tumble"],"picked":"SKIP","floor":27},{"not_picked":["construct:HyperBeam","construct:HeavyBolt","construct:Tumble"],"picked":"SKIP","floor":27},{"not_picked":["construct:HyperBeam","construct:HeavyBolt","construct:Tumble"],"picked":"SKIP","floor":27},{"not_picked":["construct:Disrupt","construct:Hazardproof+1","construct:ShiftStrike"],"picked":"SKIP","floor":28},{"not_picked":["construct:Construct_Overclock+1","construct:BatteryAcid","construct:ScrapCannon+1"],"picked":"SKIP","floor":28},{"not_picked":["construct:Disrupt","construct:Hazardproof+1","construct:ShiftStrike"],"picked":"SKIP","floor":28},{"not_picked":["construct:Construct_Overclock+1","construct:BatteryAcid","construct:ScrapCannon+1"],"picked":"SKIP","floor":28},{"not_picked":["construct:Synchronize+1","construct:Anticipate"],"picked":"construct:PointDefense+1","floor":30},{"not_picked":["construct:Electrocute+1","construct:VentSteam+1","construct:ModeShift+1"],"picked":"SKIP","floor":30},{"not_picked":["construct:SyphonStrike","construct:Backfire+1"],"picked":"construct:Autoturret+1","floor":31},{"not_picked":["construct:ModeShift","construct:HastyRepair","construct:Antimatter"],"picked":"SKIP","floor":31}],"player_experience":229607,"relics_obtained":[{"floor":9,"key":"Happy Flower"},{"floor":10,"key":"White Beast Statue"},{"floor":12,"key":"Bag of Preparation"},{"floor":14,"key":"Frozen Egg 2"},{"floor":24,"key":"Gambling Chip"},{"floor":26,"key":"Vajra"},{"floor":27,"key":"Whetstone"}],"event_choices":[{"damage_healed":0,"gold_gain":0,"cards_transformed":["construct:Strike_Gold"],"player_choice":"Change","damage_taken":0,"max_hp_gain":0,"max_hp_loss":0,"event_name":"Living Wall","floor":4,"gold_loss":0,"cards_obtained":["construct:OmegaCannon"]},{"damage_healed":0,"gold_gain":0,"cards_transformed":["construct:OmegaCannon"],"player_choice":"Transformed","damage_taken":0,"max_hp_gain":0,"max_hp_loss":0,"event_name":"Transmorgrifier","floor":7,"gold_loss":0,"cards_obtained":["construct:Versatility"]},{"damage_healed":28,"gold_gain":0,"player_choice":"Banana","damage_taken":0,"max_hp_gain":0,"max_hp_loss":0,"event_name":"Big Fish","floor":13,"gold_loss":0},{"damage_healed":0,"gold_gain":0,"player_choice":"Simplicity","damage_taken":0,"max_hp_gain":0,"max_hp_loss":0,"event_name":"Back to Basics","floor":19,"gold_loss":0,"cards_upgraded":["construct:Strike_Gold","construct:Strike_Gold","construct:Strike_Gold","construct:Strike_Gold","construct:Defend_Gold","construct:Defend_Gold","construct:Defend_Gold","construct:Defend_Gold","construct:Defend_Gold"]},{"damage_healed":0,"gold_gain":0,"player_choice":"Bet on Murderer","damage_taken":0,"max_hp_gain":0,"max_hp_loss":0,"event_name":"The Joust","floor":20,"gold_loss":50},{"cards_removed":["construct:Versatility"],"damage_healed":5,"gold_gain":0,"player_choice":"Offered Common","damage_taken":0,"max_hp_gain":0,"max_hp_loss":0,"event_name":"Bonfire Elementals","floor":29,"gold_loss":0},{"cards_removed":["construct:Versatility"],"damage_healed":5,"gold_gain":0,"player_choice":"Offered Special","damage_taken":0,"max_hp_gain":0,"max_hp_loss":0,"event_name":"Bonfire Elementals","floor":29,"gold_loss":0}],"is_beta":false,"boss_relics":[{"not_picked":["Cursed Key","SlaversCollar"],"picked":"Coffee Dripper"},{"not_picked":["Runic Pyramid","Astrolabe"],"picked":"construct:WeddingRing"}],"items_purged_floors":[],"is_endless":false,"potions_floor_spawned":[3,5,11,12,14,16,18,21,22,24,25,27,28,30,31,33],"ascension_level":1}}