{"host":"fflyk188z5ncxlup","time":1607927712,"event":{"mods":["AchievementEnabler","BaseMod","Bestiary","Better Third Choice","Block Reminder","Colored Map","Colored Powertips","DeckTracker","Googly Eyes","Minty Spire (QoL Compilation)","StSLib","SuperFastMode"],"gold_per_floor":[111,111,111,111,126,126,152,152,175,175,209,209,225,257,157,157,157,157],"floor_reached":17,"playtime":317,"items_purged":[],"score":256,"play_id":"02ed7f75-bf0b-4be9-a6c9-dbcc151a7525","local_time":"20201214153512","is_ascension_mode":true,"campfire_choices":[{"data":"Eruption","floor":6.0,"key":"SMITH"},{"data":"Adaptation","floor":8.0,"key":"SMITH"},{"floor":12.0,"key":"REST"},{"floor":16.0,"key":"REST"}],"circlet_count":0,"master_deck":["AscendersBane","Strike_P","Strike_P","Strike_P","Strike_P","Defend_P","Defend_P","Defend_P","Defend_P","Eruption+1","Vigilance","Halt","Adaptation+1","Wish","TalkToTheHand","Crescendo","ClearTheMind"],"relics":["PureWater","NeowsBlessing","Juzu Bracelet","Darkstone Periapt","Dream Catcher","Eternal Feather","Regal Pillow","Akabeko"],"acts_visited":["Exordium"],"potions_floor_usage":[],"damage_taken":[{"damage":0.0,"enemies":"Jaw Worm","floor":1.0,"turns":1.0},{"damage":0.0,"enemies":"2 Louse","floor":5.0,"turns":2.0},{"damage":0.0,"enemies":"Lagavulin","floor":7.0,"turns":1.0},{"damage":29.0,"enemies":"Gremlin Nob","floor":11.0,"turns":5.0},{"damage":10.0,"enemies":"Cultist","floor":13.0,"turns":4.0},{"damage":31.0,"enemies":"Lagavulin","floor":14.0,"turns":7.0},{"damage":73,"enemies":"Hexaghost","floor":17,"turns":9}],"seed_played":"2093130693904271674","potions_obtained":[{"floor":11.0,"key":"FearPotion"},{"floor":13.0,"key":"PowerPotion"}],"is_trial":false,"path_per_floor":["M","?","?","$","M","R","E","R","T","T","E","R","M","E","$","R","B"],"character_chosen":"WATCHER","items_purchased":["TalkToTheHand","Crescendo"],"campfire_rested":2,"item_purchase_floors":[15,15],"current_hp_per_floor":[61,56,56,56,56,56,56,56,56,56,27,68,58,27,27,68,0,0],"gold":157,"neow_bonus":"THREE_ENEMY_KILL","is_daily":false,"chose_seed":false,"campfire_upgraded":2,"win_rate":0.0,"timestamp":1607927712,"path_taken":["M","?","?","$","M","R","E","R","T","T","E","R","M","E","$","R","BOSS"],"items_purchased_type":["Card","Card"],"build_version":"2020-12-13","purchased_purges":0,"victory":false,"max_hp_per_floor":[68,68,68,68,68,68,68,68,68,68,68,68,68,68,68,68,68,68],"card_choices":[{"not_picked":["Nirvana","CarveReality"],"picked":"Halt","floor":1.0},{"not_picked":["Protect","ReachHeaven"],"picked":"Adaptation","floor":5.0},{"not_picked":["CrushJoints","Weave"],"picked":"Wish","floor":7.0},{"not_picked":["WindmillStrike","Nirvana","WaveOfTheHand"],"picked":"SKIP","floor":11.0},{"not_picked":["Pray","Sanctity","Prostrate"],"picked":"SKIP","floor":13.0},{"not_picked":["Alpha","EmptyMind","CrushJoints"],"picked":"SKIP","floor":14.0},{"not_picked":["EmptyBody","BowlingBash"],"picked":"ClearTheMind","floor":16.0}],"player_experience":363144,"relics_obtained":[{"floor":7.0,"key":"Darkstone Periapt"},{"floor":9.0,"key":"Dream Catcher"},{"floor":10.0,"key":"Eternal Feather"},{"floor":11.0,"key":"Regal Pillow"},{"floor":14.0,"key":"Akabeko"}],"event_choices":[{"damage_healed":0.0,"max_hp_gain":0.0,"max_hp_loss":0.0,"gold_gain":0.0,"event_name":"betterThird:BetterScrap","player_choice":"Relic ","floor":2.0,"gold_loss":0.0,"damage_taken":5.0,"cards_obtained":["Storm"]},{"damage_healed":0.0,"max_hp_gain":0.0,"max_hp_loss":0.0,"gold_gain":0.0,"event_name":"Golden Wing","player_choice":"Ignored","floor":3.0,"gold_loss":0.0,"damage_taken":0.0}],"is_beta":false,"boss_relics":[],"items_purged_floors":[],"is_endless":false,"potions_floor_spawned":[11,13],"killed_by":"Hexaghost","ascension_level":15}}