{"host":"ks12kfi5c4d9hdxy","time":1607982021,"event":{"mods":["BaseMod","Conspire","GifTheSpireLib","Koishi","LagranYue(拉格朗・月)","Marisa（F雨　魔理沙）","Minty Spire (QoL Compilation)","Reimu（博丽灵梦）","Remilia（蕾米莉亚）","Replay The Spire","RumiaBox-露米娅的神秘盒子","StSLib","SuperFastMode","The Administrix","The Servant 0.9.4","Youmu（魂魄妖梦）","Yuyuko","【功能Mod】混沌之环修复补丁","【功能Mod】聪明的最终Boss","篝火指南"],"gold_per_floor":[116,116,116,130,130,42,85,85,85,85,126,126,166,166,166,256,256,276,276,297,68,84,117,117,117,117],"floor_reached":25,"playtime":601,"items_purged":["Defend_MRS"],"score":447,"play_id":"8dbbab83-0352-4257-8de9-16549c4ad5f9","local_time":"20201215054021","is_ascension_mode":true,"campfire_choices":[{"data":"DeepEcoloBomb","floor":10.0,"key":"SMITH"},{"data":"MilkyWay","floor":12.0,"key":"SMITH"},{"data":"FinalSpark","floor":24.0,"key":"SMITH"}],"circlet_count":0,"master_deck":["AscendersBane","Strike_MRS","Strike_MRS+1","Strike_MRS","Strike_MRS","Defend_MRS","Defend_MRS","Defend_MRS+1","MasterSpark","UpSweep+1","DoubleSpark","MilkyWay+1","DeepEcoloBomb+1","MaximisePower+1","DoubleSpark","ManaConvection","FinalSpark+1","PowerUp","SuperPerseids+1"],"relics":["MiniHakkero","LagranYue:RandomDrawCardRelic","Coffee Dripper","Golden Idol","SecretRecord","War Paint","Replay:Accelerometer","Shuriken","Runic Pyramid","MutagenicStrength","Replay:Bottled Steam"],"acts_visited":["Exordium","TheCity"],"potions_floor_usage":[],"damage_taken":[{"damage":9.0,"enemies":"Jaw Worm","floor":1.0,"turns":4.0},{"damage":7.0,"enemies":"Small Slimes","floor":4.0,"turns":3.0},{"damage":16.0,"enemies":"Lagavulin","floor":7.0,"turns":6.0},{"damage":24.0,"enemies":"Gremlin Nob","floor":11.0,"turns":4.0},{"damage":2.0,"enemies":"3 Sentries","floor":13.0,"turns":4.0},{"damage":1.0,"enemies":"The Guardian","floor":16.0,"turns":10.0},{"damage":4.0,"enemies":"Chosen","floor":18.0,"turns":3.0},{"damage":12.0,"enemies":"3 Byrds","floor":20.0,"turns":5.0},{"damage":0.0,"enemies":"Snecko","floor":22.0,"turns":2.0},{"damage":28.0,"enemies":"Slavers","floor":23.0,"turns":3.0},{"damage":16,"enemies":"Snake Plant","floor":25,"turns":1}],"seed_played":"4324224910204422785","potions_obtained":[{"floor":1.0,"key":"Regen Potion"},{"floor":7.0,"key":"SkillPotion"},{"floor":13.0,"key":"Energy Potion"},{"floor":18.0,"key":"SteroidPotion"}],"is_trial":false,"path_per_floor":["M","?","?","M","?","$","E","?","T","R","E","R","E","?","R","B",null,"M","?","M","$","M","E","R","M"],"character_chosen":"MARISA","items_purchased":["DeepEcoloBomb","FinalSpark"],"campfire_rested":0,"item_purchase_floors":[6,21],"current_hp_per_floor":[54,54,54,47,47,47,31,31,31,31,7,7,17,17,38,37,57,53,53,41,41,41,13,13,0,0],"gold":117,"neow_bonus":"CURSED_BOSS_RELIC","is_daily":false,"chose_seed":false,"campfire_upgraded":3,"win_rate":0.0,"timestamp":1607982021,"path_taken":["M","?","?","?","?","$","E","?","T","R","E","R","E","?","R","BOSS","M","?","M","$","M","E","R","M"],"items_purchased_type":["Card","Card"],"build_version":"2020-12-13","purchased_purges":1,"victory":false,"max_hp_per_floor":[70,70,70,70,63,63,63,63,63,63,63,63,63,63,63,63,63,63,63,63,63,63,63,63,63,63],"card_choices":[{"not_picked":["AsteroidBelt","Acceleration"],"picked":"DoubleSpark","floor":1.0},{"not_picked":["ChargingUp","StarlightTyphoon"],"picked":"MilkyWay","floor":4.0},{"not_picked":["PropBag","Robbery"],"picked":"MaximisePower","floor":7.0},{"not_picked":["DarkMatter","DoubleSpark","Occultation"],"picked":"SKIP","floor":11.0},{"not_picked":["DarkMatter","Occultation"],"picked":"DoubleSpark","floor":11.0},{"not_picked":["OortCloud","StarBarrage","AsteroidBelt"],"picked":"SKIP","floor":13.0},{"not_picked":["Occultation","ShootingEcho"],"picked":"ManaConvection","floor":18.0},{"not_picked":["AsteroidBelt+1","ChargingUp","IllusionStar"],"picked":"SKIP","floor":20.0},{"not_picked":["GalacticHalo","IllusionStar"],"picked":"PowerUp","floor":22.0},{"not_picked":["SuperPerseids+1","AsteroidBelt","Acceleration"],"picked":"SKIP","floor":23.0},{"not_picked":["AsteroidBelt","Acceleration"],"picked":"SuperPerseids+1","floor":23.0}],"player_experience":492835,"relics_obtained":[{"floor":7.0,"key":"SecretRecord"},{"floor":9.0,"key":"War Paint"},{"floor":11.0,"key":"Replay:Accelerometer"},{"floor":13.0,"key":"Shuriken"},{"floor":23.0,"key":"Replay:Bottled Steam"}],"event_choices":[{"damage_healed":0.0,"max_hp_gain":0.0,"max_hp_loss":0.0,"gold_gain":0.0,"event_name":"Living Wall","player_choice":"Grow","floor":2.0,"gold_loss":0.0,"damage_taken":0.0,"cards_upgraded":["UpSweep"]},{"cards_removed":["Looming Evil"],"damage_healed":0.0,"max_hp_gain":0.0,"max_hp_loss":0.0,"gold_gain":0.0,"event_name":"Fountain of Cleansing","player_choice":"Removed Curses","floor":3.0,"gold_loss":0.0,"damage_taken":0.0},{"damage_healed":0.0,"max_hp_gain":0.0,"max_hp_loss":7.0,"gold_gain":0.0,"event_name":"Golden Idol","player_choice":"Lose Max HP","floor":5.0,"gold_loss":0.0,"damage_taken":0.0,"relics_obtained":["Golden Idol"]},{"damage_healed":0.0,"max_hp_gain":0.0,"max_hp_loss":0.0,"gold_gain":0.0,"event_name":"Liars Game","player_choice":"Ignored","floor":8.0,"gold_loss":0.0,"damage_taken":0.0},{"damage_healed":21.0,"max_hp_gain":0.0,"max_hp_loss":0.0,"gold_gain":0.0,"event_name":"Big Fish","player_choice":"Banana","floor":15.0,"gold_loss":0.0,"damage_taken":0.0},{"damage_healed":0.0,"max_hp_gain":0.0,"max_hp_loss":0.0,"gold_gain":0.0,"event_name":"Drug Dealer","player_choice":"Inject Mutagens","floor":19.0,"gold_loss":0.0,"damage_taken":0.0,"relics_obtained":["MutagenicStrength"]}],"is_beta":false,"boss_relics":[{"not_picked":["Empty Cage","Cursed Key"],"picked":"Runic Pyramid"}],"items_purged_floors":[21],"is_endless":false,"potions_floor_spawned":[1,7,13,18],"killed_by":"Snake Plant","ascension_level":18}}