{"host":"ks12kfi5c4d9hdxy","time":1607960831,"event":{"mods":["BaseMod","Conspire","GifTheSpireLib","HololiveMod","Koishi","LagranYue(拉格朗・月)","Marisa（F雨　魔理沙）","Minty Spire (QoL Compilation)","Reimu（博丽灵梦）","Remilia（蕾米莉亚）","Replay The Spire","RumiaBox-露米娅的神秘盒子","StSLib","SuperFastMode","The Administrix","The Servant 0.9.4","Youmu（魂魄妖梦）","Yuyuko","【功能Mod】混沌之环修复补丁","【功能Mod】聪明的最终Boss","篝火指南"],"gold_per_floor":[119,60,135,135,135,160,160,188,188,188,218,245,258,287,287,363,363,380,380,41,60,72,105,66,66,66,78,78,78,103,120,120,120,120],"floor_reached":33,"playtime":3219,"items_purged":[],"score":673,"play_id":"74486df3-e1b5-421f-9600-f6073e5285d5","local_time":"20201214234711","is_ascension_mode":true,"campfire_choices":[{"data":"UpSweep","floor":7.0,"key":"SMITH"},{"data":"MasterSpark","floor":10.0,"key":"SMITH"},{"data":"Singularity","floor":15.0,"key":"SMITH"},{"floor":25.0,"key":"DIG"},{"floor":29.0,"key":"DIG"},{"floor":32.0,"key":"DIG"}],"circlet_count":0,"master_deck":["AscendersBane","Strike_MRS","Strike_MRS","Strike_MRS","Strike_MRS+1","Defend_MRS","Defend_MRS","Defend_MRS","Defend_MRS","MasterSpark+1","UpSweep+1","PowerUp","Singularity+1","UltimateShortwave","Singularity","MeteoricShower","Shame","SuperPerseids","PowerUp"],"relics":["MiniHakkero","LagranYue:RandomDrawCardRelic","NeowsBlessing","Orichalcum","RuthlessExorcism:ReiMu","Eternal Feather","conspire:TopHat","GodSword1","ExperimentalFamiliar","Shovel","MagicBroom","SSSystem","AntiCross","GodSword4","Iron Hammer","Mastiff:ReiMu","Meat on the Bone"],"acts_visited":["Exordium","TheCity"],"potions_floor_usage":[33,33],"damage_taken":[{"damage":0.0,"enemies":"Small Slimes","floor":1.0,"turns":1.0},{"damage":0.0,"enemies":"Gremlin Nob","floor":6.0,"turns":1.0},{"damage":0.0,"enemies":"Lagavulin","floor":8.0,"turns":1.0},{"damage":0.0,"enemies":"2 Louse","floor":13.0,"turns":1.0},{"damage":16.0,"enemies":"Gremlin Nob","floor":14.0,"turns":4.0},{"damage":48.0,"enemies":"Hexaghost","floor":16.0,"turns":8.0},{"damage":5.0,"enemies":"Spheric Guardian","floor":18.0,"turns":3.0},{"damage":0.0,"enemies":"Chosen","floor":21.0,"turns":4.0},{"damage":8.0,"enemies":"3 Cultists","floor":22.0,"turns":3.0},{"damage":18.0,"enemies":"Slavers","floor":23.0,"turns":3.0},{"damage":0.0,"enemies":"Snecko","floor":27.0,"turns":2.0},{"damage":8.0,"enemies":"Book of Stabbing","floor":30.0,"turns":2.0},{"damage":8.0,"enemies":"Snake Plant","floor":31.0,"turns":2.0},{"damage":78,"enemies":"Automaton","floor":33,"turns":6}],"seed_played":"2398247505624374103","potions_obtained":[{"floor":8.0,"key":"Weak Potion"},{"floor":14.0,"key":"Swift Potion"},{"floor":18.0,"key":"BlessingOfTheForge"},{"floor":27.0,"key":"Energy Potion"},{"floor":30.0,"key":"Venom Potion"}],"is_trial":false,"path_per_floor":["M","$","?","?","?","E","R","E","T","R","?","T","M","E","R","B",null,"M","?","$","M","M","E","$","R","T","M","?","R","E","M","R","B"],"character_chosen":"MARISA","items_purchased":["PowerUp","Shovel","Singularity"],"campfire_rested":0,"item_purchase_floors":[2,20,24],"current_hp_per_floor":[63,63,52,52,70,70,70,70,70,70,70,70,70,54,60,12,56,51,51,51,51,43,25,25,34,34,34,34,43,35,27,36,0,0],"gold":120,"neow_bonus":"THREE_ENEMY_KILL","is_daily":false,"chose_seed":false,"campfire_upgraded":3,"win_rate":0.0,"timestamp":1607960831,"path_taken":["M","$","?","?","?","E","R","E","T","R","?","?","M","E","R","BOSS","M","?","$","M","M","E","$","R","T","M","?","R","E","M","R","BOSS"],"items_purchased_type":["Card","Relic","Card"],"build_version":"2020-12-13","purchased_purges":0,"victory":false,"max_hp_per_floor":[70,70,70,70,70,70,70,70,70,70,70,70,70,70,70,70,70,70,70,70,70,70,70,70,70,70,70,70,70,70,70,70,70,70],"card_choices":[{"not_picked":["NonDirectionalLaser","PulseMagic","LuminesStrike"],"picked":"SKIP","floor":1.0},{"not_picked":["DragonMeteor","RefractionSpark","Orbital"],"picked":"SKIP","floor":6.0},{"not_picked":["GrandCross","ManaRampage","Occultation"],"picked":"SKIP","floor":8.0},{"not_picked":["GrandCross","WitchLeyline"],"picked":"Singularity","floor":13.0},{"not_picked":["GravityBeat","NonDirectionalLaser","6A"],"picked":"SKIP","floor":14.0},{"not_picked":["MaximisePower","BinaryStars"],"picked":"UltimateShortwave","floor":16.0},{"not_picked":["WitchOfGreed","DoubleSpark+1","Acceleration"],"picked":"SKIP","floor":18.0},{"not_picked":["ShootTheMoon","ShootingEcho","SporeBomb"],"picked":"SKIP","floor":21.0},{"not_picked":["WitchOfGreed","MysteriousBeam","SprinkleStarSeal"],"picked":"SKIP","floor":22.0},{"not_picked":["Robbery","BigCrunch","GravityBeat"],"picked":"SKIP","floor":23.0},{"not_picked":["StarlightTyphoon","WitchLeyline"],"picked":"MeteoricShower","floor":27.0},{"not_picked":["ChargeUpSpray","MysteriousBeam"],"picked":"SuperPerseids","floor":30.0},{"not_picked":["GravityBeat+1","AsteroidBelt"],"picked":"PowerUp","floor":31.0}],"player_experience":473848,"relics_obtained":[{"floor":6.0,"key":"Orichalcum"},{"floor":8.0,"key":"RuthlessExorcism:ReiMu"},{"floor":9.0,"key":"Eternal Feather"},{"floor":12.0,"key":"conspire:TopHat"},{"floor":14.0,"key":"GodSword1"},{"floor":23.0,"key":"MagicBroom"},{"floor":25.0,"key":"SSSystem"},{"floor":26.0,"key":"AntiCross"},{"floor":29.0,"key":"Iron Hammer"},{"floor":30.0,"key":"Mastiff:ReiMu"},{"floor":32.0,"key":"Meat on the Bone"}],"event_choices":[{"damage_healed":0.0,"max_hp_gain":0.0,"max_hp_loss":0.0,"gold_gain":75.0,"event_name":"World of Goop","player_choice":"Gather Gold","floor":3.0,"gold_loss":0.0,"damage_taken":11.0},{"damage_healed":23.0,"max_hp_gain":0.0,"max_hp_loss":0.0,"gold_gain":0.0,"event_name":"Big Fish","player_choice":"Banana","floor":5.0,"gold_loss":0.0,"damage_taken":0.0},{"damage_healed":0.0,"max_hp_gain":0.0,"max_hp_loss":0.0,"gold_gain":30.0,"event_name":"Dead Adventurer","player_choice":"Searched \u00271\u0027 times","floor":11.0,"gold_loss":0.0,"damage_taken":0.0},{"damage_healed":0.0,"max_hp_gain":0.0,"max_hp_loss":0.0,"gold_gain":0.0,"event_name":"Addict","player_choice":"Stole Relic","floor":28.0,"gold_loss":0.0,"damage_taken":0.0,"relics_obtained":["GodSword4"],"cards_obtained":["Shame"]}],"is_beta":false,"boss_relics":[{"not_picked":["Replay:Drink Me","Hololive_ChaosS"],"picked":"ExperimentalFamiliar"}],"items_purged_floors":[],"is_endless":false,"potions_floor_spawned":[8,14,18,27,30],"killed_by":"Automaton","ascension_level":16}}