{"host":"zr590xw2unlz0wv7","time":1607965622,"event":{"mods":["BaseMod","Minty Spire (QoL Compilation)","READ ME - Guardian Mod","StSLib"],"gold_per_floor":[113,133,40,215,1,36,36,50,50,50,50,68,68,395,395,495,495,523,537,500,509,535,570,570,595,595,341,375,402,437,461,461,461,461],"floor_reached":33,"playtime":1390,"items_purged":["Doubt"],"score":394,"play_id":"7d8b404f-3dd8-4f04-85f6-bd2f5457a139","local_time":"20201215010702","is_ascension_mode":true,"campfire_choices":[{"data":"Perfected Strike","floor":7.0,"key":"SMITH"},{"data":"Trip","floor":13.0,"key":"SMITH"},{"data":"Flex","floor":15.0,"key":"SMITH"},{"floor":32.0,"key":"REST"}],"circlet_count":0,"master_deck":["Strike_R","Strike_R","Strike_R","Strike_R","Strike_R","Defend_R","Defend_R","Defend_R","Bash","Perfected Strike+1","Seeing Red","Twin Strike","Bloodletting","Flex+1","Trip+1","Intimidate+1","Dual Wield+1","Pummel","Uppercut","Demon Form","CurseOfTheBell","Shrug It Off+1","Flex+1","Perfected Strike","Burning Pact+1","Pommel Strike","Pommel Strike+1","Feed+1","Battle Trance+1","Offering+1","Armaments+1"],"relics":["Burning Blood","Anchor","Prayer Wheel","Gambling Chip","Torii","Old Coin","Calling Bell","CeramicFish","Toxic Egg 2","Incense Burner","Turnip","Molten Egg 2","War Paint","Red Mask"],"acts_visited":["Exordium","TheCity"],"potions_floor_usage":[33],"damage_taken":[{"damage":6.0,"enemies":"Cultist","floor":1.0,"turns":3.0},{"damage":2.0,"enemies":"Small Slimes","floor":2.0,"turns":4.0},{"damage":18.0,"enemies":"Gremlin Nob","floor":6.0,"turns":3.0},{"damage":0.0,"enemies":"Jaw Worm","floor":8.0,"turns":2.0},{"damage":0.0,"enemies":"3 Louse","floor":12.0,"turns":3.0},{"damage":24.0,"enemies":"3 Sentries","floor":14.0,"turns":5.0},{"damage":18.0,"enemies":"Slime Boss","floor":16.0,"turns":5.0},{"damage":1.0,"enemies":"Chosen","floor":18.0,"turns":4.0},{"damage":6.0,"enemies":"2 Thieves","floor":19.0,"turns":4.0},{"damage":37.0,"enemies":"Chosen and Byrds","floor":22.0,"turns":6.0},{"damage":7.0,"enemies":"Slavers","floor":23.0,"turns":3.0},{"damage":24.0,"enemies":"Snake Plant","floor":25.0,"turns":4.0},{"damage":2.0,"enemies":"Gremlin Leader","floor":28.0,"turns":4.0},{"damage":31.0,"enemies":"Sentry and Sphere","floor":29.0,"turns":4.0},{"damage":1.0,"enemies":"Masked Bandits","floor":30.0,"turns":2.0},{"damage":6.0,"enemies":"Centurion and Healer","floor":31.0,"turns":2.0},{"damage":55,"enemies":"Collector","floor":33,"turns":6}],"seed_played":"-1170741148854430101","potions_obtained":[{"floor":6.0,"key":"ElixirPotion"},{"floor":8.0,"key":"DuplicationPotion"},{"floor":12.0,"key":"BlessingOfTheForge"},{"floor":18.0,"key":"Block Potion"},{"floor":22.0,"key":"Energy Potion"},{"floor":31.0,"key":"BlessingOfTheForge"}],"is_trial":false,"path_per_floor":["M","M","$","?","$","E","R","M","T","T","?","M","R","E","R","B",null,"M","M","$","?","M","E","?","M","T","$","E","M","?","M","R","B"],"character_chosen":"IRONCLAD","items_purchased":["Twin Strike","Bloodletting","Flex","Trip","Flex+1","Pommel Strike+1","Feed+1","DuplicationPotion","DuplicationPotion"],"campfire_rested":1,"item_purchase_floors":[3,3,5,5,20,27,27,27,27],"current_hp_per_floor":[80,80,80,80,80,68,68,74,74,74,74,80,80,62,62,50,73,78,78,78,78,47,46,46,28,28,28,36,15,20,24,51,0,0],"gold":461,"neow_bonus":"RANDOM_COMMON_RELIC","is_daily":false,"chose_seed":false,"campfire_upgraded":3,"win_rate":0.0,"timestamp":1607965622,"path_taken":["M","M","?","?","$","E","R","M","T","?","?","M","R","E","R","BOSS","M","M","$","?","M","E","?","M","T","$","E","M","?","M","R","BOSS"],"items_purchased_type":["Card","Card","Card","Card","Card","Card","Card","Potion","Potion"],"build_version":"2020-12-13","purchased_purges":1,"victory":false,"max_hp_per_floor":[80,80,80,80,80,80,80,80,80,80,80,80,80,80,80,80,80,80,80,80,80,80,80,80,80,80,80,84,88,88,92,92,92,92],"card_choices":[{"not_picked":["Wild Strike","Reckless Charge"],"picked":"Perfected Strike","floor":1.0},{"not_picked":["Anger","Warcry"],"picked":"Seeing Red","floor":2.0},{"not_picked":["Flex","Iron Wave"],"picked":"Intimidate","floor":6.0},{"not_picked":["Havoc","Infernal Blade"],"picked":"Dual Wield","floor":8.0},{"not_picked":["Clothesline","Flame Barrier","Iron Wave"],"picked":"SKIP","floor":8.0},{"not_picked":["Evolve","Clash","Iron Wave"],"picked":"SKIP","floor":12.0},{"not_picked":["Impervious","True Grit","Ghostly Armor"],"picked":"SKIP","floor":12.0},{"not_picked":["Clothesline","Clash"],"picked":"Uppercut","floor":14.0},{"not_picked":["Offering","Berserk"],"picked":"Demon Form","floor":16.0},{"not_picked":["Blood for Blood+1","Sword Boomerang"],"picked":"Shrug It Off+1","floor":18.0},{"not_picked":["Iron Wave","Body Slam+1","Hemokinesis+1"],"picked":"SKIP","floor":18.0},{"not_picked":["Power Through+1","Rampage","Headbutt"],"picked":"SKIP","floor":19.0},{"not_picked":["Body Slam","Iron Wave","Power Through+1"],"picked":"SKIP","floor":19.0},{"not_picked":["Thunderclap","Pummel"],"picked":"Burning Pact+1","floor":22.0},{"not_picked":["Dark Embrace","Sever Soul","Havoc+1"],"picked":"SKIP","floor":22.0},{"not_picked":["Combust","Shrug It Off+1","Clothesline"],"picked":"SKIP","floor":23.0},{"not_picked":["Rupture+1","Twin Strike"],"picked":"Pommel Strike","floor":25.0},{"not_picked":["Flex+1","Disarm+1","Anger+1"],"picked":"SKIP","floor":25.0},{"not_picked":["Rampage+1","Dark Embrace"],"picked":"Battle Trance+1","floor":28.0},{"not_picked":["Infernal Blade+1","Disarm+1"],"picked":"Offering+1","floor":29.0},{"not_picked":["Combust","Warcry+1","True Grit+1"],"picked":"SKIP","floor":29.0},{"not_picked":["Dark Embrace","Havoc+1"],"picked":"Armaments+1","floor":31.0},{"not_picked":["Entrench+1","Blood for Blood+1","Sword Boomerang+1"],"picked":"SKIP","floor":31.0}],"player_experience":473680,"relics_obtained":[{"floor":6.0,"key":"Prayer Wheel"},{"floor":9.0,"key":"Gambling Chip"},{"floor":10.0,"key":"Torii"},{"floor":14.0,"key":"Old Coin"},{"floor":17.0,"key":"CeramicFish"},{"floor":17.0,"key":"Toxic Egg 2"},{"floor":17.0,"key":"Incense Burner"},{"floor":23.0,"key":"Turnip"},{"floor":26.0,"key":"Molten Egg 2"},{"floor":28.0,"key":"War Paint"},{"floor":30.0,"key":"Red Mask"}],"event_choices":[{"damage_healed":0.0,"max_hp_gain":0.0,"max_hp_loss":0.0,"gold_gain":175.0,"event_name":"Liars Game","player_choice":"AGREE","floor":4.0,"gold_loss":0.0,"damage_taken":0.0,"cards_obtained":["Doubt"]},{"damage_healed":0.0,"max_hp_gain":0.0,"max_hp_loss":0.0,"gold_gain":0.0,"cards_transformed":["Defend_R"],"event_name":"Transmorgrifier","player_choice":"Transformed","floor":11.0,"gold_loss":0.0,"damage_taken":0.0,"cards_obtained":["Pummel"]},{"damage_healed":0.0,"max_hp_gain":0.0,"max_hp_loss":0.0,"gold_gain":0.0,"event_name":"The Library","player_choice":"Read","floor":21.0,"gold_loss":0.0,"damage_taken":0.0,"cards_obtained":["Perfected Strike"]},{"damage_healed":0.0,"max_hp_gain":0.0,"max_hp_loss":0.0,"gold_gain":0.0,"event_name":"Vampires","player_choice":"Ignored","floor":24.0,"gold_loss":0.0,"damage_taken":0.0},{"damage_healed":0.0,"max_hp_gain":0.0,"max_hp_loss":0.0,"gold_gain":0.0,"event_name":"Masked Bandits","player_choice":"Fought Bandits","floor":30.0,"gold_loss":0.0,"damage_taken":0.0}],"is_beta":false,"boss_relics":[{"not_picked":["Cursed Key","Mark of Pain"],"picked":"Calling Bell"}],"items_purged_floors":[5],"is_endless":false,"potions_floor_spawned":[6,8,12,18,22,31],"killed_by":"Collector","ascension_level":5}}