{"host":"pwhq7648p2dwl3jg","time":1607936932,"event":{"mods":["AchievementEnabler","BaseMod","Colored Map","Minty Spire (QoL Compilation)","Rare Cards Sparkle","SuperFastMode"],"gold_per_floor":[113,113,181,197,213,213,213,224,247,297,331,331,25,75,75,75,75],"floor_reached":16,"playtime":268,"items_purged":[],"score":130,"play_id":"d97cc342-e12f-4240-90ec-771975417145","local_time":"20201214180852","is_ascension_mode":true,"campfire_choices":[{"data":"Dualcast","floor":6,"key":"SMITH"},{"floor":12,"key":"REST"},{"floor":15,"key":"REST"}],"circlet_count":0,"master_deck":["Strike_B","Strike_B","Strike_B","Defend_B","Defend_B","Defend_B","Defend_B","Zap","Dualcast+1","Chill","Conserve Battery","Machine Learning"],"relics":["Cracked Core","SsserpentHead","MealTicket","Bag of Preparation","Juzu Bracelet","Toy Ornithopter"],"acts_visited":["Exordium"],"potions_floor_usage":[3,3,11,11,11],"damage_taken":[{"damage":1,"enemies":"2 Louse","floor":1,"turns":2},{"damage":1,"enemies":"Cultist","floor":3,"turns":3},{"damage":4,"enemies":"Jaw Worm","floor":4,"turns":4},{"damage":1,"enemies":"2 Fungi Beasts","floor":5,"turns":4},{"damage":6,"enemies":"Looter","floor":8,"turns":3},{"damage":58,"enemies":"Gremlin Nob","floor":11,"turns":6},{"damage":71,"enemies":"Hexaghost","floor":16,"turns":11}],"seed_played":"-4499985176235851932","potions_obtained":[{"floor":1,"key":"EntropicBrew"},{"floor":5,"key":"Regen Potion"}],"is_trial":false,"path_per_floor":["M","?","M","M","M","R","?","M","T","?","E","R","$","?","R","B"],"character_chosen":"DEFECT","items_purchased":["Machine Learning","Juzu Bracelet"],"campfire_rested":2,"item_purchase_floors":[13,13],"current_hp_per_floor":[74,74,73,69,68,68,68,62,62,62,18,42,57,45,69,0,0],"gold":75,"neow_bonus":"TEN_PERCENT_HP_BONUS","is_daily":false,"chose_seed":false,"campfire_upgraded":1,"win_rate":0.0,"timestamp":1607936932,"path_taken":["M","?","?","M","M","R","?","M","T","?","E","R","$","?","R","BOSS"],"items_purchased_type":["Card","Relic"],"build_version":"2020-12-13","purchased_purges":0,"victory":false,"max_hp_per_floor":[82,82,82,82,82,82,82,82,82,82,82,82,82,82,82,82,82],"card_choices":[{"not_picked":["Double Energy","Steam","Ball Lightning"],"picked":"SKIP","floor":1},{"not_picked":["Gash","Redo","Heatsinks"],"picked":"SKIP","floor":3},{"not_picked":["Leap","Rebound"],"picked":"Chill","floor":4},{"not_picked":["Recycle","Rebound","Steam Power"],"picked":"SKIP","floor":5},{"not_picked":["Cold Snap","Streamline"],"picked":"Conserve Battery","floor":8},{"not_picked":["Skim","Go for the Eyes","Storm"],"picked":"SKIP","floor":11}],"player_experience":205964,"relics_obtained":[{"floor":9,"key":"MealTicket"},{"floor":11,"key":"Bag of Preparation"}],"event_choices":[{"damage_healed":0,"gold_gain":0,"player_choice":"Trade","damage_taken":0,"relics_obtained":["SsserpentHead"],"max_hp_gain":0,"max_hp_loss":0,"event_name":"FaceTrader","floor":2,"gold_loss":0},{"cards_removed":["Strike_B"],"damage_healed":0,"gold_gain":0,"player_choice":"Card Removal","damage_taken":0,"max_hp_gain":0,"max_hp_loss":0,"event_name":"The Cleric","floor":7,"gold_loss":50},{"damage_healed":0,"gold_gain":0,"player_choice":"Ignored","damage_taken":0,"max_hp_gain":0,"max_hp_loss":0,"event_name":"Golden Wing","floor":10,"gold_loss":0},{"damage_healed":0,"gold_gain":0,"player_choice":"Success","damage_taken":12,"relics_obtained":["Toy Ornithopter"],"max_hp_gain":0,"max_hp_loss":0,"event_name":"Scrap Ooze","floor":14,"gold_loss":0}],"is_beta":false,"boss_relics":[],"items_purged_floors":[],"is_endless":false,"potions_floor_spawned":[1,5],"killed_by":"Hexaghost","ascension_level":6}}