{"host":"3jpwrwmmgyabjceh","time":1607969381,"event":{"mods":["BaseMod","Minty Spire (QoL Compilation)","StSLib"],"gold_per_floor":[119,129,140,151,170,200,300,311,336,362,376,376,390,409,409,506,506,521,163,262,13,23,23,52,52,52,52,65,77,94,127,127,223,223,243,243,243,4,24,24,35,35,35,35,48,48,48],"floor_reached":46,"playtime":2249,"items_purged":["Strike_B","Strike_B","Strike_B"],"score":539,"play_id":"ccb0bdf1-2dca-4fb7-b103-449dcad7638f","local_time":"20201214210941","is_ascension_mode":true,"campfire_choices":[{"floor":12,"key":"REST"},{"floor":15,"key":"REST"},{"data":"Defragment","floor":23,"key":"SMITH"},{"floor":25,"key":"REST"},{"data":"Rainbow","floor":27,"key":"SMITH"},{"floor":32,"key":"REST"},{"data":"Defragment","floor":40,"key":"SMITH"},{"floor":42,"key":"RECALL"},{"data":"Defragment","floor":44,"key":"SMITH"}],"circlet_count":0,"master_deck":["Strike_B","Defend_B","Defend_B","Defend_B","Defend_B","Zap+1","Dualcast","Blizzard","Ball Lightning","Conserve Battery","Leap+1","Redo","Ball Lightning","Cold Snap","Redo","Rainbow+1","Coolheaded","Defragment+1","Coolheaded","Blizzard","Cold Snap","Leap","Defragment+1","Cold Snap","Conserve Battery","Conserve Battery+1","Coolheaded","Electrodynamics","Force Field+1","Chrysalis","Madness","Madness","Defragment+1","Hologram","Cold Snap","Ball Lightning","Self Repair+1","Cold Snap+1"],"relics":["FrozenCore","Bag of Marbles","War Paint","Smiling Mask","SlaversCollar","Oddly Smooth Stone","Regal Pillow","Omamori","DataDisk","Ice Cream"],"acts_visited":["Exordium","TheCity","TheBeyond"],"potions_floor_usage":[4,24,28,31,33,35,41,45,46,46],"damage_taken":[{"damage":2,"enemies":"2 Louse","floor":1,"turns":2},{"damage":1,"enemies":"Cultist","floor":2,"turns":3},{"damage":3,"enemies":"Jaw Worm","floor":3,"turns":4},{"damage":11,"enemies":"Large Slime","floor":4,"turns":6},{"damage":16,"enemies":"Exordium Wildlife","floor":5,"turns":6},{"damage":14,"enemies":"3 Sentries","floor":6,"turns":9},{"damage":0,"enemies":"Exordium Thugs","floor":8,"turns":4},{"damage":6,"enemies":"2 Fungi Beasts","floor":11,"turns":3},{"damage":0,"enemies":"Blue Slaver","floor":13,"turns":2},{"damage":4,"enemies":"Red Slaver","floor":14,"turns":2},{"damage":26,"enemies":"Slime Boss","floor":16,"turns":9},{"damage":11,"enemies":"Shell Parasite","floor":18,"turns":8},{"damage":0,"enemies":"Chosen","floor":22,"turns":4},{"damage":20,"enemies":"Slavers","floor":24,"turns":8},{"damage":0,"enemies":"3 Cultists","floor":28,"turns":6},{"damage":2,"enemies":"Centurion and Healer","floor":29,"turns":7},{"damage":11,"enemies":"Snake Plant","floor":30,"turns":5},{"damage":45,"enemies":"Gremlin Leader","floor":31,"turns":13},{"damage":17,"enemies":"Champ","floor":33,"turns":13},{"damage":1,"enemies":"3 Darklings","floor":35,"turns":5},{"damage":0,"enemies":"Orb Walker","floor":39,"turns":6},{"damage":0,"enemies":"3 Darklings","floor":41,"turns":5},{"damage":34,"enemies":"Sphere and 2 Shapes","floor":45,"turns":8},{"damage":66,"enemies":"Giant Head","floor":46,"turns":9}],"seed_played":"-2581787516689846712","potions_obtained":[{"floor":0,"key":"Weak Potion"},{"floor":0,"key":"FearPotion"},{"floor":0,"key":"PotionOfCapacity"},{"floor":6,"key":"GamblersBrew"},{"floor":13,"key":"EssenceOfSteel"},{"floor":24,"key":"Explosive Potion"},{"floor":30,"key":"BlessingOfTheForge"},{"floor":33,"key":"PotionOfCapacity"},{"floor":35,"key":"SpeedPotion"},{"floor":39,"key":"EssenceOfSteel"},{"floor":45,"key":"SpeedPotion"}],"is_trial":false,"path_per_floor":["M","M","M","M","M","E","?","M","T","T","M","R","M","M","R","B",null,"M","$","?","$","M","R","E","R","T","R","M","M","M","E","R","B",null,"M","?","?","$","M","R","M","R","T","R","M","E"],"character_chosen":"DEFECT","items_purchased":["Defragment","Oddly Smooth Stone","Coolheaded","Blizzard","Cold Snap","Regal Pillow","Defragment","Hologram","Cold Snap","Ball Lightning"],"campfire_rested":4,"item_purchase_floors":[19,19,19,19,21,21,38,38,38,38],"current_hp_per_floor":[73,72,69,58,42,28,28,28,28,28,22,44,44,40,62,36,75,64,64,64,64,64,64,44,75,75,75,75,73,62,17,54,37,75,74,74,65,65,65,65,75,75,75,75,51,0,0],"gold":48,"neow_bonus":"THREE_SMALL_POTIONS","is_daily":false,"chose_seed":false,"campfire_upgraded":4,"win_rate":0.0,"timestamp":1607969381,"path_taken":["M","M","M","M","M","E","?","?","T","?","M","R","M","M","R","BOSS","M","$","?","$","M","R","E","R","T","R","M","M","M","E","R","BOSS","M","?","?","?","M","R","M","R","T","R","?","E"],"items_purchased_type":["Card","Relic","Card","Card","Card","Relic","Card","Card","Card","Card"],"build_version":"2020-12-13","purchased_purges":3,"victory":false,"max_hp_per_floor":[75,75,75,75,75,75,75,75,75,75,75,75,75,75,75,75,75,75,75,75,75,75,75,75,75,75,75,75,75,75,75,75,75,75,75,75,75,75,75,75,75,75,75,75,75,75,75],"card_choices":[{"not_picked":["Darkness","Aggregate"],"picked":"Blizzard","floor":1},{"not_picked":["Streamline","Steam","Undo"],"picked":"SKIP","floor":2},{"not_picked":["Aggregate","Sweeping Beam"],"picked":"Ball Lightning","floor":3},{"not_picked":["Darkness","Consume"],"picked":"Conserve Battery","floor":4},{"not_picked":["Reprogram","Hologram"],"picked":"Leap","floor":5},{"not_picked":["Double Energy","Gash"],"picked":"Redo","floor":6},{"not_picked":["Compile Driver","Meteor Strike","Scrape"],"picked":"SKIP","floor":8},{"not_picked":["Steam","Rebound"],"picked":"Ball Lightning","floor":11},{"not_picked":["Rebound","Streamline"],"picked":"Cold Snap","floor":13},{"not_picked":["Beam Cell","Barrage"],"picked":"Redo","floor":14},{"not_picked":["Echo Form","Buffer"],"picked":"Rainbow","floor":16},{"not_picked":["Skim","BootSequence+1"],"picked":"Coolheaded","floor":18},{"not_picked":["White Noise","Hologram"],"picked":"Leap","floor":22},{"not_picked":["Stack","All For One"],"picked":"Defragment","floor":24},{"not_picked":["BootSequence","Stack"],"picked":"Cold Snap","floor":28},{"not_picked":["Beam Cell+1","Blizzard"],"picked":"Conserve Battery","floor":29},{"not_picked":["Gash","Steam"],"picked":"Conserve Battery+1","floor":30},{"not_picked":["Barrage+1","Ball Lightning+1"],"picked":"Coolheaded","floor":31},{"not_picked":["Hyperbeam","Biased Cognition"],"picked":"Electrodynamics","floor":33},{"not_picked":["Conserve Battery+1","Gash+1"],"picked":"Force Field+1","floor":35},{"not_picked":["HandOfGreed","Mind Blast"],"picked":"Chrysalis","floor":36},{"not_picked":["Aggregate","Go for the Eyes"],"picked":"Self Repair+1","floor":39},{"not_picked":["Rip and Tear","Recycle+1"],"picked":"Cold Snap+1","floor":41},{"not_picked":["Auto Shields+1","Gash+1","Sweeping Beam"],"picked":"SKIP","floor":45}],"player_experience":190195,"relics_obtained":[{"floor":6,"key":"Bag of Marbles"},{"floor":9,"key":"War Paint"},{"floor":10,"key":"Smiling Mask"},{"floor":24,"key":"Omamori"},{"floor":31,"key":"DataDisk"},{"floor":43,"key":"Ice Cream"}],"event_choices":[{"damage_healed":0,"gold_gain":100,"player_choice":"Pray","damage_taken":0,"max_hp_gain":0,"max_hp_loss":0,"event_name":"Golden Shrine","floor":7,"gold_loss":0},{"damage_healed":0,"gold_gain":99,"player_choice":"Stole From Cult","damage_taken":0,"max_hp_gain":0,"max_hp_loss":0,"event_name":"Nest","floor":20,"gold_loss":0},{"damage_healed":0,"gold_gain":0,"player_choice":"Memory 1","damage_taken":0,"max_hp_gain":0,"max_hp_loss":0,"event_name":"SensoryStone","floor":36,"gold_loss":0},{"damage_healed":0,"gold_gain":0,"player_choice":"Embrace Madness","damage_taken":9,"max_hp_gain":0,"max_hp_loss":0,"event_name":"Winding Halls","floor":37,"gold_loss":0,"cards_obtained":["Madness","Madness"]}],"is_beta":false,"boss_relics":[{"not_picked":["Runic Dome","Coffee Dripper"],"picked":"SlaversCollar"},{"not_picked":["Calling Bell","SacredBark"],"picked":"FrozenCore"}],"items_purged_floors":[19,21,38],"is_endless":false,"potions_floor_spawned":[2,3,6,13,24,30,33,35,39,45],"killed_by":"Giant Head","ascension_level":1}}