{"host":"9pqy5lt7vda52ebm","time":1607908250,"event":{"mods":["Act Like it!","BaseMod","Gensokyo","Minty Spire (QoL Compilation)","Optimize The Spire","Quick Restart","StSLib","The Evolution"],"gold_per_floor":[119,135,235,12,31,66,66,97,97,97,128,128,159,179,179,276,276,286,286,286,286,142,172,172,183,183,200,200,227,6,26,26,126,126,139,154,154,180,191,191,216,235,258,258,272,297,180,199,199,199,199,199,85,110,110],"floor_reached":56,"playtime":12640,"items_purged":["evolutionmod:StrikeEvo","evolutionmod:StrikeEvo"],"score":2195,"play_id":"2e6c19fe-da53-4240-bf53-87e04a3cc1c4","local_time":"20201213201050","is_ascension_mode":true,"campfire_choices":[{"data":"evolutionmod:SeaSerpent","floor":7.0,"key":"SMITH"},{"data":"evolutionmod:Drown","floor":12.0,"key":"SMITH"},{"data":"evolutionmod:ChimeraDefense","floor":15.0,"key":"SMITH"},{"data":"evolutionmod:Barkskin","floor":24.0,"key":"SMITH"},{"data":"evolutionmod:CurrentsDancer","floor":28.0,"key":"SMITH"},{"data":"Mayhem","floor":32.0,"key":"SMITH"},{"data":"Madness","floor":40,"key":"SMITH"},{"floor":44,"key":"RECALL"},{"data":"evolutionmod:ChimeraDefense","floor":49,"key":"SMITH"},{"data":"evolutionmod:Photosynthesis","floor":52,"key":"SMITH"}],"circlet_count":0,"master_deck":["AscendersBane","evolutionmod:LoyalWarrior+1","evolutionmod:StrikeEvo","evolutionmod:StrikeEvo","evolutionmod:LoyalCompanion","evolutionmod:DefendEvo","evolutionmod:DefendEvo","evolutionmod:DefendEvo","evolutionmod:DefendEvo","evolutionmod:Toxin","evolutionmod:Toxin","evolutionmod:VenomGlands","evolutionmod:SeaSerpent+1","evolutionmod:ChimeraDefense+1","evolutionmod:Drown+1","evolutionmod:Treasure","evolutionmod:CurrentsDancer+1","evolutionmod:Aegis2","evolutionmod:Barkskin+1","evolutionmod:Stampede","evolutionmod:Barkskin+1","Mayhem+1","evolutionmod:NightMare","Gensokyo:ShootingStar","evolutionmod:Photosynthesis+1","Madness","Madness+1","evolutionmod:Mastery+1","evolutionmod:ChimeraDefense+1","evolutionmod:LeafBird+1","evolutionmod:TalonStrike","evolutionmod:Salamander+1"],"relics":["evolutionmod:TorisGift","PreservedInsect","Question Card","Calipers","FossilizedHelix","Prayer Wheel","Letter Opener","Busted Crown","Gensokyo:SongOfSouls","Gensokyo:RedStar","Medical Kit","Blue Candle","The Courier","Strawberry","Runic Pyramid","Happy Flower","Pantograph","Centennial Puzzle","Orrery","OrangePellets","CaptainsWheel"],"acts_visited":["Exordium","Gensokyo:Gensokyo","TheBeyond","TheEnding"],"potions_floor_usage":[],"damage_taken":[{"damage":7.0,"enemies":"Gensokyo:3_Fairies","floor":1.0,"turns":4.0},{"damage":0.0,"enemies":"Gensokyo:2_Kodama","floor":2.0,"turns":6.0},{"damage":0.0,"enemies":"Gensokyo:Python","floor":5.0,"turns":4.0},{"damage":20.0,"enemies":"Gensokyo:Aya","floor":6.0,"turns":4.0},{"damage":9.0,"enemies":"Gensokyo:Cirno","floor":8.0,"turns":8.0},{"damage":0.0,"enemies":"Gensokyo:Mamizou","floor":11.0,"turns":5.0},{"damage":0.0,"enemies":"Gensokyo:Cirno","floor":13.0,"turns":6.0},{"damage":0.0,"enemies":"Gensokyo:2_Rabbits","floor":14.0,"turns":4.0},{"damage":0.0,"enemies":"Gensokyo:Yukari","floor":16.0,"turns":6.0},{"damage":0.0,"enemies":"Gensokyo:2_Gloops","floor":18.0,"turns":4.0},{"damage":0.0,"enemies":"Gensokyo:Tenshi","floor":23.0,"turns":4.0},{"damage":0.0,"enemies":"Gensokyo:Chomper","floor":25.0,"turns":3.0},{"damage":0.0,"enemies":"Gensokyo:Monolith_and_Dog","floor":27.0,"turns":6.0},{"damage":0.0,"enemies":"Gensokyo:Reisen","floor":29.0,"turns":4.0},{"damage":6.0,"enemies":"Gensokyo:Slime_Group","floor":31.0,"turns":4.0},{"damage":0,"enemies":"Gensokyo:Eiki","floor":33,"turns":7},{"damage":0,"enemies":"Orb Walker","floor":35,"turns":4},{"damage":0,"enemies":"3 Darklings","floor":36,"turns":6},{"damage":0,"enemies":"Jaw Worm Horde","floor":39,"turns":6},{"damage":0,"enemies":"Giant Head","floor":41,"turns":5},{"damage":0,"enemies":"4 Shapes","floor":42,"turns":5},{"damage":0,"enemies":"3 Darklings","floor":45,"turns":5},{"damage":0,"enemies":"Nemesis","floor":46,"turns":5},{"damage":0,"enemies":"Sphere and 2 Shapes","floor":48,"turns":5},{"damage":0,"enemies":"Time Eater","floor":50,"turns":8},{"damage":8,"enemies":"Shield and Spear","floor":54,"turns":5},{"damage":0,"enemies":"The Heart","floor":55,"turns":9}],"seed_played":"-3489095194171687302","potions_obtained":[{"floor":2.0,"key":"Swift Potion"},{"floor":8.0,"key":"SkillPotion"},{"floor":13.0,"key":"CultistPotion"},{"floor":33,"key":"Weak Potion"},{"floor":45,"key":"DistilledChaos"}],"is_trial":false,"path_per_floor":["M","M","?","$","M","E","R","E","T","$","E","R","E","M","R","B",null,"M","?","?","?","$","E","R","M","T","M","R","E","$","M","R","B",null,"M","M","?","T","M","R","E","M","T","R","M","E","$","M","R","B",null,"R","$","E","B",null],"character_chosen":"EVOLUTION_CLASS","items_purchased":["PreservedInsect","Medical Kit","Mayhem","Orrery","OrangePellets"],"campfire_rested":0,"item_purchase_floors":[4,22,30,47,53],"current_hp_per_floor":[62,62,62,62,62,42,42,33,33,33,33,33,33,33,33,33,66,66,66,66,66,66,66,66,66,66,66,66,73,73,67,67,84,84,84,84,73,73,73,73,73,73,73,73,73,73,73,73,73,84,84,84,84,76,84],"gold":110,"neow_bonus":"UPGRADE_CARD","is_daily":false,"chose_seed":false,"campfire_upgraded":9,"win_rate":0.0,"timestamp":1607908250,"path_taken":["M","M","?","$","?","E","R","E","T","$","E","R","E","M","R","BOSS","M","?","?","?","$","E","R","M","T","M","R","E","$","M","R","BOSS","M","M","?","?","M","R","E","M","T","R","M","E","?","M","R","BOSS","R","$","E","BOSS"],"items_purchased_type":["Relic","Relic","Card","Relic","Relic"],"build_version":"2020-11-30","purchased_purges":2,"victory":true,"max_hp_per_floor":[77,77,77,77,77,77,77,77,77,77,77,77,77,77,77,77,77,77,77,77,77,77,77,77,77,77,77,77,84,84,84,84,84,84,84,84,84,84,84,84,84,84,84,84,84,84,84,84,84,84,84,84,84,84,84],"card_choices":[{"not_picked":["evolutionmod:FlameStrike","evolutionmod:HeavyKick"],"picked":"evolutionmod:Toxin","floor":1.0},{"not_picked":["evolutionmod:SpiderBite","evolutionmod:Firebloom"],"picked":"evolutionmod:Toxin","floor":2.0},{"not_picked":["evolutionmod:CrystalShard","evolutionmod:Shadowbolt"],"picked":"evolutionmod:VenomGlands","floor":5.0},{"not_picked":["evolutionmod:CrystalShard","evolutionmod:FlameStrike"],"picked":"evolutionmod:SeaSerpent","floor":6.0},{"not_picked":["evolutionmod:Salamander","evolutionmod:CurrentsDancer","evolutionmod:Treasure"],"picked":"evolutionmod:ChimeraDefense","floor":8.0},{"not_picked":["evolutionmod:TalonStrike","evolutionmod:Aphrodisiac","evolutionmod:CrystalShard"],"picked":"evolutionmod:Drown","floor":11.0},{"not_picked":["evolutionmod:ChimeraDefense","evolutionmod:VenomGlands","evolutionmod:ShiftingStrike"],"picked":"evolutionmod:Treasure","floor":13.0},{"not_picked":["evolutionmod:ShiftingStrike","evolutionmod:Battleborn","evolutionmod:Stalker"],"picked":"evolutionmod:TalonStrike","floor":14.0},{"not_picked":["evolutionmod:CursedTouch","evolutionmod:HeavyKick","evolutionmod:ClawSlash"],"picked":"evolutionmod:CurrentsDancer","floor":14.0},{"not_picked":["evolutionmod:Stalker","evolutionmod:Frenzy","evolutionmod:FeatherStorm"],"picked":"evolutionmod:Aegis2","floor":16.0},{"not_picked":["evolutionmod:DepthsLurker"],"picked":"evolutionmod:Barkskin","floor":18.0},{"not_picked":["evolutionmod:Charm","evolutionmod:ChimeraDefense"],"picked":"SKIP","floor":18.0},{"not_picked":["evolutionmod:ChimeraStrike+1","evolutionmod:HeightenedSenses+1"],"picked":"SKIP","floor":23.0},{"not_picked":["evolutionmod:PoisonFangs","evolutionmod:FlameStrike"],"picked":"SKIP","floor":25.0},{"not_picked":["evolutionmod:BlackCat","evolutionmod:FlameStrike+1"],"picked":"SKIP","floor":25.0},{"not_picked":["evolutionmod:FireAnts+1"],"picked":"evolutionmod:Barkskin+1","floor":27.0},{"not_picked":["evolutionmod:ClawSlash","evolutionmod:ChimeraStrike"],"picked":"SKIP","floor":27.0},{"not_picked":["evolutionmod:ClawSlash","evolutionmod:ChimeraStrike"],"picked":"SKIP","floor":27.0},{"not_picked":["evolutionmod:Barkskin","evolutionmod:FlameStrike"],"picked":"SKIP","floor":29.0},{"not_picked":["evolutionmod:Seduce"],"picked":"evolutionmod:NightMare","floor":31.0},{"not_picked":["evolutionmod:Treasure+1","evolutionmod:CurrentsDancer"],"picked":"SKIP","floor":31.0},{"not_picked":[],"picked":"Gensokyo:ShootingStar","floor":33},{"not_picked":["evolutionmod:Eruption"],"picked":"evolutionmod:Photosynthesis","floor":33},{"not_picked":["evolutionmod:Adaptation","evolutionmod:ShiftingGuard+1"],"picked":"SKIP","floor":35},{"not_picked":["evolutionmod:Aphrodisiac+1","evolutionmod:Firebloom+1"],"picked":"SKIP","floor":35},{"not_picked":["evolutionmod:Treasure+1","evolutionmod:DarkDesires"],"picked":"SKIP","floor":36},{"not_picked":["evolutionmod:ShiftingStrike","evolutionmod:HeavyKick+1"],"picked":"SKIP","floor":36},{"not_picked":["evolutionmod:Hatch","evolutionmod:FlameStrike+1"],"picked":"SKIP","floor":39},{"not_picked":["evolutionmod:Aphrodisiac+1","evolutionmod:ShiftingStrike+1"],"picked":"SKIP","floor":39},{"not_picked":["evolutionmod:PoisonFangs+1"],"picked":"evolutionmod:Mastery+1","floor":41},{"not_picked":["evolutionmod:Treasure+1","evolutionmod:SpiderBite"],"picked":"SKIP","floor":42},{"not_picked":["evolutionmod:Charm","evolutionmod:Pheromones"],"picked":"SKIP","floor":42},{"not_picked":["evolutionmod:DepthsLurker+1"],"picked":"evolutionmod:ChimeraDefense","floor":45},{"not_picked":["evolutionmod:Firebloom","evolutionmod:Hatch"],"picked":"SKIP","floor":45},{"not_picked":["evolutionmod:Dive","evolutionmod:Treasure+1"],"picked":"SKIP","floor":46},{"not_picked":["evolutionmod:NightMare+1"],"picked":"evolutionmod:LeafBird+1","floor":47},{"not_picked":["evolutionmod:PoisonFangs+1"],"picked":"evolutionmod:TalonStrike","floor":47},{"not_picked":["evolutionmod:Firebloom+1"],"picked":"evolutionmod:Salamander+1","floor":48},{"not_picked":["evolutionmod:HeavyKick+1","evolutionmod:DrainMana+1"],"picked":"SKIP","floor":48},{"not_picked":["evolutionmod:Toxin","evolutionmod:Charm+1"],"picked":"SKIP","floor":54}],"player_experience":744165,"relics_obtained":[{"floor":6.0,"key":"Question Card"},{"floor":8.0,"key":"Calipers"},{"floor":9.0,"key":"FossilizedHelix"},{"floor":11.0,"key":"Prayer Wheel"},{"floor":13.0,"key":"Letter Opener"},{"floor":23.0,"key":"Blue Candle"},{"floor":26.0,"key":"The Courier"},{"floor":29.0,"key":"Strawberry"},{"floor":38,"key":"Happy Flower"},{"floor":41,"key":"Pantograph"},{"floor":46,"key":"Centennial Puzzle"},{"floor":54,"key":"CaptainsWheel"}],"event_choices":[{"damage_healed":0,"gold_gain":0,"player_choice":"Embrace Madness","damage_taken":11,"max_hp_gain":0,"max_hp_loss":0,"event_name":"Winding Halls","floor":37,"gold_loss":0,"cards_obtained":["Madness","Madness"]}],"is_beta":false,"boss_relics":[{"not_picked":["Black Star","Empty Cage"],"picked":"Busted Crown"},{"not_picked":["Cursed Key","SacredBark"],"picked":"Runic Pyramid"}],"items_purged_floors":[4,30],"is_endless":false,"potions_floor_spawned":[2,8,13,23,27,33,36,39,45],"ascension_level":10}}