{"host":"k5j3culymg4irp71","time":1607928100,"event":{"mods":["2.2 Compatiblity","Act Like it!","Art Attack!","Aspiration","Astrologer","Bard","BaseMod","Bestiary","Better Match","Better Note","BetterRewards","Block Reminder","CCEM","Colored Map","Colored Powertips","Conspire","Downfall","Emptier Cage","Energized Spire","GifTheSpireLib","GungeonMod","Halation","Hallownest","Hermit","Hubris","Infinite Spire","Ironclad Rager","Jorbs\u0027s Wanderer Trilogy","Lobotomy","LobotomyExtend","Mad Scientist","Minty Spire (QoL Compilation)","Pale of the Ancients","Potionbrewer","Quarter Circle Forward PUNCH!","Rare Cards Sparkle","Replay The Spire","Shade Mod","Shop Mod","Spikes Relics","StSLib","Stuff the Spire","The Animator","The Blackbeard","The Bladedancer","The Blue Laboratory","The Cursed","The Druid","The Forsaken","The Gatherer","The Hayseed","The Hierophant","The Juggle","The Necromancer","The Runesmith","The Servant 0.9.4","The Spell Scribe","TheArtist","Waifu the Spire","Wandering Minibosses","slay the spire mod where everything is the same but ironclad has a cowboy hat","vexMod"],"gold_per_floor":[112,112,112,128,162,192,83,83,135,135,154,167,167,182,182,182,182],"floor_reached":16,"playtime":1046,"items_purged":["hubris:Greed"],"score":110,"play_id":"18b0b2ca-69ea-4ae7-9d5d-671585cf97c6","local_time":"20201213224140","is_ascension_mode":false,"campfire_choices":[{"data":"hermit:GoldenBullet","floor":8,"key":"SMITH"},{"data":"Replay:Fractal Strike","floor":10,"key":"SMITH"},{"data":"hermit:EyeOfTheStorm","floor":13,"key":"SMITH"},{"data":"hermit:TakeAim","floor":15,"key":"SMITH"}],"circlet_count":0,"master_deck":["hermit:Strike_Hermit","hermit:Strike_Hermit","hermit:Strike_Hermit","hermit:Strike_Hermit","hermit:Defend_Hermit","hermit:Defend_Hermit","hermit:Defend_Hermit","hermit:Defend_Hermit","hermit:Snapshot","hermit:Covet+1","hermit:Headshot","Delirium","Replay:Fractal Strike+1","Doubt","hermit:Headshot","hermit:Feint","hermit:WideOpen","hermit:GoldenBullet+1","hermit:EyeOfTheStorm+1","hermit:Enervate","hermit:TakeAim+1"],"relics":["hermit:Momento","LetterFromLob","CCEMRelics:OverlyComfyChair","potionbrewer:SlideRule","infinitespire:Satchel"],"acts_visited":["Exordium"],"potions_floor_usage":[],"damage_taken":[{"damage":0,"enemies":"Hallownest:monsterHuskWarrior","floor":1,"turns":4},{"damage":4,"enemies":"Hallownest:2_Tiktiks_and_1_Crawlid","floor":4,"turns":4},{"damage":26,"enemies":"Hallownest:eliteCrystalGuardian","floor":5,"turns":5},{"damage":9,"enemies":"Hallownest:eliteCrystalGuardian","floor":6,"turns":5},{"damage":0,"enemies":"Hallownest:2_MossCreeps","floor":11,"turns":4},{"damage":7,"enemies":"Hallownest:2_Tiktiks_1_Baldur_1_Crawlid","floor":12,"turns":4},{"damage":0,"enemies":"Hallownest:monsterMossCharger","floor":14,"turns":2},{"damage":33,"enemies":"Hallownest:BossBrokenVessel","floor":16,"turns":6}],"seed_played":"4308767177509519214","potions_obtained":[{"floor":1,"key":"blueLaboratory:BottledHope"},{"floor":6,"key":"potionbrewer:CleansingPotion"},{"floor":11,"key":"blueLaboratory:AbyssPotion"}],"is_trial":false,"path_per_floor":["M","?","?","M","?","E","$","R","T","R","M","M","R","M","R","B"],"character_chosen":"HERMIT","items_purchased":["hermit:GoldenBullet"],"campfire_rested":0,"item_purchase_floors":[7],"current_hp_per_floor":[75,75,75,71,45,36,36,36,36,36,38,31,31,31,31,0,0],"gold":182,"neow_bonus":"UPGRADE_CARD","is_daily":false,"chose_seed":false,"campfire_upgraded":4,"win_rate":0.0,"timestamp":1607928100,"path_taken":["M","?","?","M","?","E","$","R","T","R","M","M","R","M","R","BOSS"],"items_purchased_type":["Card"],"build_version":"2020-12-13","purchased_purges":1,"victory":false,"max_hp_per_floor":[75,75,75,75,75,75,75,75,75,75,75,75,75,75,75,75,75],"card_choices":[{"not_picked":["hermit:Manifest","hermit:DeadMansHand"],"picked":"hermit:Headshot","floor":1},{"not_picked":["infinitespire:UltimateForm","infinitespire:Execution"],"picked":"Replay:Fractal Strike","floor":2},{"not_picked":["hermit:Desperado","hermit:FullyLoaded"],"picked":"hermit:Headshot","floor":4},{"not_picked":["hermit:WideOpen","hermit:Glare"],"picked":"hermit:Feint","floor":5},{"not_picked":["hermit:Gambit","hermit:Roulette"],"picked":"hermit:WideOpen","floor":6},{"not_picked":["hermit:Quickdraw","hermit:Feint"],"picked":"hermit:EyeOfTheStorm","floor":11},{"not_picked":["hermit:HighCaliber","hermit:CalledShot"],"picked":"hermit:Enervate","floor":12},{"not_picked":["hermit:FlashPowder","hermit:Misfire"],"picked":"hermit:TakeAim","floor":14}],"player_experience":3317,"relics_obtained":[{"floor":1,"key":"LetterFromLob"},{"floor":5,"key":"CCEMRelics:OverlyComfyChair"},{"floor":6,"key":"potionbrewer:SlideRule"},{"floor":9,"key":"infinitespire:Satchel"}],"event_choices":[],"is_beta":false,"boss_relics":[],"items_purged_floors":[7],"is_endless":false,"potions_floor_spawned":[1,6,11,14],"killed_by":"Hallownest:BossBrokenVessel","ascension_level":0}}