{"host":"hszimsrtxxc2k25w","time":1607980588,"event":{"mods":["AchievementEnabler","BaseMod","Colored Map","DeckTracker","Minty Spire (QoL Compilation)","Rare Cards Sparkle","SuperFastMode"],"gold_per_floor":[111,128,144,144,144,144,155,175,230,240,165,190,204,257,257,361,361,381,381,134,9,19,19,348,198,223,252,269,219,234,259,259,362,362,382,411,164,214,14,23,23,23],"floor_reached":41,"playtime":1298,"items_purged":["Defend_P","Strike_P","Defend_P","Strike_P+1","Defend_P","Strike_P+1"],"score":840,"play_id":"bd312f6d-5843-47b1-bbae-6beaa6110193","local_time":"20201215061628","is_ascension_mode":true,"campfire_choices":[{"data":"Eruption","floor":6.0,"key":"SMITH"},{"floor":15.0,"key":"REST"},{"data":"Adaptation","floor":23.0,"key":"SMITH"},{"floor":32.0,"key":"REST"}],"circlet_count":0,"master_deck":["AscendersBane","Defend_P","Eruption+1","Vigilance","Halt","SandsOfTime","SandsOfTime","MentalFortress","Scrawl","MentalFortress+1","Adaptation+1","CrushJoints+1","CurseOfTheBell","Meditate+1","Adaptation","Eruption"],"relics":["VioletLotus","Ancient Tea Set","Question Card","Happy Flower","Snecko Eye","Oddly Smooth Stone","Orrery","Old Coin","Anchor","Ice Cream","Toy Ornithopter","Calling Bell","CeramicFish","Gremlin Horn","StoneCalendar","Gambling Chip"],"acts_visited":["Exordium","TheCity","TheBeyond"],"potions_floor_usage":[],"damage_taken":[{"damage":0.0,"enemies":"Cultist","floor":1.0,"turns":3.0},{"damage":11.0,"enemies":"2 Louse","floor":2.0,"turns":3.0},{"damage":0.0,"enemies":"Small Slimes","floor":3.0,"turns":3.0},{"damage":0.0,"enemies":"Blue Slaver","floor":7.0,"turns":2.0},{"damage":9.0,"enemies":"Large Slime","floor":8.0,"turns":5.0},{"damage":18.0,"enemies":"Exordium Thugs","floor":10.0,"turns":4.0},{"damage":0.0,"enemies":"Lagavulin","floor":12.0,"turns":3.0},{"damage":3.0,"enemies":"2 Fungi Beasts","floor":13.0,"turns":4.0},{"damage":16.0,"enemies":"The Guardian","floor":16.0,"turns":12.0},{"damage":20.0,"enemies":"Shell Parasite","floor":18.0,"turns":4.0},{"damage":16.0,"enemies":"2 Thieves","floor":22.0,"turns":3.0},{"damage":0.0,"enemies":"Book of Stabbing","floor":24.0,"turns":4.0},{"damage":0.0,"enemies":"Gremlin Leader","floor":27.0,"turns":3.0},{"damage":0.0,"enemies":"Centurion and Healer","floor":28.0,"turns":5.0},{"damage":0.0,"enemies":"Chosen and Byrds","floor":30.0,"turns":3.0},{"damage":5.0,"enemies":"Slavers","floor":31.0,"turns":5.0},{"damage":10.0,"enemies":"Automaton","floor":33.0,"turns":7.0},{"damage":9.0,"enemies":"3 Shapes","floor":35.0,"turns":4.0},{"damage":0.0,"enemies":"3 Darklings","floor":36.0,"turns":3.0},{"damage":20.0,"enemies":"Mind Bloom Boss Battle","floor":38.0,"turns":3.0},{"damage":35,"enemies":"4 Shapes","floor":41,"turns":3}],"seed_played":"-8788003292106900360","potions_obtained":[{"floor":1.0,"key":"Explosive Potion"},{"floor":3.0,"key":"FearPotion"},{"floor":8.0,"key":"GamblersBrew"},{"floor":16.0,"key":"SteroidPotion"},{"floor":22.0,"key":"LiquidMemories"},{"floor":27.0,"key":"SteroidPotion"},{"floor":33.0,"key":"SpeedPotion"}],"is_trial":false,"path_per_floor":["M","M","M","?","?","R","M","M","T","M","$","E","M","T","R","B",null,"M","?","$","$","M","R","E","$","T","E","M","?","M","E","R","B",null,"M","M","$","?","$","?","M"],"character_chosen":"WATCHER","items_purchased":["Orrery","Adaptation"],"campfire_rested":2,"item_purchase_floors":[20,37],"current_hp_per_floor":[65,54,54,40,33,33,33,24,24,6,6,6,3,3,24,8,56,36,36,36,36,20,20,20,20,20,20,20,20,20,15,36,31,62,53,53,53,33,33,33,0,0],"gold":23,"neow_bonus":"BOSS_RELIC","is_daily":false,"chose_seed":false,"campfire_upgraded":2,"win_rate":0.0,"timestamp":1607980588,"path_taken":["M","?","M","?","?","R","M","M","T","M","$","E","M","?","R","BOSS","M","?","?","$","?","R","E","$","T","E","M","?","M","E","R","BOSS","M","?","$","?","?","?","?"],"items_purchased_type":["Relic","Card"],"build_version":"2020-12-13","purchased_purges":6,"victory":false,"max_hp_per_floor":[72,72,72,72,72,72,72,72,72,72,72,72,72,72,72,72,72,72,72,72,72,72,72,72,72,72,72,72,72,72,72,72,72,72,72,72,72,72,72,72,72,72],"card_choices":[{"not_picked":["Collect","JustLucky","Vengeance"],"picked":"SKIP","floor":1.0},{"not_picked":["JustLucky","ReachHeaven"],"picked":"Halt","floor":2.0},{"not_picked":["DeceiveReality","ClearTheMind"],"picked":"SandsOfTime","floor":3.0},{"not_picked":["Vengeance","Swivel"],"picked":"SandsOfTime","floor":7.0},{"not_picked":["ThirdEye","Protect"],"picked":"MentalFortress","floor":8.0},{"not_picked":["WaveOfTheHand","FlurryOfBlows","Crescendo"],"picked":"SKIP","floor":10.0},{"not_picked":["Evaluate","ClearTheMind","CrushJoints"],"picked":"SKIP","floor":12.0},{"not_picked":["CrushJoints","Prostrate","Halt","Worship"],"picked":"SKIP","floor":13.0},{"not_picked":["MasterReality","LessonLearned","DeusExMachina"],"picked":"Scrawl","floor":16.0},{"not_picked":["Tantrum","ThirdEye","PathToVictory","Perseverance+1"],"picked":"SKIP","floor":18.0},{"not_picked":["EmptyBody","Halt+1","FlurryOfBlows"],"picked":"MentalFortress+1","floor":20.0},{"not_picked":["CutThroughFate+1","CrushJoints","WheelKick"],"picked":"Adaptation","floor":20.0},{"not_picked":["PathToVictory","FearNoEvil","Halt","Study"],"picked":"SKIP","floor":22.0},{"not_picked":["Wireheading","CrushJoints","WheelKick+1","Devotion"],"picked":"SKIP","floor":24.0},{"not_picked":["WindmillStrike+1","EmptyBody","Evaluate","Nirvana+1"],"picked":"SKIP","floor":27.0},{"not_picked":["WreathOfFlame","Halt","Evaluate+1","EmptyBody"],"picked":"SKIP","floor":28.0},{"not_picked":["MentalFortress","Establishment","FollowUp","SignatureMove"],"picked":"SKIP","floor":30.0},{"not_picked":["Collect","WheelKick+1","Crescendo"],"picked":"CrushJoints+1","floor":31.0},{"not_picked":["EmptyFist+1","JustLucky","Nirvana","WreathOfFlame+1"],"picked":"SKIP","floor":35.0},{"not_picked":["FollowUp","Tantrum","PathToVictory+1"],"picked":"Meditate+1","floor":36.0}],"player_experience":587215,"relics_obtained":[{"floor":9.0,"key":"Ancient Tea Set"},{"floor":12.0,"key":"Question Card"},{"floor":14.0,"key":"Happy Flower"},{"floor":24.0,"key":"Old Coin"},{"floor":26.0,"key":"Anchor"},{"floor":27.0,"key":"Ice Cream"},{"floor":31.0,"key":"Toy Ornithopter"},{"floor":34.0,"key":"CeramicFish"},{"floor":34.0,"key":"Gremlin Horn"},{"floor":34.0,"key":"StoneCalendar"},{"floor":38.0,"key":"Gambling Chip"}],"event_choices":[{"damage_healed":0.0,"max_hp_gain":0.0,"max_hp_loss":0.0,"gold_gain":0.0,"event_name":"Shining Light","player_choice":"Entered Light","floor":4.0,"gold_loss":0.0,"damage_taken":14.0,"cards_upgraded":["Strike_P","Strike_P"]},{"cards_removed":["Strike_P"],"damage_healed":0.0,"max_hp_gain":0.0,"max_hp_loss":0.0,"gold_gain":0.0,"event_name":"Golden Wing","player_choice":"Card Removal","floor":5.0,"gold_loss":0.0,"damage_taken":7.0},{"damage_healed":0.0,"max_hp_gain":0.0,"max_hp_loss":0.0,"gold_gain":0.0,"event_name":"WeMeetAgain","player_choice":"Gave Potion","floor":19.0,"gold_loss":0.0,"damage_taken":0.0,"relics_obtained":["Oddly Smooth Stone"]},{"damage_healed":0.0,"max_hp_gain":0.0,"max_hp_loss":0.0,"gold_gain":0.0,"event_name":"The Joust","player_choice":"Bet on Murderer","floor":29.0,"gold_loss":50.0,"damage_taken":0.0},{"damage_healed":0.0,"max_hp_gain":0.0,"max_hp_loss":0.0,"gold_gain":0.0,"event_name":"MindBloom","player_choice":"Fight","floor":38.0,"gold_loss":0.0,"damage_taken":0.0},{"damage_healed":0.0,"max_hp_gain":0.0,"max_hp_loss":0.0,"gold_gain":0.0,"event_name":"Match and Keep!","player_choice":"1 cards matched","floor":40.0,"gold_loss":0.0,"damage_taken":0.0,"cards_obtained":["Eruption"]}],"is_beta":false,"boss_relics":[{"not_picked":["Pandora\u0027s Box","Ectoplasm"],"picked":"Snecko Eye"},{"not_picked":["Velvet Choker","Runic Dome"],"picked":"Calling Bell"}],"items_purged_floors":[11,20,21,25,37,39],"is_endless":false,"potions_floor_spawned":[1,3,8,16,22,27,33],"killed_by":"4 Shapes","ascension_level":11}}