{"host":"kda2p2afd6bvz6qo","time":1607921088,"event":{"mods":["BaseMod","Colored Map","Minty Spire (QoL Compilation)","Relic Stats"],"gold_per_floor":[110,58,73,92,267,267,302,302,353,353,353],"floor_reached":10,"playtime":368,"items_purged":[],"score":89,"play_id":"864e91a8-1fb5-4688-bead-ccf0e660faa6","local_time":"20201214044448","is_ascension_mode":true,"campfire_choices":[{"data":"Dagger Spray","floor":6.0,"key":"SMITH"}],"circlet_count":0,"master_deck":["Strike_G","Strike_G","Strike_G","Strike_G","Defend_G","Defend_G","Defend_G","Defend_G","Survivor","Neutralize","Terror","Dagger Spray+1","Outmaneuver","Finisher","Doubt","Riddle With Holes"],"relics":["Empty Cage","Happy Flower","CultistMask","Snake Skull"],"acts_visited":["Exordium"],"potions_floor_usage":[10],"damage_taken":[{"damage":7.0,"enemies":"Cultist","floor":1.0,"turns":6.0},{"damage":0.0,"enemies":"2 Louse","floor":3.0,"turns":3.0},{"damage":2.0,"enemies":"Jaw Worm","floor":4.0,"turns":4.0},{"damage":37.0,"enemies":"3 Sentries","floor":7.0,"turns":8.0},{"damage":24,"enemies":"Gremlin Nob","floor":10,"turns":3}],"seed_played":"-7014404490766950127","potions_obtained":[{"floor":1.0,"key":"SpeedPotion"},{"floor":4.0,"key":"Weak Potion"}],"is_trial":false,"path_per_floor":["M","$","M","M","?","R","E","?","T","E"],"character_chosen":"THE_SILENT","items_purchased":["Dagger Spray"],"campfire_rested":0,"item_purchase_floors":[2],"current_hp_per_floor":[56,56,56,54,54,54,17,17,17,0,0],"gold":353,"neow_bonus":"BOSS_RELIC","is_daily":false,"chose_seed":false,"campfire_upgraded":1,"win_rate":0.0,"timestamp":1607921088,"path_taken":["M","$","?","M","?","R","E","?","T","E"],"items_purchased_type":["Card"],"build_version":"2020-12-13","purchased_purges":0,"victory":false,"max_hp_per_floor":[70,70,70,70,70,70,70,70,70,70,70],"relic_stats":{"Happy Flower":[1],"counters":[5,24],"Snake Skull":[0],"obtain_stats":[{"Happy Flower":7,"CultistMask":8,"Snake Skull":9,"Empty Cage":0,"Ring of the Snake":0},{"Happy Flower":4,"CultistMask":4,"Snake Skull":4,"Empty Cage":0,"Ring of the Snake":0},{"Happy Flower":21,"CultistMask":21,"Snake Skull":21,"Empty Cage":0,"Ring of the Snake":0}]},"card_choices":[{"not_picked":["Outmaneuver","Slice"],"picked":"Terror","floor":1.0},{"not_picked":["Endless Agony","Bane"],"picked":"Outmaneuver","floor":3.0},{"not_picked":["Outmaneuver","Expertise"],"picked":"Finisher","floor":4.0},{"not_picked":["Finisher","Flying Knee"],"picked":"Riddle With Holes","floor":7.0}],"player_experience":48451,"relics_obtained":[{"floor":7.0,"key":"Happy Flower"},{"floor":9,"key":"Snake Skull"}],"event_choices":[{"damage_healed":0.0,"max_hp_gain":0.0,"max_hp_loss":0.0,"gold_gain":175.0,"event_name":"Liars Game","player_choice":"AGREE","floor":5.0,"gold_loss":0.0,"damage_taken":0.0,"cards_obtained":["Doubt"]},{"damage_healed":0,"gold_gain":0,"player_choice":"Trade","damage_taken":0,"relics_obtained":["CultistMask"],"max_hp_gain":0,"max_hp_loss":0,"event_name":"FaceTrader","floor":8,"gold_loss":0}],"is_beta":false,"boss_relics":[],"items_purged_floors":[],"is_endless":false,"potions_floor_spawned":[1,4],"killed_by":"Gremlin Nob","ascension_level":7}}