{"host":"pjgcdp3h1plnbocs","time":1607946823,"event":{"mods":["AchievementEnabler","BaseMod","Colored Map","Highlight Path","Minty Spire (QoL Compilation)"],"gold_per_floor":[12,27,40,40,59,87,87,99,122,141,171,190,190,190],"floor_reached":13,"playtime":482,"items_purged":[],"score":124,"play_id":"0c63f4c6-dcd4-4ef7-8994-b5a64e461400","local_time":"20201214125343","is_ascension_mode":true,"campfire_choices":[{"floor":7.0,"key":"REST"}],"circlet_count":0,"master_deck":["Strike_G","Strike_G","Strike_G","Strike_G","Strike_G","Defend_G","Defend_G","Defend_G","Defend_G","Defend_G","Survivor","Neutralize","A Thousand Cuts","Poisoned Stab","Dagger Spray","Flying Knee","Terror","Cloak And Dagger","Footwork"],"relics":["Ring of the Snake","Potion Belt","Pen Nib","Lantern"],"acts_visited":["Exordium"],"potions_floor_usage":[13,13],"damage_taken":[{"damage":0.0,"enemies":"Small Slimes","floor":1.0,"turns":4.0},{"damage":0.0,"enemies":"Cultist","floor":2.0,"turns":4.0},{"damage":3.0,"enemies":"2 Louse","floor":3.0,"turns":2.0},{"damage":15.0,"enemies":"Large Slime","floor":5.0,"turns":8.0},{"damage":34.0,"enemies":"Lagavulin","floor":6.0,"turns":7.0},{"damage":3.0,"enemies":"Blue Slaver","floor":8.0,"turns":4.0},{"damage":8.0,"enemies":"Red Slaver","floor":10.0,"turns":4.0},{"damage":16.0,"enemies":"Gremlin Nob","floor":11.0,"turns":4.0},{"damage":0.0,"enemies":"Exordium Wildlife","floor":12.0,"turns":2.0},{"damage":21,"enemies":"3 Sentries","floor":13,"turns":4}],"seed_played":"-8802048788946850064","potions_obtained":[{"floor":1.0,"key":"PowerPotion"},{"floor":5.0,"key":"Strength Potion"},{"floor":10.0,"key":"LiquidBronze"},{"floor":12.0,"key":"CultistPotion"}],"is_trial":false,"path_per_floor":["M","M","M","?","M","E","R","M","T","M","E","M","E"],"character_chosen":"THE_SILENT","items_purchased":[],"campfire_rested":1,"item_purchase_floors":[],"current_hp_per_floor":[70,70,67,67,52,18,39,36,36,28,12,12,0,0],"gold":190,"neow_bonus":"THREE_RARE_CARDS","is_daily":false,"chose_seed":false,"campfire_upgraded":0,"win_rate":0.0,"timestamp":1607946823,"path_taken":["M","M","M","?","M","E","R","M","T","M","E","M","E"],"items_purchased_type":[],"build_version":"2020-12-13","purchased_purges":0,"victory":false,"max_hp_per_floor":[70,70,70,70,70,70,70,70,70,70,70,70,70,70],"card_choices":[{"not_picked":["Glass Knife","Wraith Form v2"],"picked":"A Thousand Cuts","floor":0.0},{"not_picked":["Terror","Quick Slash"],"picked":"Poisoned Stab","floor":1.0},{"not_picked":["Acrobatics","Deflect"],"picked":"Dagger Spray","floor":2.0},{"not_picked":["Acrobatics","Dagger Throw"],"picked":"Flying Knee","floor":3.0},{"not_picked":["Outmaneuver","Acrobatics","Expertise"],"picked":"SKIP","floor":5.0},{"not_picked":["Backflip","Distraction"],"picked":"Terror","floor":6.0},{"not_picked":["PiercingWail","Bane","Setup"],"picked":"SKIP","floor":8.0},{"not_picked":["Deadly Poison","Endless Agony"],"picked":"Cloak And Dagger","floor":10.0},{"not_picked":["Blur","Concentrate"],"picked":"Footwork","floor":11.0},{"not_picked":["Choke","Prepared","Underhanded Strike"],"picked":"SKIP","floor":12.0}],"player_experience":91686,"relics_obtained":[{"floor":6.0,"key":"Potion Belt"},{"floor":9.0,"key":"Pen Nib"},{"floor":11.0,"key":"Lantern"}],"event_choices":[{"damage_healed":0.0,"max_hp_gain":0.0,"max_hp_loss":0.0,"gold_gain":0.0,"event_name":"Liars Game","player_choice":"Ignored","floor":4.0,"gold_loss":0.0,"damage_taken":0.0}],"is_beta":false,"boss_relics":[],"items_purged_floors":[],"is_endless":false,"potions_floor_spawned":[1,5,10,12],"killed_by":"3 Sentries","ascension_level":5}}