{"host":"2qv44oxt58ptq59r","time":1607969948,"event":{"mods":["AchievementEnabler","BaseMod","Colored Powertips","Highlight Path","Minty Spire (QoL Compilation)","Permanent Neow","StSLib"],"gold_per_floor":[214,214,228,228,245,245,245,245,325,352,362,362,362,20,20,117,117,136,147,197,2,20,20,31,31,31,31,31,4,4,4,4,108,108,118,118,129,37,50,0,0,0,26,26,26,43,43,43,43],"floor_reached":48,"playtime":9846,"items_purged":[],"score":499,"play_id":"94d67985-3c08-4f9c-b68e-80903c4b713d","local_time":"20201214181908","is_ascension_mode":false,"campfire_choices":[{"data":"Whirlwind","floor":6.0,"key":"SMITH"},{"data":"Uppercut","floor":8.0,"key":"SMITH"},{"floor":12.0,"key":"REST"},{"floor":15.0,"key":"REST"},{"floor":23.0,"key":"REST"},{"data":"Demon Form","floor":28.0,"key":"SMITH"},{"floor":32.0,"key":"REST"},{"floor":41,"key":"REST"},{"data":"Demon Form","floor":45,"key":"SMITH"}],"circlet_count":0,"master_deck":["Strike_R","Strike_R","Strike_R","Strike_R","Defend_R","Defend_R","Defend_R","Defend_R","Bash","Whirlwind+1","Uppercut+1","Sentinel","Flex","Flex+1","Demon Form+1","Demon Form+1","Cleave+1","Heavy Blade","Enlightenment","Barricade","Warcry+1","Twin Strike","Bludgeon","Body Slam+1","True Grit+1","Bandage Up","Inflame","Bloodletting+1"],"relics":["Burning Blood","Gremlin Horn","Turnip","Omamori","Orichalcum","SlaversCollar","War Paint","Pen Nib","Black Star","WarpedTongs","Red Mask","Vajra"],"acts_visited":["Exordium","TheCity","TheBeyond"],"potions_floor_usage":[37,39,46,46,48],"damage_taken":[{"damage":3.0,"enemies":"Small Slimes","floor":1.0,"turns":3.0},{"damage":0.0,"enemies":"Jaw Worm","floor":3.0,"turns":3.0},{"damage":0.0,"enemies":"2 Louse","floor":5.0,"turns":1.0},{"damage":39.0,"enemies":"Lagavulin","floor":10.0,"turns":9.0},{"damage":6.0,"enemies":"Exordium Thugs","floor":11.0,"turns":5.0},{"damage":45.0,"enemies":"Hexaghost","floor":16.0,"turns":9.0},{"damage":7.0,"enemies":"2 Thieves","floor":18.0,"turns":3.0},{"damage":28.0,"enemies":"Spheric Guardian","floor":19.0,"turns":6.0},{"damage":12.0,"enemies":"3 Cultists","floor":22.0,"turns":3.0},{"damage":20.0,"enemies":"Centurion and Healer","floor":24.0,"turns":6.0},{"damage":49.0,"enemies":"Champ","floor":33.0,"turns":9.0},{"damage":40,"enemies":"3 Darklings","floor":35,"turns":5},{"damage":16,"enemies":"Orb Walker","floor":37,"turns":3},{"damage":22,"enemies":"4 Shapes","floor":39,"turns":6},{"damage":37,"enemies":"Writhing Mass","floor":46,"turns":5},{"damage":66,"enemies":"Spire Growth","floor":48,"turns":4}],"seed_played":"-8943716017182153286","potions_obtained":[{"floor":1.0,"key":"Block Potion"},{"floor":5.0,"key":"DuplicationPotion"},{"floor":16.0,"key":"Fire Potion"},{"floor":18.0,"key":"SneckoOil"},{"floor":24.0,"key":"Fire Potion"},{"floor":33.0,"key":"Fire Potion"},{"floor":35,"key":"Regen Potion"},{"floor":37,"key":"Block Potion"},{"floor":46,"key":"Dexterity Potion"}],"is_trial":false,"path_per_floor":["M","?","M","T","M","R","?","R","T","E","M","R","?","$","R","B",null,"M","M","?","$","M","R","M","?","T","?","R","$","?","$","R","B",null,"M","?","M","$","M","?","R","?","T","$","R","M","$","M"],"character_chosen":"IRONCLAD","items_purchased":["Orichalcum","Demon Form","SkillPotion","Fruit Juice","Enlightenment","Twin Strike","Bandage Up"],"campfire_rested":5,"item_purchase_floors":[14,14,14,21,21,29,38],"current_hp_per_floor":[80,85,85,85,85,85,78,78,78,45,45,70,63,63,85,46,85,84,62,62,62,61,88,74,74,74,74,74,74,56,56,84,41,95,61,61,51,51,54,54,82,82,82,82,82,55,55,0,0],"gold":43,"neow_bonus":"HUNDRED_GOLD","is_daily":false,"chose_seed":false,"campfire_upgraded":4,"win_rate":0.0,"timestamp":1607969948,"path_taken":["M","?","M","?","M","R","?","R","T","E","M","R","?","$","R","BOSS","M","M","?","$","M","R","?","?","T","?","R","$","?","$","R","BOSS","M","?","M","$","?","?","R","?","T","?","R","?","$","M"],"items_purchased_type":["Relic","Card","Potion","Potion","Card","Card","Card"],"build_version":"2020-12-13","purchased_purges":0,"victory":false,"max_hp_per_floor":[80,85,85,85,85,85,85,85,85,85,85,85,85,85,85,85,85,85,85,85,85,90,90,90,90,90,90,90,90,95,95,95,95,95,95,95,95,95,95,95,95,95,95,95,95,95,95,95,95],"card_choices":[{"not_picked":["Headbutt","Sever Soul"],"picked":"Whirlwind","floor":1.0},{"not_picked":["Dark Embrace","Pommel Strike"],"picked":"Uppercut","floor":3.0},{"not_picked":["Evolve","Infernal Blade"],"picked":"Sentinel","floor":5.0},{"not_picked":["Blood for Blood","Heavy Blade"],"picked":"Flex","floor":10.0},{"not_picked":["Power Through","Ghostly Armor"],"picked":"Flex","floor":11.0},{"not_picked":["Corruption","Fiend Fire"],"picked":"Demon Form","floor":16.0},{"not_picked":["Clash+1","Twin Strike+1"],"picked":"Cleave+1","floor":18.0},{"not_picked":["Armaments","Perfected Strike+1"],"picked":"Heavy Blade","floor":19.0},{"not_picked":["Havoc","True Grit"],"picked":"Barricade","floor":22.0},{"not_picked":["Entrench","Anger+1"],"picked":"Warcry","floor":24.0},{"not_picked":["Berserk","Corruption"],"picked":"Bludgeon","floor":33.0},{"not_picked":["Metallicize+1","Thunderclap+1"],"picked":"Body Slam+1","floor":35},{"not_picked":["Iron Wave","Body Slam"],"picked":"True Grit+1","floor":37},{"not_picked":["Burning Pact+1","Clash+1"],"picked":"Inflame","floor":39},{"not_picked":["Thunderclap","Rampage"],"picked":"Bloodletting+1","floor":46}],"player_experience":4900131,"relics_obtained":[{"floor":9.0,"key":"Gremlin Horn"},{"floor":10.0,"key":"Turnip"},{"floor":26.0,"key":"War Paint"},{"floor":43,"key":"Vajra"}],"event_choices":[{"damage_healed":0.0,"max_hp_gain":5.0,"max_hp_loss":0.0,"gold_gain":0.0,"event_name":"Big Fish","player_choice":"Donut","floor":2.0,"gold_loss":0.0,"damage_taken":0.0},{"cards_removed":["Strike_R"],"damage_healed":0.0,"max_hp_gain":0.0,"max_hp_loss":0.0,"gold_gain":0.0,"event_name":"Golden Wing","player_choice":"Card Removal","floor":7.0,"gold_loss":0.0,"damage_taken":7.0},{"damage_healed":0.0,"max_hp_gain":0.0,"max_hp_loss":0.0,"gold_gain":0.0,"event_name":"Scrap Ooze","player_choice":"Success","floor":13.0,"gold_loss":0.0,"damage_taken":7.0,"relics_obtained":["Omamori"]},{"damage_healed":0.0,"max_hp_gain":0.0,"max_hp_loss":0.0,"gold_gain":100.0,"event_name":"The Joust","player_choice":"Bet on Murderer","floor":20.0,"gold_loss":50.0,"damage_taken":0.0},{"damage_healed":0.0,"max_hp_gain":0.0,"max_hp_loss":0.0,"gold_gain":0.0,"event_name":"Cursed Tome","player_choice":"Ignored","floor":25.0,"gold_loss":0.0,"damage_taken":0.0},{"damage_healed":0.0,"max_hp_gain":0.0,"max_hp_loss":0.0,"gold_gain":0.0,"event_name":"Addict","player_choice":"Stole Relic","floor":27.0,"gold_loss":0.0,"damage_taken":0.0,"relics_obtained":["Pen Nib"],"cards_obtained":["Shame"]},{"damage_healed":0.0,"max_hp_gain":5.0,"max_hp_loss":0.0,"gold_gain":0.0,"event_name":"Forgotten Altar","player_choice":"Shed Blood","floor":30.0,"gold_loss":0.0,"damage_taken":23.0},{"damage_healed":0,"gold_gain":0,"player_choice":"Rummage","damage_taken":0,"relics_obtained":["WarpedTongs"],"max_hp_gain":0,"max_hp_loss":0,"event_name":"Accursed Blacksmith","floor":36,"gold_loss":0,"cards_obtained":["Pain"]},{"damage_healed":0,"gold_gain":0,"player_choice":"Paid","damage_taken":0,"relics_obtained":["Red Mask"],"max_hp_gain":0,"max_hp_loss":0,"event_name":"Tomb of Lord Red Mask","floor":40,"gold_loss":50},{"damage_healed":0,"gold_gain":0,"player_choice":"Ignored","damage_taken":0,"max_hp_gain":0,"max_hp_loss":0,"event_name":"Mysterious Sphere","floor":42,"gold_loss":0}],"is_beta":false,"boss_relics":[{"not_picked":["Snecko Eye","Cursed Key"],"picked":"SlaversCollar"},{"not_picked":["Mark of Pain","Sozu"],"picked":"Black Star"}],"items_purged_floors":[],"is_endless":false,"potions_floor_spawned":[1,5,16,18,24,33,35,37,46],"killed_by":"Spire Growth","ascension_level":0}}