{"host":"97bfbul5vt0mksxl","time":1607968108,"event":{"mods":["BaseMod","Colored Powertips","Highlight Path","Infinite Spire","Minty Spire (QoL Compilation)","Replay The Spire","Shop Mod","StSLib","SuperFastMode"],"gold_per_floor":[10,10,26,26,26,26,67,85,85,124,124,138,138,138,138,262,262,286,286,302,3,3,3,38,38,38,38,74,87,12,35,35,193,193,211,277,277,277],"floor_reached":37,"playtime":1753,"items_purged":[],"score":490,"play_id":"c57346df-e214-4a1d-bc4a-4861add1db6b","local_time":"20201214144828","is_ascension_mode":false,"campfire_choices":[{"floor":6,"key":"REST"},{"data":"infinitespire:Punishment","floor":11,"key":"SMITH"},{"data":"DevaForm","floor":15,"key":"SMITH"},{"data":"Alpha","floor":23,"key":"SMITH"},{"data":"ReplayTheSpireMod:Brewmster","floor":25,"key":"SMITH"},{"floor":32,"key":"REST"}],"circlet_count":0,"master_deck":["Defend_P","Defend_P","Defend_P","Defend_P","Eruption","Vigilance","DevaForm+1","FollowUp","Consecrate","infinitespire:Punishment+1","Alpha+1","JustLucky","Weave","PathToVictory","MasterReality","LikeWater","Bite","Bite","Bite","Bite","Bite","JustLucky","ReplayTheSpireMod:Brewmster+1","Perseverance","Alpha","Replay:Hum+1","Parasite","Zap","DeusExMachina","Replay:Bootleg Shield Generator","ReplayTheSpireMod:Chaos Vortex","EmptyFist+1","Prostrate+1"],"relics":["PureWater","infinitespire:CheckeredPen","Golden Idol","Mercury Hourglass","Replay:Bottled Flurry","ReplayTheSpireMod:TigerMarble","VioletLotus","MerchantsRug","MutagenicStrength","Durian","HornCleat","ReplayTheSpireMod:Ring of Challenge","Ring of Searing","infinitespire:PuzzleCube","ReplayTheSpireMod:SealedPack"],"acts_visited":["Exordium","TheCity","TheBeyond"],"potions_floor_usage":[33,33,33,33,37],"damage_taken":[{"damage":5,"enemies":"Jaw Worm","floor":1,"turns":5},{"damage":7,"enemies":"2 Louse","floor":3,"turns":3},{"damage":10,"enemies":"3 Sentries","floor":7,"turns":5},{"damage":0,"enemies":"Small Slimes","floor":8,"turns":2},{"damage":18,"enemies":"Replay:BlueRogue","floor":10,"turns":4},{"damage":0,"enemies":"Exordium Wildlife","floor":12,"turns":2},{"damage":0,"enemies":"Slime Boss","floor":16,"turns":4},{"damage":20,"enemies":"2 Thieves","floor":18,"turns":3},{"damage":0,"enemies":"Chosen","floor":20,"turns":4},{"damage":18,"enemies":"Gremlin Leader","floor":24,"turns":3},{"damage":22,"enemies":"Slavers","floor":28,"turns":3},{"damage":0,"enemies":"Snecko","floor":29,"turns":4},{"damage":15,"enemies":"Shelled Parasite and Fungi","floor":31,"turns":3},{"damage":29,"enemies":"Champ","floor":33,"turns":6},{"damage":18,"enemies":"3 Shapes","floor":35,"turns":5},{"damage":30,"enemies":"Orb Walker","floor":36,"turns":4},{"damage":33,"enemies":"Writhing Mass","floor":37,"turns":3}],"seed_played":"-1318524596729195298","potions_obtained":[{"floor":3,"key":"Languid Potion"},{"floor":10,"key":"Weak Potion"},{"floor":12,"key":"BlessingOfTheForge"},{"floor":24,"key":"Block Potion"}],"is_trial":false,"path_per_floor":["M","?","M","?","?","R","E","M","T","E","R","M","?","?","R","B",null,"M","?","M","$","?","R","E","R","T","?","E","M","?","M","R","B",null,"M","M","M"],"character_chosen":"WATCHER","items_purchased":["MerchantsRug","ReplayTheSpireMod:Brewmster"],"campfire_rested":2,"item_purchase_floors":[21,21],"current_hp_per_floor":[67,64,57,57,39,60,50,50,50,32,32,32,32,37,37,37,77,57,53,53,53,53,53,40,40,40,40,20,35,35,22,39,19,58,42,18,0,0],"gold":277,"neow_bonus":"THREE_RARE_CARDS","is_daily":false,"chose_seed":false,"campfire_upgraded":4,"win_rate":0.0,"timestamp":1607968108,"path_taken":["M","?","M","?","?","R","E","M","T","E","R","?","?","?","R","BOSS","M","?","M","$","?","R","E","R","T","?","E","M","?","?","R","BOSS","M","?","M"],"items_purchased_type":["Relic","Card"],"build_version":"2020-12-13","purchased_purges":0,"victory":false,"max_hp_per_floor":[72,72,72,72,72,72,72,72,72,72,72,72,72,77,77,77,77,77,53,53,53,53,53,58,58,58,58,58,58,58,58,58,58,58,58,58,58,58],"card_choices":[{"not_picked":["DeusExMachina","ConjureBlade"],"picked":"DevaForm","floor":0},{"not_picked":["CrushJoints","SignatureMove"],"picked":"FollowUp","floor":1},{"not_picked":["Replay:BluntJabs","CutThroughFate"],"picked":"Consecrate","floor":3},{"not_picked":["ReplayTheSpireMod:Echoes of Time","ReplayTheSpireMod:Chaos Vortex"],"picked":"infinitespire:Punishment","floor":5},{"not_picked":["FlurryOfBlows","ForeignInfluence"],"picked":"Alpha","floor":7},{"not_picked":["FlyingSleeves","FlurryOfBlows"],"picked":"JustLucky","floor":8},{"not_picked":["Replay:BluntJabs","Protect"],"picked":"Weave","floor":10},{"not_picked":["Replay:ManipulateFuture","EmptyFist"],"picked":"PathToVictory","floor":12},{"not_picked":["Scrawl","Blasphemy"],"picked":"MasterReality","floor":16},{"not_picked":["Replay:AtTheReady+1","Meditate"],"picked":"LikeWater","floor":18},{"not_picked":["CutThroughFate","Evaluate"],"picked":"JustLucky","floor":20},{"not_picked":["Replay:ManipulateFuture+1","MentalFortress"],"picked":"Perseverance","floor":24},{"not_picked":["Halt+1","Replay:AtTheReady"],"picked":"Alpha","floor":28},{"not_picked":["EmptyFist","MentalFortress+1"],"picked":"Replay:Hum+1","floor":29},{"not_picked":["Protect","WreathOfFlame","Replay:Vibes"],"picked":"SKIP","floor":31},{"not_picked":["Survivor","Vigilance"],"picked":"Zap","floor":34},{"not_picked":["Blasphemy","Establishment"],"picked":"DeusExMachina","floor":34},{"not_picked":["Replay:Sssssssssshield","ReplayTheSpireMod:Private Reserves"],"picked":"Replay:Bootleg Shield Generator","floor":34},{"not_picked":["infinitespire:NeuralNetwork","infinitespire:Collect"],"picked":"ReplayTheSpireMod:Chaos Vortex","floor":34},{"not_picked":["CrushJoints","Replay:Vibes+1"],"picked":"EmptyFist+1","floor":35},{"not_picked":["CarveReality+1","Protect+1"],"picked":"Prostrate+1","floor":36}],"player_experience":147572,"relics_obtained":[{"floor":7,"key":"Mercury Hourglass"},{"floor":9,"key":"Replay:Bottled Flurry"},{"floor":10,"key":"ReplayTheSpireMod:TigerMarble"},{"floor":24,"key":"Durian"},{"floor":26,"key":"HornCleat"},{"floor":27,"key":"ReplayTheSpireMod:Ring of Challenge"},{"floor":27,"key":"Ring of Searing"},{"floor":28,"key":"infinitespire:PuzzleCube"}],"event_choices":[{"damage_healed":0,"gold_gain":0,"player_choice":"Success","damage_taken":3,"relics_obtained":["infinitespire:CheckeredPen"],"max_hp_gain":0,"max_hp_loss":0,"event_name":"Scrap Ooze","floor":2,"gold_loss":0},{"damage_healed":0,"gold_gain":0,"player_choice":"Take Wound","damage_taken":0,"relics_obtained":["Golden Idol"],"max_hp_gain":0,"max_hp_loss":0,"event_name":"Golden Idol","floor":4,"gold_loss":0,"cards_obtained":["Injury"]},{"damage_healed":0,"gold_gain":0,"player_choice":"Donut","damage_taken":0,"max_hp_gain":5,"max_hp_loss":0,"event_name":"Big Fish","floor":14,"gold_loss":0},{"damage_healed":0,"gold_gain":0,"player_choice":"Became a vampire","damage_taken":0,"max_hp_gain":0,"max_hp_loss":24,"event_name":"Vampires","floor":19,"gold_loss":0,"cards_obtained":["Bite","Bite","Bite","Bite","Bite"]},{"damage_healed":0,"gold_gain":0,"player_choice":"Inject Mutagens","damage_taken":0,"relics_obtained":["MutagenicStrength"],"max_hp_gain":0,"max_hp_loss":0,"event_name":"Drug Dealer","floor":22,"gold_loss":0},{"cards_removed":["Overencumbered"],"damage_healed":0,"gold_gain":0,"player_choice":"Gave Gold","damage_taken":0,"max_hp_gain":0,"max_hp_loss":0,"event_name":"Beggar","floor":30,"gold_loss":75}],"is_beta":false,"boss_relics":[{"not_picked":["ChewingGum","Runic Pyramid"],"picked":"VioletLotus"},{"not_picked":["Runic Dome","ReplayTheSpireMod:DimensionalGlitch"],"picked":"ReplayTheSpireMod:SealedPack"}],"items_purged_floors":[],"is_endless":false,"potions_floor_spawned":[3,10,12,20,24,36],"killed_by":"Writhing Mass","ascension_level":0}}