{"host":"qyjrmrr57odine7m","time":1607939822,"event":{"mods":["AchievementEnabler","BaseMod","Bestiary","Block Reminder","Card Forge","Highlight Path","Minty Spire (QoL Compilation)","StSLib"],"gold_per_floor":[118,50,69,89,107,134,145,178,204,204,220,240,254,268,268,367,367,382,402,254,271,289,314,314,331,331,364,364,382,395,414,414,514,514,532,542,557,329,329,356,132,149,149,160,188,202,219,239,239,239],"floor_reached":51,"playtime":2630,"items_purged":[],"score":1075,"play_id":"bb481472-288d-48fd-8bc2-8017b1265ca5","local_time":"20201214095702","is_ascension_mode":false,"campfire_choices":[{"floor":15.0,"key":"REST"},{"floor":24,"key":"REST"},{"floor":32,"key":"REST"},{"floor":49,"key":"REST"}],"circlet_count":0,"master_deck":["Defend_G+1","Defend_G+1","Survivor+1","Sadistic Nature+1","Well Laid Plans+1","Blur+1","Bouncing Flask+1","Noxious Fumes+1","Deadly Poison+1","Blur+1","Caltrops+1","Footwork+1","PiercingWail+1","Bouncing Flask+1","Footwork+1"],"relics":["Ring of the Snake","Hammer of Thor","Seething Fire","Anvil of the Gods","Orichalcum","Torii","Regal Pillow","Busted Crown","Membership Card","Strawberry","Molten Egg 2","Snake Skull","WarpedTongs","Fusion Hammer","Medical Kit","PreservedInsect","Blood Vial","TwistedFunnel","Mercury Hourglass","Calipers","Shuriken"],"acts_visited":["Exordium","TheCity","TheBeyond"],"potions_floor_usage":[23,30,36,50,50,50],"damage_taken":[{"damage":0.0,"enemies":"2 Louse","floor":1.0,"turns":2.0},{"damage":0.0,"enemies":"Small Slimes","floor":3.0,"turns":3.0},{"damage":0.0,"enemies":"Cultist","floor":4.0,"turns":3.0},{"damage":0.0,"enemies":"Exordium Wildlife","floor":5.0,"turns":3.0},{"damage":19.0,"enemies":"Gremlin Nob","floor":6.0,"turns":4.0},{"damage":0.0,"enemies":"Gremlin Gang","floor":7.0,"turns":4.0},{"damage":0.0,"enemies":"3 Sentries","floor":8.0,"turns":4.0},{"damage":0.0,"enemies":"Large Slime","floor":11.0,"turns":2.0},{"damage":0.0,"enemies":"3 Louse","floor":12.0,"turns":3.0},{"damage":0.0,"enemies":"Lots of Slimes","floor":13.0,"turns":3.0},{"damage":0.0,"enemies":"Looter","floor":14.0,"turns":1.0},{"damage":0.0,"enemies":"The Guardian","floor":16.0,"turns":6.0},{"damage":1,"enemies":"2 Thieves","floor":18,"turns":3},{"damage":0,"enemies":"3 Byrds","floor":19,"turns":2},{"damage":0,"enemies":"Centurion and Healer","floor":21,"turns":4},{"damage":0,"enemies":"Cultist and Chosen","floor":22,"turns":4},{"damage":30,"enemies":"Slavers","floor":23,"turns":4},{"damage":0,"enemies":"Snecko","floor":25,"turns":3},{"damage":0,"enemies":"Book of Stabbing","floor":27,"turns":5},{"damage":0,"enemies":"Centurion and Healer","floor":29,"turns":5},{"damage":0,"enemies":"Shelled Parasite and Fungi","floor":30,"turns":4},{"damage":0,"enemies":"Snake Plant","floor":31,"turns":3},{"damage":0,"enemies":"Collector","floor":33,"turns":6},{"damage":0,"enemies":"3 Shapes","floor":35,"turns":3},{"damage":0,"enemies":"3 Darklings","floor":36,"turns":3},{"damage":0,"enemies":"Spire Growth","floor":37,"turns":4},{"damage":25,"enemies":"Reptomancer","floor":40,"turns":5},{"damage":1,"enemies":"Writhing Mass","floor":42,"turns":4},{"damage":0,"enemies":"Jaw Worm Horde","floor":44,"turns":3},{"damage":0,"enemies":"Nemesis","floor":45,"turns":5},{"damage":0,"enemies":"Spire Growth","floor":46,"turns":3},{"damage":0,"enemies":"Transient","floor":47,"turns":5},{"damage":0,"enemies":"Maw","floor":48,"turns":4},{"damage":0,"enemies":"Donu and Deca","floor":50,"turns":7}],"seed_played":"-2865419802309106890","potions_obtained":[{"floor":1.0,"key":"SpeedPotion"},{"floor":4.0,"key":"DuplicationPotion"},{"floor":11.0,"key":"Energy Potion"},{"floor":12.0,"key":"AttackPotion"},{"floor":14.0,"key":"Explosive Potion"},{"floor":18,"key":"EssenceOfSteel"},{"floor":22,"key":"GhostInAJar"},{"floor":23,"key":"Weak Potion"},{"floor":30,"key":"Block Potion"},{"floor":36,"key":"LiquidBronze"},{"floor":47,"key":"GhostInAJar"}],"is_trial":false,"path_per_floor":["M","$","M","M","M","E","M","E","T","?","M","M","M","M","R","B",null,"M","M","$","M","M","E","R","M","T","E","?","M","M","M","R","B",null,"M","M","M","$","?","E","$","M","T","M","E","M","M","M","R","B",null],"character_chosen":"THE_SILENT","items_purchased":["Well Laid Plans","Membership Card","Medical Kit","PreservedInsect","LiquidBronze","Caltrops","TwistedFunnel","Mercury Hourglass","Footwork"],"campfire_rested":4,"item_purchase_floors":[2,20,38,38,38,38,41,41,41],"current_hp_per_floor":[70,70,70,70,70,51,51,51,51,51,51,51,51,51,70,70,70,69,69,69,69,69,46,77,77,77,77,77,77,77,77,77,77,77,77,77,77,77,77,52,52,53,53,55,57,59,61,63,77,77],"gold":239,"neow_bonus":"RANDOM_COLORLESS_2","is_daily":false,"chose_seed":false,"campfire_upgraded":0,"win_rate":0.0,"timestamp":1607939822,"path_taken":["M","$","M","M","M","E","M","E","T","?","M","M","M","M","R","BOSS","M","M","$","M","M","E","R","M","T","E","?","M","M","M","R","BOSS","M","?","M","$","?","E","$","M","T","M","E","?","M","M","R","BOSS"],"items_purchased_type":["Card","Relic","Relic","Relic","Potion","Card","Relic","Relic","Card"],"build_version":"2020-12-13","purchased_purges":0,"victory":true,"max_hp_per_floor":[70,70,70,70,70,70,70,70,70,70,70,70,70,70,70,70,70,70,70,70,70,70,77,77,77,77,77,77,77,77,77,77,77,77,77,77,77,77,77,77,77,77,77,77,77,77,77,77,77,77],"card_choices":[{"not_picked":["Metamorphosis","Apotheosis"],"picked":"Sadistic Nature","floor":0.0},{"not_picked":["Infinite Blades","Catalyst","Accuracy"],"picked":"SKIP","floor":1.0},{"not_picked":["Outmaneuver","Bouncing Flask"],"picked":"Dagger Spray","floor":3.0},{"not_picked":["Prepared","Concentrate"],"picked":"Blur","floor":4.0},{"not_picked":["Escape Plan","Bane"],"picked":"Quick Slash","floor":5.0},{"not_picked":["Expertise","Masterful Stab"],"picked":"Bouncing Flask","floor":6.0},{"not_picked":["Dagger Throw","Cloak And Dagger"],"picked":"Noxious Fumes","floor":7.0},{"not_picked":["Outmaneuver","Tactician","Bane"],"picked":"SKIP","floor":8.0},{"not_picked":["Blade Dance","PiercingWail"],"picked":"Deadly Poison","floor":11.0},{"not_picked":["Doppelganger","Slice","Blade Dance"],"picked":"SKIP","floor":12.0},{"not_picked":["Dodge and Roll","Phantasmal Killer","Dagger Throw"],"picked":"SKIP","floor":13.0},{"not_picked":["Cloak And Dagger","Backstab","Dodge and Roll"],"picked":"SKIP","floor":14.0},{"not_picked":[],"picked":"Dagger Spray+1","floor":18},{"not_picked":["Well Laid Plans"],"picked":"SKIP","floor":19},{"not_picked":["Well Laid Plans"],"picked":"SKIP","floor":21},{"not_picked":["Deflect+1"],"picked":"SKIP","floor":22},{"not_picked":["Accuracy+1"],"picked":"SKIP","floor":23},{"not_picked":[],"picked":"Blur","floor":25},{"not_picked":["Terror"],"picked":"SKIP","floor":27},{"not_picked":["Dash+1"],"picked":"SKIP","floor":29},{"not_picked":["Catalyst"],"picked":"SKIP","floor":30},{"not_picked":["Slice+1"],"picked":"SKIP","floor":31},{"not_picked":[],"picked":"Poisoned Stab+1","floor":35},{"not_picked":["Backflip"],"picked":"SKIP","floor":36},{"not_picked":["Accuracy"],"picked":"SKIP","floor":37},{"not_picked":["Concentrate"],"picked":"SKIP","floor":40},{"not_picked":["Underhanded Strike+1"],"picked":"SKIP","floor":42},{"not_picked":["PiercingWail+1"],"picked":"SKIP","floor":44},{"not_picked":[],"picked":"PiercingWail+1","floor":44},{"not_picked":[],"picked":"Bouncing Flask+1","floor":45},{"not_picked":[],"picked":"Footwork","floor":46},{"not_picked":["Flying Knee+1"],"picked":"SKIP","floor":47},{"not_picked":["Distraction"],"picked":"SKIP","floor":48}],"player_experience":1144475,"relics_obtained":[{"floor":6.0,"key":"Orichalcum"},{"floor":8.0,"key":"Torii"},{"floor":9.0,"key":"Regal Pillow"},{"floor":23,"key":"Strawberry"},{"floor":26,"key":"Molten Egg 2"},{"floor":27,"key":"Snake Skull"},{"floor":40,"key":"Blood Vial"},{"floor":43,"key":"Calipers"},{"floor":45,"key":"Shuriken"}],"event_choices":[{"damage_healed":0.0,"max_hp_gain":0.0,"max_hp_loss":0.0,"gold_gain":0.0,"event_name":"Shining Light","player_choice":"Ignored","floor":10.0,"gold_loss":0.0,"damage_taken":0.0},{"damage_healed":0,"gold_gain":0,"player_choice":"Rummage","damage_taken":0,"relics_obtained":["WarpedTongs"],"max_hp_gain":0,"max_hp_loss":0,"event_name":"Accursed Blacksmith","floor":28,"gold_loss":0,"cards_obtained":["Pain"]},{"damage_healed":0,"gold_gain":0,"player_choice":"Bought 0 Potions","damage_taken":0,"max_hp_gain":0,"max_hp_loss":0,"event_name":"The Woman in Blue","floor":39,"gold_loss":0}],"is_beta":false,"boss_relics":[{"not_picked":["Philosopher\u0027s Stone","SlaversCollar"],"picked":"Busted Crown"},{"not_picked":["Runic Pyramid","Runic Dome"],"picked":"Fusion Hammer"}],"items_purged_floors":[],"is_endless":false,"potions_floor_spawned":[1,4,11,12,14,16,18,22,23,25,30,33,35,36,46,47,48],"ascension_level":0}}