{"host":"kh6fvhxn285ncg0o","time":1607970163,"event":{"mods":["Act Like it!","BaseMod","Colored Map","Friendly Minions","Keyboard Shortcuts","Minty Spire (QoL Compilation)","Quick Restart","Relic Stats","StSLib","SuperFastMode"],"gold_per_floor":[111,36,36,36,52,84,100,135,135,147,222,222,257,157,157,230,230,247,267,301,226,54,87,87,87,112,112,129,147,180,180,180,256,256,268,284,301,301,301,301,330,344,344,344,391,391,414,424,424,424,424],"floor_reached":50,"playtime":1138,"items_purged":["Strike_R","Pain"],"score":1277,"play_id":"f63ebaca-afe0-413a-bf37-6c6b4bae4075","local_time":"20201215032243","is_ascension_mode":true,"campfire_choices":[{"data":"Hemokinesis","floor":12.0,"key":"SMITH"},{"data":"Bash","floor":15.0,"key":"SMITH"},{"floor":25.0,"key":"REST"},{"data":"Pommel Strike","floor":27.0,"key":"SMITH"},{"data":"Dark Embrace","floor":32.0,"key":"SMITH"},{"data":"Flash of Steel","floor":40,"key":"SMITH"},{"data":"Feel No Pain","floor":44,"key":"SMITH"},{"floor":46,"key":"RECALL"},{"data":"Barricade","floor":49,"key":"SMITH"}],"circlet_count":0,"master_deck":["AscendersBane","Strike_R","Strike_R+1","Strike_R","Defend_R","Defend_R","Defend_R","Defend_R+1","Bash+1","Body Slam+1","Hemokinesis+1","Warcry+1","Battle Trance+1","Double Tap+1","True Grit+1","Pummel+1","Pommel Strike+1","Dark Embrace+1","Seeing Red+1","Feed","Decay","Barricade+1","Sentinel+1","Dual Wield+1","Deep Breath+1","Flash of Steel+1","Bandage Up+1","Feel No Pain+1"],"relics":["Burning Blood","NeowsBlessing","WarpedTongs","Red Skull","Toxic Egg 2","Toy Ornithopter","Shuriken","Philosopher\u0027s Stone","Red Mask","Bag of Marbles","Dream Catcher","Smiling Mask","Paper Frog","Coffee Dripper","Mummified Hand","Mango","CeramicFish"],"acts_visited":["Exordium","TheCity","TheBeyond"],"potions_floor_usage":[37,41],"damage_taken":[{"damage":0.0,"enemies":"Small Slimes","floor":1.0,"turns":1.0},{"damage":0.0,"enemies":"2 Louse","floor":5.0,"turns":1.0},{"damage":1.0,"enemies":"3 Sentries","floor":6.0,"turns":2.0},{"damage":6.0,"enemies":"Cultist","floor":7.0,"turns":3.0},{"damage":15.0,"enemies":"Gremlin Nob","floor":8.0,"turns":3.0},{"damage":5.0,"enemies":"Looter","floor":10.0,"turns":2.0},{"damage":16.0,"enemies":"3 Sentries","floor":13.0,"turns":6.0},{"damage":21.0,"enemies":"The Guardian","floor":16.0,"turns":11.0},{"damage":23.0,"enemies":"Shell Parasite","floor":18.0,"turns":3.0},{"damage":2.0,"enemies":"Chosen","floor":19.0,"turns":2.0},{"damage":23.0,"enemies":"Masked Bandits","floor":20.0,"turns":3.0},{"damage":13.0,"enemies":"Slavers","floor":23.0,"turns":3.0},{"damage":2.0,"enemies":"3 Cultists","floor":28.0,"turns":3.0},{"damage":3.0,"enemies":"Cultist and Chosen","floor":29.0,"turns":4.0},{"damage":2.0,"enemies":"Gremlin Leader","floor":30.0,"turns":3.0},{"damage":60.0,"enemies":"Collector","floor":33.0,"turns":4.0},{"damage":2.0,"enemies":"3 Shapes","floor":35.0,"turns":6.0},{"damage":2.0,"enemies":"Orb Walker","floor":36.0,"turns":3.0},{"damage":0,"enemies":"Transient","floor":37,"turns":6},{"damage":14,"enemies":"Reptomancer","floor":41,"turns":3},{"damage":6,"enemies":"Sphere and 2 Shapes","floor":42,"turns":3},{"damage":54,"enemies":"2 Orb Walkers","floor":45,"turns":4},{"damage":30,"enemies":"3 Darklings","floor":48,"turns":6},{"damage":44,"enemies":"Donu and Deca","floor":50,"turns":3}],"seed_played":"7644863174877992254","potions_obtained":[{"floor":6.0,"key":"SneckoOil"},{"floor":10.0,"key":"Fire Potion"},{"floor":13.0,"key":"Strength Potion"},{"floor":18.0,"key":"SteroidPotion"},{"floor":20.0,"key":"FearPotion"},{"floor":23.0,"key":"Dexterity Potion"},{"floor":35.0,"key":"Ancient Potion"},{"floor":37,"key":"PowerPotion"}],"is_trial":false,"path_per_floor":["M","$","?","?","M","E","M","E","T","M","?","R","E","$","R","B",null,"M","M","?","?","$","E","?","R","T","R","M","M","E","?","R","B",null,"M","M","M","?","?","R","E","M","T","R","?","R","T","M","R","B"],"character_chosen":"IRONCLAD","items_purchased":["Bag of Marbles"],"campfire_rested":1,"item_purchase_floors":[22],"current_hp_per_floor":[74,74,51,51,57,62,62,53,53,54,43,43,33,33,33,23,62,45,49,37,37,37,35,35,57,57,57,61,64,68,68,68,19,61,69,76,82,72,72,72,75,81,81,81,53,53,53,39,39,0,0],"gold":424,"neow_bonus":"THREE_ENEMY_KILL","is_daily":false,"chose_seed":false,"campfire_upgraded":7,"win_rate":0.0,"timestamp":1607970163,"path_taken":["M","$","?","?","M","E","?","E","T","M","?","R","E","$","R","BOSS","M","M","?","?","$","E","?","R","T","R","?","M","E","?","R","BOSS","M","?","M","?","?","R","E","M","T","R","?","R","?","M","R","BOSS"],"items_purchased_type":["Relic"],"build_version":"2020-12-13","purchased_purges":2,"victory":false,"max_hp_per_floor":[75,75,75,75,75,75,75,75,75,75,75,75,75,75,75,75,75,75,75,75,75,75,75,75,75,75,75,75,75,75,75,75,75,75,79,82,82,82,78,78,78,81,81,81,95,95,95,99,99,99,99],"relic_stats":{"Dream Catcher":1,"counters":[24,88],"Shuriken":[49],"Mummified Hand":[6],"CeramicFish":0,"Smiling Mask":0,"obtain_stats":[{"NeowsBlessing":0,"CeramicFish":47,"Mango":45,"Smiling Mask":26,"Burning Blood":0,"WarpedTongs":4,"Dream Catcher":23,"Shuriken":13,"Mummified Hand":41,"Philosopher\u0027s Stone":17,"Red Mask":20,"Bag of Marbles":22,"Coffee Dripper":34,"Toxic Egg 2":8,"Red Skull":6,"Toy Ornithopter":9,"Paper Frog":30},{"NeowsBlessing":0,"CeramicFish":22,"Mango":22,"Smiling Mask":12,"Burning Blood":0,"WarpedTongs":1,"Dream Catcher":12,"Shuriken":7,"Mummified Hand":20,"Philosopher\u0027s Stone":8,"Red Mask":11,"Bag of Marbles":11,"Coffee Dripper":16,"Toxic Egg 2":5,"Red Skull":3,"Toy Ornithopter":5,"Paper Frog":15},{"NeowsBlessing":0,"CeramicFish":79,"Mango":79,"Smiling Mask":40,"Burning Blood":0,"WarpedTongs":1,"Dream Catcher":40,"Shuriken":18,"Mummified Hand":72,"Philosopher\u0027s Stone":29,"Red Mask":37,"Bag of Marbles":37,"Coffee Dripper":54,"Toxic Egg 2":10,"Red Skull":4,"Toy Ornithopter":10,"Paper Frog":50}],"Burning Blood":133,"Toy Ornithopter":30,"WarpedTongs":[71]},"card_choices":[{"not_picked":["Armaments","Ghostly Armor"],"picked":"Body Slam","floor":1.0},{"not_picked":["Wild Strike","Headbutt"],"picked":"Hemokinesis","floor":5.0},{"not_picked":["Body Slam","Havoc","True Grit"],"picked":"SKIP","floor":6.0},{"not_picked":["Armaments","Sword Boomerang","Clothesline"],"picked":"SKIP","floor":7.0},{"not_picked":["Clothesline","Havoc+1","Reckless Charge"],"picked":"SKIP","floor":8.0},{"not_picked":["Rupture","Twin Strike"],"picked":"Warcry+1","floor":10.0},{"not_picked":["Hemokinesis","Immolate"],"picked":"Battle Trance+1","floor":13.0},{"not_picked":["Corruption","Demon Form"],"picked":"Double Tap+1","floor":16.0},{"not_picked":["Thunderclap","Infernal Blade+1","Twin Strike"],"picked":"SKIP","floor":18.0},{"not_picked":["Headbutt","Reckless Charge+1"],"picked":"True Grit+1","floor":19.0},{"not_picked":["Warcry+1","Twin Strike"],"picked":"Pummel+1","floor":23.0},{"not_picked":["Sever Soul","Body Slam"],"picked":"Pommel Strike","floor":25.0},{"not_picked":["Uppercut","Pummel"],"picked":"Dark Embrace","floor":28.0},{"not_picked":["Shrug It Off+1","Armaments+1"],"picked":"Seeing Red+1","floor":29.0},{"not_picked":["Shockwave+1","Pommel Strike"],"picked":"Feed","floor":30.0},{"not_picked":["Demon Form","Impervious+1"],"picked":"Barricade","floor":33.0},{"not_picked":["Pommel Strike","Body Slam","Infernal Blade+1"],"picked":"SKIP","floor":35.0},{"not_picked":["Inflame+1","Clash"],"picked":"Sentinel+1","floor":36.0},{"not_picked":["Clash","Clothesline"],"picked":"Dual Wield+1","floor":37},{"not_picked":["Bandage Up+1","Metamorphosis+1"],"picked":"Deep Breath+1","floor":38},{"not_picked":["Apotheosis+1","HandOfGreed"],"picked":"Flash of Steel","floor":38},{"not_picked":["Panacea+1","Mind Blast"],"picked":"Bandage Up+1","floor":38},{"not_picked":["Thunderclap","Cleave","Dropkick+1"],"picked":"SKIP","floor":41},{"not_picked":["Intimidate+1","Whirlwind"],"picked":"Feel No Pain","floor":42},{"not_picked":["Armaments+1","Thunderclap","Flex+1"],"picked":"SKIP","floor":48}],"player_experience":3163933,"relics_obtained":[{"floor":6.0,"key":"Red Skull"},{"floor":8.0,"key":"Toxic Egg 2"},{"floor":9.0,"key":"Toy Ornithopter"},{"floor":13.0,"key":"Shuriken"},{"floor":20.0,"key":"Red Mask"},{"floor":23.0,"key":"Dream Catcher"},{"floor":26.0,"key":"Smiling Mask"},{"floor":30.0,"key":"Paper Frog"},{"floor":41,"key":"Mummified Hand"},{"floor":45,"key":"Mango"},{"floor":47,"key":"CeramicFish"}],"event_choices":[{"damage_healed":0.0,"max_hp_gain":0.0,"max_hp_loss":0.0,"gold_gain":0.0,"event_name":"Shining Light","player_choice":"Entered Light","floor":3.0,"gold_loss":0.0,"damage_taken":23.0,"cards_upgraded":["Strike_R","Body Slam"]},{"damage_healed":0.0,"max_hp_gain":0.0,"max_hp_loss":0.0,"gold_gain":0.0,"event_name":"Accursed Blacksmith","player_choice":"Rummage","floor":4.0,"gold_loss":0.0,"damage_taken":0.0,"relics_obtained":["WarpedTongs"],"cards_obtained":["Pain"]},{"damage_healed":0.0,"max_hp_gain":0.0,"max_hp_loss":0.0,"gold_gain":75.0,"event_name":"World of Goop","player_choice":"Gather Gold","floor":11.0,"gold_loss":0.0,"damage_taken":11.0},{"damage_healed":0.0,"max_hp_gain":0.0,"max_hp_loss":0.0,"gold_gain":0.0,"event_name":"Masked Bandits","player_choice":"Fought Bandits","floor":20.0,"gold_loss":0.0,"damage_taken":0.0},{"cards_removed":["Strike_R"],"damage_healed":0.0,"max_hp_gain":0.0,"max_hp_loss":0.0,"gold_gain":0.0,"event_name":"Beggar","player_choice":"Gave Gold","floor":21.0,"gold_loss":75.0,"damage_taken":0.0},{"damage_healed":0.0,"max_hp_gain":0.0,"max_hp_loss":0.0,"gold_gain":0.0,"event_name":"Upgrade Shrine","player_choice":"Upgraded","floor":24.0,"gold_loss":0.0,"damage_taken":0.0,"cards_upgraded":["Defend_R"]},{"damage_healed":0.0,"max_hp_gain":0.0,"max_hp_loss":0.0,"gold_gain":0.0,"event_name":"Wheel of Change","player_choice":"Cursed","floor":31.0,"gold_loss":0.0,"damage_taken":0.0,"cards_obtained":["Decay"]},{"damage_healed":0,"gold_gain":0,"player_choice":"Memory 3","damage_taken":10,"max_hp_gain":0,"max_hp_loss":0,"event_name":"SensoryStone","floor":38,"gold_loss":0},{"damage_healed":0,"gold_gain":0,"player_choice":"Max HP","damage_taken":0,"max_hp_gain":0,"max_hp_loss":4,"event_name":"Winding Halls","floor":39,"gold_loss":0},{"damage_healed":0,"gold_gain":0,"player_choice":"Fight","damage_taken":0,"max_hp_gain":0,"max_hp_loss":0,"event_name":"Mysterious Sphere","floor":45,"gold_loss":0}],"is_beta":false,"boss_relics":[{"not_picked":["Busted Crown","Black Blood"],"picked":"Philosopher\u0027s Stone"},{"not_picked":["Cursed Key","SacredBark"],"picked":"Coffee Dripper"}],"items_purged_floors":[2,14],"is_endless":false,"potions_floor_spawned":[6,10,13,18,20,23,28,35,37],"killed_by":"Donu and Deca","ascension_level":20}}