{"host":"tst5pjz7m60hr0pr","time":1607980148,"event":{"mods":["AchievementEnabler","Act Like it!","Aspiration","Bard","BaseMod","Beaked The Cultist","Better Altar","Better Match","Better Note","Better Sensory Stone","Better Skull","Better Third Choice","BetterRewards","CCEM","Clawfect","Colored Map","Conspire","Downfall","GifTheSpireLib","Halation","Hallownest","Hermit","Highlight Path","Hubris","Infinite Spire","Jedi Mod","Marisa????????","Mimic Mod","Minty Spire (QoL Compilation)","Permanent Neow","Replay The Spire","Shade Mod","Shop Mod","Spicy Shops","StSLib","Stuff the Spire","The Administrix","The Blackbeard","The Bug Knight","The Cursed","The Disciple","The IronCluck","The Jungle","The Mystic","The Necromancer","The Problem Sleuth","The Runesmith","The Servant 0.9.4","The Spell Scribe","Unceasing Turn Reminder","everything is the same but u backflip on backflip","slay the spire mod where everything is the same but ironclad has a cowboy hat"],"gold_per_floor":[115,115,131,131,146,181,181,221,248,14,14,39,87,115,115,234,234,234,234,234,267,301,301,333,333,360,360,360,698,698,726,641,752,752,777,805,278,278,313,359,390,422,474,474,557,557,557,557,557,728,828,853,853,853,858,858,858,858,858,858,499,499,499,577,577,577,713,713,717,717,486,480,480,480,497,522,569,510,510,510,500,561,561,650,650,659,806,815,815,815,859,865,866,866,862,862,882,882,1248,1248,1320,1320,1320,1320],"floor_reached":103,"playtime":9570,"items_purged":["StuffTheSpire:CuriosityCurse"],"score":2056,"play_id":"c37919ef-7bd1-47f8-87f0-188650ee6979","local_time":"20201214150908","is_ascension_mode":false,"campfire_choices":[{"floor":7.0,"key":"REST"},{"data":"UpSweep","floor":11.0,"key":"SMITH"},{"floor":15.0,"key":"REST"},{"floor":23,"key":"REST"},{"floor":28,"key":"REST"},{"floor":30,"key":"REST"},{"floor":47,"key":"REST"},{"floor":49,"key":"REST"},{"data":"FinalSpark","floor":57,"key":"SMITH"},{"data":"SatelliteIllusion","floor":59,"key":"SMITH"},{"data":"DarkMatter","floor":63,"key":"SMITH"},{"data":"WitchOfGreed","floor":65,"key":"SMITH"},{"data":"EscapeVelocity","floor":66,"key":"SMITH"},{"data":"infinitespire:FutureSight","floor":74,"key":"SMITH"},{"floor":80,"key":"REST"},{"floor":83,"key":"REST"},{"floor":90,"key":"REST"},{"data":"OpenUniverse","floor":100,"key":"SMITH"}],"circlet_count":0,"master_deck":["MasterSpark+1","UpSweep+1","GrandCross","EnergyRecoil","PowerUp","PulseMagic+1","Acceleration","RefractionSpark","NonDirectionalLaser+1","WitchOfGreed+1","EscapeVelocity+1","AsteroidBelt+1","DoubleSpark","AbsoluteMagnitude+1","MilkyWay","PowerUp+1","EventHorizon+1","SporeBomb","DarkMatter+1","SatelliteIllusion+1","PropBag","ChargingUp","GrandCross","DarkMatter+1","SprinkleStarSeal+1","MilkyWay","IllusionStar+1","FairyDestructionRay","ManaConvection","FairyDestructionRay","OpenUniverse+1","Robbery+1","PowerUp+1","PowerUp+1","FinalSpark+1","Acceleration","Regret","MachineGunSpark","ChargeUpSpray","GasGiant","SuperPerseids","UltimateShortwave","MeteoricShower","Singularity","DeepEcoloBomb","infinitespire:FutureSight+1","MachineGunSpark","ManaConvection","Apotheosis+1","Secret Technique","GravityBeat+1","infinitespire:FutureSight","JA","ShootTheMoon","GravityBeat","ShootingEcho","MagicChant+1","OpenUniverse+1","expansioncontent:DonusPower","Chrysalis","Orbital","PowerUp+1","PowerUp+1","StarlightTyphoon","MysteriousBeam+1","Madness","Madness","FinalSpark"],"relics":["MiniHakkero","StuffTheSpire:Barrel","Juzu Bracelet","jedi:crownofsimplicity","MealTicket","Sundial","expansioncontent:StudyCardRelic","Gremlin Food","hubris:TenFootPole","Lantern","Runesmith:AutoHammer","jedi:arcanewood","halation:KoshaPiece","Pandora\u0027s Box","Blue Doll","hubris:FunFungus","Pen Nib","StuffTheSpire:ForceGauntlet","halation:LettersToHer","halation:PinkSoulGem","theSleuth:Tectrixcalibur","Replay:Baseball","Replay:Wanted Poster","StuffTheSpire:RedRose","infinitespire:BottledMercury","Matryoshka","halation:PromiseList","Replay:Fungal Core","Bronze Scales","CCEMRelics:Francisca","StuffTheSpire:GrapeVine","Vajra","SlaversCollar","CCEMRelics:SpiritsEdge","hubris:NiceRug","Incense Burner","StuffTheSpire:BottledEssence","Replay:Towering Pillar of Hats","HollowMod:PaleOreRelic","jedi:fakemustache","Potion Belt","jedi:cryingmask","Smiling Mask","Replay:WaspNest","CCEMRelics:TransientCore"],"acts_visited":["Exordium","TheCity","TheBeyond","Exordium","TheCity","TheBeyond","Exordium"],"potions_floor_usage":[21,33,35,36,39,40,42,45,50,55,72,75,76,76,82,84,84,87,87,88,91,92],"damage_taken":[{"damage":0.0,"enemies":"Small Slimes","floor":1.0,"turns":3.0},{"damage":1.0,"enemies":"Jaw Worm","floor":3.0,"turns":4.0},{"damage":0.0,"enemies":"Cultist","floor":5.0,"turns":2.0},{"damage":27.0,"enemies":"Replay:BlueRogue","floor":6.0,"turns":5.0},{"damage":2.0,"enemies":"Exordium Wildlife","floor":8.0,"turns":4.0},{"damage":7.0,"enemies":"Exordium Wildlife","floor":12.0,"turns":2.0},{"damage":27.0,"enemies":"3 Sentries","floor":13.0,"turns":3.0},{"damage":2.0,"enemies":"conspire:2 RoseBushes","floor":14.0,"turns":4.0},{"damage":18.0,"enemies":"Fading Forest","floor":16.0,"turns":11.0},{"damage":19,"enemies":"2 Thieves","floor":21,"turns":2},{"damage":21,"enemies":"conspire:FuzzyDice","floor":22,"turns":5},{"damage":1,"enemies":"Replay:Snechameleon","floor":24,"turns":5},{"damage":2,"enemies":"Cultist and Chosen","floor":31,"turns":3},{"damage":13,"enemies":"Collector","floor":33,"turns":4},{"damage":3,"enemies":"3 Darklings","floor":35,"turns":4},{"damage":5,"enemies":"3 Shapes","floor":36,"turns":2},{"damage":15,"enemies":"3 Darklings","floor":39,"turns":5},{"damage":26,"enemies":"Nightmare","floor":40,"turns":7},{"damage":5,"enemies":"Jaw Worm Horde","floor":41,"turns":4},{"damage":16,"enemies":"Nemesis","floor":42,"turns":3},{"damage":29,"enemies":"HollowMod:SlobberingHusk","floor":45,"turns":5},{"damage":3,"enemies":"hubris:GrandSnecko","floor":50,"turns":5},{"damage":0,"enemies":"Small Slimes","floor":52,"turns":2},{"damage":0,"enemies":"Jaw Worm","floor":55,"turns":1},{"damage":6,"enemies":"3 Sentries","floor":64,"turns":3},{"damage":42,"enemies":"Hexaghost","floor":67,"turns":4},{"damage":0,"enemies":"Spheric Guardian","floor":69,"turns":2},{"damage":0,"enemies":"3 Byrds","floor":70,"turns":1},{"damage":9,"enemies":"Shelled Parasite and Fungi","floor":72,"turns":2},{"damage":27,"enemies":"Cultist and Chosen","floor":75,"turns":3},{"damage":40,"enemies":"Slavers","floor":76,"turns":3},{"damage":0,"enemies":"Sentry and Sphere","floor":81,"turns":3},{"damage":0,"enemies":"Snecko","floor":82,"turns":2},{"damage":3,"enemies":"conspire:MysteriousRune","floor":84,"turns":3},{"damage":0,"enemies":"Orb Walker","floor":86,"turns":1},{"damage":40,"enemies":"hubris:Merchant","floor":87,"turns":3},{"damage":0,"enemies":"3 Shapes","floor":88,"turns":1},{"damage":0,"enemies":"Reptomancer","floor":91,"turns":1},{"damage":0,"enemies":"Sphere and 2 Shapes","floor":92,"turns":1},{"damage":0,"enemies":"Spire Growth","floor":93,"turns":2},{"damage":0,"enemies":"Jaw Worm Horde","floor":95,"turns":3},{"damage":0,"enemies":"Writhing Mass","floor":97,"turns":2},{"damage":1,"enemies":"Transient","floor":99,"turns":4},{"damage":22,"enemies":"Donu and Deca","floor":101,"turns":3},{"damage":0,"enemies":"Cultist","floor":103,"turns":1}],"seed_played":"-3734455193244907190","potions_obtained":[{"floor":3.0,"key":"Milkshake"},{"floor":12.0,"key":"Dexterity Potion"},{"floor":12.0,"key":"Explosive Potion"},{"floor":13.0,"key":"champ:CounterPotion"},{"floor":13.0,"key":"Energy Potion"},{"floor":14.0,"key":"PowerPotion"},{"floor":16.0,"key":"jedi:mysterypotion"},{"floor":21,"key":"PowerPotion"},{"floor":22,"key":"StarNLove"},{"floor":31,"key":"PowerPotion"},{"floor":33,"key":"Explosive Potion"},{"floor":35,"key":"Fire Potion"},{"floor":36,"key":"ColorlessPotion"},{"floor":39,"key":"DuplicationPotion"},{"floor":40,"key":"BottledSpark"},{"floor":41,"key":"DuplicationPotion"},{"floor":45,"key":"FearPotion"},{"floor":45,"key":"SkillPotion"},{"floor":50,"key":"Toxic Potion"},{"floor":69,"key":"Swift Potion"},{"floor":72,"key":"Ancient Potion"},{"floor":75,"key":"PowerPotion"},{"floor":75,"key":"Weak Potion"},{"floor":76,"key":"Dexterity Potion"},{"floor":81,"key":"jedi:StrikingPotion"},{"floor":84,"key":"LiquidMemories"},{"floor":84,"key":"LiquidBronze"},{"floor":87,"key":"sneckomod:MuddlingPotion"},{"floor":87,"key":"Swift Potion"},{"floor":87,"key":"LifebloodPotion"},{"floor":88,"key":"DistilledChaos"},{"floor":91,"key":"BlessingOfTheForge"},{"floor":93,"key":"SpeedPotion"},{"floor":97,"key":"Regen Potion"},{"floor":97,"key":"Guardian:BlockOnCardUsePotion"},{"floor":101,"key":"Fire Potion"}],"is_trial":false,"path_per_floor":["M","?","M","?","M","E","R","MIM","T","$","R","M","E","M","R","B",null,"?","?","AVR","M","M","R","E","?","T","?","R","?","R","M","R_BF","B",null,"M","M","$","?","M","NM","M","E","T","?","M","?","R","?","R","B",null,"M","?","?","M","?","R","?","R","T","$","?","R","E","R","R","B",null,"M","M","$","M","?","R","M","E","T","?","?","R","M","M","R","B",null,"M","$","M","?","R","E","M","M","T","M","$","M","?","M","R_BF","B",null,"M"],"character_chosen":"MARISA","items_purchased":["NonDirectionalLaser+1","MealTicket","WitchOfGreed","Strength Potion","Blue Doll","ManaConvection","hubris:FunFungus","Matryoshka","GasGiant","Bronze Scales","CCEMRelics:SpiritsEdge"],"campfire_rested":10,"item_purchase_floors":[10,10,10,10,37,37,37,61,61,71,87],"current_hp_per_floor":[75,75,74,75,75,48,70,68,68,68,68,69,50,48,70,66,75,75,75,75,56,35,57,56,56,56,56,75,47,69,67,67,54,75,72,67,75,75,60,47,46,45,45,45,19,19,41,41,63,67,75,75,75,75,75,75,75,75,75,75,75,75,75,69,69,69,43,75,75,75,75,66,57,57,34,10,10,30,30,52,55,56,75,74,75,75,50,50,43,65,65,65,67,67,75,75,75,71,72,72,55,75,81,81],"gold":1320,"neow_bonus":"THREE_CARDS","is_daily":false,"chose_seed":false,"campfire_upgraded":8,"win_rate":0.0,"timestamp":1607980148,"path_taken":["M","?","M","?","?","E","R","?","T","$","R","M","E","M","R","BOSS","?","?","AVR","M","M","R","E","?","T","?","R","?","R","M","R_BF","BOSS","M","M","$","?","M","NM","M","E","T","?","M","?","R","?","R","BOSS","M","?","?","M","?","R","?","R","T","$","?","R","E","?","R","BOSS","M","M","$","M","?","R","M","E","T","?","?","R","M","M","R","BOSS","M","$","M","?","?","E","M","M","T","M","$","M","?","M","R_BF","BOSS","M"],"items_purchased_type":["Card","Relic","Card","Potion","Relic","Card","Relic","Relic","Card","Relic","Relic"],"build_version":"2020-12-13","purchased_purges":1,"victory":false,"max_hp_per_floor":[75,75,75,75,75,75,75,75,75,75,75,75,75,75,75,75,75,75,75,75,75,75,75,75,75,75,75,75,75,75,75,75,75,75,75,75,75,75,75,75,75,75,75,75,75,75,75,75,75,75,75,75,75,75,75,75,75,75,75,75,75,75,75,75,75,75,75,75,75,75,75,75,75,75,75,75,75,75,75,75,75,75,75,75,75,75,75,75,75,75,75,75,75,75,75,75,75,75,75,75,75,75,81,81],"card_choices":[{"not_picked":["Acceleration","ShootingEcho"],"picked":"GrandCross","floor":0.0},{"not_picked":["StarlightTyphoon","GravityBeat"],"picked":"EnergyRecoil","floor":1.0},{"not_picked":["GravityBeat","AlicesGift"],"picked":"PowerUp","floor":3.0},{"not_picked":["ShootingEcho","MysteriousBeam"],"picked":"PulseMagic","floor":5.0},{"not_picked":["PulseMagic","BlazingStar"],"picked":"Acceleration","floor":6.0},{"not_picked":["Occultation","SporeBomb"],"picked":"RefractionSpark","floor":8.0},{"not_picked":["GravityBeat","LuminesStrike"],"picked":"EscapeVelocity","floor":12.0},{"not_picked":["WitchOfGreed","6A"],"picked":"AsteroidBelt","floor":13.0},{"not_picked":["ChargingUp","MilkyWay"],"picked":"DoubleSpark","floor":14.0},{"not_picked":["EscapeVelocity","ManaRampage"],"picked":"AbsoluteMagnitude","floor":16.0},{"not_picked":["WitchLeyline","MagicAbsorber"],"picked":"MilkyWay","floor":21},{"not_picked":["AsteroidBelt+1","WitchLeyline"],"picked":"PowerUp+1","floor":22},{"not_picked":["DC","6A"],"picked":"EventHorizon+1","floor":24},{"not_picked":["WitchLeyline","ManaConvection"],"picked":"DarkMatter","floor":31},{"not_picked":["FinalSpark","ManaRampage"],"picked":"SatelliteIllusion","floor":33},{"not_picked":["Acceleration","DarkSpark"],"picked":"IllusionStar+1","floor":35},{"not_picked":["OneTimeOff","Occultation"],"picked":"FairyDestructionRay","floor":36},{"not_picked":["SporeBomb","GrandCross"],"picked":"FairyDestructionRay","floor":39},{"not_picked":["DarkSpark","PulseMagic+1"],"picked":"OpenUniverse+1","floor":40},{"not_picked":["UnstableBomb","GalacticHalo+1"],"picked":"Robbery","floor":41},{"not_picked":["Robbery","EscapeVelocity"],"picked":"PowerUp+1","floor":42},{"not_picked":["NonDirectionalLaser+1","MilkyWay+1"],"picked":"PowerUp+1","floor":45},{"not_picked":["BigCrunch","BlazingStar"],"picked":"FinalSpark","floor":50},{"not_picked":["DarkMatter","WitchLeyline"],"picked":"Acceleration","floor":52},{"not_picked":["DarkSpark","IllusionStar"],"picked":"MachineGunSpark","floor":55},{"not_picked":["WitchOfGreed","Acceleration"],"picked":"SuperPerseids","floor":64},{"not_picked":["SatelliteIllusion","FinalSpark"],"picked":"UltimateShortwave","floor":67},{"not_picked":["NonDirectionalLaser+1","UnstableBomb"],"picked":"MeteoricShower","floor":69},{"not_picked":["MeteoricShower","GalacticHalo"],"picked":"Singularity","floor":70},{"not_picked":["DoubleSpark","LuminesStrike"],"picked":"DeepEcoloBomb","floor":72},{"not_picked":["hubris:InfiniteBlow","infinitespire:FinalStrike"],"picked":"infinitespire:FutureSight","floor":73},{"not_picked":["SporeBomb","DoubleSpark+1"],"picked":"MachineGunSpark","floor":75},{"not_picked":["MilkyWay","PowerUp"],"picked":"ManaConvection","floor":76},{"not_picked":["expansioncontent:ManipulateTime","Deep Breath"],"picked":"Apotheosis","floor":79},{"not_picked":["Specialist","Mayhem"],"picked":"Secret Technique","floor":79},{"not_picked":["6A","WitchLeyline+1"],"picked":"GravityBeat+1","floor":81},{"not_picked":["NonDirectionalLaser","DC","WitchOfGreed+1"],"picked":"SKIP","floor":82},{"not_picked":["infinitespire:DeathsTouch","infinitespire:FinalStrike"],"picked":"infinitespire:FutureSight","floor":84},{"not_picked":["ManaRampage","FinalSpark"],"picked":"JA","floor":84},{"not_picked":["DragonMeteor","IllusionStar"],"picked":"ShootTheMoon","floor":86},{"not_picked":[],"picked":"GravityBeat","floor":87},{"not_picked":[],"picked":"ShootingEcho","floor":87},{"not_picked":[],"picked":"MagicChant+1","floor":87},{"not_picked":[],"picked":"OpenUniverse","floor":87},{"not_picked":[],"picked":"expansioncontent:DonusPower","floor":87},{"not_picked":[],"picked":"Chrysalis","floor":87},{"not_picked":["OortCloud"],"picked":"SKIP","floor":87},{"not_picked":["SporeBomb","AsteroidBelt+1","6A+1"],"picked":"SKIP","floor":88},{"not_picked":["SporeBomb","AsteroidBelt+1","6A+1"],"picked":"SKIP","floor":88},{"not_picked":["PulseMagic","WitchOfGreed+1"],"picked":"Orbital","floor":91},{"not_picked":["DoubleSpark+1","SporeBomb+1"],"picked":"PowerUp+1","floor":92},{"not_picked":["DC","AbsoluteMagnitude"],"picked":"PowerUp+1","floor":93},{"not_picked":["OortCloud","GrandCross+1"],"picked":"StarlightTyphoon","floor":95},{"not_picked":["ShootingEcho","IllusionStar+1"],"picked":"MysteriousBeam+1","floor":97},{"not_picked":["MilkyWay","DoubleSpark+1","StarlightTyphoon+1"],"picked":"SKIP","floor":99},{"not_picked":["AbsoluteMagnitude","MillisecondPulsars"],"picked":"FinalSpark","floor":101}],"player_experience":255580,"relics_obtained":[{"floor":6.0,"key":"StuffTheSpire:Barrel"},{"floor":8.0,"key":"Juzu Bracelet"},{"floor":9.0,"key":"jedi:crownofsimplicity"},{"floor":13.0,"key":"Sundial"},{"floor":24,"key":"hubris:TenFootPole"},{"floor":26,"key":"Lantern"},{"floor":40,"key":"Pen Nib"},{"floor":42,"key":"StuffTheSpire:ForceGauntlet"},{"floor":43,"key":"halation:LettersToHer"},{"floor":60,"key":"halation:LettersToHer"},{"floor":60,"key":"infinitespire:BottledMercury"},{"floor":64,"key":"halation:PromiseList"},{"floor":76,"key":"CCEMRelics:Francisca"},{"floor":77,"key":"halation:LettersToHer"},{"floor":77,"key":"StuffTheSpire:GrapeVine"},{"floor":77,"key":"Vajra"},{"floor":87,"key":"Incense Burner"},{"floor":87,"key":"StuffTheSpire:BottledEssence"},{"floor":87,"key":"Replay:Towering Pillar of Hats"},{"floor":87,"key":"HollowMod:PaleOreRelic"},{"floor":87,"key":"jedi:fakemustache"},{"floor":91,"key":"jedi:cryingmask"},{"floor":94,"key":"halation:LettersToHer"},{"floor":94,"key":"Smiling Mask"},{"floor":94,"key":"Replay:WaspNest"}],"event_choices":[{"damage_healed":1.0,"max_hp_gain":0.0,"max_hp_loss":0.0,"gold_gain":0.0,"event_name":"Wheel of Change","player_choice":"Full Heal","floor":4.0,"gold_loss":0.0,"damage_taken":0.0},{"damage_healed":0.0,"max_hp_gain":0.0,"max_hp_loss":0.0,"gold_gain":0.0,"event_name":"Upgrade Shrine","player_choice":"Upgraded","floor":18.0,"gold_loss":0.0,"damage_taken":0.0,"cards_upgraded":["PulseMagic"]},{"cards_removed":["Defend_MRS"],"damage_healed":0.0,"max_hp_gain":0.0,"max_hp_loss":0.0,"gold_gain":0.0,"event_name":"Purifier","player_choice":"Purged","floor":19.0,"gold_loss":0.0,"damage_taken":0.0},{"damage_healed":0,"gold_gain":0,"cards_transformed":["Defend_MRS"],"player_choice":"Transformed","damage_taken":0,"max_hp_gain":0,"max_hp_loss":0,"event_name":"Transmorgrifier","floor":25,"gold_loss":0,"cards_obtained":["SporeBomb"]},{"damage_healed":0,"gold_gain":0,"player_choice":"Bought 0 Potions","damage_taken":0,"max_hp_gain":0,"max_hp_loss":0,"event_name":"The Woman in Blue","floor":27,"gold_loss":0},{"damage_healed":0,"gold_gain":338,"player_choice":"RE RE GO GO GO ","damage_taken":68,"relics_obtained":["Runesmith:AutoHammer","jedi:arcanewood"],"max_hp_gain":0,"max_hp_loss":0,"event_name":"betterSkull:BetterSkull","floor":29,"gold_loss":0,"cards_upgraded":[]},{"damage_healed":0,"gold_gain":0,"player_choice":"Obtained Relic","damage_taken":0,"relics_obtained":["halation:KoshaPiece"],"max_hp_gain":0,"max_hp_loss":0,"event_name":"Addict","floor":32,"gold_loss":85},{"damage_healed":0,"gold_gain":0,"player_choice":"Agree","damage_taken":0,"max_hp_gain":0,"max_hp_loss":0,"event_name":"conspire:LoneGhost","floor":58,"gold_loss":0},{"damage_healed":0,"gold_gain":0,"player_choice":"Leave","damage_taken":0,"max_hp_gain":0,"max_hp_loss":0,"event_name":"conspire:Investor","floor":62,"gold_loss":0},{"damage_healed":0,"gold_gain":5,"player_choice":"1","damage_taken":0,"max_hp_gain":0,"max_hp_loss":0,"event_name":"betterStone:BetterStone","floor":79,"gold_loss":0},{"damage_healed":0,"gold_gain":0,"player_choice":"Embrace Madness","damage_taken":9,"max_hp_gain":0,"max_hp_loss":0,"event_name":"Winding Halls","floor":98,"gold_loss":0,"cards_obtained":["Madness","Madness"]}],"is_beta":false,"boss_relics":[{"not_picked":["hubris:TerracottaHorce","Astrolabe"],"picked":"expansioncontent:StudyCardRelic"},{"not_picked":["halation:Prosthetics","aspiration:FutureDiary"],"picked":"Pandora\u0027s Box"},{"not_picked":["StuffTheSpire:Kangaroo","Replay:Fungal Core"],"picked":"Replay:Wanted Poster"},{"not_picked":["Coffee Dripper","StuffTheSpire:ModemDavis"],"picked":"Replay:Fungal Core"},{"not_picked":["halation:CatFaceCupcake","hubris:CrackedHourglass"],"picked":"SlaversCollar"},{"not_picked":["halation:Risk","halation:LoveArrow"],"picked":"CCEMRelics:TransientCore"}],"items_purged_floors":[71],"is_endless":true,"potions_floor_spawned":[3,12,13,16,24,31,39,41,45,50,52,69,72,75,81,84,88,93,97,101],"killed_by":"Cultist","ascension_level":0}}