{"host":"z7byfb4bpt09dh7e","time":1607956113,"event":{"mods":["Aspiration","BaseMod","BetterRewards","Displayed Cursed Tome","Downfall","Infinite Spire","Minty Spire (QoL Compilation)","StSLib","The Blue Laboratory","Uncapped"],"gold_per_floor":[114,134,134,63,138,171,171,171,225,225,245,256,256,288,288,389,389,401,401,401,401,421,421,89,122,146,169,29,38,38,58,58,165,237,259,78,87,96,96,96,119,119,119,119,137,183,183,209,209,209,209],"floor_reached":50,"playtime":2505,"items_purged":[],"score":510,"play_id":"5a2fb49f-de6b-4f94-9c49-b3406c1289b0","local_time":"20201214092833","is_ascension_mode":false,"campfire_choices":[{"floor":8,"key":"REST"},{"floor":10,"key":"REST"},{"floor":15,"key":"REST"},{"floor":23,"key":"REST"},{"floor":30,"key":"REST"},{"floor":32,"key":"REST"},{"data":"infinitespire:Oblivion","floor":40,"key":"SMITH"},{"data":"Echo Form","floor":44,"key":"SMITH"},{"floor":47,"key":"REST"},{"data":"infinitespire:Oblivion","floor":49,"key":"SMITH"}],"circlet_count":0,"master_deck":["Eruption","Vigilance","InnerPeace","LikeWater","Crescendo","BowlingBash","Collect","DeusExMachina","FearNoEvil","Ragnarok","SpiritShield","EmptyBody+1","J.A.X.","Sweeping Beam+1","infinitespire:Oblivion+1","Rebound+1","Guardian:PolyBeam","infinitespire:Oblivion+1","Necronomicurse","expansioncontent:ChargeUp+1","champ:VampiricStrike","Loop","DevaForm","Echo Form+1","Prostrate","Vengeance","EmptyFist","Rainbow","Collect","champ:BringItOn","Consecrate","infinitespire:UltimateForm","champ:VampiricStrike","Conserve Battery+1","Madness+1","Madness+1","Capacitor+1"],"relics":["Cracked Core","aspiration:Nostalgia","Cracked Core","infinitespire:Cubic Diamond","infinitespire:Satchel","Tiny Chest","CaptainsWheel","aspiration:DefectSkillbook","PrismaticShard","Yang","Yang","aspiration:Lifesprig","infinitespire:PuzzleCube","CeramicFish","DollysMirror","Necronomicon","Pandora\u0027s Box","Toolbox","Toxic Egg 2","HornCleat","Regal Pillow"],"acts_visited":["Exordium","TheCity","TheBeyond"],"potions_floor_usage":[6,25,50,50,50],"damage_taken":[{"damage":0,"enemies":"Cultist","floor":1,"turns":2},{"damage":3,"enemies":"Jaw Worm","floor":2,"turns":4},{"damage":39,"enemies":"Lagavulin","floor":6,"turns":9},{"damage":0,"enemies":"Small Slimes","floor":11,"turns":1},{"damage":9,"enemies":"2 Fungi Beasts","floor":12,"turns":3},{"damage":0,"enemies":"3 Sentries","floor":14,"turns":4},{"damage":19,"enemies":"Slime Boss","floor":16,"turns":7},{"damage":23,"enemies":"2 Thieves","floor":18,"turns":3},{"damage":6,"enemies":"Chosen","floor":22,"turns":3},{"damage":26,"enemies":"Slavers","floor":25,"turns":5},{"damage":0,"enemies":"Snecko","floor":31,"turns":3},{"damage":23,"enemies":"Automaton","floor":33,"turns":6},{"damage":18,"enemies":"Orb Walker","floor":35,"turns":2},{"damage":15,"enemies":"3 Shapes","floor":41,"turns":4},{"damage":3,"enemies":"Maw","floor":48,"turns":5},{"damage":99,"enemies":"infinitespire:MassOfShapes","floor":50,"turns":8}],"seed_played":"6918641999380791857","potions_obtained":[{"floor":2,"key":"LiquidBronze"},{"floor":13,"key":"blueLaboratory:AbyssPotion"},{"floor":13,"key":"blueLaboratory:AlphaPotion"},{"floor":13,"key":"blueLaboratory:HummingbirdPotion"},{"floor":16,"key":"blueLaboratory:TrueEctoplasm"},{"floor":25,"key":"Swift Potion"}],"is_trial":false,"path_per_floor":["M","M","?","$","?","E","?","R","T","R","M","M","?","E","R","B",null,"M","?","?","AVR","M","R","$","E","T","T","$","?","R","M","R","B",null,"M","$","?","?","T","R","M","?","T","R","?","T","R","M","R","B"],"character_chosen":"WATCHER","items_purchased":["Crescendo","BowlingBash","Yang","Static Discharge","DollysMirror","Toolbox","Consecrate"],"campfire_rested":7,"item_purchase_floors":[4,4,24,24,28,36,36],"current_hp_per_floor":[72,69,69,69,58,19,19,40,40,61,61,52,52,52,72,53,72,49,49,41,41,35,56,56,30,30,30,30,14,35,35,56,33,72,72,72,53,53,53,53,58,58,58,58,49,49,72,72,72,0,0],"gold":209,"neow_bonus":"NOSTALGIA","is_daily":false,"chose_seed":false,"campfire_upgraded":3,"win_rate":0.0,"timestamp":1607956113,"path_taken":["M","M","?","$","?","E","?","R","T","R","M","M","?","E","R","BOSS","M","?","?","AVR","M","R","$","E","T","?","$","?","R","M","R","BOSS","M","$","?","?","?","R","M","?","T","R","?","?","R","M","R","BOSS"],"items_purchased_type":["Card","Card","Relic","Card","Relic","Relic","Card"],"build_version":"2020-12-13","purchased_purges":0,"victory":false,"max_hp_per_floor":[72,72,72,72,72,72,72,72,72,72,72,72,72,72,72,72,72,72,72,72,72,72,72,72,72,72,72,72,72,72,72,72,72,72,72,72,72,72,72,72,72,72,72,72,72,72,72,72,72,72,72],"card_choices":[{"not_picked":["FlyingSleeves","CarveReality"],"picked":"InnerPeace","floor":1},{"not_picked":["PathToVictory","ClearTheMind"],"picked":"LikeWater","floor":2},{"not_picked":["CutThroughFate","ThirdEye"],"picked":"Collect","floor":6},{"not_picked":["CrushJoints","SashWhip"],"picked":"DeusExMachina","floor":11},{"not_picked":["PathToVictory","BowlingBash"],"picked":"FearNoEvil","floor":12},{"not_picked":["Judgement","WaveOfTheHand"],"picked":"Ragnarok","floor":14},{"not_picked":["Blasphemy","LessonLearned"],"picked":"SpiritShield","floor":16},{"not_picked":["Compile Driver","Hello World","JustLucky"],"picked":"EmptyBody+1","floor":18},{"not_picked":["Protect","Study+1","Barrage+1"],"picked":"Sweeping Beam+1","floor":20},{"not_picked":["LikeWater","Slimebound:PressTheAttack","Guardian:Gem_Fragmented"],"picked":"Rebound+1","floor":22},{"not_picked":["champ:ShieldThrow","hexamod:ShieldOfDarkness+1","Force Field+1"],"picked":"Guardian:PolyBeam","floor":25},{"not_picked":["Flying Knee","Tactician+1","Backflip+1"],"picked":"expansioncontent:ChargeUp+1","floor":31},{"not_picked":["Fiend Fire","Adrenaline","Slimebound:MinionMaster"],"picked":"champ:VampiricStrike","floor":33},{"not_picked":["Guardian:Reroute","Sanctity","Go for the Eyes"],"picked":"champ:BringItOn","floor":35},{"not_picked":["infinitespire:TheBestDefense","infinitespire:NeuralNetwork"],"picked":"infinitespire:UltimateForm","floor":37},{"not_picked":["Slimebound:Schlurp+1","EmptyBody+1","Slimebound:SamplingLick+1"],"picked":"Conserve Battery+1","floor":41},{"not_picked":["FearNoEvil+1","Slimebound:AcidTongue+1","Guardian:PrimingBeam"],"picked":"Capacitor+1","floor":48}],"player_experience":253435,"relics_obtained":[{"floor":6,"key":"infinitespire:Satchel"},{"floor":9,"key":"Tiny Chest"},{"floor":14,"key":"CaptainsWheel"},{"floor":20,"key":"PrismaticShard"},{"floor":25,"key":"aspiration:Lifesprig"},{"floor":26,"key":"infinitespire:PuzzleCube"},{"floor":27,"key":"CeramicFish"},{"floor":39,"key":"Toxic Egg 2"},{"floor":43,"key":"HornCleat"},{"floor":46,"key":"Regal Pillow"}],"event_choices":[{"damage_healed":0,"gold_gain":75,"player_choice":"Gather Gold","damage_taken":11,"max_hp_gain":0,"max_hp_loss":0,"event_name":"World of Goop","floor":5,"gold_loss":0},{"damage_healed":0,"gold_gain":0,"player_choice":"Ignored","damage_taken":0,"max_hp_gain":0,"max_hp_loss":0,"event_name":"Shining Light","floor":7,"gold_loss":0},{"damage_healed":0,"gold_gain":0,"player_choice":"Got Potions","damage_taken":0,"max_hp_gain":0,"max_hp_loss":0,"event_name":"Lab","floor":13,"gold_loss":0},{"damage_healed":0,"gold_gain":0,"player_choice":"Obtain J.A.X.","damage_taken":0,"max_hp_gain":0,"max_hp_loss":0,"event_name":"Drug Dealer","floor":19,"gold_loss":0,"cards_obtained":["J.A.X."]},{"damage_healed":0,"gold_gain":0,"player_choice":"Obtained Book","damage_taken":16,"max_hp_gain":0,"max_hp_loss":0,"event_name":"Cursed Tome","floor":29,"gold_loss":0},{"damage_healed":0,"gold_gain":0,"player_choice":"Copied","damage_taken":0,"max_hp_gain":0,"max_hp_loss":0,"event_name":"Duplicator","floor":38,"gold_loss":0,"cards_obtained":["champ:VampiricStrike"]},{"cards_removed":["Static Discharge"],"damage_healed":0,"gold_gain":0,"player_choice":"Removed Power","damage_taken":0,"max_hp_gain":0,"max_hp_loss":0,"event_name":"Falling","floor":42,"gold_loss":0},{"damage_healed":0,"gold_gain":0,"player_choice":"Embrace Madness","damage_taken":9,"max_hp_gain":0,"max_hp_loss":0,"event_name":"Winding Halls","floor":45,"gold_loss":0,"cards_obtained":["Madness","Madness"]}],"is_beta":false,"boss_relics":[{"not_picked":["VioletLotus","Runic Dome"],"picked":"aspiration:DefectSkillbook"},{"not_picked":["Fusion Hammer","Cursed Key"],"picked":"Pandora\u0027s Box"}],"items_purged_floors":[],"is_endless":false,"potions_floor_spawned":[2,16,22,25,41],"killed_by":"infinitespire:MassOfShapes","ascension_level":0}}