{"host":"do5be0rrwzdbe7ng","time":1607933516,"event":{"mods":["AchievementEnabler","BaseMod","Colored Map","Colored Powertips","Custom Start","DeckTracker","Keyboard Shortcuts","Minty Spire (QoL Compilation)","Quick Restart","StSLib","SuperFastMode","everything is the same but u backflip on backflip"],"gold_per_floor":[114,130,55,155,169,169,179,179,179,196,196,52,65,65,65,65,65],"floor_reached":16,"playtime":345,"items_purged":[],"score":175,"play_id":"d2e97ffb-a5e8-4c9d-a135-f376208c69c0","local_time":"20201214171156","is_ascension_mode":true,"campfire_choices":[{"data":"Chaos","floor":6.0,"key":"SMITH"},{"data":"Hologram","floor":8.0,"key":"SMITH"},{"data":"Zap","floor":11.0,"key":"SMITH"},{"floor":15,"key":"REST"}],"circlet_count":0,"master_deck":["AscendersBane","Strike_B","Defend_B","Defend_B","Defend_B","Defend_B","Zap+1","Dualcast","Compile Driver","Lockon","Chaos+1","Chill","Hologram+1","Core Surge","Capacitor","Turbo"],"relics":["Cracked Core","Juzu Bracelet","Question Card"],"acts_visited":["Exordium"],"potions_floor_usage":[16],"damage_taken":[{"damage":7.0,"enemies":"Jaw Worm","floor":1.0,"turns":2.0},{"damage":8.0,"enemies":"Small Slimes","floor":2.0,"turns":3.0},{"damage":1.0,"enemies":"Cultist","floor":5.0,"turns":3.0},{"damage":7.0,"enemies":"2 Fungi Beasts","floor":7.0,"turns":3.0},{"damage":0.0,"enemies":"Large Slime","floor":10.0,"turns":4.0},{"damage":20,"enemies":"Exordium Thugs","floor":13,"turns":4},{"damage":41,"enemies":"Slime Boss","floor":16,"turns":5}],"seed_played":"3857932379749905791","potions_obtained":[{"floor":1.0,"key":"PotionOfCapacity"},{"floor":2.0,"key":"Explosive Potion"},{"floor":7.0,"key":"ColorlessPotion"},{"floor":13,"key":"Energy Potion"}],"is_trial":false,"path_per_floor":["M","M","?","?","M","R","M","R","T","M","R","$","M","?","R","B"],"character_chosen":"DEFECT","items_purchased":["Capacitor","Turbo"],"campfire_rested":1,"item_purchase_floors":[12,12],"current_hp_per_floor":[57,49,49,49,48,48,41,41,41,41,41,41,21,10,29,0,0],"gold":65,"neow_bonus":"TRANSFORM_TWO_CARDS","is_daily":false,"chose_seed":false,"campfire_upgraded":3,"win_rate":0.0,"timestamp":1607933516,"path_taken":["M","M","?","?","?","R","M","R","T","M","R","$","M","?","R","BOSS"],"items_purchased_type":["Card","Card"],"build_version":"2020-12-13","purchased_purges":0,"victory":false,"max_hp_per_floor":[64,64,64,64,64,64,64,64,64,64,64,64,64,64,64,64,64],"card_choices":[{"not_picked":["Steam","Force Field"],"picked":"Chaos","floor":1.0},{"not_picked":["Auto Shields","Rebound","Lockon"],"picked":"SKIP","floor":2.0},{"not_picked":["Barrage","Self Repair"],"picked":"Chill","floor":5.0},{"not_picked":["Streamline","Loop"],"picked":"Hologram","floor":7.0},{"not_picked":["Streamline","Go for the Eyes"],"picked":"Core Surge","floor":10.0},{"not_picked":["Steam Power","Reinforced Body","Steam"],"picked":"SKIP","floor":13}],"player_experience":336087,"relics_obtained":[{"floor":9.0,"key":"Juzu Bracelet"}],"event_choices":[{"cards_removed":["Strike_B"],"damage_healed":0.0,"max_hp_gain":0.0,"max_hp_loss":0.0,"gold_gain":0.0,"event_name":"The Cleric","player_choice":"Card Removal","floor":3.0,"gold_loss":75.0,"damage_taken":0.0},{"damage_healed":0.0,"max_hp_gain":0.0,"max_hp_loss":0.0,"gold_gain":100.0,"event_name":"Wheel of Change","player_choice":"Gold","floor":4.0,"gold_loss":0.0,"damage_taken":0.0},{"damage_healed":0,"gold_gain":0,"player_choice":"Success","damage_taken":11,"relics_obtained":["Question Card"],"max_hp_gain":0,"max_hp_loss":0,"event_name":"Scrap Ooze","floor":14,"gold_loss":0}],"is_beta":false,"boss_relics":[],"items_purged_floors":[],"is_endless":false,"potions_floor_spawned":[1,2,5,7,13],"killed_by":"Slime Boss","ascension_level":18}}