{"host":"ecr3kz287jr92u81","time":1607926099,"event":{"mods":["Act Like it!","BaseMod","Dota2Spire","Hallownest","Lobotomy","LobotomyExtend","Minty Spire (QoL Compilation)","Pale of the Ancients","Quick Restart","Replay The Spire","RumiaBox-露米娅的神秘盒子","Spicy Shops","StSLib","[IsaacMod]以撒尖塔","vexMod","【东方二次创作】八云紫mod"],"gold_per_floor":[150,183,240,276,68,146,146,146],"floor_reached":7,"playtime":534,"items_purged":[],"score":106,"play_id":"8a5a8b1f-aeeb-4e09-b9d0-a262e2b200dd","local_time":"20201214140819","daily_mods":["Vintage","Heirloom","Time Dilation","Flight","DeadlyEvents","Elite Swarm","Midas"],"is_ascension_mode":true,"campfire_choices":[],"circlet_count":0,"master_deck":["AscendersBane","AT_purpleEX","AT_purpleEX","AT_purpleEX","AT_purpleEX","Defend_purpleEX","Defend_purpleEX","Defend_purpleEX","Defend_purpleEX","Observe_purple_1","Observe_purple_2","DarkRealmRedLine_purple","Fancifulhole_purple","GluttonyofRealm_purpleEX"],"relics":["Boundary_crack","Memoryfragments_purpleEX","HushsDoor","Void","Lizard Tail","Replay:Arrowhead","LetterFromLob","Dota2Spire:LotusOrb","vexMod:BarristanHead","BookofShadows","ThegodofHakurei_purpleEX"],"acts_visited":["Exordium"],"potions_floor_usage":[6,7],"damage_taken":[{"damage":9,"enemies":"2 Louse","floor":1,"turns":3},{"damage":10,"enemies":"Cultist","floor":2,"turns":5},{"damage":9,"enemies":"Jaw Worm","floor":3,"turns":5},{"damage":15,"enemies":"Blue Slaver","floor":4,"turns":5},{"damage":22,"enemies":"Lagavulin","floor":6,"turns":7},{"damage":4,"enemies":"Gremlin Nob","floor":7,"turns":3}],"seed_played":"-5730398734463077167","potions_obtained":[{"floor":2,"key":"Energy Potion"},{"floor":3,"key":"Cursed Concoction"},{"floor":4,"key":"Toxic Potion"}],"is_trial":true,"path_per_floor":["M","M","M","M","$","E","E"],"character_chosen":"Youkari","items_purchased":["DarkRealmRedLine_purple","Fancifulhole_purple"],"campfire_rested":0,"item_purchase_floors":[5,5],"current_hp_per_floor":[51,44,38,26,26,5,1,1],"gold":146,"neow_bonus":"","is_daily":false,"chose_seed":false,"campfire_upgraded":0,"win_rate":0.0,"timestamp":1607926099,"path_taken":["M","M","M","M","$","E","E"],"items_purchased_type":["Card","Card"],"build_version":"2020-12-13","purchased_purges":0,"victory":false,"max_hp_per_floor":[65,65,65,65,65,65,65,65],"card_choices":[{"not_picked":[],"picked":"ChaosCard","floor":0},{"not_picked":["Know_ledgeAbilityRealm_purple","WasteWire_Metro_purple"],"picked":"GluttonyofRealm_purpleEX","floor":6}],"player_experience":151587,"relics_obtained":[{"floor":1,"key":"Replay:Arrowhead"},{"floor":1,"key":"LetterFromLob"},{"floor":2,"key":"Dota2Spire:LotusOrb"},{"floor":3,"key":"vexMod:BarristanHead"},{"floor":4,"key":"BookofShadows"},{"floor":6,"key":"ThegodofHakurei_purpleEX"}],"event_choices":[],"is_beta":false,"boss_relics":[],"items_purged_floors":[],"is_endless":true,"potions_floor_spawned":[2,3,4],"killed_by":"Gremlin Nob","ascension_level":20}}