{"host":"3mdjmozz5rahgtdc","time":1607953708,"event":{"mods":["AchievementEnabler","BaseMod","Better Silent Start","Better-Laid Plans","Colored Map","Colored Powertips","Custom Start","DeckTracker","KOR Keyword Fix","Minty Spire (QoL Compilation)","Permanent Neow","Quick Restart","StSLib","SuperFastMode"],"gold_per_floor":[119,119,136,152,169,169,202,202,202,202,221,73,111,132,132,256,256,279,293,8,31,49,49,49],"floor_reached":23,"playtime":798,"items_purged":["Strike_G"],"score":226,"play_id":"9604bd3b-bfde-4692-b99f-9ada2704b0bb","local_time":"20201214224828","is_ascension_mode":true,"campfire_choices":[{"data":"Eviscerate","floor":6,"key":"SMITH"},{"floor":10,"key":"REST"},{"data":"A Thousand Cuts","floor":15,"key":"SMITH"}],"circlet_count":0,"master_deck":["Defend_G","Defend_G","Defend_G","Defend_G","Survivor","Neutralize+1","Dagger Throw+1","Eviscerate+1","Venomology","Choke","A Thousand Cuts+1","Backflip","Corpse Explosion","Dagger Throw+1","Envenom+1","Doppelganger+1","Predator+1","After Image","Blur+1"],"relics":["Snecko Eye","Dead Branch","Golden Idol","Torii","Pocketwatch","Astrolabe","Vajra"],"acts_visited":["Exordium","TheCity"],"potions_floor_usage":[7,11,13,14,18,18,21,22,23,23],"damage_taken":[{"damage":6,"enemies":"2 Louse","floor":1,"turns":3},{"damage":3,"enemies":"Small Slimes","floor":3,"turns":3},{"damage":5,"enemies":"Jaw Worm","floor":4,"turns":4},{"damage":10,"enemies":"Blue Slaver","floor":5,"turns":6},{"damage":8,"enemies":"Lagavulin","floor":7,"turns":6},{"damage":0,"enemies":"Large Slime","floor":11,"turns":2},{"damage":10,"enemies":"Gremlin Nob","floor":13,"turns":3},{"damage":7,"enemies":"Red Slaver","floor":14,"turns":3},{"damage":15,"enemies":"The Guardian","floor":16,"turns":8},{"damage":0,"enemies":"Spheric Guardian","floor":18,"turns":2},{"damage":17,"enemies":"Shell Parasite","floor":19,"turns":4},{"damage":14,"enemies":"Snake Plant","floor":21,"turns":2},{"damage":0,"enemies":"3 Cultists","floor":22,"turns":2},{"damage":34,"enemies":"Slavers","floor":23,"turns":1}],"seed_played":"3155570962732621592","potions_obtained":[{"floor":4,"key":"LiquidMemories"},{"floor":7,"key":"SkillPotion"},{"floor":11,"key":"AttackPotion"},{"floor":14,"key":"Fire Potion"},{"floor":16,"key":"SneckoOil"},{"floor":18,"key":"EssenceOfSteel"}],"is_trial":false,"path_per_floor":["M","?","M","M","M","R","E","?","T","R","M","$","E","M","R","B",null,"M","M","$","M","M","E"],"character_chosen":"THE_SILENT","items_purchased":["A Thousand Cuts","Vajra","After Image"],"campfire_rested":1,"item_purchase_floors":[12,20,20],"current_hp_per_floor":[64,50,47,42,32,32,24,24,24,43,43,43,33,35,35,20,65,65,48,48,34,34,0,0],"gold":49,"neow_bonus":"BOSS_RELIC","is_daily":false,"chose_seed":false,"campfire_upgraded":2,"win_rate":0.0,"timestamp":1607953708,"path_taken":["M","?","M","M","M","R","E","?","T","R","M","$","E","M","R","BOSS","M","M","$","M","M","E"],"items_purchased_type":["Card","Relic","Card"],"build_version":"2020-12-13","purchased_purges":1,"victory":false,"max_hp_per_floor":[70,70,70,70,70,70,70,65,65,65,65,65,65,65,65,65,65,65,65,65,65,65,65,65],"card_choices":[{"not_picked":["Acrobatics","Sucker Punch"],"picked":"Dagger Throw","floor":1},{"not_picked":["Sucker Punch","Cloak And Dagger","Slice"],"picked":"SKIP","floor":3},{"not_picked":["Setup","PiercingWail","Quick Slash"],"picked":"SKIP","floor":4},{"not_picked":["Poisoned Stab","Flying Knee"],"picked":"Eviscerate","floor":5},{"not_picked":["Quick Slash","Poisoned Stab"],"picked":"Venomology","floor":7},{"not_picked":["Cloak And Dagger","Sucker Punch"],"picked":"Choke","floor":11},{"not_picked":["Flying Knee","Cloak And Dagger","Blade Dance"],"picked":"SKIP","floor":13},{"not_picked":["Accuracy","Flying Knee"],"picked":"Backflip","floor":14},{"not_picked":["Venomology","Malaise"],"picked":"Corpse Explosion","floor":16},{"not_picked":["Catalyst","Accuracy"],"picked":"Predator+1","floor":18},{"not_picked":["Flechettes","Outmaneuver","Dagger Throw"],"picked":"SKIP","floor":19},{"not_picked":["Finisher","Acrobatics"],"picked":"Blur+1","floor":21},{"not_picked":["Terror","Endless Agony","Backflip"],"picked":"SKIP","floor":22}],"player_experience":284297,"relics_obtained":[{"floor":7,"key":"Dead Branch"},{"floor":9,"key":"Torii"},{"floor":13,"key":"Pocketwatch"}],"event_choices":[{"damage_healed":0,"gold_gain":0,"player_choice":"Entered Light","damage_taken":14,"max_hp_gain":0,"max_hp_loss":0,"event_name":"Shining Light","floor":2,"gold_loss":0,"cards_upgraded":["Dagger Throw","Neutralize"]},{"damage_healed":0,"gold_gain":0,"player_choice":"Lose Max HP","damage_taken":0,"relics_obtained":["Golden Idol"],"max_hp_gain":0,"max_hp_loss":5,"event_name":"Golden Idol","floor":8,"gold_loss":0}],"is_beta":false,"boss_relics":[{"not_picked":["HoveringKite","Black Star"],"picked":"Astrolabe"}],"items_purged_floors":[12],"is_endless":false,"potions_floor_spawned":[4,7,11,14,16,18,21],"killed_by":"Slavers","ascension_level":2}}