{"host":"2461dio7vetlq1z3","time":1607916980,"event":{"mods":["AchievementEnabler","Aspiration","BaseMod","Hermit","Lobotomy","Minty Spire (QoL Compilation)","Relic Stats","Spicy Shops","StSLib","Waifu the Spire"],"gold_per_floor":[114,127,202,302,316,316,349,364,364,172,192,192,220,51,51,155,155,180,55,55,55,87,155,155,216,243,81,129,129,155,190,190,195,195],"floor_reached":33,"playtime":1620,"items_purged":["hermit:Strike_Hermit","hermit:Strike_Hermit","hermit:Strike_Hermit"],"score":366,"play_id":"c541d369-2de7-436c-bd45-8ac9ea3403bb","local_time":"20201214043620","is_ascension_mode":true,"campfire_choices":[{"data":"hermit:BigShot","floor":6,"key":"SMITH"},{"data":"hermit:Manifest","floor":12,"key":"SMITH"},{"floor":15,"key":"REST"},{"data":"hermit:BigShot","floor":24,"key":"SMITH"},{"floor":29,"key":"REST"},{"data":"hermit:Strike_Hermit","floor":32,"key":"PURGE"}],"circlet_count":0,"master_deck":["hermit:Defend_Hermit","hermit:Defend_Hermit","hermit:Defend_Hermit","hermit:Defend_Hermit","hermit:Snapshot","hermit:Covet","hermit:Coalescence","hermit:Headshot","hermit:BigShot+1","hermit:Horror","hermit:HeroicBravado","hermit:Midnight","hermit:Headshot+1","hermit:Manifest+1","hermit:LoneWolf","hermit:BigShot+1","hermit:DeadOrAlive","hermit:Malice+1","Decay","hermit:BigShot","hermit:Enervate+1","hermit:Gestalt","Shame","hermit:FatalDesire","hermit:Scavenge"],"relics":["hermit:Momento","Gremlin Horn","Shuriken","aspiration:HiddenCompartment","aspiration:Lifesprig","Cursed Key","aspiration:HummingbirdHeart","Whetstone","Peace Pipe","Red Mask"],"acts_visited":["Exordium","TheCity"],"potions_floor_usage":[16,18,18],"damage_taken":[{"damage":0,"enemies":"Small Slimes","floor":1,"turns":4},{"damage":0,"enemies":"Cultist","floor":2,"turns":3},{"damage":7,"enemies":"Jaw Worm","floor":5,"turns":3},{"damage":18,"enemies":"Gremlin Nob","floor":7,"turns":3},{"damage":0,"enemies":"3 Louse","floor":8,"turns":2},{"damage":15,"enemies":"Looter","floor":11,"turns":4},{"damage":17,"enemies":"3 Sentries","floor":13,"turns":7},{"damage":22,"enemies":"Hexaghost","floor":16,"turns":7},{"damage":10,"enemies":"3 Byrds","floor":18,"turns":4},{"damage":0,"enemies":"Chosen","floor":22,"turns":4},{"damage":7,"enemies":"Gremlin Leader","floor":23,"turns":4},{"damage":5,"enemies":"Slavers","floor":25,"turns":4},{"damage":16,"enemies":"Masked Bandits","floor":28,"turns":4},{"damage":9,"enemies":"Snake Plant","floor":30,"turns":4},{"damage":3,"enemies":"Chosen and Byrds","floor":31,"turns":6},{"damage":47,"enemies":"Champ","floor":33,"turns":8}],"seed_played":"-417636805896004863","potions_obtained":[{"floor":7,"key":"SpeedPotion"},{"floor":8,"key":"SpeedPotion"},{"floor":13,"key":"LiquidBronze"},{"floor":28,"key":"Explosive Potion"},{"floor":31,"key":"CultistPotion"}],"is_trial":false,"path_per_floor":["M","M","?","?","M","R","E","M","T","$","M","R","E","$","R","B",null,"M","$","T","$","M","E","R","E","T","$","?","R","M","M","R","B"],"character_chosen":"HERMIT","items_purchased":["hermit:Headshot","aspiration:HiddenCompartment","hermit:BigShot","hermit:FatalDesire"],"campfire_rested":2,"item_purchase_floors":[10,10,14,27],"current_hp_per_floor":[75,75,64,64,57,57,39,39,39,39,24,24,7,7,29,7,58,48,48,48,48,48,41,41,36,36,36,20,42,33,30,30,0,0],"gold":195,"neow_bonus":"THREE_CARDS","is_daily":false,"chose_seed":false,"campfire_upgraded":3,"win_rate":0.0,"timestamp":1607916980,"path_taken":["M","M","?","?","M","R","E","M","T","$","M","R","E","$","R","BOSS","M","$","?","?","?","E","R","E","T","$","?","R","M","M","R","BOSS"],"items_purchased_type":["Card","Relic","Card","Card"],"build_version":"2020-12-13","purchased_purges":3,"victory":false,"max_hp_per_floor":[75,75,75,75,75,75,75,75,75,75,75,75,75,75,75,75,75,75,75,75,75,75,75,75,75,75,75,75,75,75,75,75,75,75],"relic_stats":{"Peace Pipe":1,"Gremlin Horn":[15,15],"counters":[16,71],"Shuriken":[6],"Whetstone":["hermit:Headshot","hermit:Malice"],"Cursed Key":2,"obtain_stats":[{"Peace Pipe":25,"aspiration:Lifesprig":13,"Gremlin Horn":7,"Shuriken":9,"aspiration:HummingbirdHeart":20,"Red Mask":28,"Whetstone":23,"aspiration:HiddenCompartment":10,"Cursed Key":17,"hermit:Momento":0},{"Peace Pipe":12,"aspiration:Lifesprig":7,"Gremlin Horn":4,"Shuriken":5,"aspiration:HummingbirdHeart":9,"Red Mask":13,"Whetstone":11,"aspiration:HiddenCompartment":5,"Cursed Key":8,"hermit:Momento":0},{"Peace Pipe":49,"aspiration:Lifesprig":26,"Gremlin Horn":13,"Shuriken":15,"aspiration:HummingbirdHeart":37,"Red Mask":53,"Whetstone":45,"aspiration:HiddenCompartment":15,"Cursed Key":33,"hermit:Momento":0}]},"card_choices":[{"not_picked":["hermit:ShadowCloak","hermit:Feint"],"picked":"hermit:Coalescence","floor":0},{"not_picked":["hermit:Glare","hermit:Scavenge"],"picked":"hermit:Headshot","floor":1},{"not_picked":["hermit:Ricochet","hermit:Roulette"],"picked":"hermit:BigShot","floor":2},{"not_picked":["hermit:WideOpen","hermit:FullyLoaded"],"picked":"hermit:Horror","floor":5},{"not_picked":["hermit:Coalescence","hermit:CalledShot"],"picked":"hermit:HeroicBravado","floor":7},{"not_picked":["hermit:SprayPray","hermit:LuckOfTheDraw"],"picked":"hermit:Midnight","floor":8},{"not_picked":["hermit:BodyArmor","hermit:Showdown"],"picked":"hermit:Manifest","floor":11},{"not_picked":["hermit:Dissolve","hermit:FullyLoaded"],"picked":"hermit:LoneWolf","floor":13},{"not_picked":["hermit:RoundhouseKick","hermit:EternalForm"],"picked":"hermit:DeadOrAlive","floor":16},{"not_picked":["hermit:Virtue","hermit:Desperado"],"picked":"hermit:Malice","floor":18},{"not_picked":["hermit:EyeOfTheStorm","hermit:HoleUp+1"],"picked":"hermit:BigShot","floor":22},{"not_picked":["hermit:Gambit","hermit:Desperado"],"picked":"hermit:Enervate+1","floor":23},{"not_picked":["hermit:Misfire","hermit:SprayPray+1"],"picked":"hermit:Gestalt","floor":25},{"not_picked":["hermit:Dive","hermit:GoldenBullet+1"],"picked":"hermit:Scavenge","floor":30},{"not_picked":["hermit:GoldenBullet","hermit:SprayPray+1","hermit:Ricochet"],"picked":"SKIP","floor":31}],"player_experience":710439,"relics_obtained":[{"floor":7,"key":"Gremlin Horn"},{"floor":9,"key":"Shuriken"},{"floor":13,"key":"aspiration:Lifesprig"},{"floor":20,"key":"aspiration:HummingbirdHeart"},{"floor":23,"key":"Whetstone"},{"floor":25,"key":"Peace Pipe"},{"floor":28,"key":"Red Mask"}],"event_choices":[{"damage_healed":0,"gold_gain":75,"player_choice":"Gather Gold","damage_taken":11,"max_hp_gain":0,"max_hp_loss":0,"event_name":"World of Goop","floor":3,"gold_loss":0},{"damage_healed":0,"gold_gain":100,"player_choice":"Pray","damage_taken":0,"max_hp_gain":0,"max_hp_loss":0,"event_name":"Golden Shrine","floor":4,"gold_loss":0},{"damage_healed":0,"gold_gain":0,"player_choice":"Fought Bandits","damage_taken":0,"max_hp_gain":0,"max_hp_loss":0,"event_name":"Masked Bandits","floor":28,"gold_loss":0}],"is_beta":false,"boss_relics":[{"not_picked":["aspiration:SecretTechniqueScroll","Astrolabe"],"picked":"Cursed Key"}],"items_purged_floors":[10,14,19],"is_endless":false,"potions_floor_spawned":[7,8,13,28,31],"killed_by":"Champ","ascension_level":5}}