{"host":"2lo6hma6kymb0g9i","time":1607937192,"event":{"mods":["BaseMod","Colored Map","DeckTracker","Minty Spire (QoL Compilation)"],"gold_per_floor":[209,159,159,171,183,209,221,266,278,290,312,324,363,401,413,523,535,561,573,604,616,638,666,691,723,735,781,793,138,238,248,248,352,352,369,422,436,436,454,480,480,132,184,184,0,0,17,67,67,67],"floor_reached":51,"playtime":4715,"items_purged":["Strike_G","Strike_G"],"score":1016,"play_id":"d46fa40d-385b-46c0-8c74-78ef3f429fa1","local_time":"20201214181312","is_ascension_mode":true,"campfire_choices":[{"floor":7.0,"key":"REST"},{"data":"Phantasmal Killer","floor":10.0,"key":"SMITH"},{"data":"Neutralize","floor":15.0,"key":"SMITH"},{"floor":28,"key":"REST"},{"data":"Terror","floor":32,"key":"SMITH"},{"data":"Venomology","floor":41,"key":"SMITH"},{"data":"Adrenaline","floor":44,"key":"SMITH"},{"floor":49,"key":"REST"}],"circlet_count":0,"master_deck":["Strike_G","Defend_G","Defend_G","Defend_G","Defend_G","Defend_G","Survivor","Neutralize+1","Quick Slash","Dodge and Roll+1","Blade Dance","Phantasmal Killer+1","Backstab+1","Riddle With Holes+1","Crippling Poison","Unload+1","Tactician","Heel Hook+1","Acrobatics","Well Laid Plans","Terror+1","PiercingWail","Venomology+1","Prepared","Adrenaline+1","Escape Plan","Acrobatics+1","PiercingWail","Thinking Ahead","Blade Dance","Adrenaline","Regret","Quick Slash+1","Bouncing Flask","Flechettes+1"],"relics":["Ring of the Snake","MawBank","Molten Egg 2","Happy Flower","Dream Catcher","Potion Belt","Cursed Key","Oddly Smooth Stone","Ornamental Fan","Lee\u0027s Waffle","Ice Cream","Meat on the Bone","SacredBark","CaptainsWheel","Juzu Bracelet","Shuriken","Centennial Puzzle","Red Mask","Pocketwatch"],"acts_visited":["Exordium","TheCity","TheBeyond"],"potions_floor_usage":[29,30,33,33,33,35,35,36,36,39,40,47,50,50],"damage_taken":[{"damage":9.0,"enemies":"Cultist","floor":1.0,"turns":5.0},{"damage":6.0,"enemies":"Jaw Worm","floor":4.0,"turns":5.0},{"damage":0.0,"enemies":"2 Louse","floor":5.0,"turns":4.0},{"damage":22.0,"enemies":"3 Sentries","floor":6.0,"turns":5.0},{"damage":16.0,"enemies":"Lagavulin","floor":8.0,"turns":7.0},{"damage":0.0,"enemies":"Red Slaver","floor":11.0,"turns":2.0},{"damage":0.0,"enemies":"Gremlin Nob","floor":14.0,"turns":2.0},{"damage":29.0,"enemies":"The Guardian","floor":16.0,"turns":16.0},{"damage":8.0,"enemies":"Shell Parasite","floor":18.0,"turns":4.0},{"damage":0.0,"enemies":"Chosen","floor":20.0,"turns":3.0},{"damage":4.0,"enemies":"Shelled Parasite and Fungi","floor":22.0,"turns":4.0},{"damage":5.0,"enemies":"Centurion and Healer","floor":23.0,"turns":2.0},{"damage":0.0,"enemies":"3 Cultists","floor":24.0,"turns":3.0},{"damage":9.0,"enemies":"Shelled Parasite and Fungi","floor":25.0,"turns":4.0},{"damage":26,"enemies":"Gremlin Leader","floor":27,"turns":5},{"damage":0,"enemies":"Colosseum Slavers","floor":30,"turns":5},{"damage":1,"enemies":"Colosseum Nobs","floor":30,"turns":7},{"damage":4,"enemies":"Centurion and Healer","floor":31,"turns":5},{"damage":4,"enemies":"Automaton","floor":33,"turns":6},{"damage":0,"enemies":"3 Darklings","floor":35,"turns":4},{"damage":24,"enemies":"2 Orb Walkers","floor":36,"turns":5},{"damage":0,"enemies":"Orb Walker","floor":37,"turns":3},{"damage":0,"enemies":"Spire Growth","floor":39,"turns":5},{"damage":14,"enemies":"Nemesis","floor":40,"turns":5},{"damage":0,"enemies":"Sphere and 2 Shapes","floor":47,"turns":5},{"damage":2,"enemies":"Mind Bloom Boss Battle","floor":48,"turns":3},{"damage":53,"enemies":"Time Eater","floor":50,"turns":8}],"seed_played":"-2427884190159832513","potions_obtained":[{"floor":1.0,"key":"SkillPotion"},{"floor":6.0,"key":"EssenceOfSteel"},{"floor":14.0,"key":"BlessingOfTheForge"},{"floor":22.0,"key":"Poison Potion"},{"floor":23.0,"key":"Energy Potion"},{"floor":27,"key":"PowerPotion"},{"floor":33,"key":"LiquidMemories"},{"floor":35,"key":"CunningPotion"},{"floor":37,"key":"Block Potion"},{"floor":40,"key":"SteroidPotion"}],"is_trial":false,"path_per_floor":["M","?","?","M","M","E","R","E","T","R","M","$","T","E","R","B",null,"M","?","M","?","M","M","M","M","T","E","R","$","?","M","R","B",null,"M","?","M","?","M","E","R","$","T","R","?","$","M","?","R","B",null],"character_chosen":"THE_SILENT","items_purchased":["Fruit Juice","Ornamental Fan","Lee\u0027s Waffle","Venomology","Shuriken"],"campfire_rested":3,"item_purchase_floors":[29,29,29,29,42],"current_hp_per_floor":[54,54,54,48,48,26,47,31,31,31,31,31,31,31,31,2,53,45,45,45,45,41,36,36,27,27,1,22,82,81,77,77,73,80,80,56,56,56,56,42,42,42,42,42,42,42,42,52,76,35],"gold":67,"neow_bonus":"HUNDRED_GOLD","is_daily":false,"chose_seed":false,"campfire_upgraded":5,"win_rate":0.0,"timestamp":1607937192,"path_taken":["M","?","?","M","M","E","R","E","T","R","M","?","?","E","R","BOSS","M","?","?","?","M","M","M","?","T","E","R","$","?","M","R","BOSS","M","?","M","?","M","E","R","$","T","R","?","?","M","?","R","BOSS"],"items_purchased_type":["Potion","Relic","Relic","Card","Relic"],"build_version":"2020-12-13","purchased_purges":2,"victory":true,"max_hp_per_floor":[70,70,70,70,70,70,70,70,70,70,70,70,70,70,70,70,70,70,70,70,70,70,70,70,70,70,70,70,82,82,82,82,82,82,82,82,82,82,82,82,82,82,82,82,82,82,82,82,82,82],"card_choices":[{"not_picked":["Escape Plan","Acrobatics"],"picked":"Quick Slash","floor":1.0},{"not_picked":["Concentrate","Crippling Poison"],"picked":"Dodge and Roll","floor":4.0},{"not_picked":["Backflip","Deflect"],"picked":"Blade Dance","floor":5.0},{"not_picked":["Crippling Poison","Dash"],"picked":"Phantasmal Killer","floor":6.0},{"not_picked":["Outmaneuver","Poisoned Stab+1"],"picked":"Backstab+1","floor":8.0},{"not_picked":["Expertise","Tactician"],"picked":"Riddle With Holes+1","floor":11.0},{"not_picked":["Poisoned Stab+1","Bane+1"],"picked":"Crippling Poison","floor":14.0},{"not_picked":["Glass Knife+1","Phantasmal Killer"],"picked":"Unload+1","floor":16.0},{"not_picked":["Bane+1","Cloak And Dagger","Sucker Punch+1"],"picked":"SKIP","floor":18.0},{"not_picked":["Dagger Throw+1","Choke+1"],"picked":"Tactician","floor":20.0},{"not_picked":["Deflect","Bouncing Flask+1"],"picked":"Heel Hook+1","floor":22.0},{"not_picked":["Backflip","Finisher+1"],"picked":"Acrobatics","floor":23.0},{"not_picked":["Blur","Bane+1"],"picked":"Well Laid Plans","floor":24.0},{"not_picked":["Crippling Poison","Poisoned Stab+1"],"picked":"Terror","floor":25.0},{"not_picked":["Dagger Spray+1","Leg Sweep"],"picked":"PiercingWail","floor":27},{"not_picked":["Flying Knee+1","Blade Dance"],"picked":"Prepared","floor":30},{"not_picked":["Prepared","Dodge and Roll","Bane+1"],"picked":"SKIP","floor":31},{"not_picked":["Die Die Die+1","Venomology"],"picked":"Adrenaline","floor":33},{"not_picked":["Prepared","Cloak And Dagger+1"],"picked":"Escape Plan","floor":35},{"not_picked":["Dodge and Roll","Caltrops"],"picked":"Acrobatics+1","floor":36},{"not_picked":["Cloak And Dagger","Outmaneuver+1"],"picked":"PiercingWail","floor":37},{"not_picked":["Dark Shackles","Jack Of All Trades"],"picked":"Thinking Ahead","floor":38},{"not_picked":["Quick Slash+1","Acrobatics"],"picked":"Blade Dance","floor":39},{"not_picked":["Dodge and Roll","Flechettes+1"],"picked":"Adrenaline","floor":40},{"not_picked":["Endless Agony+1","All Out Attack+1"],"picked":"Quick Slash+1","floor":47},{"not_picked":["Blade Dance","Flying Knee+1"],"picked":"Bouncing Flask","floor":48},{"not_picked":["Riddle With Holes+1","Dagger Throw+1"],"picked":"Flechettes+1","floor":49}],"player_experience":780975,"relics_obtained":[{"floor":6.0,"key":"MawBank"},{"floor":8.0,"key":"Molten Egg 2"},{"floor":9.0,"key":"Happy Flower"},{"floor":13.0,"key":"Dream Catcher"},{"floor":14.0,"key":"Potion Belt"},{"floor":27,"key":"Oddly Smooth Stone"},{"floor":30,"key":"Ice Cream"},{"floor":30,"key":"Meat on the Bone"},{"floor":36,"key":"CaptainsWheel"},{"floor":40,"key":"Juzu Bracelet"},{"floor":43,"key":"Centennial Puzzle"},{"floor":48,"key":"Pocketwatch"}],"event_choices":[{"cards_removed":["Strike_G"],"damage_healed":0.0,"max_hp_gain":0.0,"max_hp_loss":0.0,"gold_gain":0.0,"event_name":"The Cleric","player_choice":"Card Removal","floor":2.0,"gold_loss":50.0,"damage_taken":0.0},{"damage_healed":0.0,"max_hp_gain":0.0,"max_hp_loss":0.0,"gold_gain":0.0,"event_name":"Scrap Ooze","player_choice":"Fled","floor":3.0,"gold_loss":0.0,"damage_taken":0.0},{"cards_removed":["Strike_G"],"damage_healed":0.0,"max_hp_gain":0.0,"max_hp_loss":0.0,"gold_gain":0.0,"event_name":"Purifier","player_choice":"Purged","floor":19.0,"gold_loss":0.0,"damage_taken":0.0},{"damage_healed":0.0,"max_hp_gain":0.0,"max_hp_loss":0.0,"gold_gain":0.0,"event_name":"Upgrade Shrine","player_choice":"Upgraded","floor":21.0,"gold_loss":0.0,"damage_taken":0.0,"cards_upgraded":["Dodge and Roll"]},{"damage_healed":0,"gold_gain":0,"player_choice":"Fight","damage_taken":0,"max_hp_gain":0,"max_hp_loss":0,"event_name":"Colosseum","floor":30,"gold_loss":0},{"damage_healed":0,"gold_gain":0,"player_choice":"Fought Nobs","damage_taken":0,"max_hp_gain":0,"max_hp_loss":0,"event_name":"Colosseum","floor":30,"gold_loss":0},{"damage_healed":0,"gold_gain":0,"player_choice":"Fight","damage_taken":0,"max_hp_gain":0,"max_hp_loss":0,"event_name":"Mysterious Sphere","floor":36,"gold_loss":0},{"damage_healed":0,"gold_gain":0,"player_choice":"Memory 1","damage_taken":0,"max_hp_gain":0,"max_hp_loss":0,"event_name":"SensoryStone","floor":38,"gold_loss":0},{"damage_healed":0,"gold_gain":0,"player_choice":"Paid","damage_taken":0,"relics_obtained":["Red Mask"],"max_hp_gain":0,"max_hp_loss":0,"event_name":"Tomb of Lord Red Mask","floor":45,"gold_loss":184},{"damage_healed":0,"gold_gain":0,"player_choice":"Fight","damage_taken":0,"max_hp_gain":0,"max_hp_loss":0,"event_name":"MindBloom","floor":48,"gold_loss":0}],"is_beta":false,"boss_relics":[{"not_picked":["Velvet Choker","SlaversCollar"],"picked":"Cursed Key"},{"not_picked":["Black Star","Calling Bell"],"picked":"SacredBark"}],"items_purged_floors":[29,42],"is_endless":false,"potions_floor_spawned":[1,6,14,22,23,27,30,33,35,37,40],"ascension_level":8}}