{"host":"ek3xvuouaw6vk9if","time":1607918493,"event":{"mods":["BaseMod","Minty Spire (QoL Compilation)","Permanent Neow","Quick Restart","Replay The Spire","StSLib"],"gold_per_floor":[117,135,154,201,201,201,215,229,256,268,268,278,310,145,145,220,220,231,131,145,145,145,177,177,177,177,207,207,207,207],"floor_reached":29,"playtime":1240,"items_purged":["Strike_G","Strike_G"],"score":487,"play_id":"1dbdf7f2-fc3f-4a5a-9b40-25b7d46d261b","local_time":"20201213230133","is_ascension_mode":true,"campfire_choices":[{"data":"Blade Dance","floor":6,"key":"SMITH"},{"floor":15,"key":"REST"},{"data":"Blade Dance","floor":24,"key":"SMITH"}],"circlet_count":0,"master_deck":["AscendersBane","Strike_G","Strike_G","Strike_G","Defend_G","Defend_G","Defend_G","Defend_G","Defend_G","Survivor","Neutralize","Survivor","Defend_G","Unload","Blade Dance+1","Quick Slash","Prepared","Accuracy","Dodge and Roll","Predator","PiercingWail","Infinite Blades","After Image","Hidden Blade","Blade Dance+1","Finisher","Accuracy"],"relics":["Ring of the Snake","Darkstone Periapt","ReplayTheSpireMod:Ninjato","Bag of Marbles","Pen Nib","ReplayTheSpireMod:DimensionalGlitch","Potion Belt","MutagenicStrength","Pear","Replay:Baseball"],"acts_visited":["Exordium","TheCity"],"potions_floor_usage":[12,13,16,16,23,27],"damage_taken":[{"damage":1,"enemies":"Cultist","floor":1,"turns":4},{"damage":0,"enemies":"Small Slimes","floor":2,"turns":2},{"damage":4,"enemies":"Jaw Worm","floor":3,"turns":4},{"damage":0,"enemies":"Lots of Slimes","floor":7,"turns":5},{"damage":1,"enemies":"2 Fungi Beasts","floor":8,"turns":4},{"damage":17,"enemies":"Exordium Wildlife","floor":10,"turns":5},{"damage":0,"enemies":"3 Louse","floor":12,"turns":2},{"damage":8,"enemies":"Gremlin Nob","floor":13,"turns":3},{"damage":18,"enemies":"Fading Forest","floor":16,"turns":11},{"damage":9,"enemies":"Shell Parasite","floor":18,"turns":6},{"damage":11,"enemies":"Chosen","floor":20,"turns":5},{"damage":10,"enemies":"Book of Stabbing","floor":23,"turns":7},{"damage":4,"enemies":"Slavers","floor":27,"turns":2},{"damage":34,"enemies":"Shelled Parasite and Fungi","floor":29,"turns":4}],"seed_played":"-2128765888636310419","potions_obtained":[{"floor":2,"key":"Fire Potion"},{"floor":4,"key":"Death Potion"},{"floor":7,"key":"SteroidPotion"},{"floor":12,"key":"PowerPotion"},{"floor":13,"key":"EssenceOfSteel"},{"floor":16,"key":"Ancient Potion"},{"floor":18,"key":"SkillPotion"},{"floor":23,"key":"Energy Potion"}],"is_trial":false,"path_per_floor":["M","M","M","?","T","R","M","M","T","M","?","M","E","$","R","B",null,"M","$","M","?","?","E","R","?","T","E","?","M"],"character_chosen":"THE_SILENT","items_purchased":["Infinite Blades"],"campfire_rested":1,"item_purchase_floors":[14],"current_hp_per_floor":[58,58,54,28,28,28,28,27,27,10,10,10,2,2,21,11,52,43,43,32,32,32,22,22,22,32,28,28,0,0],"gold":207,"neow_bonus":"THREE_RARE_CARDS","is_daily":false,"chose_seed":false,"campfire_upgraded":2,"win_rate":0.0,"timestamp":1607918493,"path_taken":["M","M","M","?","?","R","?","M","T","M","?","M","E","?","R","BOSS","M","$","M","?","?","E","R","?","T","E","?","M"],"items_purchased_type":["Card"],"build_version":"2020-12-13","purchased_purges":2,"victory":false,"max_hp_per_floor":[66,66,66,66,66,66,66,66,66,66,66,66,66,66,66,66,66,66,66,66,66,66,66,66,66,76,76,76,76,76],"card_choices":[{"not_picked":["Malaise","Doppelganger"],"picked":"Unload","floor":0},{"not_picked":["Outmaneuver","Dagger Throw"],"picked":"Blade Dance","floor":1},{"not_picked":["Flying Knee","Concentrate"],"picked":"Quick Slash","floor":2},{"not_picked":["Sucker Punch","Poisoned Stab","PiercingWail"],"picked":"SKIP","floor":3},{"not_picked":["Poison Darts","Dodge and Roll"],"picked":"Prepared","floor":4},{"not_picked":["Well Laid Plans","Dodge and Roll","Crippling Poison"],"picked":"SKIP","floor":7},{"not_picked":["Endless Agony","Deadly Poison"],"picked":"Accuracy","floor":8},{"not_picked":["Deadly Poison","Underhanded Strike"],"picked":"Dodge and Roll","floor":10},{"not_picked":["Expertise","Dodge and Roll"],"picked":"Predator","floor":12},{"not_picked":["ReplayTheSpireMod:The Works","Fluid Movement"],"picked":"PiercingWail","floor":13},{"not_picked":["ReplayTheSpireMod:From All Sides","ReplayTheSpireMod:Necrosis"],"picked":"After Image","floor":16},{"not_picked":["Flying Knee+1","Dash"],"picked":"Hidden Blade","floor":18},{"not_picked":["Well Laid Plans","Underhanded Strike"],"picked":"Blade Dance","floor":20},{"not_picked":["Predator","Expertise"],"picked":"Finisher","floor":23},{"not_picked":["Sucker Punch","Bane+1"],"picked":"Accuracy","floor":27}],"player_experience":468608,"relics_obtained":[{"floor":4,"key":"Darkstone Periapt"},{"floor":5,"key":"ReplayTheSpireMod:Ninjato"},{"floor":9,"key":"Bag of Marbles"},{"floor":13,"key":"Pen Nib"},{"floor":23,"key":"Potion Belt"},{"floor":26,"key":"Pear"},{"floor":27,"key":"Replay:Baseball"}],"event_choices":[{"damage_healed":0,"gold_gain":0,"player_choice":"Fled","damage_taken":0,"max_hp_gain":0,"max_hp_loss":0,"event_name":"Scrap Ooze","floor":11,"gold_loss":0},{"damage_healed":0,"gold_gain":0,"player_choice":"Ignored","damage_taken":0,"max_hp_gain":0,"max_hp_loss":0,"event_name":"Vampires","floor":22,"gold_loss":0},{"damage_healed":0,"gold_gain":0,"player_choice":"Inject Mutagens","damage_taken":0,"relics_obtained":["MutagenicStrength"],"max_hp_gain":0,"max_hp_loss":0,"event_name":"Drug Dealer","floor":25,"gold_loss":0},{"damage_healed":0,"gold_gain":0,"player_choice":"Leave","damage_taken":0,"max_hp_gain":0,"max_hp_loss":0,"event_name":"FaceTrader","floor":28,"gold_loss":0}],"is_beta":false,"boss_relics":[{"not_picked":["Snecko Scales","Ring of the Serpent"],"picked":"ReplayTheSpireMod:DimensionalGlitch"}],"items_purged_floors":[14,19],"is_endless":false,"potions_floor_spawned":[2,7,12,13,16,18,23],"killed_by":"Shelled Parasite and Fungi","ascension_level":17}}