{"host":"08umfpj02pt2ygc3","time":1607943190,"event":{"mods":["2.2 Compatiblity","BaseMod","DeckTracker","Highlight Path","Keyboard Shortcuts","Minty Spire (QoL Compilation)","Quick Restart","Random Character Button","StSLib","SuperFastMode","everything is the same but u backflip on backflip"],"gold_per_floor":[363,381,456,456,421,421,441,441,441,441,441,466,335,355,355,455,455,470,470,480,173,173,201,201,217,244,259,279,312,322,237,237,340,340,360,371,371,386,386,386,399,426,426,443,63,73,89,107,107,107],"floor_reached":51,"playtime":6173,"items_purged":["Defend_R+1"],"score":1145,"play_id":"37b8edbd-50be-4730-b988-2d84b39fb4bb","local_time":"20201214195310","is_ascension_mode":true,"campfire_choices":[{"data":"Perfected Strike","floor":6.0,"key":"SMITH"},{"data":"Bash","floor":8.0,"key":"SMITH"},{"data":"Body Slam","floor":11.0,"key":"SMITH"},{"data":"Whirlwind","floor":15.0,"key":"SMITH"},{"data":"Enlightenment","floor":24.0,"key":"SMITH"},{"data":"Perfected Strike","floor":32.0,"key":"SMITH"},{"data":"Dual Wield","floor":40.0,"key":"SMITH"},{"data":"Perfected Strike","floor":49.0,"key":"SMITH"}],"circlet_count":0,"master_deck":["Strike_R+1","Strike_R+1","Strike_R+1","Strike_R+1","Strike_R+1","Defend_R+1","Defend_R+1","Defend_R+1","Bash+1","Body Slam+1","Perfected Strike+1","Whirlwind+1","Perfected Strike+1","CurseOfTheBell","Perfected Strike","Dual Wield+1","Enlightenment+1","Battle Trance","Rage","Perfected Strike+1","Pommel Strike+1","Bloodletting","Twin Strike+1","Shrug It Off+1","Rage+1","Perfected Strike+1"],"relics":["Burning Blood","Charon\u0027s Ashes","Paper Frog","Vajra","Calling Bell","Regal Pillow","White Beast Statue","FossilizedHelix","Toy Ornithopter","Bottled Lightning","Bag of Preparation","CaptainsWheel","Mercury Hourglass","Coffee Dripper","Magic Flower","Sundial","Nunchaku","Toolbox"],"acts_visited":["Exordium","TheCity","TheBeyond"],"potions_floor_usage":[50,50],"damage_taken":[{"damage":11.0,"enemies":"Small Slimes","floor":1.0,"turns":4.0},{"damage":11.0,"enemies":"Jaw Worm","floor":2.0,"turns":6.0},{"damage":2.0,"enemies":"2 Louse","floor":7.0,"turns":3.0},{"damage":18.0,"enemies":"Lagavulin","floor":12.0,"turns":5.0},{"damage":16.0,"enemies":"Large Slime","floor":14.0,"turns":4.0},{"damage":0.0,"enemies":"Slime Boss","floor":16.0,"turns":6.0},{"damage":35.0,"enemies":"2 Thieves","floor":18.0,"turns":5.0},{"damage":0.0,"enemies":"Spheric Guardian","floor":20.0,"turns":3.0},{"damage":14.0,"enemies":"Book of Stabbing","floor":23.0,"turns":3.0},{"damage":6.0,"enemies":"Chosen and Byrds","floor":25.0,"turns":4.0},{"damage":0.0,"enemies":"Snake Plant","floor":27.0,"turns":1.0},{"damage":0.0,"enemies":"Centurion and Healer","floor":28.0,"turns":4.0},{"damage":10.0,"enemies":"Slavers","floor":29.0,"turns":5.0},{"damage":0.0,"enemies":"Snecko","floor":30.0,"turns":2.0},{"damage":43.0,"enemies":"Automaton","floor":33.0,"turns":6.0},{"damage":0.0,"enemies":"Orb Walker","floor":35.0,"turns":2.0},{"damage":0.0,"enemies":"3 Darklings","floor":36.0,"turns":4.0},{"damage":0.0,"enemies":"4 Shapes","floor":38.0,"turns":4.0},{"damage":3.0,"enemies":"Writhing Mass","floor":41.0,"turns":2.0},{"damage":9.0,"enemies":"Reptomancer","floor":42.0,"turns":4.0},{"damage":3.0,"enemies":"Jaw Worm Horde","floor":44.0,"turns":2.0},{"damage":0.0,"enemies":"Spire Growth","floor":46.0,"turns":2.0},{"damage":0.0,"enemies":"Transient","floor":47.0,"turns":5.0},{"damage":0.0,"enemies":"4 Shapes","floor":48.0,"turns":3.0},{"damage":60,"enemies":"Time Eater","floor":50,"turns":7}],"seed_played":"5579491909157730435","potions_obtained":[{"floor":2.0,"key":"Block Potion"},{"floor":16.0,"key":"DistilledChaos"},{"floor":18.0,"key":"Fire Potion"},{"floor":20.0,"key":"Strength Potion"},{"floor":23.0,"key":"SteroidPotion"},{"floor":25.0,"key":"PowerPotion"},{"floor":27.0,"key":"ColorlessPotion"},{"floor":28.0,"key":"Explosive Potion"},{"floor":29.0,"key":"Fire Potion"},{"floor":30.0,"key":"DuplicationPotion"},{"floor":33.0,"key":"FairyPotion"},{"floor":35.0,"key":"BloodPotion"},{"floor":38.0,"key":"Weak Potion"},{"floor":42.0,"key":"BlessingOfTheForge"},{"floor":44.0,"key":"Block Potion"},{"floor":47.0,"key":"Fire Potion"},{"floor":48.0,"key":"Swift Potion"}],"is_trial":false,"path_per_floor":["M","M","?","?","?","R","M","R","T","?","R","E","$","M","R","B",null,"M","?","M","$","?","E","R","M","T","M","M","E","M","?","R","B",null,"M","M","$","M","?","R","M","E","T","M","$","M","M","M","R","B",null],"character_chosen":"IRONCLAD","items_purchased":["Whirlwind","Energy Potion","Dual Wield","Toy Ornithopter","Enlightenment","Nunchaku","Toolbox"],"campfire_rested":0,"item_purchase_floors":[13,13,21,21,21,45,45],"current_hp_per_floor":[67,62,51,44,64,64,68,68,68,65,65,53,53,43,43,49,72,43,43,49,49,49,51,51,51,51,62,73,79,80,80,80,43,71,77,80,80,80,80,80,80,80,80,80,80,80,80,80,80,32],"gold":107,"neow_bonus":"TWO_FIFTY_GOLD","is_daily":false,"chose_seed":false,"campfire_upgraded":8,"win_rate":0.0,"timestamp":1607943190,"path_taken":["M","M","?","?","?","R","M","R","T","?","R","E","$","M","R","BOSS","M","?","M","$","?","E","R","M","T","M","M","E","M","?","R","BOSS","M","M","$","M","?","R","M","E","T","M","$","M","M","M","R","BOSS"],"items_purchased_type":["Card","Potion","Card","Relic","Card","Relic","Relic"],"build_version":"2020-12-13","purchased_purges":1,"victory":true,"max_hp_per_floor":[80,80,80,80,80,80,80,80,80,80,80,80,80,80,80,80,80,80,80,80,80,80,80,80,80,80,80,80,80,80,80,80,80,80,80,80,80,80,80,80,80,80,80,80,80,80,80,80,80,80],"card_choices":[{"not_picked":["Warcry","Flex"],"picked":"Body Slam","floor":1.0},{"not_picked":["Uppercut","Dual Wield"],"picked":"Perfected Strike","floor":2.0},{"not_picked":["Pummel","Clothesline","Flex"],"picked":"SKIP","floor":7.0},{"not_picked":["Carnage","Heavy Blade","Exhume"],"picked":"SKIP","floor":12.0},{"not_picked":["Havoc","Sever Soul"],"picked":"Perfected Strike","floor":14.0},{"not_picked":["Shrug It Off","Cleave"],"picked":"Perfected Strike","floor":18.0},{"not_picked":["Feel No Pain","Reckless Charge","Infernal Blade"],"picked":"SKIP","floor":20.0},{"not_picked":["Intimidate","Armaments"],"picked":"Battle Trance","floor":23.0},{"not_picked":["Evolve","Burning Pact"],"picked":"Rage","floor":25.0},{"not_picked":["Warcry","Sword Boomerang"],"picked":"Perfected Strike+1","floor":27.0},{"not_picked":["Metallicize","Power Through+1"],"picked":"Pommel Strike+1","floor":28.0},{"not_picked":["Pommel Strike","Whirlwind"],"picked":"Bloodletting","floor":29.0},{"not_picked":["Warcry","Clothesline","Shrug It Off"],"picked":"SKIP","floor":30.0},{"not_picked":["Seeing Red","Flex","Wild Strike"],"picked":"SKIP","floor":35.0},{"not_picked":["Clothesline","Flame Barrier+1"],"picked":"Twin Strike+1","floor":36.0},{"not_picked":["Infernal Blade+1","Flex+1","Wild Strike+1"],"picked":"SKIP","floor":38.0},{"not_picked":["Clash","Second Wind"],"picked":"Shrug It Off+1","floor":41.0},{"not_picked":["Hemokinesis","Entrench","Iron Wave"],"picked":"SKIP","floor":42.0},{"not_picked":["Shockwave","Dropkick+1"],"picked":"Rage+1","floor":44.0},{"not_picked":["Wild Strike+1","Rupture","True Grit"],"picked":"SKIP","floor":46.0},{"not_picked":["Pommel Strike","Clothesline"],"picked":"Perfected Strike","floor":47.0},{"not_picked":["Shrug It Off+1","Warcry+1","Clothesline+1"],"picked":"SKIP","floor":48.0}],"player_experience":348303,"relics_obtained":[{"floor":9.0,"key":"Charon\u0027s Ashes"},{"floor":12.0,"key":"Vajra"},{"floor":17.0,"key":"Regal Pillow"},{"floor":17.0,"key":"White Beast Statue"},{"floor":17.0,"key":"FossilizedHelix"},{"floor":23.0,"key":"Bottled Lightning"},{"floor":26.0,"key":"Bag of Preparation"},{"floor":29.0,"key":"CaptainsWheel"},{"floor":42.0,"key":"Magic Flower"},{"floor":43.0,"key":"Sundial"}],"event_choices":[{"damage_healed":0.0,"max_hp_gain":0.0,"max_hp_loss":0.0,"gold_gain":75.0,"event_name":"World of Goop","player_choice":"Gather Gold","floor":3.0,"gold_loss":0.0,"damage_taken":11.0},{"cards_removed":["Writhe"],"damage_healed":0.0,"max_hp_gain":0.0,"max_hp_loss":0.0,"gold_gain":0.0,"event_name":"Golden Wing","player_choice":"Card Removal","floor":4.0,"gold_loss":0.0,"damage_taken":7.0},{"damage_healed":20.0,"max_hp_gain":0.0,"max_hp_loss":0.0,"gold_gain":0.0,"event_name":"The Cleric","player_choice":"Healed","floor":5.0,"gold_loss":35.0,"damage_taken":0.0},{"damage_healed":0.0,"max_hp_gain":0.0,"max_hp_loss":0.0,"gold_gain":0.0,"event_name":"Scrap Ooze","player_choice":"Success","floor":10.0,"gold_loss":0.0,"damage_taken":3.0,"relics_obtained":["Paper Frog"]},{"damage_healed":0.0,"max_hp_gain":0.0,"max_hp_loss":0.0,"gold_gain":0.0,"event_name":"Back to Basics","player_choice":"Simplicity","floor":19.0,"gold_loss":0.0,"damage_taken":0.0,"cards_upgraded":["Strike_R","Strike_R","Strike_R","Strike_R","Strike_R","Defend_R","Defend_R","Defend_R","Defend_R"]},{"damage_healed":0.0,"max_hp_gain":0.0,"max_hp_loss":0.0,"gold_gain":0.0,"event_name":"Ghosts","player_choice":"Ignored","floor":22.0,"gold_loss":0.0,"damage_taken":0.0},{"damage_healed":0.0,"max_hp_gain":0.0,"max_hp_loss":0.0,"gold_gain":0.0,"event_name":"Addict","player_choice":"Obtained Relic","floor":31.0,"gold_loss":85.0,"damage_taken":0.0,"relics_obtained":["Mercury Hourglass"]},{"damage_healed":0.0,"max_hp_gain":0.0,"max_hp_loss":0.0,"gold_gain":0.0,"event_name":"SensoryStone","player_choice":"Memory 1","floor":39.0,"gold_loss":0.0,"damage_taken":0.0}],"is_beta":false,"boss_relics":[{"not_picked":["Empty Cage","SacredBark"],"picked":"Calling Bell"},{"not_picked":["Black Star","Runic Dome"],"picked":"Coffee Dripper"}],"items_purged_floors":[45],"is_endless":false,"potions_floor_spawned":[2,16,18,20,23,25,27,28,29,30,33,35,36,38,41,42,44,46,47,48],"ascension_level":9}}