{"host":"jak4ncvfzor9mys0","time":1607913125,"event":{"mods":["2.2 Compatiblity","AchievementEnabler","BaseMod","Better Altar","Better Match","Better Note","Better Sensory Stone","Better Skull","Better Third Choice","BetterRewards","Block Reminder","Colored Map","Colored Powertips","Energized Spire","Gold Saver","Hubris","Infinite Spire","Key Reminder","Minty Spire (QoL Compilation)","Rare Cards Sparkle","Red Circlet Mod","Relic Sorter","Relic Stats","Replay The Spire","Retaliation","StSLib","SuperFastMode","The Blue Laboratory"],"gold_per_floor":[581,581,581,581,602,602,623,471,521,521,544,544,105,129,129,253,253,268,125,150,170,186,211,232,232,256,256,256],"floor_reached":27,"playtime":791,"items_purged":["Strike_P","Strike_P","Strike_P"],"score":305,"play_id":"fc039286-b21a-4471-aa13-b4d55f41bb68","local_time":"20201213183205","is_ascension_mode":false,"campfire_choices":[{"data":"Eruption","floor":6,"key":"SMITH"},{"data":"FlurryOfBlows","floor":10,"key":"SMITH"},{"data":"Wallop","floor":25,"key":"SMITH"}],"circlet_count":0,"master_deck":["Strike_P","Defend_P","Defend_P","Defend_P","Eruption+1","Vigilance","FlurryOfBlows+1","EmptyBody+1","Wallop+1","Replay:Anticipation+1","Consecrate","BowlingBash","Brilliance","Brilliance"],"relics":["PureWater","Golden Idol","infinitespire:Lucky Rock","hubris:Icosahedron","hubris:Potato","Centennial Puzzle","Snecko Heart","ClockworkSouvenir","Bag of Marbles"],"acts_visited":["Exordium","TheCity"],"potions_floor_usage":[16,27],"damage_taken":[{"damage":0,"enemies":"Small Slimes","floor":1,"turns":3},{"damage":4,"enemies":"Jaw Worm","floor":5,"turns":2},{"damage":0,"enemies":"2 Louse","floor":7,"turns":1},{"damage":1,"enemies":"Exordium Thugs","floor":11,"turns":2},{"damage":28,"enemies":"Hexaghost","floor":16,"turns":6},{"damage":0,"enemies":"3 Byrds","floor":18,"turns":3},{"damage":5,"enemies":"Chosen","floor":20,"turns":3},{"damage":10,"enemies":"Snake Plant","floor":21,"turns":5},{"damage":0,"enemies":"Sentry and Sphere","floor":22,"turns":3},{"damage":1,"enemies":"Cultist and Chosen","floor":23,"turns":3},{"damage":2,"enemies":"Chosen and Byrds","floor":24,"turns":4},{"damage":68,"enemies":"Nightmare","floor":27,"turns":7}],"seed_played":"6660972445906851068","potions_obtained":[{"floor":1,"key":"Reflective Coating"},{"floor":11,"key":"blueLaboratory:EpiphanyPotion"},{"floor":16,"key":"SkillPotion"},{"floor":18,"key":"SpeedPotion"}],"is_trial":false,"path_per_floor":["M","?","?","?","M","R","M","$","T","R","M","?","$","T","R_BF","B",null,"M","$","M","M","M","M","M","R","T","NM"],"character_chosen":"WATCHER","items_purchased":["FlurryOfBlows","EmptyBody","Wallop","BowlingBash","hubris:Potato","ClockworkSouvenir"],"campfire_rested":0,"item_purchase_floors":[0,0,0,8,13,19],"current_hp_per_floor":[72,54,54,54,50,50,50,50,50,50,49,49,49,49,70,42,72,72,72,67,57,57,56,54,54,54,0,0],"gold":256,"neow_bonus":"","is_daily":false,"chose_seed":false,"campfire_upgraded":3,"win_rate":0.0,"timestamp":1607913125,"path_taken":["M","?","?","?","M","R","M","$","T","R","M","?","$","?","R_BF","BOSS","M","$","M","M","M","M","M","R","T","NM"],"items_purchased_type":["Card","Card","Card","Card","Relic","Relic"],"build_version":"2020-12-13","purchased_purges":3,"victory":false,"max_hp_per_floor":[72,72,72,72,72,72,72,72,72,72,72,72,72,72,72,72,72,72,72,72,72,72,72,72,72,72,72,72],"relic_stats":{"Centennial Puzzle":[24],"counters":[69,299],"Golden Idol":62,"obtain_stats":[{"Regal Pillow":0,"Snecko Heart":17,"Vajra":3,"Incense Burner":12,"hubris:SlimyHat":14,"TeardropLocket":0,"ClockworkSouvenir":3,"energizedSpire:BlackCloud":17,"Blood Vial":40,"Replay:Ringing Soul":19,"Lizard Tail":19,"Centennial Puzzle":41,"hubris:Icosahedron":12,"Mummified Hand":3,"HandDrill":2,"Toxic Egg 2":26,"Replay:Wax Seal":10,"InkBottle":7,"hubris:Teleporter":40,"Golden Idol":2,"Quantum Egg":24,"Oddly Smooth Stone":12,"Pen Nib":26,"infinitespire:Lucky Rock":9,"hubris:Towel":2,"Orichalcum":42,"Mercury Hourglass":9,"Replay:Baseball":14,"Busted Crown":17,"infinitespire:Lychee Nut":28,"Shuriken":14,"HolyWater":17,"infinitespire:Satchel":9,"Coffee Dripper":17,"Durian":30,"Black Star":34,"infinitespire:EmpoweringShard":43,"Bag of Marbles":26,"Membership Card":0,"PureWater":0,"Kintsugi":34,"hubris:Potato":13,"hubris:Reverence":9,"hubris:BottledRain":3},{"Regal Pillow":37,"Snecko Heart":62,"Vajra":38,"Incense Burner":4,"hubris:SlimyHat":19,"TeardropLocket":12,"ClockworkSouvenir":14,"energizedSpire:BlackCloud":33,"Blood Vial":54,"Replay:Ringing Soul":6,"Lizard Tail":34,"Centennial Puzzle":54,"hubris:Icosahedron":61,"Mummified Hand":14,"HandDrill":27,"Toxic Egg 2":8,"Replay:Wax Seal":16,"InkBottle":16,"hubris:Teleporter":54,"Golden Idol":58,"Quantum Egg":47,"Oddly Smooth Stone":41,"Pen Nib":47,"infinitespire:Lucky Rock":60,"hubris:Towel":38,"Orichalcum":54,"Mercury Hourglass":16,"Replay:Baseball":43,"Busted Crown":44,"infinitespire:Lychee Nut":8,"Shuriken":32,"HolyWater":20,"infinitespire:Satchel":40,"Coffee Dripper":5,"Durian":48,"Black Star":50,"infinitespire:EmpoweringShard":54,"Bag of Marbles":68,"Membership Card":12,"PureWater":0,"Kintsugi":11,"hubris:Potato":61,"hubris:Reverence":3,"hubris:BottledRain":14},{"Regal Pillow":160,"Snecko Heart":271,"Vajra":164,"Incense Burner":11,"hubris:SlimyHat":89,"TeardropLocket":66,"ClockworkSouvenir":72,"energizedSpire:BlackCloud":141,"Blood Vial":240,"Replay:Ringing Soul":26,"Lizard Tail":144,"Centennial Puzzle":240,"hubris:Icosahedron":265,"Mummified Hand":72,"HandDrill":118,"Toxic Egg 2":36,"Replay:Wax Seal":80,"InkBottle":80,"hubris:Teleporter":240,"Golden Idol":260,"Quantum Egg":208,"Oddly Smooth Stone":173,"Pen Nib":208,"infinitespire:Lucky Rock":263,"hubris:Towel":164,"Orichalcum":240,"Mercury Hourglass":80,"Replay:Baseball":182,"Busted Crown":189,"infinitespire:Lychee Nut":36,"Shuriken":130,"HolyWater":100,"infinitespire:Satchel":170,"Coffee Dripper":21,"Durian":211,"Black Star":220,"infinitespire:EmpoweringShard":240,"Bag of Marbles":292,"Membership Card":66,"PureWater":0,"Kintsugi":62,"hubris:Potato":265,"hubris:Reverence":8,"hubris:BottledRain":72}]},"card_choices":[{"not_picked":["Wallop","Vengeance","WaveOfTheHand"],"picked":"SKIP","floor":1},{"not_picked":["Sanctity","JustLucky"],"picked":"Consecrate","floor":5},{"not_picked":["SashWhip","CrushJoints","Prostrate"],"picked":"SKIP","floor":7},{"not_picked":["Replay:DivineShield","Crescendo"],"picked":"Brilliance","floor":11},{"not_picked":["Alpha","Establishment"],"picked":"Brilliance","floor":16},{"not_picked":["FollowUp","Replay:ManipulateFuture","Wallop+1"],"picked":"SKIP","floor":18},{"not_picked":["EmptyFist","Swivel","Replay:AtTheReady"],"picked":"SKIP","floor":20},{"not_picked":["Vengeance","DeceiveReality","SashWhip"],"picked":"SKIP","floor":21},{"not_picked":["ClearTheMind+1","EmptyBody","CutThroughFate"],"picked":"SKIP","floor":22},{"not_picked":["ThirdEye+1","WindmillStrike","DeceiveReality+1"],"picked":"SKIP","floor":23},{"not_picked":["InnerPeace","Replay:ManipulateFuture","FlyingSleeves"],"picked":"SKIP","floor":24}],"player_experience":2598694,"relics_obtained":[{"floor":9,"key":"infinitespire:Lucky Rock"},{"floor":14,"key":"Centennial Puzzle"},{"floor":26,"key":"Bag of Marbles"}],"event_choices":[{"damage_healed":0,"gold_gain":0,"player_choice":"Take Damage","damage_taken":18,"relics_obtained":["Golden Idol"],"max_hp_gain":0,"max_hp_loss":0,"event_name":"Golden Idol","floor":2,"gold_loss":0},{"damage_healed":0,"gold_gain":1,"player_choice":"1","damage_taken":0,"max_hp_gain":0,"max_hp_loss":0,"event_name":"betterStone:BetterStone","floor":3,"gold_loss":0}],"is_beta":false,"boss_relics":[{"not_picked":["Coffee Dripper","hubris:CrackedHourglass"],"picked":"Snecko Heart"}],"items_purged_floors":[0,8,13],"is_endless":false,"potions_floor_spawned":[1,11,16,18,23],"killed_by":"Nightmare","ascension_level":0}}