{"host":"7xrfhfoo16q2v8hj","time":1607929703,"event":{"mods":["BaseMod","Colored Map","DeckTracker","Highlight Path","Minty Spire (QoL Compilation)","StSLib","SuperFastMode"],"gold_per_floor":[111,111,126,126,401,401,421,444,470,470,510,510,510,510],"floor_reached":13,"playtime":214,"items_purged":[],"score":95,"play_id":"81a481e1-01f0-4a3b-a324-1eb80eea2659","local_time":"20201214010823","is_ascension_mode":true,"campfire_choices":[{"data":"Bash","floor":6,"key":"SMITH"},{"floor":10,"key":"REST"},{"floor":12,"key":"REST"}],"circlet_count":0,"master_deck":["Strike_R","Strike_R","Strike_R","Strike_R","Defend_R","Defend_R","Defend_R","Defend_R","Bash+1","Cleave","Heavy Blade","Regret","Shrug It Off","Twin Strike","Inflame"],"relics":["Burning Blood","NeowsBlessing","Golden Idol","Pen Nib","Bronze Scales"],"acts_visited":["Exordium"],"potions_floor_usage":[11,11],"damage_taken":[{"damage":0,"enemies":"Jaw Worm","floor":1,"turns":1},{"damage":0,"enemies":"Cultist","floor":3,"turns":1},{"damage":0,"enemies":"Small Slimes","floor":7,"turns":1},{"damage":61,"enemies":"Gremlin Gang","floor":8,"turns":5},{"damage":39,"enemies":"Lagavulin","floor":11,"turns":7},{"damage":35,"enemies":"Gremlin Nob","floor":13,"turns":3}],"seed_played":"5840478442877195931","potions_obtained":[{"floor":3,"key":"EssenceOfSteel"},{"floor":8,"key":"EssenceOfSteel"}],"is_trial":false,"path_per_floor":["M","?","M","?","?","R","M","M","T","R","E","R","E"],"character_chosen":"IRONCLAD","items_purchased":[],"campfire_rested":2,"item_purchase_floors":[],"current_hp_per_floor":[80,80,80,74,74,74,74,19,19,41,8,30,0,0],"gold":510,"neow_bonus":"THREE_ENEMY_KILL","is_daily":false,"chose_seed":false,"campfire_upgraded":1,"win_rate":0.0,"timestamp":1607929703,"path_taken":["M","?","?","?","?","R","M","?","T","R","E","R","E"],"items_purchased_type":[],"build_version":"2020-12-13","purchased_purges":0,"victory":false,"max_hp_per_floor":[80,80,80,74,74,74,74,74,74,74,74,74,74,74],"card_choices":[{"not_picked":["True Grit","Disarm"],"picked":"Cleave","floor":1},{"not_picked":["Perfected Strike","Iron Wave"],"picked":"Heavy Blade","floor":3},{"not_picked":["Dark Embrace","Headbutt"],"picked":"Shrug It Off","floor":7},{"not_picked":["Reckless Charge","Clothesline"],"picked":"Twin Strike","floor":8},{"not_picked":["Anger","Armaments"],"picked":"Inflame","floor":11}],"player_experience":535659,"relics_obtained":[{"floor":9,"key":"Pen Nib"},{"floor":11,"key":"Bronze Scales"}],"event_choices":[{"cards_removed":["Strike_R"],"damage_healed":0,"gold_gain":0,"player_choice":"Purged","damage_taken":0,"max_hp_gain":0,"max_hp_loss":0,"event_name":"Purifier","floor":2,"gold_loss":0},{"damage_healed":0,"gold_gain":0,"player_choice":"Lose Max HP","damage_taken":0,"relics_obtained":["Golden Idol"],"max_hp_gain":0,"max_hp_loss":6,"event_name":"Golden Idol","floor":4,"gold_loss":0},{"damage_healed":0,"gold_gain":275,"player_choice":"Desecrate","damage_taken":0,"max_hp_gain":0,"max_hp_loss":0,"event_name":"Golden Shrine","floor":5,"gold_loss":0,"cards_obtained":["Regret"]}],"is_beta":false,"boss_relics":[],"items_purged_floors":[],"is_endless":false,"potions_floor_spawned":[3,8],"killed_by":"Gremlin Nob","ascension_level":3}}