{"host":"o5jvvi5yapo90aia","time":1607964219,"event":{"mods":["BaseMod","CapriCore","Minty Spire (QoL Compilation)","MostiFishMod","Prisma Mod","Spicy Shops","StSLib","TestMod","The Immortal","【东方二次创作】八云紫mod","【人物mod】游戏王New YuGiOh mod","【功能Mod】Neow奖励"],"gold_per_floor":[112,512,437,437,437,475,499,538,561,579,634,634,668,668,668,668,668],"floor_reached":16,"playtime":285,"items_purged":["Defend_P","Strike_P"],"score":332,"play_id":"1cafd293-6d44-4efc-a5c8-a84a97d83040","local_time":"20201215004339","is_ascension_mode":true,"campfire_choices":[{"data":"Defend_P","floor":12.0,"key":"PURGE"},{"data":"Strike_P","floor":15.0,"key":"PURGE"}],"circlet_count":0,"master_deck":["AscendersBane","Strike_P","Strike_P","Defend_P+1","Eruption+1","Vigilance","BowlingBash+1","TalkToTheHand+1","Adaptation","Scrawl+1","MostiFishMod:Minus+2","MostiFishMod:Speedup"],"relics":["testmod-TestBox","DiscerningMonocle","BrkXgEgg","testmod-CardMagician","Question Card","Golden Idol","testmod-Brilliant","InkBottle","Vajra","Molten Egg 2","Technique","Blood Vial","Bag of Preparation","Tiny Chest","Centennial Puzzle","DianDianMeat","SynthV","Mercury Hourglass","Strawberry","Dream Catcher","Toolbox","War Paint"],"acts_visited":["Exordium"],"potions_floor_usage":[16,16],"damage_taken":[{"damage":14.0,"enemies":"Small Slimes","floor":1.0,"turns":3.0},{"damage":2.0,"enemies":"Lagavulin","floor":6.0,"turns":3.0},{"damage":0.0,"enemies":"2 Louse","floor":7.0,"turns":1.0},{"damage":0.0,"enemies":"Gremlin Nob","floor":8.0,"turns":2.0},{"damage":0.0,"enemies":"Cultist","floor":10.0,"turns":1.0},{"damage":0.0,"enemies":"Lagavulin","floor":13.0,"turns":2.0},{"damage":99999,"enemies":"The Guardian","floor":16,"turns":2}],"seed_played":"3029497152356772935","potions_obtained":[{"floor":1.0,"key":"BlessingOfTheForge"},{"floor":10.0,"key":"CultistPotion"}],"is_trial":false,"path_per_floor":["M","?","?","?","$","E","M","E","T","M","T","R","E","$","R","B"],"character_chosen":"WATCHER","items_purchased":["testmod-SpacePotion","testmod-Brilliant","InkBottle","Vajra","Molten Egg 2","TalkToTheHand+1","Technique","SynthV","Mercury Hourglass","Strawberry","Dream Catcher","Toolbox","War Paint","MostiFishMod:Speedup","SkillPotion"],"campfire_rested":0,"item_purchase_floors":[5,5,5,5,5,5,5,14,14,14,14,14,14,14,14],"current_hp_per_floor":[47,47,47,24,24,22,25,28,28,31,31,31,35,44,44,0,0],"gold":668,"neow_bonus":"BOSS_RELIC","is_daily":false,"chose_seed":false,"campfire_upgraded":0,"win_rate":0.0,"timestamp":1607964219,"path_taken":["M","?","?","?","$","E","M","E","T","M","?","R","E","?","R","BOSS"],"items_purchased_type":["Potion","Relic","Relic","Relic","Relic","Card","Relic","Relic","Relic","Relic","Relic","Relic","Relic","Card","Potion"],"build_version":"2020-12-13","purchased_purges":2,"victory":false,"max_hp_per_floor":[68,68,68,68,68,68,68,68,68,68,68,68,69,78,78,78,78],"card_choices":[{"not_picked":["Wireheading","FollowUp"],"picked":"BowlingBash","floor":1.0},{"not_picked":["CutThroughFate+1","Consecrate+1","PathToVictory","SashWhip+1"],"picked":"SKIP","floor":6.0},{"not_picked":["FlurryOfBlows+1","ClearTheMind","EmptyFist+1"],"picked":"Adaptation","floor":7.0},{"not_picked":["CutThroughFate+1","EmptyBody","Consecrate+1","FlurryOfBlows+1"],"picked":"SKIP","floor":8.0},{"not_picked":["Indignation","FlurryOfBlows+1","Protect"],"picked":"Scrawl+1","floor":10.0},{"not_picked":["Crescendo","InnerPeace","CrushJoints+1"],"picked":"MostiFishMod:Minus+1","floor":13.0}],"player_experience":1270364,"relics_obtained":[{"floor":1.0,"key":"Question Card"},{"floor":6.0,"key":"Blood Vial"},{"floor":8.0,"key":"Bag of Preparation"},{"floor":9.0,"key":"Tiny Chest"},{"floor":11.0,"key":"Centennial Puzzle"},{"floor":13.0,"key":"DianDianMeat"}],"event_choices":[{"damage_healed":0.0,"max_hp_gain":0.0,"max_hp_loss":0.0,"gold_gain":400.0,"event_name":"恩洛斯的盘子","player_choice":"Sell","floor":2.0,"relics_lost":["DaveBox"],"gold_loss":0.0,"damage_taken":0.0},{"cards_removed":["Defend_P"],"damage_healed":0.0,"max_hp_gain":0.0,"max_hp_loss":0.0,"gold_gain":0.0,"event_name":"The Cleric","player_choice":"Card Removal","floor":3.0,"gold_loss":75.0,"damage_taken":0.0},{"damage_healed":0.0,"max_hp_gain":0.0,"max_hp_loss":0.0,"gold_gain":0.0,"event_name":"Golden Idol","player_choice":"Take Damage","floor":4.0,"gold_loss":0.0,"damage_taken":23.0,"relics_obtained":["Golden Idol"]}],"is_beta":false,"boss_relics":[],"items_purged_floors":[5,14],"is_endless":false,"potions_floor_spawned":[1,10],"killed_by":"The Guardian","ascension_level":20}}