{"host":"j05tanvorlbs2t7f","time":1607953590,"event":{"mods":["2.2 Compatiblity","AchievementEnabler","BaseMod","BetterRewards","Card Forge","Colored Powertips","Conspire","Downfall","Minty Spire (QoL Compilation)","Permanent Neow","Replay The Spire","Shade Mod","StSLib","The Bug Knight","The Construct","The Cursed","The Forsaken","The Hierophant","The Sage","TheHeartMod"],"gold_per_floor":[110,260,260,273,323,358,378,378,447,459,486,505,559,582,582,668,668,690,713,738,658,680,715,578,578,624,667,689,710,746,770,770,858,908,931,931,959,1009,1030,1078,671,720,747,827,827,827,827,867,867,867,867,867,867,111,149,149],"floor_reached":57,"playtime":4290,"items_purged":["conspire:NecroticWound","ReplayTheSpireMod:Doomed"],"score":4355,"play_id":"2c2325b9-3148-49cb-8247-f20cab99b548","local_time":"20201214144630","is_ascension_mode":true,"campfire_choices":[{"data":"TheCursedMod:LuckyCharm","floor":8.0,"key":"SMITH"},{"floor":15.0,"key":"DIG"},{"floor":25.0,"key":"REST"},{"data":"TheCursedMod:CursedRelics","floor":32.0,"key":"SMITH"},{"floor":46,"key":"RECALL"},{"floor":49,"key":"DIG"},{"data":"TheCursedMod:LuckyCharm","floor":53,"key":"SMITH"}],"circlet_count":0,"master_deck":["AscendersBane","TheCursedMod:Strike_TheCursed","TheCursedMod:Strike_TheCursed","TheCursedMod:Strike_TheCursed","TheCursedMod:Strike_TheCursed","TheCursedMod:Defend_TheCursed","TheCursedMod:Defend_TheCursed+1","TheCursedMod:Defend_TheCursed","TheCursedMod:Defend_TheCursed+1","TheCursedMod:CursedWand","TheCursedMod:CleanUpWorkshop","TheCursedMod:Dregs","TheCursedMod:HellfireBreathing","TheCursedMod:HellfireBreathing+1","TheCursedMod:LuckyCharm","TheCursedMod:WearCloak+1","TheCursedMod:LuckyCharm+1","TheCursedMod:LuckyCharm+1","TheCursedMod:LuckyCharm+1","TheCursedMod:Obscuration","TheCursedMod:CircleOfCorruption","Doubt","TheCursedMod:CircleOfCorruption","TheCursedMod:Obscuration","TheCursedMod:WearCloak","TheCursedMod:Stigma","TheCursedMod:HellsGateOpen","TheCursedMod:SpreadPlague","TheCursedMod:CursedShiv","TheCursedMod:CursedRelics+1","TheCursedMod:SpitefulStrike+1","TheCursedMod:SpitefulPray+1","TheCursedMod:HellsGateOpen","TheCursedMod:RavingStaff","TheCursedMod:CursedShiv","TheCursedMod:HellsGateOpen+1","TheCursedMod:Obscuration+1","TheCursedMod:LuckyCharm","TheCursedMod:WearCloak+1","TheCursedMod:Hemoplague","TheCursedMod:VoidForm","TheCursedMod:SurpriseAttack+1","TheCursedMod:SurpriseAttack","TheCursedMod:WearCloak+1","Writhe","TheCursedMod:Obscuration+1","TheCursedMod:HellfireBreathing","TheCursedMod:RapidMovement+1","Shame","TheCursedMod:RapidMovement","Spreading Infection","Shame","Clumsy","Voices","TheCursedMod:HellsGateOpen+1","TheCursedMod:CircleOfCorruption+1","TheCursedMod:Hemoplague+1","TheCursedMod:CursedAmulet","TheCursedMod:CursedAmulet","TheCursedMod:Obscuration+1"],"relics":["TheCursedMod:BlackMagic101","Hammer of Thor","Seething Fire","Anvil of the Gods","Tiny Chest","TheCursedMod:MagicCandle","Calipers","Replay:Kaleidoscope","Dead Branch","Cauldron","Turnip","conspire:Dentures","Girya","Chemical X","Pear","ReplayTheSpireMod:CursedCoin","Incense Burner","conspire:Boomerang","Gremlin Horn","FossilizedHelix","HollowMod:PaleOreRelic","Replay:Baseball","CeramicFish","construct:RocketBooster","theForsaken:PaleLantern","Bag of Preparation","Counterbalance","theForsaken:Lifeblossom","Replay:WaspNest","Blood Vial","Tiny House","Prayer Wheel","ReplayTheSpireMod:Ring of Collecting","Ring of Greed","Blue Doll","MawBank","WingedGreaves","Strange Spoon","Pet Ghost","Replay:Wax Seal","MealTicket","Omamori","theForsaken:PlagueMask","Ring of Peace","Ornamental Fan","CaptainsWheel","Oddly Smooth Stone","Happy Flower","Sundial","Frozen Eye","Shuriken"],"acts_visited":["Exordium","TheCity","TheBeyond","TheEnding"],"potions_floor_usage":[56,56,56,56],"damage_taken":[{"damage":1.0,"enemies":"Small Slimes","floor":1.0,"turns":5.0},{"damage":0.0,"enemies":"Jaw Worm","floor":4.0,"turns":4.0},{"damage":0.0,"enemies":"HollowMod:MossKnight","floor":6.0,"turns":7.0},{"damage":0.0,"enemies":"Cultist","floor":7.0,"turns":4.0},{"damage":0.0,"enemies":"Red Slaver","floor":10.0,"turns":5.0},{"damage":0.0,"enemies":"Lagavulin","floor":11.0,"turns":6.0},{"damage":1.0,"enemies":"conspire:2 RoseBushes","floor":12.0,"turns":6.0},{"damage":1.0,"enemies":"Lots of Slimes","floor":14.0,"turns":3.0},{"damage":24.0,"enemies":"The Guardian","floor":16.0,"turns":11.0},{"damage":30.0,"enemies":"3 Byrds","floor":18.0,"turns":3.0},{"damage":23.0,"enemies":"Centurion and Healer","floor":19.0,"turns":4.0},{"damage":0.0,"enemies":"Snecko","floor":20.0,"turns":4.0},{"damage":0.0,"enemies":"Snake Plant","floor":22.0,"turns":3.0},{"damage":0.0,"enemies":"Slavers","floor":23.0,"turns":4.0},{"damage":0.0,"enemies":"conspire:SneckoGhost","floor":27.0,"turns":6.0},{"damage":0.0,"enemies":"Sentry and Sphere","floor":28.0,"turns":3.0},{"damage":8.0,"enemies":"Shelled Parasite and Fungi","floor":29.0,"turns":4.0},{"damage":14.0,"enemies":"HollowMod:Nosk","floor":30.0,"turns":6.0},{"damage":0.0,"enemies":"Snake Plant","floor":31.0,"turns":4.0},{"damage":19.0,"enemies":"conspire:MysteriousRune","floor":33.0,"turns":3.0},{"damage":16.0,"enemies":"3 Darklings","floor":35.0,"turns":5.0},{"damage":0.0,"enemies":"3 Shapes","floor":37.0,"turns":2.0},{"damage":8.0,"enemies":"Nemesis","floor":40.0,"turns":7.0},{"damage":0.0,"enemies":"R_Hoarder","floor":42.0,"turns":5.0},{"damage":0,"enemies":"Reptomancer","floor":44,"turns":6},{"damage":0,"enemies":"HollowMod:StalkingDevout","floor":48,"turns":3},{"damage":0,"enemies":"conspire:OrnateMirror","floor":50,"turns":10},{"damage":0,"enemies":"Donu and Deca","floor":51,"turns":8},{"damage":0,"enemies":"Shield and Spear","floor":55,"turns":6},{"damage":23,"enemies":"The Heart","floor":56,"turns":8}],"seed_played":"8952861983434562661","potions_obtained":[{"floor":0.0,"key":"EntropicBrew"},{"floor":0.0,"key":"conspire:TimeTravelPotion"},{"floor":16.0,"key":"Explosive Potion"},{"floor":19.0,"key":"Block Potion"},{"floor":29.0,"key":"DistilledChaos"},{"floor":30.0,"key":"Dexterity Potion"}],"is_trial":false,"path_per_floor":["M","?","?","M","?","E","M","R","T","M","E","M","T","M","R","B",null,"M","M","M","?","M","E","?","R","T","E","M","M","E","M","R","B",null,"M","T","M","?","?","E","$","E","T","E","?","R","T","E","R","B","B",null,"R","$","E","B",null],"character_chosen":"THE_CURSED","items_purchased":["Tiny Chest","TheCursedMod:MagicCandle","TheCursedMod:HellfireBreathing","Replay:Kaleidoscope","TheCursedMod:LuckyCharm","Cauldron","Turnip","conspire:Dentures","Chemical X","TheCursedMod:WearCloak","Pear","ReplayTheSpireMod:CursedCoin","TheCursedMod:LuckyCharm","Gremlin Horn","FossilizedHelix","TheCursedMod:LuckyCharm","TheCursedMod:Obscuration","TheCursedMod:CircleOfCorruption","Strange Spoon","Pet Ghost","TheCursedMod:HellfireBreathing","TheCursedMod:RapidMovement+1","Happy Flower","Sundial","TheCursedMod:Hemoplague+1","TheCursedMod:CursedAmulet","Frozen Eye"],"campfire_rested":1,"item_purchase_floors":[0,0,0,0,0,0,0,0,0,0,0,0,0,0,0,0,0,0,41,41,41,41,54,54,54,54,54],"current_hp_per_floor":[31,31,31,31,31,31,31,31,31,31,31,30,30,29,29,26,67,37,14,14,14,14,14,14,38,38,44,49,47,39,47,47,35,75,67,67,72,72,86,78,78,86,86,86,86,86,86,86,86,86,86,86,86,86,86,63],"gold":149,"neow_bonus":"","is_daily":false,"chose_seed":false,"campfire_upgraded":3,"win_rate":0.0,"timestamp":1607953590,"path_taken":["M","?","?","M","?","E","M","R","T","M","E","M","?","M","R","BOSS","M","M","M","?","M","E","?","R","T","E","M","M","E","?","R","BOSS","M","?","M","?","?","E","$","E","T","E","?","R","?","E","R","BOSS","BOSS","R","$","E","BOSS"],"items_purchased_type":["Relic","Relic","Card","Relic","Card","Relic","Relic","Relic","Relic","Card","Relic","Relic","Card","Relic","Relic","Card","Card","Card","Relic","Relic","Card","Card","Relic","Relic","Card","Card","Relic"],"build_version":"2020-12-13","purchased_purges":2,"victory":true,"max_hp_per_floor":[81,81,81,81,81,81,81,81,81,81,81,81,81,81,81,81,81,81,81,81,81,81,81,81,81,81,81,81,81,81,81,81,81,86,86,86,86,86,86,86,86,86,86,86,86,86,86,86,86,86,86,86,86,86,86,86],"card_choices":[{"not_picked":["TheCursedMod:VitalStrike","TheCursedMod:CursedMace","TheCursedMod:ManaCirculation"],"picked":"SKIP","floor":1.0},{"not_picked":["TheCursedMod:CursedSpellbook","TheCursedMod:CursedStaff"],"picked":"TheCursedMod:CircleOfCorruption","floor":4.0},{"not_picked":["TheCursedMod:StingEye","TheCursedMod:Stretching"],"picked":"TheCursedMod:Obscuration","floor":6.0},{"not_picked":["TheCursedMod:CursedSpellbook","TheCursedMod:FuryStrike"],"picked":"TheCursedMod:WearCloak","floor":7.0},{"not_picked":["TheCursedMod:Obscuration","TheCursedMod:RavingStaff"],"picked":"TheCursedMod:Stigma","floor":10.0},{"not_picked":["TheCursedMod:BlessingInDisguise","TheCursedMod:SoulCrush"],"picked":"TheCursedMod:HellsGateOpen","floor":11.0},{"not_picked":["TheCursedMod:Wield","TheCursedMod:CursedBlade"],"picked":"TheCursedMod:SpreadPlague","floor":12.0},{"not_picked":["TheCursedMod:CircleOfCorruption","TheCursedMod:DoubleShield"],"picked":"TheCursedMod:CursedShiv","floor":14.0},{"not_picked":["TheCursedMod:Neurasthenia","TheCursedMod:CircleOfAbyss"],"picked":"TheCursedMod:CursedRelics","floor":16.0},{"not_picked":["TheCursedMod:Stretching","TheCursedMod:ReleasedKnowledge"],"picked":"TheCursedMod:SpitefulStrike","floor":18.0},{"not_picked":["TheCursedMod:CursedMace","TheCursedMod:SoulReap"],"picked":"TheCursedMod:SpitefulPray+1","floor":19.0},{"not_picked":["TheCursedMod:StingEye","TheCursedMod:AshesToAshes"],"picked":"TheCursedMod:HellsGateOpen","floor":20.0},{"not_picked":["TheCursedMod:CursedBoomerang","TheCursedMod:Mangle"],"picked":"TheCursedMod:RavingStaff","floor":22.0},{"not_picked":["TheCursedMod:VitalStrike","TheCursedMod:AbyssShockwave"],"picked":"TheCursedMod:CursedShiv","floor":23.0},{"not_picked":["TheCursedMod:AbyssShockwave","TheCursedMod:ManaBullet"],"picked":"TheCursedMod:HellsGateOpen","floor":27.0},{"not_picked":["TheCursedMod:CursedMace","TheCursedMod:Evocation"],"picked":"TheCursedMod:Obscuration","floor":28.0},{"not_picked":["TheCursedMod:CircleOfCorruption","TheCursedMod:FuryStrike"],"picked":"TheCursedMod:LuckyCharm","floor":29.0},{"not_picked":["TheCursedMod:SoulReap","TheCursedMod:Stigma"],"picked":"TheCursedMod:WearCloak+1","floor":30.0},{"not_picked":["TheCursedMod:Neurasthenia","TheCursedMod:Stigma"],"picked":"TheCursedMod:Hemoplague","floor":31.0},{"not_picked":["TheCursedMod:ManaCirculation","TheCursedMod:ParallelWorld"],"picked":"TheCursedMod:VoidForm","floor":33.0},{"not_picked":["TheCursedMod:StingEye","TheCursedMod:RapidMovement"],"picked":"TheCursedMod:SurpriseAttack","floor":35.0},{"not_picked":["TheCursedMod:CursedBoomerang","TheCursedMod:TacticalStrike"],"picked":"TheCursedMod:SurpriseAttack","floor":37.0},{"not_picked":["TheCursedMod:EmpowerCircles","TheCursedMod:VitalStrike"],"picked":"TheCursedMod:WearCloak","floor":37.0},{"not_picked":["TheCursedMod:Stretching+1","TheCursedMod:RapidMovement"],"picked":"TheCursedMod:Obscuration+1","floor":40.0},{"not_picked":["TheCursedMod:AntiAging","TheCursedMod:VitalStrike"],"picked":"TheCursedMod:RapidMovement","floor":42.0},{"not_picked":["TheCursedMod:TacticalStrike","TheCursedMod:TroublousMinions"],"picked":"TheCursedMod:HellsGateOpen+1","floor":44},{"not_picked":["TheCursedMod:BlessingInDisguise+1","TheCursedMod:AshesToAshes+1"],"picked":"TheCursedMod:CircleOfCorruption+1","floor":48},{"not_picked":["TheCursedMod:FleshFromBone+1","TheCursedMod:EmpowerCircles"],"picked":"TheCursedMod:Obscuration+1","floor":55}],"player_experience":451849,"relics_obtained":[{"floor":6.0,"key":"HollowMod:PaleOreRelic"},{"floor":11.0,"key":"Replay:Baseball"},{"floor":13.0,"key":"CeramicFish"},{"floor":15.0,"key":"construct:RocketBooster"},{"floor":23.0,"key":"Bag of Preparation"},{"floor":26.0,"key":"theForsaken:Lifeblossom"},{"floor":27.0,"key":"Replay:WaspNest"},{"floor":30.0,"key":"Blood Vial"},{"floor":36.0,"key":"Prayer Wheel"},{"floor":38.0,"key":"ReplayTheSpireMod:Ring of Collecting"},{"floor":38.0,"key":"Ring of Greed"},{"floor":38.0,"key":"Blue Doll"},{"floor":38.0,"key":"MawBank"},{"floor":40.0,"key":"WingedGreaves"},{"floor":42.0,"key":"Replay:Wax Seal"},{"floor":43.0,"key":"MealTicket"},{"floor":44,"key":"Omamori"},{"floor":47,"key":"Ring of Peace"},{"floor":47,"key":"Ornamental Fan"},{"floor":48,"key":"CaptainsWheel"},{"floor":49,"key":"Oddly Smooth Stone"},{"floor":55,"key":"Shuriken"}],"event_choices":[{"damage_healed":0.0,"max_hp_gain":0.0,"max_hp_loss":0.0,"gold_gain":150.0,"event_name":"Liars Game","player_choice":"AGREE","floor":2.0,"gold_loss":0.0,"damage_taken":0.0,"cards_obtained":["Doubt"]},{"damage_healed":0.0,"max_hp_gain":0.0,"max_hp_loss":0.0,"gold_gain":50.0,"event_name":"Golden Shrine","player_choice":"Pray","floor":5.0,"gold_loss":0.0,"damage_taken":0.0},{"damage_healed":0.0,"max_hp_gain":0.0,"max_hp_loss":0.0,"gold_gain":0.0,"event_name":"WeMeetAgain","player_choice":"Paid Gold","floor":24.0,"gold_loss":137.0,"damage_taken":0.0,"relics_obtained":["Counterbalance"]},{"damage_healed":17.0,"max_hp_gain":0.0,"max_hp_loss":0.0,"gold_gain":0.0,"event_name":"Winding Halls","player_choice":"Writhe","floor":39.0,"gold_loss":0.0,"damage_taken":0.0,"cards_obtained":["Writhe"]},{"damage_healed":0,"gold_gain":0,"player_choice":"Obtain Plague Curse","damage_taken":0,"max_hp_gain":0,"max_hp_loss":0,"event_name":"Plague Doctor","floor":45,"gold_loss":0,"cards_obtained":["theForsaken:PlagueCurse"]}],"is_beta":false,"boss_relics":[{"not_picked":["ReplayTheSpireMod:DimensionalGlitch","sagemod:Falmels_Amulet"],"picked":"theForsaken:PaleLantern"},{"not_picked":["Ring of Chaos","conspire:RoyalGoblet"],"picked":"Tiny House"}],"items_purged_floors":[0,54],"is_endless":false,"potions_floor_spawned":[6,7,11,16,19,22,23,29,30,37,48,55],"ascension_level":20}}