{"host":"k8gerrcpv9xe1nxe","time":1607919808,"event":{"mods":["2.2 Compatiblity","AchievementEnabler","BaseMod","Bestiary","Minty Spire (QoL Compilation)","Relic Stats","StSLib"],"gold_per_floor":[99,99,49,49,4,4,4,4,4,4,4],"floor_reached":10,"playtime":415,"items_purged":[],"score":90,"play_id":"8374cf82-bce5-4437-be21-b87d6b44a638","local_time":"20201213232328","is_ascension_mode":true,"campfire_choices":[{"data":"Self Repair","floor":7,"key":"SMITH"}],"circlet_count":0,"master_deck":["Strike_B","Strike_B","Strike_B","Defend_B","Defend_B","Defend_B","Defend_B","Zap","Dualcast","Sweeping Beam","Self Repair+1","Ball Lightning"],"relics":["Ectoplasm","Juzu Bracelet","Meat on the Bone"],"acts_visited":["Exordium"],"potions_floor_usage":[6,6],"damage_taken":[{"damage":0,"enemies":"Cultist","floor":1,"turns":4},{"damage":0,"enemies":"Small Slimes","floor":2,"turns":2},{"damage":2,"enemies":"Jaw Worm","floor":4,"turns":3},{"damage":6,"enemies":"Looter","floor":5,"turns":4},{"damage":13,"enemies":"Gremlin Nob","floor":6,"turns":3},{"damage":32,"enemies":"Lagavulin","floor":8,"turns":8},{"damage":35,"enemies":"3 Sentries","floor":10,"turns":4}],"seed_played":"1964035990108691772","potions_obtained":[{"floor":1,"key":"SneckoOil"},{"floor":5,"key":"Fire Potion"}],"is_trial":false,"path_per_floor":["M","M","?","M","M","E","R","E","T","E"],"character_chosen":"DEFECT","items_purchased":[],"campfire_rested":0,"item_purchase_floors":[],"current_hp_per_floor":[75,75,75,73,67,54,54,32,32,0,0],"gold":4,"neow_bonus":"BOSS_RELIC","is_daily":false,"chose_seed":false,"campfire_upgraded":1,"win_rate":0.0,"timestamp":1607919808,"path_taken":["M","M","?","M","M","E","R","E","T","E"],"items_purchased_type":[],"build_version":"2020-12-13","purchased_purges":0,"victory":false,"max_hp_per_floor":[75,75,75,75,75,75,75,75,75,75,75],"relic_stats":{"counters":[7,28],"Ectoplasm":159,"Juzu Bracelet":0,"obtain_stats":[{"Ectoplasm":0,"Juzu Bracelet":6,"Cracked Core":0,"Meat on the Bone":9},{"Ectoplasm":0,"Juzu Bracelet":5,"Cracked Core":0,"Meat on the Bone":6},{"Ectoplasm":0,"Juzu Bracelet":16,"Cracked Core":0,"Meat on the Bone":24}],"Meat on the Bone":0},"card_choices":[{"not_picked":["Skim","Gash"],"picked":"Sweeping Beam","floor":1},{"not_picked":["Rebound","Streamline","Go for the Eyes"],"picked":"SKIP","floor":2},{"not_picked":["Conserve Battery","Go for the Eyes","Hello World"],"picked":"SKIP","floor":4},{"not_picked":["Skim","Hello World"],"picked":"Self Repair","floor":5},{"not_picked":["Chill","Undo","Reboot"],"picked":"SKIP","floor":6},{"not_picked":["Conserve Battery","Storm"],"picked":"Ball Lightning","floor":8}],"player_experience":45809,"relics_obtained":[{"floor":6,"key":"Juzu Bracelet"},{"floor":9,"key":"Meat on the Bone"}],"event_choices":[{"cards_removed":["Strike_B"],"damage_healed":0,"gold_gain":0,"player_choice":"Card Removal","damage_taken":0,"max_hp_gain":0,"max_hp_loss":0,"event_name":"The Cleric","floor":3,"gold_loss":50}],"is_beta":false,"boss_relics":[],"items_purged_floors":[],"is_endless":false,"potions_floor_spawned":[1,5],"killed_by":"3 Sentries","ascension_level":3}}