{"host":"soyfmymeou4emntr","time":1607970117,"event":{"mods":["BaseMod","Minty Spire (QoL Compilation)","Relic Sorter","Relic Stats","StSLib"],"gold_per_floor":[109,120,120,120,134,134,159,170,194,224,224,238,238,258,258,330,330,344,372,372,16,27,61,61,87,113,125,168,191,203,230,242,329,341,370,382,411,423,360,360,389,389,444,444,44,76,93,126,126,126,126],"floor_reached":52,"playtime":42026,"items_purged":["Cloak And Dagger"],"score":2012,"play_id":"7c2d04ce-e246-40cf-9c9f-66ab2478da4e","local_time":"20201214112157","is_ascension_mode":true,"campfire_choices":[{"data":"Skewer","floor":6.0,"key":"SMITH"},{"floor":13.0,"key":"REST"},{"data":"Glass Knife","floor":15.0,"key":"SMITH"},{"data":"Night Terror","floor":24.0,"key":"SMITH"},{"data":"Ghostly","floor":30.0,"key":"SMITH"},{"data":"Ghostly","floor":32.0,"key":"SMITH"},{"data":"Wraith Form v2","floor":40.0,"key":"SMITH"},{"data":"Catalyst","floor":42.0,"key":"SMITH"},{"data":"Panacea","floor":44.0,"key":"SMITH"},{"floor":49.0,"key":"REST"}],"circlet_count":0,"master_deck":["AscendersBane","Survivor","Neutralize","Dramatic Entrance+1","Deadly Poison","Skewer+1","PiercingWail","Glass Knife+1","Deflect","Night Terror+1","Die Die Die","Footwork","Poisoned Stab","Eviscerate","Predator","Burst","Unload","Quick Slash+1","Ghostly+1","Ghostly+1","Ghostly","Noxious Fumes","Catalyst+1","PiercingWail","Corpse Explosion","Prepared+1","Wraith Form v2+1","Noxious Fumes","Panacea+1","Calculated Gamble+1","Terror","Escape Plan","Prepared+1"],"relics":["Ring of the Snake","Anchor","Bronze Scales","Bag of Marbles","Pandora\u0027s Box","Red Mask","Gambling Chip","Lantern","Pen Nib","MawBank","White Beast Statue","Runic Pyramid","Incense Burner","Strawberry","Bag of Preparation","OrangePellets","Unceasing Top","Gremlin Horn"],"acts_visited":["Exordium","TheCity","TheBeyond"],"potions_floor_usage":[51],"damage_taken":[{"damage":0.0,"enemies":"Small Slimes","floor":1.0,"turns":3.0},{"damage":2.0,"enemies":"Jaw Worm","floor":2.0,"turns":5.0},{"damage":0.0,"enemies":"2 Louse","floor":5.0,"turns":1.0},{"damage":25.0,"enemies":"Lagavulin","floor":7.0,"turns":6.0},{"damage":0.0,"enemies":"Exordium Thugs","floor":8.0,"turns":2.0},{"damage":22.0,"enemies":"Gremlin Nob","floor":10.0,"turns":3.0},{"damage":0.0,"enemies":"Exordium Wildlife","floor":12.0,"turns":1.0},{"damage":0.0,"enemies":"3 Louse","floor":14.0,"turns":1.0},{"damage":8.0,"enemies":"The Guardian","floor":16.0,"turns":10.0},{"damage":0.0,"enemies":"Chosen","floor":18.0,"turns":3.0},{"damage":0.0,"enemies":"Masked Bandits","floor":19.0,"turns":2.0},{"damage":0.0,"enemies":"3 Byrds","floor":22.0,"turns":2.0},{"damage":2.0,"enemies":"Slavers","floor":23.0,"turns":3.0},{"damage":4.0,"enemies":"Book of Stabbing","floor":25.0,"turns":5.0},{"damage":0.0,"enemies":"Slavers","floor":28.0,"turns":2.0},{"damage":1.0,"enemies":"Snecko","floor":29.0,"turns":3.0},{"damage":0.0,"enemies":"Snake Plant","floor":31.0,"turns":1.0},{"damage":21.0,"enemies":"Collector","floor":33.0,"turns":11.0},{"damage":2.0,"enemies":"Orb Walker","floor":35.0,"turns":2.0},{"damage":1.0,"enemies":"3 Darklings","floor":37.0,"turns":4.0},{"damage":5.0,"enemies":"Giant Head","floor":41.0,"turns":8.0},{"damage":10.0,"enemies":"Reptomancer","floor":46.0,"turns":6.0},{"damage":1.0,"enemies":"Transient","floor":47.0,"turns":6.0},{"damage":2.0,"enemies":"Giant Head","floor":48.0,"turns":7.0},{"damage":7,"enemies":"Awakened One","floor":50,"turns":14},{"damage":10,"enemies":"Time Eater","floor":51,"turns":7}],"seed_played":"2107672154951306342","potions_obtained":[{"floor":1.0,"key":"ColorlessPotion"},{"floor":2.0,"key":"SkillPotion"},{"floor":8.0,"key":"Weak Potion"},{"floor":11.0,"key":"EssenceOfSteel"},{"floor":11.0,"key":"SmokeBomb"},{"floor":12.0,"key":"SkillPotion"},{"floor":22.0,"key":"Ancient Potion"},{"floor":23.0,"key":"CunningPotion"},{"floor":28.0,"key":"AttackPotion"},{"floor":33.0,"key":"Ancient Potion"},{"floor":47.0,"key":"Energy Potion"}],"is_trial":false,"path_per_floor":["M","M","?","?","M","R","E","M","T","E","?","M","R","M","R","B",null,"M","?","?","$","M","E","R","E","T","?","E","M","R","M","R","B",null,"M","?","M","?","$","R","E","R","T","R","$","E","M","E","R","B","B",null],"character_chosen":"THE_SILENT","items_purchased":["Gambling Chip","Noxious Fumes","Bag of Preparation","OrangePellets","Terror"],"campfire_rested":2,"item_purchase_floors":[21,21,45,45,45],"current_hp_per_floor":[59,57,57,50,50,50,25,25,25,3,3,3,22,22,22,14,53,53,53,33,33,33,31,31,27,27,27,27,26,26,26,26,5,26,24,24,23,23,23,23,18,18,25,25,25,15,14,12,23,16,6],"gold":126,"neow_bonus":"RANDOM_COLORLESS","is_daily":false,"chose_seed":false,"campfire_upgraded":8,"win_rate":0.0,"timestamp":1607970117,"path_taken":["M","M","?","?","M","R","E","M","T","E","?","M","R","M","R","BOSS","M","?","?","$","M","E","R","E","T","?","E","M","R","M","R","BOSS","M","?","M","?","?","R","E","R","T","R","$","E","M","E","R","BOSS","BOSS"],"items_purchased_type":["Relic","Card","Relic","Relic","Card"],"build_version":"2020-12-13","purchased_purges":1,"victory":true,"max_hp_per_floor":[66,66,66,66,66,66,66,66,66,66,66,66,66,66,66,66,66,66,66,33,33,33,33,33,33,33,33,33,33,33,33,33,33,33,33,33,33,31,31,31,31,31,38,38,38,38,38,38,38,38,38],"relic_stats":{"OrangePellets":[3],"Gremlin Horn":[3,3],"counters":[26,118],"Bronze Scales":[356],"Gambling Chip":[39],"Pandora\u0027s Box":["Cloak And Dagger","Die Die Die","Footwork","Poisoned Stab","Choke","Eviscerate","Predator","Burst","Unload"],"Pen Nib":[9],"Bag of Preparation":[10],"MawBank":156,"obtain_stats":[{"Lantern":23,"Gremlin Horn":48,"Pen Nib":25,"Incense Burner":41,"Bag of Preparation":45,"MawBank":26,"White Beast Statue":28,"OrangePellets":45,"Anchor":7,"Bronze Scales":9,"Gambling Chip":21,"Strawberry":43,"Pandora\u0027s Box":17,"Bag of Marbles":10,"Red Mask":19,"Unceasing Top":46,"Ring of the Snake":0,"Runic Pyramid":34},{"Lantern":13,"Gremlin Horn":24,"Pen Nib":14,"Incense Burner":21,"Bag of Preparation":21,"MawBank":14,"White Beast Statue":15,"OrangePellets":21,"Anchor":4,"Bronze Scales":5,"Gambling Chip":11,"Strawberry":21,"Pandora\u0027s Box":9,"Bag of Marbles":6,"Red Mask":11,"Unceasing Top":22,"Ring of the Snake":0,"Runic Pyramid":18},{"Lantern":42,"Gremlin Horn":97,"Pen Nib":47,"Incense Burner":78,"Bag of Preparation":78,"MawBank":47,"White Beast Statue":49,"OrangePellets":78,"Anchor":15,"Bronze Scales":17,"Gambling Chip":37,"Strawberry":78,"Pandora\u0027s Box":32,"Bag of Marbles":20,"Red Mask":37,"Unceasing Top":84,"Ring of the Snake":0,"Runic Pyramid":64}],"Unceasing Top":[0],"Ring of the Snake":[52]},"card_choices":[{"not_picked":["Forethought","Flash of Steel"],"picked":"Dramatic Entrance","floor":0.0},{"not_picked":["Calculated Gamble","Caltrops"],"picked":"Deadly Poison","floor":1.0},{"not_picked":["Slice","Leg Sweep"],"picked":"Skewer","floor":2.0},{"not_picked":["Dagger Spray","A Thousand Cuts"],"picked":"PiercingWail","floor":5.0},{"not_picked":["Grand Finale","Tactician"],"picked":"Glass Knife","floor":7.0},{"not_picked":["Outmaneuver","Reflex"],"picked":"Deflect","floor":8.0},{"not_picked":["Dodge and Roll","Dagger Spray","Outmaneuver"],"picked":"SKIP","floor":10.0},{"not_picked":["Cloak And Dagger","Expertise","Backflip"],"picked":"SKIP","floor":12.0},{"not_picked":["Cloak And Dagger","Reflex","Eviscerate"],"picked":"SKIP","floor":14.0},{"not_picked":["A Thousand Cuts","Bullet Time"],"picked":"Night Terror","floor":16.0},{"not_picked":["Dodge and Roll","Poisoned Stab","Flying Knee"],"picked":"SKIP","floor":18.0},{"not_picked":["Dagger Spray+1","Venomology"],"picked":"Quick Slash+1","floor":19.0},{"not_picked":["Poisoned Stab","PiercingWail"],"picked":"Catalyst","floor":22.0},{"not_picked":["Reflex","Dagger Spray"],"picked":"PiercingWail","floor":23.0},{"not_picked":["Catalyst","Flying Knee"],"picked":"Corpse Explosion","floor":25.0},{"not_picked":["All Out Attack","Deflect","Acrobatics"],"picked":"SKIP","floor":28.0},{"not_picked":["Flying Knee","Poisoned Stab","Acrobatics"],"picked":"SKIP","floor":29.0},{"not_picked":["Flying Knee","Quick Slash"],"picked":"Prepared+1","floor":31.0},{"not_picked":["Unload","Envenom"],"picked":"Wraith Form v2","floor":33.0},{"not_picked":["Well Laid Plans","All Out Attack"],"picked":"Noxious Fumes","floor":35.0},{"not_picked":["Chrysalis","Master of Strategy"],"picked":"Panacea","floor":36.0},{"not_picked":["Underhanded Strike","Prepared","Deflect"],"picked":"SKIP","floor":37.0},{"not_picked":["Storm of Steel","Eviscerate+1"],"picked":"Calculated Gamble+1","floor":41.0},{"not_picked":["Poisoned Stab+1","Backflip"],"picked":"Escape Plan","floor":46.0},{"not_picked":["All Out Attack","Underhanded Strike","Skewer+1"],"picked":"SKIP","floor":47.0},{"not_picked":["Deflect","Glass Knife"],"picked":"Prepared+1","floor":48.0}],"player_experience":2484552,"relics_obtained":[{"floor":7.0,"key":"Anchor"},{"floor":9.0,"key":"Bronze Scales"},{"floor":10.0,"key":"Bag of Marbles"},{"floor":19.0,"key":"Red Mask"},{"floor":23.0,"key":"Lantern"},{"floor":25.0,"key":"Pen Nib"},{"floor":26.0,"key":"MawBank"},{"floor":28.0,"key":"White Beast Statue"},{"floor":41.0,"key":"Incense Burner"},{"floor":43.0,"key":"Strawberry"},{"floor":46.0,"key":"Unceasing Top"},{"floor":48.0,"key":"Gremlin Horn"}],"event_choices":[{"damage_healed":0.0,"max_hp_gain":0.0,"max_hp_loss":0.0,"gold_gain":0.0,"event_name":"Living Wall","player_choice":"Grow","floor":3.0,"gold_loss":0.0,"damage_taken":0.0,"cards_upgraded":["Dramatic Entrance"]},{"cards_removed":["Strike_G"],"damage_healed":0.0,"max_hp_gain":0.0,"max_hp_loss":0.0,"gold_gain":0.0,"event_name":"Golden Wing","player_choice":"Card Removal","floor":4.0,"gold_loss":0.0,"damage_taken":7.0},{"damage_healed":0.0,"max_hp_gain":0.0,"max_hp_loss":0.0,"gold_gain":0.0,"event_name":"Lab","player_choice":"Got Potions","floor":11.0,"gold_loss":0.0,"damage_taken":0.0},{"damage_healed":0.0,"max_hp_gain":0.0,"max_hp_loss":0.0,"gold_gain":0.0,"event_name":"Masked Bandits","player_choice":"Fought Bandits","floor":19.0,"gold_loss":0.0,"damage_taken":0.0},{"damage_healed":0.0,"max_hp_gain":0.0,"max_hp_loss":33.0,"gold_gain":0.0,"event_name":"Ghosts","player_choice":"Became a Ghost","floor":20.0,"gold_loss":0.0,"damage_taken":0.0,"cards_obtained":["Ghostly","Ghostly","Ghostly"]},{"cards_removed":["Choke"],"damage_healed":0.0,"max_hp_gain":0.0,"max_hp_loss":0.0,"gold_gain":0.0,"event_name":"Purifier","player_choice":"Purged","floor":27.0,"gold_loss":0.0,"damage_taken":0.0},{"damage_healed":0.0,"max_hp_gain":0.0,"max_hp_loss":0.0,"gold_gain":0.0,"event_name":"SensoryStone","player_choice":"Memory 1","floor":36.0,"gold_loss":0.0,"damage_taken":0.0},{"damage_healed":0.0,"max_hp_gain":0.0,"max_hp_loss":2.0,"gold_gain":0.0,"event_name":"Winding Halls","player_choice":"Max HP","floor":38.0,"gold_loss":0.0,"damage_taken":0.0}],"is_beta":false,"boss_relics":[{"not_picked":["Black Star","Calling Bell"],"picked":"Pandora\u0027s Box"},{"not_picked":["Ring of the Serpent","Busted Crown"],"picked":"Runic Pyramid"}],"items_purged_floors":[39],"is_endless":false,"potions_floor_spawned":[1,2,8,12,14,22,23,28,29,31,33,35,37,41,46,47,48],"ascension_level":20}}