{"host":"ih7ofq2zpufcoifs","time":1607915064,"event":{"mods":["BaseMod","Colored Map","Minty Spire (QoL Compilation)"],"gold_per_floor":[118,118,131,7,7,7,41,41,41,74,74,74,107,2,2,76,76,91,103,103,103,103,135,153,153,178,178,206,206,225,250,250,321,321,333,333,189,189,189,220,220,246,269,88,122,139,139,139,139,139,139,139,102,132,132],"floor_reached":56,"playtime":3849,"items_purged":["Defend_B","Strike_B"],"score":2025,"play_id":"5732415d-cd5d-4725-8a2f-02208d5ae9f9","local_time":"20201214130424","is_ascension_mode":true,"campfire_choices":[{"data":"Streamline","floor":6.0,"key":"SMITH"},{"floor":8.0,"key":"REST"},{"floor":15.0,"key":"REST"},{"floor":25.0,"key":"REST"},{"floor":27.0,"key":"REST"},{"data":"Consume","floor":29.0,"key":"SMITH"},{"data":"Capacitor","floor":32,"key":"SMITH"},{"floor":41,"key":"RECALL"},{"data":"Static Discharge","floor":47,"key":"SMITH"},{"data":"Hologram","floor":49,"key":"SMITH"},{"data":"Coolheaded","floor":52,"key":"SMITH"}],"circlet_count":0,"master_deck":["AscendersBane","Strike_B","Defend_B+1","Defend_B","Defend_B+1","Zap+1","Dualcast+1","Streamline+1","Rebound","Genetic Algorithm","Cold Snap","Ball Lightning","Hologram+1","Electrodynamics","Capacitor+1","Consume+1","Electrodynamics","Meteor Strike","Self Repair","Coolheaded+1","Reboot","Echo Form","Static Discharge+1","Glacier","Capacitor","Echo Form"],"relics":["Sozu","Boot","Vajra","White Beast Statue","Mummified Hand","Darkstone Periapt","Snecko Eye","Bird Faced Urn","Kunai","Anchor","Torii","War Paint","Black Star","Runic Capacitor","Strawberry","Bag of Preparation","Oddly Smooth Stone","Unceasing Top","Gremlin Horn","Eternal Feather","Potion Belt","Letter Opener","StrikeDummy"],"acts_visited":["Exordium","TheCity","TheBeyond","TheEnding"],"potions_floor_usage":[],"damage_taken":[{"damage":1.0,"enemies":"Small Slimes","floor":1.0,"turns":4.0},{"damage":2.0,"enemies":"Jaw Worm","floor":3.0,"turns":3.0},{"damage":14.0,"enemies":"Lagavulin","floor":7.0,"turns":7.0},{"damage":12.0,"enemies":"3 Sentries","floor":10.0,"turns":4.0},{"damage":15.0,"enemies":"Gremlin Nob","floor":13.0,"turns":3.0},{"damage":11.0,"enemies":"Hexaghost","floor":16.0,"turns":8.0},{"damage":0.0,"enemies":"Spheric Guardian","floor":18.0,"turns":1.0},{"damage":4.0,"enemies":"Chosen","floor":19.0,"turns":3.0},{"damage":39.0,"enemies":"Slavers","floor":23.0,"turns":3.0},{"damage":14.0,"enemies":"Centurion and Healer","floor":24.0,"turns":5.0},{"damage":13.0,"enemies":"Book of Stabbing","floor":28.0,"turns":4.0},{"damage":0.0,"enemies":"Snake Plant","floor":30.0,"turns":2.0},{"damage":0,"enemies":"Slavers","floor":31,"turns":5},{"damage":17,"enemies":"Collector","floor":33,"turns":8},{"damage":0,"enemies":"3 Shapes","floor":35,"turns":2},{"damage":0,"enemies":"Nemesis","floor":40,"turns":7},{"damage":0,"enemies":"Giant Head","floor":42,"turns":7},{"damage":8,"enemies":"Nemesis","floor":45,"turns":5},{"damage":0,"enemies":"Orb Walker","floor":46,"turns":2},{"damage":28,"enemies":"Awakened One","floor":50,"turns":11},{"damage":0,"enemies":"Shield and Spear","floor":54,"turns":5},{"damage":55,"enemies":"The Heart","floor":55,"turns":9}],"seed_played":"-7907741988958392542","potions_obtained":[],"is_trial":false,"path_per_floor":["M","?","M","$","?","R","E","R","T","E","?","?","E","$","R","B",null,"M","M","T","?","?","E","M","R","T","R","E","R","M","E","R","B",null,"M","?","$","?","?","E","R","E","T","$","E","M","R","?","R","B",null,"R","$","E","B",null],"character_chosen":"DEFECT","items_purchased":["Rebound","Ball Lightning","Hologram","Runic Capacitor","Static Discharge","Capacitor"],"campfire_rested":4,"item_purchase_floors":[4,14,14,37,44,53],"current_hp_per_floor":[67,67,65,65,50,50,36,58,58,46,28,28,13,13,35,24,62,62,58,58,58,58,25,17,39,39,61,63,63,75,75,75,65,73,75,75,75,75,75,82,82,82,82,82,82,82,82,82,82,74,80,82,82,82,56],"gold":132,"neow_bonus":"BOSS_RELIC","is_daily":false,"chose_seed":false,"campfire_upgraded":6,"win_rate":0.0,"timestamp":1607915064,"path_taken":["M","?","M","$","?","R","E","R","T","E","?","?","E","?","R","BOSS","M","?","?","?","?","E","M","R","T","R","E","R","M","E","R","BOSS","M","?","?","?","?","E","R","E","T","$","E","M","R","?","R","BOSS","R","$","E","BOSS"],"items_purchased_type":["Card","Card","Card","Relic","Card","Card"],"build_version":"2020-12-13","purchased_purges":2,"victory":true,"max_hp_per_floor":[75,75,75,75,75,75,75,75,75,75,75,75,75,75,75,75,75,75,75,75,75,75,75,75,75,75,75,75,75,75,75,75,75,75,75,75,75,75,75,82,82,82,82,82,82,82,82,82,82,82,82,82,82,82,82],"card_choices":[{"not_picked":["Loop","Self Repair"],"picked":"Streamline","floor":1.0},{"not_picked":["Redo","Double Energy","Blizzard"],"picked":"SKIP","floor":3.0},{"not_picked":["Stack","Cold Snap"],"picked":"Sweeping Beam","floor":7.0},{"not_picked":["Streamline","Chill"],"picked":"Genetic Algorithm","floor":10.0},{"not_picked":["Compile Driver","Streamline"],"picked":"Cold Snap","floor":13.0},{"not_picked":["Creative AI","Seek"],"picked":"Electrodynamics","floor":16.0},{"not_picked":["Coolheaded","Barrage"],"picked":"Capacitor","floor":18.0},{"not_picked":["Beam Cell","Stack","Gash"],"picked":"SKIP","floor":19.0},{"not_picked":["Compile Driver","Steam+1"],"picked":"Meteor Strike","floor":23.0},{"not_picked":["Double Energy+1","Storm"],"picked":"Self Repair","floor":24.0},{"not_picked":["Melter","Stack"],"picked":"Coolheaded","floor":28.0},{"not_picked":["Go for the Eyes","Double Energy+1","Blizzard"],"picked":"SKIP","floor":30.0},{"not_picked":["Chaos","Lockon"],"picked":"Reboot","floor":31},{"not_picked":["Rainbow","Meteor Strike"],"picked":"Echo Form","floor":33},{"not_picked":["Barrage","Cold Snap","Go for the Eyes+1"],"picked":"SKIP","floor":35},{"not_picked":["Genetic Algorithm","Lockon","Fusion"],"picked":"SKIP","floor":40},{"not_picked":["Sweeping Beam+1","Stack","Streamline"],"picked":"SKIP","floor":42},{"not_picked":["Conserve Battery+1","Hologram","Cold Snap"],"picked":"SKIP","floor":45},{"not_picked":["Go for the Eyes","Turbo+1"],"picked":"Glacier","floor":46},{"not_picked":["Reinforced Body","Force Field+1"],"picked":"Echo Form","floor":54}],"player_experience":323362,"relics_obtained":[{"floor":7.0,"key":"Boot"},{"floor":9.0,"key":"Vajra"},{"floor":10.0,"key":"White Beast Statue"},{"floor":13.0,"key":"Darkstone Periapt"},{"floor":20.0,"key":"Bird Faced Urn"},{"floor":23.0,"key":"Kunai"},{"floor":26.0,"key":"Anchor"},{"floor":28.0,"key":"Torii"},{"floor":31,"key":"War Paint"},{"floor":40,"key":"Strawberry"},{"floor":40,"key":"Bag of Preparation"},{"floor":42,"key":"Oddly Smooth Stone"},{"floor":42,"key":"Unceasing Top"},{"floor":45,"key":"Gremlin Horn"},{"floor":45,"key":"Eternal Feather"},{"floor":54,"key":"Letter Opener"},{"floor":54,"key":"StrikeDummy"}],"event_choices":[{"damage_healed":0.0,"max_hp_gain":0.0,"max_hp_loss":0.0,"gold_gain":0.0,"cards_transformed":["Strike_B"],"event_name":"Living Wall","player_choice":"Change","floor":2.0,"gold_loss":0.0,"damage_taken":0.0,"cards_obtained":["Melter"]},{"damage_healed":0.0,"max_hp_gain":0.0,"max_hp_loss":0.0,"gold_gain":0.0,"event_name":"Shining Light","player_choice":"Entered Light","floor":5.0,"gold_loss":0.0,"damage_taken":15.0,"cards_upgraded":["Dualcast","Defend_B"]},{"damage_healed":0.0,"max_hp_gain":0.0,"max_hp_loss":0.0,"gold_gain":0.0,"event_name":"Scrap Ooze","player_choice":"Success","floor":11.0,"gold_loss":0.0,"damage_taken":18.0,"relics_obtained":["Mummified Hand"]},{"damage_healed":0.0,"max_hp_gain":0.0,"max_hp_loss":0.0,"gold_gain":0.0,"event_name":"Dead Adventurer","player_choice":"Searched \u00271\u0027 times","floor":12.0,"gold_loss":0.0,"damage_taken":0.0},{"damage_healed":0.0,"max_hp_gain":0.0,"max_hp_loss":0.0,"gold_gain":0.0,"event_name":"Dead Adventurer","player_choice":"Searched \u00271\u0027 times","floor":12.0,"gold_loss":0.0,"damage_taken":0.0},{"damage_healed":0.0,"max_hp_gain":0.0,"max_hp_loss":0.0,"gold_gain":0.0,"event_name":"The Library","player_choice":"Read","floor":21.0,"gold_loss":0.0,"damage_taken":0.0,"cards_obtained":["Consume"]},{"damage_healed":0.0,"max_hp_gain":0.0,"max_hp_loss":0.0,"gold_gain":0.0,"event_name":"Duplicator","player_choice":"Copied","floor":22.0,"gold_loss":0.0,"damage_taken":0.0,"cards_obtained":["Electrodynamics"]},{"cards_removed":["Strike_B"],"damage_healed":0,"gold_gain":0,"player_choice":"Purged","damage_taken":0,"max_hp_gain":0,"max_hp_loss":0,"event_name":"Purifier","floor":36,"gold_loss":0},{"damage_healed":0,"gold_gain":0,"player_choice":"Memory 1","damage_taken":0,"max_hp_gain":0,"max_hp_loss":0,"event_name":"SensoryStone","floor":38,"gold_loss":0},{"cards_removed":["Sweeping Beam"],"damage_healed":0,"gold_gain":0,"player_choice":"Removed Attack","damage_taken":0,"max_hp_gain":0,"max_hp_loss":0,"event_name":"Falling","floor":39,"gold_loss":0},{"cards_removed":["Melter"],"damage_healed":0,"gold_gain":0,"player_choice":"Gave Card","damage_taken":0,"relics_obtained":["Potion Belt"],"max_hp_gain":0,"max_hp_loss":0,"event_name":"WeMeetAgain","floor":48,"gold_loss":0}],"is_beta":false,"boss_relics":[{"not_picked":["Astrolabe","SacredBark"],"picked":"Snecko Eye"},{"not_picked":["Runic Dome","Coffee Dripper"],"picked":"Black Star"}],"items_purged_floors":[4,44],"is_endless":false,"potions_floor_spawned":[1,3,13,16,18,19,23,24,28,30,31,33,35,40,42,45,46,54],"ascension_level":13}}