{"host":"htqwg582tjjtn9p7","time":1607960291,"event":{"mods":["2.2 Compatiblity","AchievementEnabler","Act Like it!","Aspiration","BaseMod","Better Third Choice","Colored Map","Conspire","Curses Come First","Displayed Cursed Tome","Energized Spire","Force Act Four","GifTheSpireLib","Hermit","Highlight Path","JesterMod","Mad Scientist","Minty Spire (QoL Compilation)","Pale of the Ancients","Permanent Neow","Random Character Button","Relic Stats","Replay The Spire","Robot Space Explorer","Somnambulant","Spicy Shops","Spikes Relics","StSLib","Stuff the Spire","The Blue Laboratory","The Disciple","The Dragon Tamer","The Forsaken","The Gatherer","The Judge","The Jungle","The Runesmith","The Servant 0.9.4"],"gold_per_floor":[118,138,157,157,157,157,191,191,191,116,116,16,35,66,66,142,142,155,169,183,201,211,242,260,288,288,319,319,352,352,365,365,436,436,449,449,449,467,486,486,514,524,573,599,615,628,655,226,226,226,245,262,262,87,87,100,100,169,169,169],"floor_reached":61,"playtime":3139,"items_purged":["Pain","Regret","Strike_R","Strike_R","Strike_R"],"score":2381,"play_id":"b5573976-6998-48a8-b04e-fef6fb220c51","local_time":"20201214163811","is_ascension_mode":true,"campfire_choices":[{"data":"Bash","floor":6.0,"key":"SMITH"},{"floor":8.0,"key":"REST"},{"floor":11.0,"key":"REST"},{"floor":15.0,"key":"REST"},{"data":"Barricade","floor":28.0,"key":"SMITH"},{"floor":30.0,"key":"REST"},{"data":"True Grit","floor":32.0,"key":"SMITH"},{"data":"Body Slam","floor":40.0,"key":"SMITH"},{"data":"Entrench","floor":49,"key":"SMITH"},{"data":"Flame Barrier","floor":55,"key":"SMITH"},{"floor":57,"key":"RECALL"}],"circlet_count":0,"master_deck":["AscendersBane","Strike_R","Defend_R","Defend_R","Defend_R","Defend_R","Bash+1","Twin Strike","Clothesline","Flame Barrier+1","Defy Death","Seeing Red","Barricade+1","Shrug It Off","Defy Death","Abandon+1","Armaments+1","Metallicize","Feel No Pain+1","True Grit+1","Body Slam+1","Offering","Dark Embrace+1","Body Slam","Ghostly Armor","Feel No Pain+1","Shrug It Off","ReplayTheSpireMod:Stacked","Sentinel+1","Entrench+1","True Grit+1"],"relics":["Burning Blood","aspiration:Nostalgia","Runesmith:BrokenRuby","StuffTheSpire:RedRose","WarpedTongs","Onion Ring","StuffTheSpire:BottledHeartBeat","StuffTheSpire:Gunfinga","Velvet Choker","Tiny Chest","Art of War","Frozen Egg 2","Eternal Feather","StuffTheSpire:Barrel","conspire:RunicOctahedron","conspire:Flyswatter","StuffTheSpire:OldFever","Champion Belt","RollingBoulder","Orrery","paleoftheancients:Timepiece","paleoftheancients:KeyRelic","Gremlin Horn","CultistMask","paleoftheancients:SoulOfTheCollector","Blue Candle"],"acts_visited":["Exordium","TheCity","TheBeyond","TheBeyond"],"potions_floor_usage":[47,60,60],"damage_taken":[{"damage":6.0,"enemies":"Cultist","floor":1.0,"turns":3.0},{"damage":7.0,"enemies":"Small Slimes","floor":2.0,"turns":3.0},{"damage":10.0,"enemies":"2 Louse","floor":3.0,"turns":2.0},{"damage":32.0,"enemies":"Gremlin Nob","floor":7.0,"turns":4.0},{"damage":10.0,"enemies":"Lots of Slimes","floor":13.0,"turns":4.0},{"damage":9.0,"enemies":"3 Sentries","floor":14.0,"turns":8.0},{"damage":16.0,"enemies":"Hexaghost","floor":16.0,"turns":8.0},{"damage":0.0,"enemies":"Chosen","floor":18.0,"turns":4.0},{"damage":4.0,"enemies":"3 Byrds","floor":19.0,"turns":4.0},{"damage":17.0,"enemies":"Sentry and Sphere","floor":20.0,"turns":6.0},{"damage":15.0,"enemies":"Centurion and Healer","floor":21.0,"turns":8.0},{"damage":5.0,"enemies":"Cultist and Chosen","floor":22.0,"turns":8.0},{"damage":11.0,"enemies":"conspire:SneckoGhost","floor":23.0,"turns":9.0},{"damage":2.0,"enemies":"3 Cultists","floor":24.0,"turns":6.0},{"damage":0.0,"enemies":"Gremlin Leader","floor":25.0,"turns":12.0},{"damage":18.0,"enemies":"conspire:SneckoGhost","floor":27.0,"turns":11.0},{"damage":50.0,"enemies":"Slavers","floor":29.0,"turns":8.0},{"damage":0.0,"enemies":"conspire:HollyBat","floor":31.0,"turns":9.0},{"damage":6.0,"enemies":"Champ","floor":33.0,"turns":11.0},{"damage":0.0,"enemies":"3 Shapes","floor":35.0,"turns":6.0},{"damage":15.0,"enemies":"Orb Walker","floor":38.0,"turns":4.0},{"damage":8.0,"enemies":"3 Darklings","floor":39.0,"turns":8.0},{"damage":6,"enemies":"Giant Head","floor":41,"turns":6},{"damage":14,"enemies":"Writhing Mass","floor":42,"turns":8},{"damage":6,"enemies":"Nemesis","floor":44,"turns":7},{"damage":16,"enemies":"Spire Growth","floor":45,"turns":6},{"damage":20,"enemies":"Transient","floor":46,"turns":5},{"damage":20,"enemies":"R_Hoarder","floor":47,"turns":9},{"damage":26,"enemies":"Awakened One","floor":50,"turns":11},{"damage":39,"enemies":"Awakened One","floor":51,"turns":9},{"damage":0,"enemies":"Awakened One","floor":52,"turns":6},{"damage":6,"enemies":"Awakened One","floor":56,"turns":5},{"damage":136,"enemies":"paleoftheancients:N","floor":60,"turns":22}],"seed_played":"-8229846330470872068","potions_obtained":[{"floor":1.0,"key":"blueLaboratory:BubblePotion"},{"floor":13.0,"key":"blueLaboratory:IronCompound"},{"floor":16.0,"key":"ColorlessPotion"},{"floor":18.0,"key":"blueLaboratory:BubblePotion"},{"floor":19.0,"key":"Fruit Juice"},{"floor":21.0,"key":"Block Potion"},{"floor":31.0,"key":"blueLaboratory:PolymorphPotion"},{"floor":33.0,"key":"Regen Potion"},{"floor":39.0,"key":"Strength Potion"},{"floor":45,"key":"GamblersBrew"},{"floor":47,"key":"LiquidMemories"}],"is_trial":false,"path_per_floor":["M","M","M","?","?","R","E","R","T","$","R","$","M","E","R","B",null,"M","M","M","M","M","E","M","E","T","E","R","E","R","M","R","B",null,"M","?","?","M","M","R","E","M","T","E","M","M","E","$","R","B","M","M","T","$","R","M","R","T","?","B",null],"character_chosen":"IRONCLAD","items_purchased":["Orrery"],"campfire_rested":4,"item_purchase_floors":[48],"current_hp_per_floor":[68,67,63,63,63,63,37,59,59,59,75,75,71,68,75,65,73,75,75,69,60,61,56,60,66,66,54,66,22,58,66,81,83,84,84,84,84,75,73,84,84,78,78,78,68,54,57,57,75,80,68,81,81,81,88,88,88,88,88,73],"gold":169,"neow_bonus":"NOSTALGIA","is_daily":false,"chose_seed":false,"campfire_upgraded":6,"win_rate":0.0,"timestamp":1607960291,"path_taken":["M","?","M","?","?","R","E","R","T","$","R","$","M","E","R","BOSS","M","M","?","M","M","E","M","E","T","E","R","E","R","M","R","BOSS","M","?","?","M","M","R","E","M","T","E","?","M","E","$","R","BOSS","M","M","?","$","R","M","R","T","?","BOSS"],"items_purchased_type":["Relic"],"build_version":"2020-12-13","purchased_purges":5,"victory":true,"max_hp_per_floor":[75,75,75,75,75,75,75,75,75,75,75,75,75,75,75,75,75,75,75,80,80,80,80,80,80,80,80,80,80,80,82,82,84,84,84,84,84,84,84,84,84,86,86,86,86,86,88,88,88,88,88,88,88,88,88,88,88,88,88,88],"relic_stats":{"Gremlin Horn":[11,11],"counters":[33,240],"Blue Candle":[0],"Tiny Chest":1,"Eternal Feather":75,"Art of War":[40],"Champion Belt":[10],"obtain_stats":[{"StuffTheSpire:Barrel":29,"Gremlin Horn":50,"StuffTheSpire:BottledHeartBeat":9,"Burning Blood":0,"StuffTheSpire:Gunfinga":14,"Tiny Chest":23,"RollingBoulder":47,"StuffTheSpire:RedRose":4,"Runesmith:BrokenRuby":0,"paleoftheancients:KeyRelic":50,"aspiration:Nostalgia":0,"Blue Candle":53,"Velvet Choker":17,"Eternal Feather":27,"conspire:RunicOctahedron":34,"Frozen Egg 2":26,"WarpedTongs":5,"paleoftheancients:Timepiece":50,"Orrery":48,"Onion Ring":7,"CultistMask":50,"Art of War":25,"Champion Belt":44,"paleoftheancients:SoulOfTheCollector":51,"StuffTheSpire:OldFever":43,"conspire:Flyswatter":41},{"StuffTheSpire:Barrel":17,"Gremlin Horn":29,"StuffTheSpire:BottledHeartBeat":4,"Burning Blood":0,"StuffTheSpire:Gunfinga":6,"Tiny Chest":13,"RollingBoulder":28,"StuffTheSpire:RedRose":3,"Runesmith:BrokenRuby":0,"paleoftheancients:KeyRelic":29,"aspiration:Nostalgia":0,"Blue Candle":31,"Velvet Choker":7,"Eternal Feather":16,"conspire:RunicOctahedron":19,"Frozen Egg 2":15,"WarpedTongs":3,"paleoftheancients:Timepiece":29,"Orrery":28,"Onion Ring":4,"CultistMask":29,"Art of War":15,"Champion Belt":25,"paleoftheancients:SoulOfTheCollector":30,"StuffTheSpire:OldFever":24,"conspire:Flyswatter":23},{"StuffTheSpire:Barrel":108,"Gremlin Horn":198,"StuffTheSpire:BottledHeartBeat":12,"Burning Blood":0,"StuffTheSpire:Gunfinga":24,"Tiny Chest":71,"RollingBoulder":187,"StuffTheSpire:RedRose":8,"Runesmith:BrokenRuby":0,"paleoftheancients:KeyRelic":198,"aspiration:Nostalgia":0,"Blue Candle":213,"Velvet Choker":32,"Eternal Feather":100,"conspire:RunicOctahedron":128,"Frozen Egg 2":89,"WarpedTongs":8,"paleoftheancients:Timepiece":198,"Orrery":187,"Onion Ring":12,"CultistMask":198,"Art of War":89,"Champion Belt":167,"paleoftheancients:SoulOfTheCollector":207,"StuffTheSpire:OldFever":160,"conspire:Flyswatter":152}],"Burning Blood":186,"WarpedTongs":[212]},"card_choices":[{"not_picked":["ReplayReversal","StuffTheSpire:Incineration"],"picked":"Twin Strike","floor":1.0},{"not_picked":["Flex","Intimidate"],"picked":"Clothesline","floor":2.0},{"not_picked":["Intimidate","Iron Wave","Clothesline"],"picked":"SKIP","floor":3.0},{"not_picked":["Replay:Undeath\u0027s Touch","Searing Blow"],"picked":"Flame Barrier","floor":7.0},{"not_picked":["ReplayTheSpireMod:LeadingStrike","Massacre"],"picked":"Defy Death","floor":13.0},{"not_picked":["Clothesline","Heavy Blade"],"picked":"Seeing Red","floor":14.0},{"not_picked":["StuffTheSpire:TitanForm","Offering"],"picked":"Barricade","floor":16.0},{"not_picked":["Carnage","StuffTheSpire:Incineration"],"picked":"Shrug It Off","floor":18.0},{"not_picked":["StuffTheSpire:RockThrow","Sentinel"],"picked":"Defy Death","floor":19.0},{"not_picked":["Anger","Twin Strike+1"],"picked":"Abandon+1","floor":20.0},{"not_picked":["Flex","Life Link","Warcry"],"picked":"SKIP","floor":21.0},{"not_picked":["Rampage","Perfected Strike","StuffTheSpire:TitanForm"],"picked":"SKIP","floor":22.0},{"not_picked":["StuffTheSpire:RockThrow","Replay:Undeath\u0027s Touch+1","Perfected Strike"],"picked":"SKIP","floor":23.0},{"not_picked":["Havoc","Flex"],"picked":"Armaments+1","floor":24.0},{"not_picked":["Run Through","Twin Strike"],"picked":"Metallicize","floor":25.0},{"not_picked":["StuffTheSpire:Pyroclast","Anger+1"],"picked":"Feel No Pain+1","floor":27.0},{"not_picked":["Feed","StuffTheSpire:RockThrow"],"picked":"True Grit","floor":29.0},{"not_picked":["Perfected Strike","Pommel Strike"],"picked":"Body Slam","floor":31.0},{"not_picked":["Feed","Barricade+1"],"picked":"Offering","floor":33.0},{"not_picked":["Run Through+1","ReplayTheSpireMod:Strike From Hell"],"picked":"Dark Embrace+1","floor":35.0},{"not_picked":["Replay:Undeath\u0027s Touch","Flex+1","Searing Blow"],"picked":"SKIP","floor":38.0},{"not_picked":["Feed","Armaments","Body Slam"],"picked":"SKIP","floor":39.0},{"not_picked":["Thunderclap","Defy Death"],"picked":"Body Slam","floor":41},{"not_picked":["Flex+1","Perfected Strike","Sever Soul"],"picked":"SKIP","floor":42},{"not_picked":["Anger","Havoc"],"picked":"Ghostly Armor","floor":44},{"not_picked":["Twin Strike","Cleave","Reckless Charge"],"picked":"SKIP","floor":45},{"not_picked":["Body Slam","Clash+1"],"picked":"Feel No Pain+1","floor":46},{"not_picked":["Evolve+1","Spot Weakness","Demonic Infusion"],"picked":"SKIP","floor":47},{"not_picked":["Sever Soul+1","StuffTheSpire:TitanForm+1"],"picked":"Shrug It Off","floor":48},{"not_picked":["Invigoration+1","Wild Strike"],"picked":"ReplayTheSpireMod:Stacked","floor":48},{"not_picked":["Wild Strike","Armaments"],"picked":"Sentinel+1","floor":48},{"not_picked":["Headbutt","Twin Strike"],"picked":"Entrench","floor":48},{"not_picked":["Perfected Strike+1","StuffTheSpire:Pyroclast","Havoc"],"picked":"SKIP","floor":51},{"not_picked":["Thunderclap","Burning Pact"],"picked":"True Grit+1","floor":52},{"not_picked":["Exhume","ReplayTheSpireMod:Strike From Hell","Armaments"],"picked":"SKIP","floor":56}],"player_experience":1675980,"relics_obtained":[{"floor":7.0,"key":"Onion Ring"},{"floor":9.0,"key":"StuffTheSpire:BottledHeartBeat"},{"floor":14.0,"key":"StuffTheSpire:Gunfinga"},{"floor":23.0,"key":"Tiny Chest"},{"floor":25.0,"key":"Art of War"},{"floor":26.0,"key":"Frozen Egg 2"},{"floor":27.0,"key":"Eternal Feather"},{"floor":29.0,"key":"StuffTheSpire:Barrel"},{"floor":41,"key":"conspire:Flyswatter"},{"floor":43,"key":"StuffTheSpire:OldFever"},{"floor":44,"key":"Champion Belt"},{"floor":47,"key":"RollingBoulder"},{"floor":51,"key":"paleoftheancients:SoulOfTheCollector"},{"floor":53,"key":"Blue Candle"}],"event_choices":[{"damage_healed":0.0,"max_hp_gain":0.0,"max_hp_loss":0.0,"gold_gain":0.0,"event_name":"Accursed Blacksmith","player_choice":"Rummage","floor":5.0,"gold_loss":0.0,"damage_taken":0.0,"relics_obtained":["WarpedTongs"],"cards_obtained":["Pain"]},{"damage_healed":0.0,"max_hp_gain":0.0,"max_hp_loss":0.0,"gold_gain":0.0,"event_name":"Tomb of Lord Red Mask","player_choice":"Ignored","floor":36.0,"gold_loss":0.0,"damage_taken":0.0},{"cards_removed":["Strike_R"],"damage_healed":0.0,"max_hp_gain":0.0,"max_hp_loss":0.0,"gold_gain":0.0,"event_name":"Purifier","player_choice":"Purged","floor":37.0,"gold_loss":0.0,"damage_taken":0.0}],"is_beta":false,"boss_relics":[{"not_picked":["energizedSpire:OgreHead","Black Blood"],"picked":"Velvet Choker"},{"not_picked":["StuffTheSpire:ModemDavis","energizedSpire:NeverEndingSparkler"],"picked":"conspire:RunicOctahedron"}],"items_purged_floors":[10,12,48,48,54],"is_endless":false,"potions_floor_spawned":[1,13,14,16,18,19,21,31,33,39,42,45,47,56],"ascension_level":15}}