{"host":"0u21swshytqr30ym","time":1607973762,"event":{"mods":["Act Like it!","BaseMod","Better Third Choice","ChefMod","Colored Map","Hallownest","Hermit","Hubris","Jorbs\u0027s Wanderer Trilogy","Minty Spire (QoL Compilation)","StSLib","The Bug Knight","The Runesmith"],"gold_per_floor":[111,121,44,57,7,7,33,33,102,102,112,112,129,157,157,262,262,274,286,286,300,39,39,39,39],"floor_reached":24,"playtime":2158,"items_purged":["Runesmith:Strike_RS"],"score":206,"play_id":"b9234e4a-27a4-42e4-80aa-dc06f85a6b67","local_time":"20201214172242","is_ascension_mode":false,"campfire_choices":[{"data":"Runesmith:RunicBlueprint","floor":6,"key":"SMITH"},{"data":"Runesmith:HammerAndChisel","floor":8,"key":"SMITH"},{"data":"Iron Wave","floor":15,"key":"SMITH"},{"data":"Runesmith:UnlimitedPower","floor":23,"key":"SMITH"}],"circlet_count":0,"master_deck":["Runesmith:Strike_RS","Runesmith:Strike_RS","Runesmith:Strike_RS","Runesmith:Defend_RS","Runesmith:Defend_RS","Runesmith:Defend_RS","Runesmith:CraftFirestone","Runesmith:EarthShield","Runesmith:HammerAndChisel+1","Runesmith:LithiumIon","Runesmith:RunicBlueprint+1","Runesmith:HeatExchange","Iron Wave+1","Runesmith:UnlimitedPower+1","Runesmith:Grindstone","Runesmith:HammerThrow","Good Instincts+1"],"relics":["Runesmith:BrokenRuby","Gambling Chip","HollowMod:StagPassRelic","Pear","InkBottle","hubris:Backtick","Bottled Tornado"],"acts_visited":["Exordium","TheCity"],"potions_floor_usage":[24],"damage_taken":[{"damage":1,"enemies":"Cultist","floor":1,"turns":3},{"damage":1,"enemies":"Jaw Worm","floor":2,"turns":4},{"damage":1,"enemies":"2 Louse","floor":4,"turns":4},{"damage":7,"enemies":"HollowMod:MossKnight","floor":7,"turns":7},{"damage":13,"enemies":"Large Slime","floor":11,"turns":5},{"damage":0,"enemies":"Gremlin Gang","floor":13,"turns":2},{"damage":7,"enemies":"Lagavulin","floor":14,"turns":3},{"damage":3,"enemies":"Slime Boss","floor":16,"turns":8},{"damage":3,"enemies":"3 Byrds","floor":18,"turns":7},{"damage":11,"enemies":"Spheric Guardian","floor":19,"turns":4},{"damage":25,"enemies":"Snecko","floor":21,"turns":7},{"damage":89,"enemies":"Slavers","floor":24,"turns":6}],"seed_played":"4114771108535267681","potions_obtained":[{"floor":11,"key":"LiquidBronze"},{"floor":14,"key":"EssenceOfSteel"},{"floor":16,"key":"Dexterity Potion"},{"floor":19,"key":"SteroidPotion"}],"is_trial":false,"path_per_floor":["M","M","$","M","?","R","E","R","T","?","M","?","M","E","R","B",null,"M","M","?","M","$","R","E"],"character_chosen":"RUNESMITH_CLASS","items_purchased":["Runesmith:LithiumIon","Good Instincts","FairyPotion"],"campfire_rested":0,"item_purchase_floors":[3,22,22],"current_hp_per_floor":[69,68,68,67,67,67,60,60,70,70,57,50,50,43,43,40,80,77,66,71,46,46,46,0,0],"gold":39,"neow_bonus":"ONE_RARE_RELIC","is_daily":false,"chose_seed":false,"campfire_upgraded":4,"win_rate":0.0,"timestamp":1607973762,"path_taken":["M","M","$","?","?","R","E","R","T","?","?","?","M","E","R","BOSS","M","M","?","?","$","R","E"],"items_purchased_type":["Card","Card","Potion"],"build_version":"2020-12-13","purchased_purges":1,"victory":false,"max_hp_per_floor":[70,70,70,70,70,70,70,70,80,80,80,80,80,80,80,80,80,80,80,80,80,80,80,80,80],"card_choices":[{"not_picked":["Runesmith:UnstableHammer","Runesmith:Augment"],"picked":"Runesmith:EarthShield","floor":1},{"not_picked":["Runesmith:Repurpose","Runesmith:StaticCage"],"picked":"Runesmith:HammerAndChisel","floor":2},{"not_picked":["Runesmith:StaticCage","Runesmith:FieryHammer"],"picked":"Runesmith:RunicBlueprint","floor":4},{"not_picked":["Runesmith:Superposition","Runesmith:ShiftingStrike"],"picked":"Runesmith:HeatExchange","floor":7},{"not_picked":["Runesmith:MakeshiftArmor","Runesmith:ShiftingStrike","Runesmith:Overpower"],"picked":"SKIP","floor":11},{"not_picked":["Runesmith:NegativeSpace","Runesmith:MakeshiftArmor"],"picked":"Runesmith:RuneHurl","floor":13},{"not_picked":["Runesmith:GenerateForcefield","Runesmith:Reinforce","Runesmith:Prism"],"picked":"SKIP","floor":14},{"not_picked":["Runesmith:DuctTape","Runesmith:GenerateForcefield"],"picked":"Runesmith:UnlimitedPower","floor":16},{"not_picked":["Runesmith:Overpower+1","Runesmith:CraftProtectio"],"picked":"Runesmith:Grindstone","floor":18},{"not_picked":["Runesmith:MakeshiftArmor+1","Runesmith:Overpower","Runesmith:ChiselStab"],"picked":"SKIP","floor":19},{"not_picked":["Runesmith:Grindstone","Runesmith:StaticCage"],"picked":"Runesmith:HammerThrow","floor":21}],"player_experience":333823,"relics_obtained":[{"floor":7,"key":"HollowMod:StagPassRelic"},{"floor":9,"key":"Pear"},{"floor":14,"key":"InkBottle"}],"event_choices":[{"cards_removed":["stsjorbsmod:Amnesia"],"damage_healed":0,"gold_gain":0,"player_choice":"Card Removal","damage_taken":0,"max_hp_gain":0,"max_hp_loss":0,"event_name":"The Cleric","floor":5,"gold_loss":50},{"cards_removed":["Runesmith:Fortify"],"damage_healed":0,"gold_gain":0,"player_choice":"Took Card","damage_taken":0,"max_hp_gain":0,"max_hp_loss":0,"event_name":"NoteForYourself","floor":10,"gold_loss":0,"cards_obtained":["Iron Wave"]},{"cards_removed":["Runesmith:Defend_RS"],"damage_healed":0,"gold_gain":0,"player_choice":"Card Removal","damage_taken":7,"max_hp_gain":0,"max_hp_loss":0,"event_name":"Golden Wing","floor":12,"gold_loss":0},{"cards_removed":["Runesmith:RuneHurl"],"damage_healed":5,"gold_gain":0,"player_choice":"Offered Common","damage_taken":0,"max_hp_gain":0,"max_hp_loss":0,"event_name":"Bonfire Elementals","floor":20,"gold_loss":0},{"cards_removed":["Runesmith:RuneHurl"],"damage_healed":5,"gold_gain":0,"player_choice":"Offered Special","damage_taken":0,"max_hp_gain":0,"max_hp_loss":0,"event_name":"Bonfire Elementals","floor":20,"gold_loss":0}],"is_beta":false,"boss_relics":[{"not_picked":["Velvet Choker","Runesmith:UraniumAnvil"],"picked":"hubris:Backtick"}],"items_purged_floors":[22],"is_endless":false,"potions_floor_spawned":[11,14,16,19],"killed_by":"Slavers","ascension_level":0}}