{"host":"0rxdudjy6rylha1k","time":1607926736,"event":{"mods":["Aspiration","BaseMod","Colored Map","Colored Powertips","Downfall","Highlight Path","Hubris","Minty Spire (QoL Compilation)","StSLib"],"gold_per_floor":[99,126,156,81,81,81,81,13,48,48,48,68,168,182,192,294,294,219,231,231,261,279,279,352,352,352,352,365,465,465,5,21,123,123,123,142,312,312,312,332,332,348,348,373,393,403,403,417,428,428],"floor_reached":51,"playtime":13968,"items_purged":["Guardian:Strike_Guardian"],"score":1085,"play_id":"94ce0384-1e28-4227-bb2e-7a962564ca0d","local_time":"20201213231856","is_ascension_mode":true,"campfire_choices":[{"floor":1.0,"key":"RECALL"},{"data":"Guardian:CurlUp","floor":4.0,"key":"SMITH"},{"data":"Guardian:Defend_Guardian","floor":6.0,"key":"SMITH"},{"floor":10.0,"key":"REST"},{"data":"Guardian:Clone","floor":18.0,"key":"SMITH"},{"data":"Guardian:PolyBeam","floor":20.0,"key":"SMITH"},{"floor":23.0,"key":"REST"},{"data":"Guardian:Preprogram","floor":25.0,"key":"SMITH"},{"data":"Guardian:ChargeUp","floor":27.0,"key":"SMITH"},{"floor":35.0,"key":"DIG"},{"floor":38.0,"key":"DIG"},{"floor":43,"key":"DIG"}],"circlet_count":0,"master_deck":["Guardian:Strike_Guardian","Guardian:Strike_Guardian","Guardian:Strike_Guardian","Guardian:Defend_Guardian","Guardian:Defend_Guardian","Guardian:Defend_Guardian","Guardian:Defend_Guardian+1","Guardian:CurlUp+1","Guardian:TwinSlam+1","Guardian:TemporalStrike","Guardian:Planning","Guardian:Clone+1","Guardian:ChargeUp+1","Guardian:RevengeProtocol","Guardian:PolyBeam+1","Guardian:ShieldCharger","Finesse","Guardian:VentSteam","Guardian:Preprogram+1","Guardian:VentSteam","Guardian:FloatingOrbs+1","Guardian:Emergency+1","J.A.X.","Guardian:Reroute","Guardian:Emergency+1","Guardian:BronzeArmor+1","Guardian:CompilePackage","Guardian:TimeCapacitor","Guardian:FloatingOrbs+1","Guardian:TimeCapacitor"],"relics":["Guardian:ModeShifter","Potion Belt","Dead Branch","downfall:HeartBlessingRed","Guardian:PickAxe","White Beast Statue","Lizard Tail","downfall:GremlinSack","downfall:HeartBlessingGreen","InkBottle","hubris:MysteriousPyramids","MutagenicStrength","Shovel","Regal Pillow","hubris:Backtick","OrangePellets","Pen Nib","Bottled Tornado","Peace Pipe","Happy Flower","hubris:Metronome"],"acts_visited":["Exordium","TheCity","TheBeyond"],"potions_floor_usage":[40,40,40,44,49,49,50,50],"damage_taken":[{"damage":18.0,"enemies":"Gremlin Nob","floor":2.0,"turns":5.0},{"damage":0.0,"enemies":"downfall:FleeingMerchant","floor":8.0,"turns":4.0},{"damage":10.0,"enemies":"3 Sentries","floor":9.0,"turns":6.0},{"damage":8.0,"enemies":"Small Slimes","floor":12.0,"turns":4.0},{"damage":16.0,"enemies":"Small Slimes","floor":13.0,"turns":3.0},{"damage":5.0,"enemies":"2 Louse","floor":14.0,"turns":2.0},{"damage":4.0,"enemies":"Cultist","floor":15.0,"turns":3.0},{"damage":34.0,"enemies":"downfall:Watcher","floor":16.0,"turns":7.0},{"damage":2.0,"enemies":"3 Byrds","floor":19.0,"turns":4.0},{"damage":11.0,"enemies":"Gremlin Leader","floor":21.0,"turns":7.0},{"damage":0.0,"enemies":"Chosen","floor":22.0,"turns":6.0},{"damage":0.0,"enemies":"Slavers","floor":26.0,"turns":1.0},{"damage":10.0,"enemies":"Centurion and Healer","floor":28.0,"turns":4.0},{"damage":11.0,"enemies":"downfall:Augmenter","floor":29.0,"turns":6.0},{"damage":3.0,"enemies":"downfall:FleeingMerchant","floor":31.0,"turns":4.0},{"damage":3.0,"enemies":"Snecko","floor":32.0,"turns":2.0},{"damage":3.0,"enemies":"downfall:Defect","floor":33.0,"turns":4.0},{"damage":0.0,"enemies":"Orb Walker","floor":36.0,"turns":2.0},{"damage":5.0,"enemies":"downfall:FleeingMerchant","floor":37.0,"turns":4.0},{"damage":3,"enemies":"3 Darklings","floor":40,"turns":2},{"damage":3,"enemies":"Spire Growth","floor":42,"turns":4},{"damage":0,"enemies":"Nemesis","floor":44,"turns":3},{"damage":0,"enemies":"Maw","floor":45,"turns":2},{"damage":3,"enemies":"Sphere and 2 Shapes","floor":46,"turns":3},{"damage":0,"enemies":"Transient","floor":48,"turns":4},{"damage":0,"enemies":"Writhing Mass","floor":49,"turns":3},{"damage":25,"enemies":"downfall:Silent","floor":50,"turns":4}],"seed_played":"8980054590044747192","potions_obtained":[{"floor":2.0,"key":"champ:CounterPotion"},{"floor":8.0,"key":"Slimebound:ThreeZeroPotion"},{"floor":9.0,"key":"hexamod:EctoCoolerPotion"},{"floor":12.0,"key":"GamblersBrew"},{"floor":13.0,"key":"Weak Potion"},{"floor":14.0,"key":"BlessingOfTheForge"},{"floor":15.0,"key":"Weak Potion"},{"floor":16.0,"key":"AttackPotion"},{"floor":19.0,"key":"sneckomod:MuddlingPotion"},{"floor":21.0,"key":"SmokeBomb"},{"floor":22.0,"key":"Fruit Juice"},{"floor":28.0,"key":"Weak Potion"},{"floor":31.0,"key":"CultistPotion"},{"floor":32.0,"key":"PowerPotion"},{"floor":33.0,"key":"SteroidPotion"},{"floor":36.0,"key":"SkillPotion"},{"floor":37.0,"key":"Guardian:BlockOnCardUsePotion"},{"floor":40,"key":"sneckomod:MuddlingPotion"},{"floor":42,"key":"Strength Potion"},{"floor":44,"key":"EssenceOfSteel"},{"floor":45,"key":"SneckoOil"},{"floor":46,"key":"Swift Potion"},{"floor":48,"key":"BlessingOfTheForge"},{"floor":49,"key":"Strength Potion"}],"is_trial":false,"path_per_floor":["R","E","?","R","?","R","T","$","E","R","?","M","?","M","M","B",null,"R","M","R","E","M","R","T","R","E","R","M","?","?","$","M","B",null,"R","M","$","R","?","M","T","M","R","E","M","M","?","M","M","B",null],"character_chosen":"GUARDIAN","items_purchased":["Guardian:Planning","Shovel","Regal Pillow","Guardian:TimeCapacitor","Energy Potion"],"campfire_rested":2,"item_purchase_floors":[8,31,31,37,37],"current_hp_per_floor":[80,62,62,62,62,62,62,62,52,76,76,68,52,47,43,9,62,62,60,60,49,49,79,79,79,79,79,69,58,58,55,52,49,76,76,76,71,71,71,68,68,65,65,65,65,62,62,62,62,37],"gold":428,"neow_bonus":"UPGRADE_CARD","is_daily":false,"chose_seed":false,"campfire_upgraded":6,"win_rate":0.0,"timestamp":1607926736,"path_taken":["R","E","?","R","?","R","T","$","E","R","?","?","?","M","M","BOSS","R","M","R","E","M","R","T","R","E","R","?","?","?","$","M","BOSS","R","M","$","R","?","M","T","M","R","E","M","M","?","?","M","BOSS"],"items_purchased_type":["Card","Relic","Relic","Card","Potion"],"build_version":"2020-11-30","purchased_purges":1,"victory":true,"max_hp_per_floor":[80,80,80,80,80,80,80,80,80,80,80,80,80,80,80,80,80,80,80,80,80,80,85,85,85,85,85,85,85,85,85,85,85,85,85,85,85,85,85,85,85,85,85,85,85,85,85,85,85,85],"card_choices":[{"not_picked":["Guardian:Harden","Guardian:Gem_Red","Guardian:GuardianWhirl"],"picked":"SKIP","floor":2.0},{"not_picked":["Guardian:Gem_White","Guardian:GuardianWhirl"],"picked":"Guardian:TemporalStrike","floor":8.0},{"not_picked":["Guardian:Gem_Lightblue","Guardian:Recover"],"picked":"Guardian:Clone","floor":9.0},{"not_picked":["Guardian:FuturePlans","Guardian:Clone"],"picked":"Guardian:ChargeUp","floor":12.0},{"not_picked":["Guardian:PrimingBeam","Guardian:RollAttack"],"picked":"Guardian:VentSteam","floor":13.0},{"not_picked":["Guardian:RollAttack","Guardian:ChargeCore"],"picked":"Guardian:Preprogram","floor":14.0},{"not_picked":["Guardian:Incinerate","Guardian:HyperBeam_Guardian"],"picked":"Guardian:VentSteam","floor":15.0},{"not_picked":["Guardian:RevengeProtocol","Guardian:SphericShield"],"picked":"Guardian:Gem_Orange","floor":16.0},{"not_picked":["Guardian:Gem_Lightblue","Guardian:RollAttack"],"picked":"Guardian:FloatingOrbs+1","floor":19.0},{"not_picked":["Guardian:PolyBeam+1","Guardian:TemporalShield"],"picked":"Guardian:Gem_Purple","floor":21.0},{"not_picked":["Guardian:PrismaticBeam","Guardian:Gem_Lightblue"],"picked":"Guardian:Emergency+1","floor":22.0},{"not_picked":["Guardian:CrystalBeam","Guardian:Emergency"],"picked":"Guardian:TimeBomb","floor":28.0},{"not_picked":[],"picked":"J.A.X.","floor":29.0},{"not_picked":["Guardian:Suspension+1","Guardian:Gem_Lightblue"],"picked":"Guardian:Reroute","floor":29.0},{"not_picked":["Guardian:TemporalStrike","Guardian:Gem_Red"],"picked":"Guardian:Emergency+1","floor":31.0},{"not_picked":["Guardian:RevengeProtocol","Guardian:PolyBeam"],"picked":"Guardian:BronzeArmor+1","floor":32.0},{"not_picked":["Guardian:BaubleBeam","Guardian:ConstructionForm"],"picked":"Guardian:CompilePackage","floor":33.0},{"not_picked":["Guardian:MultiBeam","Guardian:ArmoredProtocol"],"picked":"Guardian:Gem_Cyan","floor":36.0},{"not_picked":["Guardian:FloatingOrbs","Guardian:ChargeCore+1"],"picked":"Guardian:Gem_Crimson","floor":37.0},{"not_picked":["Guardian:Planning+1","Guardian:Clone+1","Guardian:GemFinder"],"picked":"SKIP","floor":40},{"not_picked":["Guardian:TemporalShield","Guardian:ShieldCharger"],"picked":"Guardian:FloatingOrbs+1","floor":42},{"not_picked":["Guardian:Suspension","Guardian:ChargeCore"],"picked":"Guardian:TimeCapacitor","floor":44},{"not_picked":["Guardian:ChargeCore+1","Guardian:Gem_Green","Guardian:FloatingOrbs"],"picked":"SKIP","floor":45},{"not_picked":["Guardian:Suspension+1","Guardian:Planning+1","Guardian:VentSteam"],"picked":"SKIP","floor":46},{"not_picked":["Guardian:ShieldCharger+1","Guardian:TemporalStrike+1","Guardian:Incinerate+1"],"picked":"SKIP","floor":48},{"not_picked":["Guardian:Reroute","Guardian:Recover+1","Guardian:ShieldCharger"],"picked":"SKIP","floor":49}],"player_experience":2210268,"relics_obtained":[{"floor":2.0,"key":"Potion Belt"},{"floor":7.0,"key":"White Beast Statue"},{"floor":9.0,"key":"Lizard Tail"},{"floor":13.0,"key":"downfall:GremlinSack"},{"floor":21.0,"key":"InkBottle"},{"floor":24.0,"key":"hubris:MysteriousPyramids"},{"floor":29.0,"key":"MutagenicStrength"},{"floor":35.0,"key":"Pen Nib"},{"floor":38.0,"key":"Bottled Tornado"},{"floor":41,"key":"Peace Pipe"},{"floor":43,"key":"Happy Flower"},{"floor":44,"key":"hubris:Metronome"}],"event_choices":[{"cards_removed":["hubris:Compulsion"],"damage_healed":0.0,"max_hp_gain":0.0,"max_hp_loss":0.0,"gold_gain":0.0,"event_name":"Back to Basics","player_choice":"Elegance","floor":30.0,"gold_loss":0.0,"damage_taken":0.0}],"is_beta":false,"boss_relics":[{"not_picked":["Sozu","Pandora\u0027s Box","Coffee Dripper"]},{"not_picked":["aspiration:PoetsPen_weak","Runic Pyramid"],"picked":"hubris:Backtick"}],"items_purged_floors":[37],"is_endless":false,"potions_floor_spawned":[2,8,9,12,13,14,15,16,19,21,22,26,28,31,32,33,36,37,40,42,44,45,46,48,49],"ascension_level":5}}