{"host":"v0dnu0zs4qo0v13s","time":1607919344,"event":{"mods":["BaseMod","Colored Map","Colored Powertips","Minty Spire (QoL Compilation)","Relic Stats","StSLib","SuperFastMode","everything is the same but u backflip on backflip"],"gold_per_floor":[114,128,128,303,155,190,190,190,190,216,216,216,242,257,257,334,334,345,22,41,41,41,41,41,59,59,59,59],"floor_reached":27,"playtime":919,"items_purged":["Doubt"],"score":399,"play_id":"4698bf5e-cdb6-426c-9a53-6ef8c31dbe0e","local_time":"20201213231544","is_ascension_mode":true,"campfire_choices":[{"data":"Armaments","floor":8.0,"key":"SMITH"},{"data":"Fire Breathing","floor":11.0,"key":"SMITH"},{"data":"True Grit","floor":15.0,"key":"SMITH"},{"data":"Limit Break","floor":23.0,"key":"SMITH"}],"circlet_count":0,"master_deck":["AscendersBane","Strike_R","Strike_R","Strike_R","Defend_R","Defend_R","Defend_R+1","Defend_R+1","Bash","Thunderclap","Armaments+1","Regret","Fire Breathing+1","Exhume","Pummel","Evolve","Dual Wield","Bloodletting","True Grit+1","Power Through","Limit Break+1","Heavy Blade+1","Dropkick","Pommel Strike","Dark Embrace"],"relics":["Burning Blood","NeowsBlessing","Boot","Orrery","Orichalcum","Self Forming Clay","Red Skull","Tiny Chest","Turnip","Mark of Pain","Matryoshka","Singing Bowl","Toxic Egg 2"],"acts_visited":["Exordium","TheCity"],"potions_floor_usage":[],"damage_taken":[{"damage":0.0,"enemies":"Jaw Worm","floor":1.0,"turns":1.0},{"damage":0.0,"enemies":"Small Slimes","floor":2.0,"turns":1.0},{"damage":0.0,"enemies":"3 Sentries","floor":6.0,"turns":2.0},{"damage":36.0,"enemies":"Lagavulin","floor":13.0,"turns":6.0},{"damage":3.0,"enemies":"2 Louse","floor":14.0,"turns":2.0},{"damage":26.0,"enemies":"The Guardian","floor":16.0,"turns":14.0},{"damage":19.0,"enemies":"3 Byrds","floor":18.0,"turns":4.0},{"damage":9.0,"enemies":"Chosen","floor":20.0,"turns":4.0},{"damage":5.0,"enemies":"Snecko","floor":25.0,"turns":3.0},{"damage":18,"enemies":"Gremlin Leader","floor":27,"turns":4}],"seed_played":"2679576608948089754","potions_obtained":[{"floor":13.0,"key":"BlessingOfTheForge"},{"floor":18.0,"key":"SpeedPotion"},{"floor":20.0,"key":"BloodPotion"}],"is_trial":false,"path_per_floor":["M","M","?","?","$","E","?","R","T","T","R","?","E","M","R","B",null,"M","$","M","$","?","R","?","M","T","E"],"character_chosen":"IRONCLAD","items_purchased":["Orrery","Matryoshka"],"campfire_rested":0,"item_purchase_floors":[5,19],"current_hp_per_floor":[78,80,80,80,80,80,64,64,64,64,64,57,27,30,30,10,63,50,50,47,47,47,47,32,33,33,15,15],"gold":59,"neow_bonus":"THREE_ENEMY_KILL","is_daily":false,"chose_seed":false,"campfire_upgraded":4,"win_rate":0.0,"timestamp":1607919344,"path_taken":["M","M","?","?","$","E","?","R","T","?","R","?","E","M","R","BOSS","M","$","M","$","?","R","?","M","T","E"],"items_purchased_type":["Relic","Relic"],"build_version":"2020-12-13","purchased_purges":1,"victory":false,"max_hp_per_floor":[80,80,80,80,80,80,80,80,80,80,80,80,80,80,80,80,80,80,80,80,80,80,80,85,85,85,85,85],"relic_stats":{"Singing Bowl":0,"counters":[10,41],"Self Forming Clay":[105],"Tiny Chest":0,"Turnip":[0],"Orichalcum":[48],"Boot":[66],"obtain_stats":[{"NeowsBlessing":0,"Singing Bowl":26,"Self Forming Clay":9,"Orichalcum":6,"Boot":3,"Burning Blood":0,"Matryoshka":19,"Orrery":5,"Tiny Chest":12,"Turnip":13,"Mark of Pain":17,"Toxic Egg 2":26,"Red Skull":10},{"NeowsBlessing":0,"Singing Bowl":9,"Self Forming Clay":3,"Orichalcum":3,"Boot":2,"Burning Blood":0,"Matryoshka":7,"Orrery":2,"Tiny Chest":3,"Turnip":4,"Mark of Pain":6,"Toxic Egg 2":9,"Red Skull":3},{"NeowsBlessing":0,"Singing Bowl":37,"Self Forming Clay":4,"Orichalcum":4,"Boot":2,"Burning Blood":0,"Matryoshka":30,"Orrery":2,"Tiny Chest":4,"Turnip":10,"Mark of Pain":26,"Toxic Egg 2":37,"Red Skull":4}],"Burning Blood":44},"card_choices":[{"not_picked":["Anger","Clash"],"picked":"Thunderclap","floor":1.0},{"not_picked":["Flex","Seeing Red"],"picked":"Armaments","floor":2.0},{"not_picked":["Twin Strike","Clothesline"],"picked":"Fire Breathing","floor":5.0},{"not_picked":["Thunderclap","Entrench"],"picked":"Exhume","floor":5.0},{"not_picked":["Body Slam","Bloodletting"],"picked":"Pummel","floor":5.0},{"not_picked":["Searing Blow","Whirlwind"],"picked":"Evolve","floor":5.0},{"not_picked":["Sentinel","Carnage"],"picked":"Dual Wield","floor":5.0},{"not_picked":["Spot Weakness","Exhume"],"picked":"Bloodletting","floor":6.0},{"not_picked":["Shrug It Off","Heavy Blade"],"picked":"True Grit","floor":13.0},{"not_picked":["Wild Strike","Headbutt"],"picked":"Power Through","floor":14.0},{"not_picked":["Berserk","Feed"],"picked":"Limit Break","floor":16.0},{"not_picked":["True Grit","Cleave"],"picked":"Heavy Blade+1","floor":18.0},{"not_picked":["Seeing Red","Body Slam"],"picked":"Dropkick","floor":20.0},{"not_picked":["Body Slam","Heavy Blade","Sword Boomerang+1"],"picked":"SKIP","floor":25.0},{"not_picked":["Body Slam","Heavy Blade","Sword Boomerang+1"],"picked":"SKIP","floor":25.0}],"player_experience":573899,"relics_obtained":[{"floor":6.0,"key":"Orichalcum"},{"floor":9.0,"key":"Self Forming Clay"},{"floor":10.0,"key":"Red Skull"},{"floor":13.0,"key":"Turnip"},{"floor":26.0,"key":"Singing Bowl"},{"floor":26.0,"key":"Toxic Egg 2"}],"event_choices":[{"damage_healed":0.0,"max_hp_gain":0.0,"max_hp_loss":0.0,"gold_gain":0.0,"event_name":"Big Fish","player_choice":"Box","floor":3.0,"gold_loss":0.0,"damage_taken":0.0,"relics_obtained":["Boot"],"cards_obtained":["Regret"]},{"damage_healed":0.0,"max_hp_gain":0.0,"max_hp_loss":0.0,"gold_gain":175.0,"event_name":"Liars Game","player_choice":"AGREE","floor":4.0,"gold_loss":0.0,"damage_taken":0.0,"cards_obtained":["Doubt"]},{"damage_healed":0.0,"max_hp_gain":0.0,"max_hp_loss":0.0,"gold_gain":0.0,"event_name":"Shining Light","player_choice":"Entered Light","floor":7.0,"gold_loss":0.0,"damage_taken":16.0,"cards_upgraded":["Defend_R","Defend_R"]},{"damage_healed":0.0,"max_hp_gain":0.0,"max_hp_loss":0.0,"gold_gain":0.0,"event_name":"Scrap Ooze","player_choice":"Success","floor":12.0,"gold_loss":0.0,"damage_taken":7.0,"relics_obtained":["Tiny Chest"]},{"damage_healed":0.0,"max_hp_gain":0.0,"max_hp_loss":0.0,"gold_gain":0.0,"cards_transformed":["Strike_R","Strike_R"],"event_name":"Drug Dealer","player_choice":"Became Test Subject","floor":22.0,"gold_loss":0.0,"damage_taken":0.0,"cards_obtained":["Pommel Strike","Dark Embrace"]},{"damage_healed":0.0,"max_hp_gain":5.0,"max_hp_loss":0.0,"gold_gain":0.0,"event_name":"Forgotten Altar","player_choice":"Shed Blood","floor":24.0,"gold_loss":0.0,"damage_taken":20.0}],"is_beta":false,"boss_relics":[{"not_picked":["SlaversCollar","Busted Crown"],"picked":"Mark of Pain"}],"items_purged_floors":[19],"is_endless":false,"potions_floor_spawned":[13,18,20],"killed_by":"Gremlin Leader","ascension_level":13}}