{"host":"d8hh7rr4yzitjeuj","time":1607912107,"event":{"mods":["2.2 Compatiblity","AchievementEnabler","BaseMod","CapriCore","Colored Map","Colored Powertips","Highlight Path","Keyboard Shortcuts","Minty Spire (QoL Compilation)","Permanent Neow","Quick Restart","StSLib","SuperFastMode"],"gold_per_floor":[118,138,138,138,148,148,161,178,201,201,201],"floor_reached":10,"playtime":225,"items_purged":[],"score":120,"play_id":"18e793aa-5c72-4b28-9707-a8e25c28be2d","local_time":"20201214111507","is_ascension_mode":true,"campfire_choices":[{"data":"Chaos","floor":6,"key":"SMITH"}],"circlet_count":0,"master_deck":["AscendersBane","Strike_B","Strike_B","Strike_B","Strike_B","Defend_B","Defend_B","Defend_B","Defend_B","Zap","Dualcast","Chaos+1","Capacitor","Barrage","Creative AI","Ball Lightning"],"relics":["Velvet Choker","Orichalcum","Ancient Tea Set"],"acts_visited":["Exordium"],"potions_floor_usage":[8,10],"damage_taken":[{"damage":7.0,"enemies":"Small Slimes","floor":1.0,"turns":4.0},{"damage":1.0,"enemies":"Cultist","floor":2.0,"turns":3.0},{"damage":7.0,"enemies":"Jaw Worm","floor":5.0,"turns":5.0},{"damage":19,"enemies":"Lots of Slimes","floor":7,"turns":4},{"damage":12,"enemies":"Large Slime","floor":8,"turns":6},{"damage":20,"enemies":"Gremlin Nob","floor":10,"turns":3}],"seed_played":"-18279274160984583","potions_obtained":[{"floor":2.0,"key":"DistilledChaos"},{"floor":5.0,"key":"FocusPotion"}],"is_trial":false,"path_per_floor":["M","M","?","?","M","R","M","M","T","E"],"character_chosen":"DEFECT","items_purchased":[],"campfire_rested":0,"item_purchase_floors":[],"current_hp_per_floor":[57,56,56,56,49,49,30,18,18,0,0],"gold":201,"neow_bonus":"BOSS_RELIC","is_daily":false,"chose_seed":false,"campfire_upgraded":1,"win_rate":0.0,"timestamp":1607912107,"path_taken":["M","M","?","?","M","R","M","?","T","E"],"items_purchased_type":[],"build_version":"2020-12-13","purchased_purges":0,"victory":false,"max_hp_per_floor":[71,71,71,71,71,71,71,71,71,71,71],"card_choices":[{"not_picked":["Barrage","Compile Driver"],"picked":"Chaos","floor":1.0},{"not_picked":["Barrage","Reinforced Body"],"picked":"Capacitor","floor":2.0},{"not_picked":["Doom and Gloom","Steam"],"picked":"Barrage","floor":5.0},{"not_picked":["Redo","Sweeping Beam"],"picked":"Creative AI","floor":7},{"not_picked":["Redo","Conserve Battery"],"picked":"Ball Lightning","floor":8}],"player_experience":1334850,"relics_obtained":[{"floor":9,"key":"Ancient Tea Set"}],"event_choices":[{"damage_healed":0.0,"max_hp_gain":0.0,"max_hp_loss":0.0,"gold_gain":0.0,"event_name":"Big Fish","player_choice":"Box","floor":3.0,"gold_loss":0.0,"damage_taken":0.0,"relics_obtained":["Orichalcum"],"cards_obtained":["Regret"]},{"cards_removed":["Regret"],"damage_healed":0.0,"max_hp_gain":0.0,"max_hp_loss":0.0,"gold_gain":0.0,"event_name":"Fountain of Cleansing","player_choice":"Removed Curses","floor":4.0,"gold_loss":0.0,"damage_taken":0.0}],"is_beta":false,"boss_relics":[],"items_purged_floors":[],"is_endless":false,"potions_floor_spawned":[2,5],"killed_by":"Gremlin Nob","ascension_level":20}}