{"host":"usewcu4ohw2wtmxk","time":1607928148,"event":{"mods":["AchievementEnabler","BaseMod","BetterRewards","Colored Powertips","Downfall","Minty Spire (QoL Compilation)","Permanent Neow","Quick Restart","Relic Sorter","Relic Stats","Shop Mod","StSLib","UnlockEverythingMod"],"gold_per_floor":[99,133,148,160,170,170,470,498,423,453,466,451,49,70,90,189,189,189,189,289,289,307,307,307,326,342,342,342,342,342],"floor_reached":29,"playtime":1482,"items_purged":["hexamod:Strike"],"score":266,"play_id":"5f76fe11-4a83-4783-ae27-003086661d9b","local_time":"20201214144228","is_ascension_mode":false,"campfire_choices":[{"data":"hexamod:VolcanoVisage","floor":1.0,"key":"SMITH"},{"data":"hexamod:VolcanoVisage","floor":6.0,"key":"SMITH"},{"data":"hexamod:Float","floor":9.0,"key":"SMITH"},{"data":"hexamod:HeatShield","floor":18.0,"key":"SMITH"},{"floor":21.0,"key":"DIG"},{"floor":23.0,"key":"DIG"},{"floor":27,"key":"RECALL"}],"circlet_count":0,"master_deck":["hexamod:Sear+1","hexamod:Float+1","hexamod:VolcanoVisage+1","hexamod:RainOfEmbers","hexamod:VolcanoVisage+1","hexamod:PhantomFireball+1","hexamod:RetreatToShadows+1","hexamod:HeatShield+1","hexamod:SixthSeal","hexamod:FlamesFromBeyond+1","hexamod:FifthSeal","hexamod:FifthSeal","hexamod:RadiantFlame","hexamod:FirstSeal","hexamod:SixthSeal","hexamod:AdvancingGuard+1","hexamod:BurningTouch+1","hexamod:GhostOfSpireFuture","hexamod:ExtraCrispy","hexamod:HeatCrush+1","hexamod:ThirdSeal","hexamod:SecondSeal"],"relics":["hexamod:SpiritBrand","White Beast Statue","Old Coin","Shovel","downfall:HeartBlessingGreen","Nunchaku","Orrery","Odd Mushroom","Pandora\u0027s Box","Guardian:GemstoneGun","Gremlin Horn","PreservedInsect","Meat on the Bone","Question Card","War Paint"],"acts_visited":["Exordium","TheCity"],"potions_floor_usage":[25,26,26],"damage_taken":[{"damage":19.0,"enemies":"3 Sentries","floor":2.0,"turns":8.0},{"damage":0.0,"enemies":"Small Slimes","floor":3.0,"turns":5.0},{"damage":3.0,"enemies":"2 Louse","floor":4.0,"turns":3.0},{"damage":0.0,"enemies":"Jaw Worm","floor":5.0,"turns":3.0},{"damage":20.0,"enemies":"Gremlin Nob","floor":8.0,"turns":4.0},{"damage":9.0,"enemies":"3 Sentries","floor":10.0,"turns":6.0},{"damage":0.0,"enemies":"Large Slime","floor":11.0,"turns":4.0},{"damage":0.0,"enemies":"downfall:FleeingMerchant","floor":12.0,"turns":4.0},{"damage":6.0,"enemies":"downfall:FleeingMerchant","floor":13.0,"turns":4.0},{"damage":13.0,"enemies":"The Mushroom Lair","floor":14.0,"turns":4.0},{"damage":0.0,"enemies":"3 Louse","floor":15.0,"turns":5.0},{"damage":23.0,"enemies":"downfall:Defect","floor":16.0,"turns":8.0},{"damage":21.0,"enemies":"downfall:Ironclad","floor":20.0,"turns":8.0},{"damage":22.0,"enemies":"Shell Parasite","floor":22.0,"turns":6.0},{"damage":10,"enemies":"Snake Plant","floor":25,"turns":4},{"damage":13,"enemies":"Centurion and Healer","floor":26,"turns":7},{"damage":37,"enemies":"Shelled Parasite and Fungi","floor":29,"turns":3}],"seed_played":"-6259775521525700780","potions_obtained":[{"floor":3.0,"key":"LiquidMemories"},{"floor":4.0,"key":"Guardian:BlockOnCardUsePotion"},{"floor":5.0,"key":"Regen Potion"},{"floor":8.0,"key":"Regen Potion"},{"floor":10.0,"key":"Regen Potion"},{"floor":11.0,"key":"BlessingOfTheForge"},{"floor":12.0,"key":"Fire Potion"},{"floor":14.0,"key":"GamblersBrew"},{"floor":15.0,"key":"SteroidPotion"},{"floor":16.0,"key":"AttackPotion"},{"floor":19.0,"key":"CultistPotion"},{"floor":20.0,"key":"PowerPotion"},{"floor":22.0,"key":"ColorlessPotion"},{"floor":25,"key":"EssenceOfSteel"}],"is_trial":false,"path_per_floor":["R","E","M","M","M","R","T","E","R","E","M","$","$","?","M","B",null,"R","?","?","R","M","R","T","M","M","R","?","M"],"character_chosen":"THE_SPIRIT","items_purchased":["hexamod:SixthSeal","Orrery"],"campfire_rested":0,"item_purchase_floors":[13,13],"current_hp_per_floor":[63,44,44,41,41,41,41,35,35,41,53,53,47,34,34,11,63,63,63,49,49,34,34,34,36,35,35,35,0,0],"gold":342,"neow_bonus":"THREE_RARE_CARDS","is_daily":false,"chose_seed":false,"campfire_upgraded":4,"win_rate":0.0,"timestamp":1607928148,"path_taken":["R","E","M","M","M","R","T","E","R","E","M","$","$","?","M","BOSS","R","?","?","R","M","R","T","M","M","R","?","?"],"items_purchased_type":["Card","Relic"],"build_version":"2020-12-13","purchased_purges":1,"victory":false,"max_hp_per_floor":[63,63,63,63,63,63,63,63,63,63,63,63,63,63,63,63,63,63,63,63,63,63,63,63,63,63,63,63,63,63],"relic_stats":{"Nunchaku":[5],"Shovel":2,"Gremlin Horn":[1,1],"counters":[17,86],"Pandora\u0027s Box":["hexamod:FifthSeal","hexamod:RadiantFlame","hexamod:FirstSeal","hexamod:SixthSeal","hexamod:AdvancingGuard","hexamod:BurningTouch","hexamod:GhostOfSpireFuture"],"PreservedInsect":0,"War Paint":["hexamod:BurningTouch"],"Question Card":9,"obtain_stats":[{"Gremlin Horn":20,"Guardian:GemstoneGun":20,"downfall:HeartBlessingGreen":9,"PreservedInsect":21,"Odd Mushroom":14,"War Paint":28,"Question Card":24,"White Beast Statue":2,"Old Coin":7,"Nunchaku":10,"Shovel":8,"Orrery":13,"Pandora\u0027s Box":17,"hexamod:SpiritBrand":0,"Meat on the Bone":23},{"Gremlin Horn":13,"Guardian:GemstoneGun":13,"downfall:HeartBlessingGreen":5,"PreservedInsect":13,"Odd Mushroom":10,"War Paint":16,"Question Card":14,"White Beast Statue":1,"Old Coin":4,"Nunchaku":6,"Shovel":5,"Orrery":9,"Pandora\u0027s Box":12,"hexamod:SpiritBrand":0,"Meat on the Bone":14},{"Gremlin Horn":66,"Guardian:GemstoneGun":66,"downfall:HeartBlessingGreen":23,"PreservedInsect":66,"Odd Mushroom":45,"War Paint":83,"Question Card":72,"White Beast Statue":8,"Old Coin":19,"Nunchaku":29,"Shovel":23,"Orrery":41,"Pandora\u0027s Box":58,"hexamod:SpiritBrand":0,"Meat on the Bone":72}],"Meat on the Bone":24},"card_choices":[{"not_picked":["hexamod:EmpoweringStance","hexamod:CrushingStance"],"picked":"hexamod:VolcanoVisage","floor":0.0},{"not_picked":["hexamod:NightmareStrike","hexamod:FastForward"],"picked":"hexamod:RainOfEmbers","floor":2.0},{"not_picked":["hexamod:Firestarter","hexamod:StepThrough","hexamod:SwordOfDarkness"],"picked":"SKIP","floor":3.0},{"not_picked":["hexamod:InspiringFlames","hexamod:NightmareStrike"],"picked":"hexamod:VolcanoVisage","floor":4.0},{"not_picked":["hexamod:SwordOfDarkness","hexamod:NightmareStrike"],"picked":"hexamod:PhantomFireball","floor":5.0},{"not_picked":["hexamod:BurningTouch","hexamod:NightmareStrike","hexamod:EmpoweredFlame"],"picked":"SKIP","floor":8.0},{"not_picked":["hexamod:Hexaguard","hexamod:Incineration"],"picked":"hexamod:RetreatToShadows","floor":10.0},{"not_picked":["hexamod:Firestarter","hexamod:HauntingEcho"],"picked":"hexamod:HeatShield","floor":11.0},{"not_picked":["hexamod:BacktrackSmack","hexamod:GhostflameInferno","hexamod:GhostOfSpirePresent"],"picked":"SKIP","floor":12.0},{"not_picked":["hexamod:BacktrackSmack","hexamod:GhostflameInferno","hexamod:GhostOfSpirePresent"],"picked":"SKIP","floor":12.0},{"not_picked":["hexamod:BacktrackSmack","hexamod:Hexaguard","hexamod:AdvancingGuard"],"picked":"SKIP","floor":13.0},{"not_picked":["hexamod:TimeWarp","hexamod:HeatShield"],"picked":"hexamod:FlamesFromBeyond","floor":13.0},{"not_picked":["hexamod:Hexaguard","hexamod:BacktrackSmack","hexamod:SpectersWail"],"picked":"SKIP","floor":15.0},{"not_picked":["hexamod:GiftsFromTheDead","hexamod:TurnItUp"],"picked":"hexamod:FifthSeal","floor":16.0},{"not_picked":["hexamod:NightmareGuise","hexamod:ThermalTransfer+1"],"picked":"hexamod:ExtraCrispy","floor":20.0},{"not_picked":["hexamod:ChargedBarrage","hexamod:HeatShield"],"picked":"hexamod:HeatCrush+1","floor":22.0},{"not_picked":["hexamod:FourthSeal","hexamod:FirstSeal","hexamod:SecondSeal"],"picked":"hexamod:ThirdSeal","floor":25},{"not_picked":["hexamod:ShieldOfDarkness","hexamod:SwordOfDarkness","hexamod:DynamicBlow","hexamod:InspiringFlames"],"picked":"SKIP","floor":25},{"not_picked":["hexamod:ThirdSeal","hexamod:FourthSeal","hexamod:FifthSeal"],"picked":"hexamod:SecondSeal","floor":26},{"not_picked":["hexamod:ThirdSeal","hexamod:SixthSeal","hexamod:FifthSeal","hexamod:FirstSeal"],"picked":"SKIP","floor":26},{"not_picked":["hexamod:PhantomFireball+1","hexamod:InspiringFlames","hexamod:EtherealExpedition","hexamod:AdvancingGuard"],"picked":"SKIP","floor":26},{"not_picked":["hexamod:Incineration+1","hexamod:Hexaguard","hexamod:RainOfEmbers","hexamod:GhostOfSpireFuture"],"picked":"SKIP","floor":26}],"player_experience":288377,"relics_obtained":[{"floor":2.0,"key":"White Beast Statue"},{"floor":7.0,"key":"Old Coin"},{"floor":8.0,"key":"Shovel"},{"floor":10.0,"key":"Nunchaku"},{"floor":14.0,"key":"Odd Mushroom"},{"floor":20.0,"key":"Guardian:GemstoneGun"},{"floor":20.0,"key":"Gremlin Horn"},{"floor":21.0,"key":"PreservedInsect"},{"floor":23.0,"key":"Meat on the Bone"},{"floor":24.0,"key":"Question Card"}],"event_choices":[{"damage_healed":0.0,"max_hp_gain":0.0,"max_hp_loss":0.0,"gold_gain":0.0,"event_name":"Mushrooms","player_choice":"Fought Mushrooms","floor":14.0,"gold_loss":0.0,"damage_taken":0.0}],"is_beta":false,"boss_relics":[{"not_picked":["Runic Dome","Astrolabe"],"picked":"Pandora\u0027s Box"}],"items_purged_floors":[13],"is_endless":false,"potions_floor_spawned":[3,4,5,8,10,11,12,13,14,15,16,20,22,25],"killed_by":"Shelled Parasite and Fungi","ascension_level":0}}