{"host":"6ko66ogg91i6g7xq","time":1607945443,"event":{"mods":["AchievementEnabler","Act Like it!","BaseMod","Colored Map","Colored Powertips","Downfall","Hermit","Minty Spire (QoL Compilation)","Quick Restart","Relic Stats","StSLib","The Jungle","everything is the same but u backflip on backflip"],"gold_per_floor":[114,131,64,64,64,96,96,128,200,200,210,210,210,210,210,306,306,318,334,344,359,111,111,111,111,111],"floor_reached":25,"playtime":730,"items_purged":[],"score":307,"play_id":"a69dd20f-64d4-418d-a79c-8c2abc16aabb","local_time":"20201214063043","is_ascension_mode":true,"campfire_choices":[{"floor":7,"key":"RECALL"},{"data":"Bouncing Flask","floor":10,"key":"SMITH"},{"data":"Noxious Fumes","floor":12,"key":"SMITH"},{"data":"Neutralize","floor":15,"key":"SMITH"},{"floor":24,"key":"REST"}],"circlet_count":0,"master_deck":["Strike_G","Strike_G","Strike_G","Defend_G","Defend_G","Defend_G+1","Survivor","Neutralize+1","Bouncing Flask+1","Backflip+1","Noxious Fumes+1","Poisoned Stab","Noxious Fumes+1","Envenom","Burst+1","Corpse Explosion+1","Finisher+1","Cloak And Dagger","Poisoned Stab","Catalyst","Bane"],"relics":["Ring of the Snake","NeowsBlessing","War Paint","Nunchaku","Shuriken","FossilizedHelix","Astrolabe","Pantograph"],"acts_visited":["Exordium","TheCity"],"potions_floor_usage":[23],"damage_taken":[{"damage":0,"enemies":"Cultist","floor":1,"turns":1},{"damage":0,"enemies":"Small Slimes","floor":2,"turns":1},{"damage":0,"enemies":"Lagavulin","floor":6,"turns":1},{"damage":16,"enemies":"Gremlin Nob","floor":8,"turns":4},{"damage":0,"enemies":"2 Louse","floor":11,"turns":3},{"damage":10,"enemies":"Hexaghost","floor":16,"turns":7},{"damage":14,"enemies":"2 Thieves","floor":18,"turns":3},{"damage":0,"enemies":"3 Byrds","floor":19,"turns":3},{"damage":12,"enemies":"Cultist and Chosen","floor":20,"turns":4},{"damage":4,"enemies":"Centurion and Healer","floor":21,"turns":3},{"damage":22,"enemies":"Book of Stabbing","floor":23,"turns":4},{"damage":25,"enemies":"Gremlin Leader","floor":25,"turns":5}],"seed_played":"-3715743075077280614","potions_obtained":[{"floor":6,"key":"SteroidPotion"},{"floor":8,"key":"Dexterity Potion"},{"floor":20,"key":"Ancient Potion"},{"floor":21,"key":"SmokeBomb"}],"is_trial":false,"path_per_floor":["M","M","$","?","$","E","R","E","T","R","M","R","?","?","R","B",null,"M","M","M","M","$","E","R","E"],"character_chosen":"THE_SILENT","items_purchased":["Noxious Fumes","Pantograph"],"campfire_rested":1,"item_purchase_floors":[3,22],"current_hp_per_floor":[70,70,70,70,70,70,70,54,54,54,54,54,47,47,47,37,70,56,56,44,40,40,18,39,14,14],"gold":111,"neow_bonus":"THREE_ENEMY_KILL","is_daily":false,"chose_seed":false,"campfire_upgraded":3,"win_rate":0.0,"timestamp":1607945443,"path_taken":["M","M","?","?","$","E","R","E","T","R","M","R","?","?","R","BOSS","M","?","M","M","$","E","R","E"],"items_purchased_type":["Card","Relic"],"build_version":"2020-12-13","purchased_purges":0,"victory":false,"max_hp_per_floor":[70,70,70,70,70,70,70,70,70,70,70,70,70,70,70,70,70,70,70,70,70,70,70,70,70,70],"relic_stats":{"Nunchaku":[3],"counters":[12,39],"Shuriken":[4],"Astrolabe":["Burst","Corpse Explosion","Finisher"],"Pantograph":0,"War Paint":["Defend_G","Backflip"],"obtain_stats":[{"Nunchaku":8,"NeowsBlessing":0,"Shuriken":9,"Astrolabe":17,"Pantograph":22,"War Paint":6,"FossilizedHelix":13,"Ring of the Snake":0},{"Nunchaku":4,"NeowsBlessing":0,"Shuriken":4,"Astrolabe":6,"Pantograph":10,"War Paint":3,"FossilizedHelix":5,"Ring of the Snake":0},{"Nunchaku":7,"NeowsBlessing":0,"Shuriken":7,"Astrolabe":17,"Pantograph":30,"War Paint":3,"FossilizedHelix":10,"Ring of the Snake":0}],"Ring of the Snake":[24]},"card_choices":[{"not_picked":["Prepared","Deflect"],"picked":"Bouncing Flask","floor":1},{"not_picked":["Endless Agony","Acrobatics"],"picked":"Backflip","floor":2},{"not_picked":["Prepared","Acrobatics","Cloak And Dagger"],"picked":"SKIP","floor":6},{"not_picked":["Prepared","Acrobatics","Cloak And Dagger"],"picked":"SKIP","floor":6},{"not_picked":["PiercingWail","Backflip"],"picked":"Poisoned Stab","floor":8},{"not_picked":["Setup","Blade Dance"],"picked":"Noxious Fumes","floor":11},{"not_picked":["Tools of the Trade","Adrenaline"],"picked":"Envenom","floor":16},{"not_picked":["Infinite Blades","Acrobatics"],"picked":"Cloak And Dagger","floor":18},{"not_picked":["Outmaneuver","Dagger Throw"],"picked":"Poisoned Stab","floor":19},{"not_picked":["Dagger Throw","Slice"],"picked":"Catalyst","floor":20},{"not_picked":["Dodge and Roll","Unload"],"picked":"Bane","floor":21}],"player_experience":269919,"relics_obtained":[{"floor":6,"key":"War Paint"},{"floor":8,"key":"Nunchaku"},{"floor":9,"key":"Shuriken"}],"event_choices":[{"damage_healed":0,"gold_gain":0,"player_choice":"Grow","damage_taken":0,"max_hp_gain":0,"max_hp_loss":0,"event_name":"Living Wall","floor":4,"gold_loss":0,"cards_upgraded":["Noxious Fumes"]},{"damage_healed":0,"gold_gain":0,"player_choice":"Success","damage_taken":7,"relics_obtained":["FossilizedHelix"],"max_hp_gain":0,"max_hp_loss":0,"event_name":"Scrap Ooze","floor":13,"gold_loss":0},{"cards_removed":["Strike_G"],"damage_healed":0,"gold_gain":0,"player_choice":"Offered Basic","damage_taken":0,"max_hp_gain":0,"max_hp_loss":0,"event_name":"Bonfire Elementals","floor":14,"gold_loss":0}],"is_beta":false,"boss_relics":[{"not_picked":["Fusion Hammer","Runic Pyramid"],"picked":"Astrolabe"}],"items_purged_floors":[],"is_endless":false,"potions_floor_spawned":[6,8,20,21],"killed_by":"Gremlin Leader","ascension_level":2}}