{"host":"gbop6m4qugddaz18","time":1607970482,"event":{"mods":["2.2 Compatiblity","BaseMod","Better Third Choice","Block Reminder","Downfall","GifTheSpireLib","Highlight Path","Minty Spire (QoL Compilation)","Replay The Spire","StSLib"],"gold_per_floor":[99,117,134,165,185,177,224,272,307,307,343,518,69,70,101,219,219,219,265,295,295,295],"floor_reached":21,"playtime":1330,"items_purged":[],"score":234,"play_id":"06ecc74b-f00f-4e3a-9fc9-0dbb8dd615db","local_time":"20201214132802","is_ascension_mode":false,"campfire_choices":[{"data":"hexamod:Float","floor":1,"key":"SMITH"},{"data":"hexamod:GhostOfSpirePresent","floor":10,"key":"SMITH"},{"data":"hexamod:VolcanoVisage","floor":18,"key":"SMITH"}],"circlet_count":0,"master_deck":["hexamod:Strike","hexamod:Strike","hexamod:Strike","hexamod:Strike","hexamod:Defend","hexamod:Defend","hexamod:Defend","hexamod:Defend","hexamod:Sear","hexamod:Float+1","Pot Of Greed","hexamod:SwordOfDarkness","hexamod:Hexaguard","Pot Of Greed","hexamod:GiftsFromTheDead","hexamod:SecondSeal","hexamod:SecondSeal","hexamod:GhostOfSpirePresent+1","hexamod:ShieldOfDarkness","hexamod:FirstSeal","hexamod:RadiantFlame","hexamod:VolcanoVisage+1","hexamod:HeatShield","hexamod:StepThrough","hexamod:BurningTouch","hexamod:FirstSeal","Pot Of Greed","hexamod:SearingWound","hexamod:Hexaguard+1","hexamod:EmpoweredFlame+1"],"relics":["hexamod:SpiritBrand","Grinning Jar","Replay:Baseball","Omamori","Art of War","Strange Spoon","Calling Bell","Happy Flower","White Beast Statue","Guardian:GemstoneGun","Orichalcum"],"acts_visited":["Exordium","TheCity"],"potions_floor_usage":[4,16,16,20],"damage_taken":[{"damage":1,"enemies":"Jaw Worm","floor":2,"turns":4},{"damage":0,"enemies":"Small Slimes","floor":3,"turns":3},{"damage":6,"enemies":"Gremlin Nob","floor":4,"turns":3},{"damage":0,"enemies":"2 Louse","floor":5,"turns":3},{"damage":7,"enemies":"Lagavulin","floor":8,"turns":6},{"damage":2,"enemies":"Red Slaver","floor":9,"turns":3},{"damage":6,"enemies":"Exordium Thugs","floor":11,"turns":7},{"damage":0,"enemies":"downfall:FleeingMerchant","floor":13,"turns":4},{"damage":5,"enemies":"downfall:FleeingMerchant","floor":14,"turns":4},{"damage":8,"enemies":"Blue Slaver","floor":15,"turns":3},{"damage":70,"enemies":"downfall:Defect","floor":16,"turns":10},{"damage":56,"enemies":"Gremlin Leader","floor":19,"turns":6},{"damage":2,"enemies":"Shell Parasite","floor":20,"turns":6},{"damage":45,"enemies":"Shelled Parasite and Fungi","floor":21,"turns":5}],"seed_played":"-5984559094439206036","potions_obtained":[{"floor":2,"key":"FairyPotion"},{"floor":3,"key":"ColorlessPotion"},{"floor":8,"key":"LifebloodPotion"},{"floor":11,"key":"Strength Potion"},{"floor":19,"key":"SkillPotion"},{"floor":20,"key":"SkillPotion"}],"is_trial":false,"path_per_floor":["R","M","M","E","M","?","T","E","M","R","M","?","$","$","M","B",null,"R","E","M","M"],"character_chosen":"THE_SPIRIT","items_purchased":["hexamod:VolcanoVisage","hexamod:HeatShield","Strange Spoon","hexamod:StepThrough"],"campfire_rested":0,"item_purchase_floors":[13,13,13,13],"current_hp_per_floor":[70,69,69,63,63,63,63,56,54,54,48,48,55,57,49,8,70,70,28,40,0,0],"gold":295,"neow_bonus":"RANDOM_COMMON_RELIC","is_daily":false,"chose_seed":false,"campfire_upgraded":3,"win_rate":0.0,"timestamp":1607970482,"path_taken":["R","M","M","E","M","?","T","E","M","R","M","?","$","$","M","BOSS","R","E","M","M"],"items_purchased_type":["Card","Card","Relic","Card"],"build_version":"2020-11-30","purchased_purges":0,"victory":false,"max_hp_per_floor":[70,70,70,70,70,70,70,70,70,70,70,70,70,70,70,70,70,70,70,70,70,70],"card_choices":[{"not_picked":["hexamod:EtherealExpedition","hexamod:NightmareStrike"],"picked":"hexamod:SwordOfDarkness","floor":2},{"not_picked":["hexamod:GhostLash","hexamod:SwordOfDarkness"],"picked":"hexamod:Hexaguard","floor":3},{"not_picked":["hexamod:BacktrackSmack","hexamod:PhantomCloak"],"picked":"hexamod:GiftsFromTheDead","floor":4},{"not_picked":["hexamod:FourthSeal","hexamod:ChargedBarrage"],"picked":"hexamod:SecondSeal","floor":5},{"not_picked":["hexamod:FastForward","hexamod:ChargedBarrage"],"picked":"hexamod:GhostOfSpirePresent","floor":8},{"not_picked":["hexamod:HeatShield","hexamod:RainOfEmbers"],"picked":"hexamod:ShieldOfDarkness","floor":9},{"not_picked":["hexamod:Rewind","hexamod:Incineration"],"picked":"hexamod:FirstSeal","floor":11},{"not_picked":["hexamod:BacktrackSmack","hexamod:NightmareStrike"],"picked":"hexamod:RadiantFlame","floor":13},{"not_picked":["hexamod:NightmareGuise","hexamod:SpectersWail"],"picked":"hexamod:BurningTouch","floor":14},{"not_picked":["hexamod:SwordOfDarkness","hexamod:ShieldOfDarkness"],"picked":"hexamod:FirstSeal","floor":15},{"not_picked":["hexamod:TimeWarp","hexamod:TurnItUp"],"picked":"hexamod:SearingWound","floor":16},{"not_picked":["hexamod:HauntingEcho","hexamod:NightmareStrike"],"picked":"hexamod:Hexaguard+1","floor":19},{"not_picked":["hexamod:Rewind","hexamod:SpectralAdrenaline+1"],"picked":"hexamod:EmpoweredFlame+1","floor":20}],"player_experience":402921,"relics_obtained":[{"floor":4,"key":"Replay:Baseball"},{"floor":7,"key":"Omamori"},{"floor":8,"key":"Art of War"},{"floor":17,"key":"Happy Flower"},{"floor":17,"key":"White Beast Statue"},{"floor":17,"key":"Guardian:GemstoneGun"},{"floor":19,"key":"Orichalcum"}],"event_choices":[],"is_beta":false,"boss_relics":[{"not_picked":["Pandora\u0027s Box","SacredBark"],"picked":"Calling Bell"}],"items_purged_floors":[],"is_endless":false,"potions_floor_spawned":[2,3,8,11,19,20],"killed_by":"Shelled Parasite and Fungi","ascension_level":0}}