{"host":"08umfpj02pt2ygc3","time":1607944650,"event":{"mods":["2.2 Compatiblity","BaseMod","DeckTracker","Highlight Path","Keyboard Shortcuts","Minty Spire (QoL Compilation)","Quick Restart","Random Character Button","StSLib","SuperFastMode","everything is the same but u backflip on backflip"],"gold_per_floor":[113,44,44,44,57,57,57,57,136,149,183,195,223,223,223,322,322,338,437,145,178,52,52,68,68,68,86,86,86,98,98,98,98,98],"floor_reached":33,"playtime":1394,"items_purged":["Strike_R","Strike_R"],"score":377,"play_id":"fa558692-5d82-4a4f-9c79-ce1ecdcd7e76","local_time":"20201214201730","is_ascension_mode":true,"campfire_choices":[{"data":"Bash","floor":6.0,"key":"SMITH"},{"floor":8.0,"key":"RECALL"},{"data":"Blood for Blood","floor":15.0,"key":"SMITH"},{"data":"Searing Blow","floor":23,"key":"SMITH"},{"data":"Searing Blow+1","floor":25,"key":"SMITH"},{"data":"Searing Blow+2","floor":28,"key":"SMITH"},{"data":"Searing Blow+3","floor":32,"key":"SMITH"}],"circlet_count":0,"master_deck":["AscendersBane","Strike_R","Strike_R","Strike_R","Defend_R","Defend_R","Defend_R","Defend_R","Bash+1","Hemokinesis+1","Pommel Strike","Clash","Blood for Blood+1","Impervious","Battle Trance","Master of Strategy","Searing Blow+4","Warcry+1"],"relics":["Burning Blood","Omamori","Paper Frog","Matryoshka","Vajra","Gremlin Horn","Runic Pyramid","Membership Card","Red Mask","Happy Flower","Meat on the Bone"],"acts_visited":["Exordium","TheCity"],"potions_floor_usage":[21,27,29,29],"damage_taken":[{"damage":6.0,"enemies":"Cultist","floor":1.0,"turns":4.0},{"damage":9.0,"enemies":"Jaw Worm","floor":5.0,"turns":2.0},{"damage":1.0,"enemies":"2 Louse","floor":10.0,"turns":3.0},{"damage":15.0,"enemies":"Gremlin Nob","floor":11.0,"turns":3.0},{"damage":5.0,"enemies":"Blue Slaver","floor":12.0,"turns":3.0},{"damage":22.0,"enemies":"Lagavulin","floor":13.0,"turns":4.0},{"damage":51.0,"enemies":"The Guardian","floor":16.0,"turns":10.0},{"damage":19.0,"enemies":"2 Thieves","floor":18.0,"turns":3.0},{"damage":21,"enemies":"Masked Bandits","floor":21,"turns":4},{"damage":9,"enemies":"3 Byrds","floor":24,"turns":5},{"damage":2,"enemies":"Centurion and Healer","floor":27,"turns":4},{"damage":12,"enemies":"Colosseum Slavers","floor":29,"turns":4},{"damage":15,"enemies":"Snake Plant","floor":30,"turns":2},{"damage":32,"enemies":"Collector","floor":33,"turns":3}],"seed_played":"-1689905067268845495","potions_obtained":[{"floor":1.0,"key":"DuplicationPotion"},{"floor":11.0,"key":"FearPotion"},{"floor":13.0,"key":"BlessingOfTheForge"},{"floor":16.0,"key":"Fruit Juice"},{"floor":24,"key":"Fire Potion"}],"is_trial":false,"path_per_floor":["M","$","T","?","M","R","$","R","T","M","E","M","E","?","R","B",null,"M","?","$","?","$","R","M","R","T","M","R","?","M","?","R","B"],"character_chosen":"IRONCLAD","items_purchased":["Hemokinesis","Membership Card","Master of Strategy","Strength Potion","Swift Potion","Block Potion"],"campfire_rested":0,"item_purchase_floors":[2,20,20,22,22,22],"current_hp_per_floor":[72,72,72,72,69,69,69,69,69,74,65,66,50,70,70,30,71,58,58,58,43,43,43,40,40,40,56,56,50,53,53,53,21,21],"gold":98,"neow_bonus":"RANDOM_COMMON_RELIC","is_daily":false,"chose_seed":false,"campfire_upgraded":6,"win_rate":0.0,"timestamp":1607944650,"path_taken":["M","$","?","?","M","R","$","R","T","M","E","M","E","?","R","BOSS","M","?","$","?","$","R","M","R","T","M","R","?","M","?","R","BOSS"],"items_purchased_type":["Card","Relic","Card","Potion","Potion","Potion"],"build_version":"2020-12-13","purchased_purges":2,"victory":false,"max_hp_per_floor":[80,80,80,80,80,80,80,80,80,80,80,80,80,80,80,85,85,85,85,85,85,85,85,85,85,85,85,85,85,85,85,85,85,85],"card_choices":[{"not_picked":["Power Through","Clothesline","Wild Strike"],"picked":"SKIP","floor":1.0},{"not_picked":["Heavy Blade","Cleave","Power Through"],"picked":"SKIP","floor":5.0},{"not_picked":["Entrench","Bloodletting"],"picked":"Pommel Strike","floor":10.0},{"not_picked":["Limit Break","Shockwave"],"picked":"Clash","floor":11.0},{"not_picked":["Combust","Clothesline"],"picked":"Blood for Blood","floor":12.0},{"not_picked":["Power Through","Heavy Blade","Twin Strike"],"picked":"SKIP","floor":13.0},{"not_picked":["Exhume","Berserk"],"picked":"Impervious","floor":16.0},{"not_picked":["Feel No Pain","Flex"],"picked":"Battle Trance","floor":18.0},{"not_picked":["Havoc","Warcry+1"],"picked":"Searing Blow","floor":21},{"not_picked":["Evolve","Sever Soul"],"picked":"Warcry+1","floor":24},{"not_picked":["Infernal Blade","Wild Strike","Clash"],"picked":"SKIP","floor":27},{"not_picked":["Twin Strike","Battle Trance","Pommel Strike"],"picked":"SKIP","floor":30}],"player_experience":354476,"relics_obtained":[{"floor":3.0,"key":"Paper Frog"},{"floor":9.0,"key":"Matryoshka"},{"floor":11.0,"key":"Vajra"},{"floor":13.0,"key":"Gremlin Horn"},{"floor":21,"key":"Red Mask"},{"floor":26,"key":"Happy Flower"},{"floor":26,"key":"Meat on the Bone"}],"event_choices":[{"damage_healed":0.0,"max_hp_gain":0.0,"max_hp_loss":0.0,"gold_gain":0.0,"event_name":"Living Wall","player_choice":"Grow","floor":4.0,"gold_loss":0.0,"damage_taken":0.0,"cards_upgraded":["Hemokinesis"]},{"damage_healed":20.0,"max_hp_gain":0.0,"max_hp_loss":0.0,"gold_gain":0.0,"event_name":"Mushrooms","player_choice":"Healed and dodged fight","floor":14.0,"gold_loss":0.0,"damage_taken":0.0,"cards_obtained":["Parasite"]},{"damage_healed":0.0,"max_hp_gain":0.0,"max_hp_loss":0.0,"gold_gain":99.0,"event_name":"Nest","player_choice":"Stole From Cult","floor":19.0,"gold_loss":0.0,"damage_taken":0.0},{"damage_healed":0,"gold_gain":0,"player_choice":"Fought Bandits","damage_taken":0,"max_hp_gain":0,"max_hp_loss":0,"event_name":"Masked Bandits","floor":21,"gold_loss":0},{"damage_healed":0,"gold_gain":0,"player_choice":"Fight","damage_taken":0,"max_hp_gain":0,"max_hp_loss":0,"event_name":"Colosseum","floor":29,"gold_loss":0},{"damage_healed":0,"gold_gain":0,"player_choice":"Fled From Nobs","damage_taken":0,"max_hp_gain":0,"max_hp_loss":0,"event_name":"Colosseum","floor":29,"gold_loss":0},{"damage_healed":0,"gold_gain":0,"player_choice":"Ignored","damage_taken":0,"max_hp_gain":0,"max_hp_loss":0,"event_name":"Vampires","floor":31,"gold_loss":0}],"is_beta":false,"boss_relics":[{"not_picked":["SacredBark","Snecko Eye"],"picked":"Runic Pyramid"}],"items_purged_floors":[20,22],"is_endless":false,"potions_floor_spawned":[1,11,13,16,24],"killed_by":"Collector","ascension_level":10}}