{"host":"qo424h8si5clrt96","time":1607953898,"event":{"mods":["Aspiration","BaseMod","Better Third Choice","Energized Spire","GifTheSpireLib","Minty Spire (QoL Compilation)","Permanent Neow","Quick Restart","Replay The Spire","Robot Space Explorer","StSLib","Stuff the Spire","The Templar","vexMod"],"gold_per_floor":[116,135,135,235,248,248,248],"floor_reached":6,"playtime":174,"items_purged":[],"score":36,"play_id":"640d95fa-97d2-4696-bb09-513d06ddc386","local_time":"20201214075138","is_ascension_mode":false,"campfire_choices":[],"circlet_count":0,"master_deck":["TheTemplar:Strike","TheTemplar:Strike","TheTemplar:Strike","TheTemplar:Strike","TheTemplar:Defend","TheTemplar:Defend","TheTemplar:Defend","TheTemplar:Defend","TheTemplar:Overpower","TheTemplar:Beseech","TheTemplar:TestAnimations","TheTemplar:DefaultCommonPower","TheTemplar:DefaultUncommonAttack","Finisher+1","TheTemplar:DefaultSecondMagicNumberSkill"],"relics":["TheTemplar:PlaceholderRelic2","NeowsBlessing","Replay:Mystery Machine"],"acts_visited":["Exordium"],"potions_floor_usage":[],"damage_taken":[{"damage":0.0,"enemies":"Cultist","floor":1.0,"turns":1.0},{"damage":0.0,"enemies":"Small Slimes","floor":2.0,"turns":1.0},{"damage":0.0,"enemies":"Jaw Worm","floor":5.0,"turns":1.0},{"damage":39,"enemies":"Lagavulin","floor":6,"turns":6}],"seed_played":"4794318003138235200","potions_obtained":[{"floor":1.0,"key":"Milkshake"}],"is_trial":false,"path_per_floor":["M","M","?","?","M","E"],"character_chosen":"THE_TEMPLAR","items_purchased":[],"campfire_rested":0,"item_purchase_floors":[],"current_hp_per_floor":[75,75,28,28,28,0,0],"gold":248,"neow_bonus":"THREE_ENEMY_KILL","is_daily":false,"chose_seed":false,"campfire_upgraded":0,"win_rate":0.0,"timestamp":1607953898,"path_taken":["M","?","?","?","M","E"],"items_purchased_type":[],"build_version":"2020-12-13","purchased_purges":0,"victory":false,"max_hp_per_floor":[75,75,75,75,75,75,75],"card_choices":[{"not_picked":["TheTemplar:OrbSkill","TheTemplar:DefaultAttackWithVariable"],"picked":"TheTemplar:DefaultCommonPower","floor":1.0},{"not_picked":["TheTemplar:DefaultAttackWithVariable","TheTemplar:DefaultCommonPower"],"picked":"TheTemplar:DefaultUncommonAttack","floor":2.0},{"not_picked":["TheTemplar:DefaultUncommonAttack","TheTemplar:DefaultUncommonPower"],"picked":"TheTemplar:DefaultSecondMagicNumberSkill","floor":5.0}],"player_experience":2008280,"relics_obtained":[],"event_choices":[{"damage_healed":0.0,"max_hp_gain":0.0,"max_hp_loss":0.0,"gold_gain":100.0,"event_name":"Golden Shrine","player_choice":"Pray","floor":4.0,"gold_loss":0.0,"damage_taken":0.0}],"is_beta":false,"boss_relics":[],"items_purged_floors":[],"is_endless":false,"potions_floor_spawned":[1],"killed_by":"Lagavulin","ascension_level":0}}