{"host":"tthpht10oetb1q7t","time":1607940163,"event":{"mods":["AchievementEnabler","BaseMod","GifTheSpireLib","Hubris","Luminous","Minty Spire (QoL Compilation)","Permanent Neow","Quick Restart","Replay The Spire","StSLib","SuperFastMode"],"gold_per_floor":[110,122,45,45,65,85,97,97,97,125,139,152,152,186,186,291,291,306,306,306,231,231,131,165,184,184,184,203,221,221,221],"floor_reached":30,"playtime":1145,"items_purged":["Luminous:Light_Flash_Shower","Luminous:Lights_Protection_Luminous"],"score":262,"play_id":"f31c6995-3d71-4bc6-8d2b-baeef0c2f7c9","local_time":"20201214110243","is_ascension_mode":false,"campfire_choices":[{"data":"Luminous:Balance_Ender","floor":8,"key":"SMITH"},{"data":"Luminous:Dark_Pressure_Void","floor":13,"key":"SMITH"},{"data":"Luminous:Dark_Apocalypse","floor":15,"key":"SMITH"}],"circlet_count":0,"master_deck":["Luminous:Dark_Abyssal_Drop","Luminous:Dark_Abyssal_Drop","Luminous:Dark_Abyssal_Drop","Luminous:Defend_Luminous","Luminous:Defend_Luminous","Luminous:Defend_Luminous","Luminous:Defend_Luminous","Luminous:Switch_Luminous","Luminous:Dark_Pressure_Void+1","Luminous:Dark_Apocalypse+1","Luminous:Light_Gather","Luminous:Light_Track","Luminous:Balance_Ender+1","Luminous:Dark_Raid","Luminous:Dark_Apocalypse+1","Luminous:Lania_Blessing_Luminous","Luminous:Dark_Pressure_Void+1","Luminous:Dark_Moonlight_Spear+1","Luminous:Accumulation_Luminous+1"],"relics":["Luminous:MirrorRelic","Eternal Feather","Dream Catcher","ReplayTheSpireMod:Lightbulb","Ring of Chaos","Orichalcum","hubris:Icosahedron","Tiny Chest"],"acts_visited":["Exordium","TheCity"],"potions_floor_usage":[16,29,30],"damage_taken":[{"damage":0,"enemies":"Small Slimes","floor":1,"turns":4},{"damage":7,"enemies":"2 Louse","floor":2,"turns":3},{"damage":15,"enemies":"Jaw Worm","floor":5,"turns":4},{"damage":0,"enemies":"Gremlin Gang","floor":6,"turns":1},{"damage":7,"enemies":"Blue Slaver","floor":7,"turns":2},{"damage":2,"enemies":"Gremlin Nob","floor":10,"turns":3},{"damage":0,"enemies":"2 Fungi Beasts","floor":11,"turns":2},{"damage":0,"enemies":"3 Louse","floor":12,"turns":1},{"damage":21,"enemies":"Lagavulin","floor":14,"turns":5},{"damage":26,"enemies":"Slime Boss","floor":16,"turns":7},{"damage":31,"enemies":"2 Thieves","floor":18,"turns":3},{"damage":15,"enemies":"Slavers","floor":24,"turns":4},{"damage":13,"enemies":"Shell Parasite","floor":25,"turns":3},{"damage":18,"enemies":"3 Cultists","floor":28,"turns":5},{"damage":16,"enemies":"Shelled Parasite and Fungi","floor":29,"turns":3},{"damage":12,"enemies":"Book of Stabbing","floor":30,"turns":2}],"seed_played":"-235555938658053191","potions_obtained":[{"floor":5,"key":"Dexterity Potion"},{"floor":7,"key":"Weak Potion"},{"floor":14,"key":"Elixir"},{"floor":16,"key":"Fire Potion"},{"floor":29,"key":"Block Potion"}],"is_trial":false,"path_per_floor":["M","M","$","?","M","M","M","R","T","E","M","M","R","E","R","B",null,"M","?","?","$","?","$","E","M","T","?","M","M","E"],"character_chosen":"LuminousClass","items_purchased":["Luminous:Dark_Apocalypse"],"campfire_rested":0,"item_purchase_floors":[3],"current_hp_per_floor":[80,73,73,73,58,58,51,51,51,49,49,49,58,37,46,20,80,54,54,54,54,54,54,39,26,26,26,23,12,0,0],"gold":221,"neow_bonus":"RANDOM_EVENT","is_daily":false,"chose_seed":false,"campfire_upgraded":3,"win_rate":0.0,"timestamp":1607940163,"path_taken":["M","M","$","?","M","M","M","R","T","E","M","M","R","E","R","BOSS","M","?","?","$","?","$","E","M","T","?","M","M","E"],"items_purchased_type":["Card"],"build_version":"2020-12-13","purchased_purges":2,"victory":false,"max_hp_per_floor":[80,80,80,80,80,80,80,80,80,80,80,80,80,80,80,80,80,80,80,80,80,80,80,80,80,80,80,80,80,80,80],"card_choices":[{"not_picked":["Luminous:Light_Glare","Luminous:Light_Wash_Luminous"],"picked":"Luminous:Dark_Pressure_Void","floor":1},{"not_picked":["Luminous:Accumulation_Luminous","Luminous:Abyss_Heart_Luminous","Luminous:Shadow_Shell_Luminous"],"picked":"SKIP","floor":2},{"not_picked":["Luminous:Light_Glare","Luminous:Magic_Boost_Luminous"],"picked":"Luminous:Light_Gather","floor":5},{"not_picked":["Luminous:Sympathy_Luminous","Luminous:Shadow_Shell_Luminous"],"picked":"Luminous:Light_Track","floor":6},{"not_picked":["Luminous:Sympathy_Luminous","Luminous:Light_Track"],"picked":"Luminous:Balance_Ender","floor":7},{"not_picked":["Luminous:Tune_Luminous","Luminous:Accumulation_Luminous","Luminous:Dark_Pressure_Void"],"picked":"SKIP","floor":10},{"not_picked":["Luminous:Accumulation_Luminous","Luminous:Blinding_Pillar_Luminous","Luminous:Light_Glare"],"picked":"SKIP","floor":11},{"not_picked":["Luminous:Mana_Well_Luminous","Luminous:Dark_Dim_Erosion"],"picked":"Luminous:Dark_Raid","floor":12},{"not_picked":["Luminous:Dark_Dim_Erosion","Luminous:Mana_Overload_Luminous"],"picked":"Luminous:Dark_Apocalypse","floor":14},{"not_picked":["Luminous:Balance_Baptism","Luminous:Armageddon_Luminous"],"picked":"Luminous:Lania_Blessing_Luminous","floor":16},{"not_picked":["Luminous:Dark_Extract","Luminous:Concentrate_Luminous"],"picked":"Luminous:Dark_Pressure_Void+1","floor":18},{"not_picked":["Luminous:Light_Ray_of_Redemption+1","Luminous:Light_Gather","Luminous:Tune_Luminous"],"picked":"SKIP","floor":24},{"not_picked":["Luminous:Light_Disperse","Luminous:Dark_Pressure_Void","Luminous:Light_Sylvan_Lance"],"picked":"SKIP","floor":25},{"not_picked":["Luminous:Light_Gather+1","Luminous:Lights_Protection_Luminous"],"picked":"Luminous:Dark_Moonlight_Spear+1","floor":28},{"not_picked":["Luminous:Tune_Luminous","Luminous:Light_Sylvan_Lance"],"picked":"Luminous:Accumulation_Luminous+1","floor":29}],"player_experience":62231,"relics_obtained":[{"floor":9,"key":"Eternal Feather"},{"floor":10,"key":"Dream Catcher"},{"floor":14,"key":"ReplayTheSpireMod:Lightbulb"},{"floor":24,"key":"Tiny Chest"}],"event_choices":[{"damage_healed":0,"gold_gain":0,"player_choice":"Donut","damage_taken":0,"max_hp_gain":5,"max_hp_loss":0,"event_name":"Big Fish","floor":0,"gold_loss":0},{"damage_healed":0,"gold_gain":0,"cards_transformed":["Luminous:Light_Flash_Shower","Luminous:Light_Flash_Shower"],"player_choice":"Became Test Subject","damage_taken":0,"max_hp_gain":0,"max_hp_loss":0,"event_name":"Drug Dealer","floor":22,"gold_loss":0,"cards_obtained":["Luminous:Lights_Protection_Luminous","Luminous:Light_Glare"]},{"cards_removed":["Luminous:Light_Glare"],"damage_healed":0,"gold_gain":0,"player_choice":"Elegance","damage_taken":0,"max_hp_gain":0,"max_hp_loss":0,"event_name":"Back to Basics","floor":27,"gold_loss":0}],"is_beta":false,"boss_relics":[{"not_picked":["hubris:Stopwatch","ReplayTheSpireMod:DimensionalGlitch"],"picked":"Ring of Chaos"}],"items_purged_floors":[21,23],"is_endless":false,"potions_floor_spawned":[5,7,14,16,24,25,29],"killed_by":"Book of Stabbing","ascension_level":0}}