{"host":"f7mgfv1rcbv6ir5v","time":1607934348,"event":{"mods":["BaseMod","Bestiary","Colored Map","Colored Powertips","Highlight Path","Minty Spire (QoL Compilation)","Relic Stats","StSLib"],"gold_per_floor":[15,15,39,39,55,95,95,134,186,186,186,222,241,255,255,385,385,408,408,432,30,45,76,76,114,114,149,149,168,201,224,224,354,354,373,6,25,50,73,106,106,149,149,182,245,263,263,278,278,278],"floor_reached":51,"playtime":13884,"items_purged":["Defend_G"],"score":1040,"play_id":"0f89bb6c-532d-433a-b9e3-34c247348d80","local_time":"20201214002548","is_ascension_mode":true,"campfire_choices":[{"floor":7,"key":"REST"},{"data":"Neutralize","floor":10,"key":"SMITH"},{"data":"Predator","floor":15,"key":"SMITH"},{"data":"Malaise","floor":24,"key":"SMITH"},{"data":"Well Laid Plans","floor":32,"key":"SMITH"},{"data":"Wraith Form v2","floor":41,"key":"SMITH"},{"data":"Noxious Fumes","floor":47,"key":"SMITH"},{"data":"Blade Dance","floor":49,"key":"SMITH"}],"circlet_count":0,"master_deck":["Strike_G+1","Defend_G","Defend_G","Survivor+1","Neutralize+1","Sucker Punch+1","All Out Attack+1","Well Laid Plans+1","Dodge and Roll","Blade Dance+1","Predator+1","Malaise+1","Expertise","PiercingWail+1","Noxious Fumes+1","Malaise+1","Concentrate+1","Footwork","Footwork","Night Terror","Setup+1","Footwork+1","Burst+1","Reflex","Backflip+1","Wraith Form v2+1","Catalyst+1","Doppelganger+1","Accuracy+1","Deflect+1","Wraith Form v2"],"relics":["Ring of the Snake","Golden Idol","Meat on the Bone","Boot","Pear","Coffee Dripper","Nloth\u0027s Gift","Paper Crane","ClockworkSouvenir","Question Card","Centennial Puzzle","White Beast Statue","Bottled Flame","Lantern","Astrolabe","Incense Burner","Toxic Egg 2","Anchor","Orichalcum","Unceasing Top"],"acts_visited":["Exordium","TheCity","TheBeyond"],"potions_floor_usage":[6,12,23,25,30,33,42,42,44,44,50],"damage_taken":[{"damage":1,"enemies":"Jaw Worm","floor":1,"turns":4},{"damage":10,"enemies":"Small Slimes","floor":3,"turns":4},{"damage":0,"enemies":"2 Louse","floor":5,"turns":2},{"damage":15,"enemies":"Gremlin Nob","floor":6,"turns":4},{"damage":24,"enemies":"Lagavulin","floor":8,"turns":8},{"damage":13,"enemies":"Gremlin Nob","floor":12,"turns":4},{"damage":0,"enemies":"Gremlin Gang","floor":13,"turns":2},{"damage":4,"enemies":"Blue Slaver","floor":14,"turns":3},{"damage":12,"enemies":"The Guardian","floor":16,"turns":11},{"damage":9,"enemies":"Shell Parasite","floor":18,"turns":6},{"damage":11,"enemies":"Spheric Guardian","floor":20,"turns":4},{"damage":3,"enemies":"Cultist and Chosen","floor":22,"turns":7},{"damage":29,"enemies":"Slavers","floor":23,"turns":6},{"damage":11,"enemies":"Gremlin Leader","floor":25,"turns":9},{"damage":8,"enemies":"Book of Stabbing","floor":27,"turns":8},{"damage":1,"enemies":"Snecko","floor":29,"turns":5},{"damage":27,"enemies":"Slavers","floor":30,"turns":7},{"damage":0,"enemies":"Snake Plant","floor":31,"turns":5},{"damage":27,"enemies":"Champ","floor":33,"turns":15},{"damage":13,"enemies":"3 Darklings","floor":35,"turns":7},{"damage":10,"enemies":"Orb Walker","floor":37,"turns":5},{"damage":8,"enemies":"3 Darklings","floor":38,"turns":9},{"damage":17,"enemies":"Transient","floor":39,"turns":5},{"damage":9,"enemies":"Giant Head","floor":40,"turns":12},{"damage":7,"enemies":"Reptomancer","floor":42,"turns":11},{"damage":12,"enemies":"Giant Head","floor":44,"turns":10},{"damage":13,"enemies":"2 Orb Walkers","floor":45,"turns":6},{"damage":0,"enemies":"4 Shapes","floor":46,"turns":7},{"damage":17,"enemies":"Writhing Mass","floor":48,"turns":5},{"damage":2,"enemies":"Awakened One","floor":50,"turns":13}],"seed_played":"7257923255140091434","potions_obtained":[{"floor":1,"key":"PowerPotion"},{"floor":8,"key":"EssenceOfSteel"},{"floor":12,"key":"DuplicationPotion"},{"floor":13,"key":"DistilledChaos"},{"floor":18,"key":"Weak Potion"},{"floor":22,"key":"PowerPotion"},{"floor":25,"key":"ColorlessPotion"},{"floor":27,"key":"Poison Potion"},{"floor":30,"key":"LiquidBronze"},{"floor":33,"key":"Explosive Potion"},{"floor":35,"key":"GhostInAJar"},{"floor":37,"key":"GhostInAJar"},{"floor":39,"key":"Fire Potion"},{"floor":40,"key":"LiquidMemories"},{"floor":42,"key":"Swift Potion"},{"floor":44,"key":"FearPotion"},{"floor":45,"key":"Strength Potion"},{"floor":46,"key":"FearPotion"},{"floor":48,"key":"SkillPotion"}],"is_trial":false,"path_per_floor":["M","?","M","?","M","E","R","E","T","R","?","E","M","M","R","B",null,"M","?","M","$","M","E","R","E","T","E","?","M","E","M","R","B",null,"M","$","M","M","M","E","R","E","T","E","?","M","R","M","R","B",null],"character_chosen":"THE_SILENT","items_purchased":["Paper Crane","ClockworkSouvenir","Incense Burner"],"campfire_rested":1,"item_purchase_floors":[21,21,36],"current_hp_per_floor":[69,52,42,28,28,13,34,22,22,22,22,31,43,51,51,51,73,64,64,53,53,50,33,33,34,34,38,38,49,34,46,46,31,68,55,55,45,49,44,47,47,52,52,52,51,51,51,46,46,44],"gold":278,"neow_bonus":"REMOVE_TWO","is_daily":false,"chose_seed":false,"campfire_upgraded":7,"win_rate":0.0,"timestamp":1607934348,"path_taken":["M","?","M","?","M","E","R","E","T","R","?","E","?","M","R","BOSS","M","?","?","?","M","E","R","E","T","E","?","M","E","M","R","BOSS","M","$","M","?","M","E","R","E","T","E","?","M","R","M","R","BOSS"],"items_purchased_type":["Relic","Relic","Relic"],"build_version":"2020-12-13","purchased_purges":1,"victory":true,"max_hp_per_floor":[70,70,70,70,70,70,70,70,70,70,70,80,80,80,80,80,80,80,80,80,80,80,80,80,80,80,80,80,80,80,80,80,80,80,80,80,80,80,80,80,80,80,80,80,80,80,80,80,80,80],"relic_stats":{"Centennial Puzzle":[42],"counters":[30,204],"Golden Idol":227,"Astrolabe":["Setup","Footwork","Burst"],"Nloth\u0027s Gift":8,"Orichalcum":[36],"Boot":[196],"Question Card":16,"obtain_stats":[{"Lantern":30,"Pear":12,"Golden Idol":2,"Astrolabe":34,"Incense Burner":36,"Whetstone":9,"Paper Crane":21,"Orichalcum":44,"Boot":8,"Question Card":23,"White Beast Statue":26,"ClockworkSouvenir":21,"Centennial Puzzle":25,"Bottled Flame":27,"Anchor":42,"Coffee Dripper":17,"Nloth\u0027s Gift":19,"Toxic Egg 2":40,"Unceasing Top":45,"Ring of the Snake":0,"Meat on the Bone":6},{"Lantern":17,"Pear":6,"Golden Idol":1,"Astrolabe":19,"Incense Burner":20,"Whetstone":5,"Paper Crane":11,"Orichalcum":26,"Boot":5,"Question Card":13,"White Beast Statue":14,"ClockworkSouvenir":11,"Centennial Puzzle":14,"Bottled Flame":15,"Anchor":25,"Coffee Dripper":9,"Nloth\u0027s Gift":10,"Toxic Egg 2":24,"Unceasing Top":27,"Ring of the Snake":0,"Meat on the Bone":4},{"Lantern":94,"Pear":26,"Golden Idol":4,"Astrolabe":114,"Incense Burner":121,"Whetstone":22,"Paper Crane":52,"Orichalcum":173,"Boot":22,"Question Card":65,"White Beast Statue":74,"ClockworkSouvenir":52,"Centennial Puzzle":74,"Bottled Flame":82,"Anchor":163,"Coffee Dripper":42,"Nloth\u0027s Gift":48,"Toxic Egg 2":152,"Unceasing Top":179,"Ring of the Snake":0,"Meat on the Bone":14}],"Unceasing Top":[2],"Ring of the Snake":[60],"Meat on the Bone":228},"card_choices":[{"not_picked":["Bane","Outmaneuver"],"picked":"Sucker Punch","floor":1},{"not_picked":["Flying Knee","Acrobatics"],"picked":"All Out Attack","floor":3},{"not_picked":["Poisoned Stab","Dagger Throw","Bane"],"picked":"SKIP","floor":5},{"not_picked":["Slice","Underhanded Strike","Escape Plan"],"picked":"SKIP","floor":6},{"not_picked":["Storm of Steel","Underhanded Strike"],"picked":"Well Laid Plans","floor":8},{"not_picked":["Dagger Spray","Envenom"],"picked":"Dodge and Roll","floor":12},{"not_picked":["Dodge and Roll","Escape Plan"],"picked":"Blade Dance","floor":13},{"not_picked":["Dagger Spray","Acrobatics"],"picked":"Predator","floor":14},{"not_picked":["Phantasmal Killer","Burst"],"picked":"Malaise","floor":16},{"not_picked":["Cloak And Dagger","Poisoned Stab","Dagger Spray"],"picked":"SKIP","floor":18},{"not_picked":["Prepared","Poisoned Stab","Blade Dance"],"picked":"SKIP","floor":20},{"not_picked":["Predator","Bane","Well Laid Plans"],"picked":"SKIP","floor":22},{"not_picked":["Eviscerate","Dodge and Roll+1"],"picked":"Expertise","floor":23},{"not_picked":["Flying Knee+1","After Image","Doppelganger"],"picked":"PiercingWail+1","floor":25},{"not_picked":["All Out Attack","Crippling Poison","Venomology"],"picked":"Noxious Fumes","floor":27},{"not_picked":["PiercingWail","Dagger Throw","Sucker Punch"],"picked":"Concentrate+1","floor":29},{"not_picked":["Sucker Punch","Grand Finale","Flying Knee+1"],"picked":"Footwork","floor":30},{"not_picked":["Eviscerate","Setup","Backflip"],"picked":"Footwork","floor":31},{"not_picked":["Phantasmal Killer","Venomology","Storm of Steel"],"picked":"Night Terror","floor":33},{"not_picked":["Concentrate","Dagger Throw","Deadly Poison","Predator"],"picked":"SKIP","floor":35},{"not_picked":["Backstab","Concentrate+1","Flying Knee+1","Infinite Blades+1"],"picked":"SKIP","floor":37},{"not_picked":["Catalyst","Calculated Gamble+1","Bouncing Flask"],"picked":"Reflex","floor":38},{"not_picked":["Reflex","Cloak And Dagger+1","Prepared"],"picked":"Backflip+1","floor":39},{"not_picked":["Outmaneuver+1","Storm of Steel+1","Deadly Poison+1"],"picked":"Wraith Form v2","floor":40},{"not_picked":["Phantasmal Killer+1","Envenom","Flechettes"],"picked":"Catalyst+1","floor":42},{"not_picked":["Concentrate+1","Dagger Throw","Well Laid Plans+1"],"picked":"Doppelganger+1","floor":44},{"not_picked":["Sucker Punch","Masterful Stab+1","Dagger Spray"],"picked":"Accuracy+1","floor":45},{"not_picked":["Quick Slash+1","Outmaneuver+1","Prepared+1"],"picked":"Deflect+1","floor":46},{"not_picked":["Flying Knee","Slice+1","Dagger Throw+1"],"picked":"Wraith Form v2","floor":48}],"player_experience":321452,"relics_obtained":[{"floor":6,"key":"Meat on the Bone"},{"floor":8,"key":"Boot"},{"floor":9,"key":"Whetstone"},{"floor":12,"key":"Pear"},{"floor":23,"key":"Question Card"},{"floor":25,"key":"Centennial Puzzle"},{"floor":26,"key":"White Beast Statue"},{"floor":27,"key":"Bottled Flame"},{"floor":30,"key":"Lantern"},{"floor":40,"key":"Toxic Egg 2"},{"floor":42,"key":"Anchor"},{"floor":44,"key":"Orichalcum"},{"floor":45,"key":"Unceasing Top"}],"event_choices":[{"damage_healed":0,"gold_gain":0,"player_choice":"Take Damage","damage_taken":17,"relics_obtained":["Golden Idol"],"max_hp_gain":0,"max_hp_loss":0,"event_name":"Golden Idol","floor":2,"gold_loss":0},{"damage_healed":0,"gold_gain":0,"player_choice":"Entered Light","damage_taken":14,"max_hp_gain":0,"max_hp_loss":0,"event_name":"Shining Light","floor":4,"gold_loss":0,"cards_upgraded":["Survivor","Sucker Punch"]},{"cards_removed":["Strike_G"],"damage_healed":0,"gold_gain":0,"player_choice":"Purged","damage_taken":0,"max_hp_gain":0,"max_hp_loss":0,"event_name":"Purifier","floor":11,"gold_loss":0},{"damage_healed":0,"gold_gain":0,"player_choice":"Traded Relic","damage_taken":0,"relics_obtained":["Nloth\u0027s Gift"],"max_hp_gain":0,"max_hp_loss":0,"event_name":"N\u0027loth","floor":19,"relics_lost":["Whetstone"],"gold_loss":0},{"damage_healed":0,"gold_gain":0,"player_choice":"Copied","damage_taken":0,"max_hp_gain":0,"max_hp_loss":0,"event_name":"Duplicator","floor":28,"gold_loss":0,"cards_obtained":["Malaise"]},{"damage_healed":0,"gold_gain":0,"player_choice":"Fight","damage_taken":0,"max_hp_gain":0,"max_hp_loss":0,"event_name":"Mysterious Sphere","floor":45,"gold_loss":0}],"is_beta":false,"boss_relics":[{"not_picked":["Runic Pyramid","Fusion Hammer"],"picked":"Coffee Dripper"},{"not_picked":["Black Star","HoveringKite"],"picked":"Astrolabe"}],"items_purged_floors":[36],"is_endless":false,"potions_floor_spawned":[1,8,12,13,18,20,22,25,27,29,30,31,33,35,37,38,39,40,42,44,45,46,48],"ascension_level":5}}