{"host":"p9t7qd83igtcp2bh","time":1607920870,"event":{"mods":["2.2 Compatiblity","AchievementEnabler","BaseMod","Colored Map","Colored Powertips","Custom Start","DeckTracker","Keyboard Shortcuts","Minty Spire (QoL Compilation)","Permanent Neow","Spicy Shops","StSLib","SuperFastMode","everything is the same but u backflip on backflip"],"gold_per_floor":[111,125,143,17,36,36,67,86,86,86,99,99,117,117,117,194,194,176,251,269,89,100,100,100],"floor_reached":23,"playtime":671,"items_purged":["Strike_B","Strike_B","Defend_B"],"score":332,"play_id":"78c35e79-b17b-4150-a196-39937e3216b2","local_time":"20201214134110","is_ascension_mode":true,"campfire_choices":[{"data":"Skim","floor":6.0,"key":"SMITH"},{"floor":10.0,"key":"REST"},{"data":"Beam Cell","floor":15.0,"key":"SMITH"}],"circlet_count":0,"master_deck":["AscendersBane","Defend_B","Zap+1","Dualcast","Gash","Gash","Skim+1","Turbo","Genetic Algorithm","Self Repair","Beam Cell+1","Auto Shields","Seek","Leap+1","Undo+1","Conserve Battery+1","Hologram"],"relics":["Cracked Core","Bag of Marbles","The Courier","Blue Candle","Astrolabe"],"acts_visited":["Exordium","TheCity"],"potions_floor_usage":[],"damage_taken":[{"damage":1.0,"enemies":"Cultist","floor":1.0,"turns":3.0},{"damage":0.0,"enemies":"2 Louse","floor":2.0,"turns":2.0},{"damage":7.0,"enemies":"Jaw Worm","floor":3.0,"turns":3.0},{"damage":0.0,"enemies":"Exordium Wildlife","floor":5.0,"turns":3.0},{"damage":28.0,"enemies":"Gremlin Nob","floor":7.0,"turns":4.0},{"damage":21.0,"enemies":"Lots of Slimes","floor":8.0,"turns":4.0},{"damage":0.0,"enemies":"Large Slime","floor":11.0,"turns":5.0},{"damage":6.0,"enemies":"Red Slaver","floor":13.0,"turns":4.0},{"damage":9.0,"enemies":"Hexaghost","floor":16.0,"turns":8.0},{"damage":15.0,"enemies":"2 Thieves","floor":18.0,"turns":4.0},{"damage":15.0,"enemies":"Shell Parasite","floor":20.0,"turns":9.0},{"damage":0.0,"enemies":"Centurion and Healer","floor":22.0,"turns":6.0},{"damage":48,"enemies":"Slavers","floor":23,"turns":6}],"seed_played":"139968022108741221","potions_obtained":[{"floor":2.0,"key":"Swift Potion"},{"floor":5.0,"key":"Dexterity Potion"},{"floor":8.0,"key":"Strength Potion"},{"floor":13.0,"key":"Strength Potion"},{"floor":16.0,"key":"FocusPotion"},{"floor":22.0,"key":"PotionOfCapacity"}],"is_trial":false,"path_per_floor":["M","M","M","$","M","R","E","M","T","R","M","?","M","?","R","B",null,"M","?","M","$","M","E"],"character_chosen":"DEFECT","items_purchased":["Turbo"],"campfire_rested":1,"item_purchase_floors":[4],"current_hp_per_floor":[63,63,56,56,56,56,28,7,7,28,35,23,24,17,17,15,57,49,42,34,34,41,0,0],"gold":100,"neow_bonus":"UPGRADE_CARD","is_daily":false,"chose_seed":false,"campfire_upgraded":2,"win_rate":0.0,"timestamp":1607920870,"path_taken":["M","M","M","$","M","R","E","M","T","R","?","?","M","?","R","BOSS","M","?","M","?","M","E"],"items_purchased_type":["Card"],"build_version":"2020-12-13","purchased_purges":3,"victory":false,"max_hp_per_floor":[71,71,71,71,71,71,71,71,71,71,71,71,71,71,71,71,71,71,71,71,71,71,71,71],"card_choices":[{"not_picked":["Hello World","Hologram"],"picked":"Gash","floor":1.0},{"not_picked":["Ball Lightning","BootSequence"],"picked":"Gash","floor":2.0},{"not_picked":["Hologram","Steam"],"picked":"Skim","floor":3.0},{"not_picked":["Double Energy","Leap"],"picked":"Genetic Algorithm","floor":5.0},{"not_picked":["Recycle","Buffer"],"picked":"Self Repair","floor":7.0},{"not_picked":["Coolheaded","Leap"],"picked":"Beam Cell","floor":8.0},{"not_picked":["Reinforced Body","BootSequence"],"picked":"Auto Shields","floor":11.0},{"not_picked":["Hello World","Compile Driver","Steam Power"],"picked":"SKIP","floor":13.0},{"not_picked":["Core Surge","Meteor Strike"],"picked":"Seek","floor":16.0},{"not_picked":["Barrage","Streamline","Beam Cell"],"picked":"SKIP","floor":18.0},{"not_picked":["Leap","Go for the Eyes"],"picked":"Hologram","floor":20.0},{"not_picked":["Stack","Undo","Static Discharge"],"picked":"SKIP","floor":22.0}],"player_experience":544089,"relics_obtained":[{"floor":7.0,"key":"Bag of Marbles"},{"floor":9.0,"key":"The Courier"}],"event_choices":[{"damage_healed":0.0,"max_hp_gain":0.0,"max_hp_loss":0.0,"gold_gain":0.0,"event_name":"Scrap Ooze","player_choice":"Success","floor":12.0,"gold_loss":0.0,"damage_taken":12.0,"relics_obtained":["Blue Candle"]},{"cards_removed":["Defend_B"],"damage_healed":0.0,"max_hp_gain":0.0,"max_hp_loss":0.0,"gold_gain":0.0,"event_name":"Golden Wing","player_choice":"Card Removal","floor":14.0,"gold_loss":0.0,"damage_taken":7.0},{"damage_healed":0.0,"max_hp_gain":0.0,"max_hp_loss":0.0,"gold_gain":75.0,"event_name":"FaceTrader","player_choice":"Touch","floor":19.0,"gold_loss":0.0,"damage_taken":7.0}],"is_beta":false,"boss_relics":[{"not_picked":["Inserter","Coffee Dripper"],"picked":"Astrolabe"}],"items_purged_floors":[4,21,21],"is_endless":false,"potions_floor_spawned":[2,5,8,13,16,22],"killed_by":"Slavers","ascension_level":14}}