{"host":"b3p2mc8zhjyw3mtc","time":1607930697,"event":{"mods":["BaseMod","Colored Map","Colored Powertips","DeckTracker","Friendly Minions","Minty Spire (QoL Compilation)","SuperFastMode"],"gold_per_floor":[116,116,134,134,234,273,273,293,343,367,383,397,422,446,446,577,577,593,612,625,296,296,296,310,310,356,396,321,345,345,29,29,29,29],"floor_reached":33,"playtime":1137,"items_purged":["Strike_B","Defend_B"],"score":282,"play_id":"ab40f506-2f13-46fb-8859-5e7f901ba5e2","local_time":"20201214162457","is_ascension_mode":true,"campfire_choices":[{"data":"Zap","floor":7,"key":"SMITH"},{"floor":15,"key":"REST"},{"floor":23,"key":"REST"},{"data":"Dualcast","floor":25,"key":"SMITH"},{"data":"Sunder","floor":30,"key":"SMITH"},{"floor":32,"key":"REST"}],"circlet_count":0,"master_deck":["Strike_B","Strike_B","Defend_B","Defend_B","Zap+1","Dualcast+1","Conserve Battery","Sweeping Beam","Ball Lightning","Storm","Sunder+1","Redo","Conserve Battery","Coolheaded","Reboot","Tempest","Self Repair","Loop"],"relics":["Cracked Core","Golden Idol","Nunchaku","Oddly Smooth Stone","SlaversCollar","Toy Ornithopter","Ancient Tea Set","Ornamental Fan","Vajra","Regal Pillow"],"acts_visited":["Exordium","TheCity"],"potions_floor_usage":[19,20,24,27],"damage_taken":[{"damage":7,"enemies":"Small Slimes","floor":1,"turns":3},{"damage":0,"enemies":"Jaw Worm","floor":3,"turns":3},{"damage":28,"enemies":"Gremlin Nob","floor":6,"turns":4},{"damage":2,"enemies":"2 Louse","floor":8,"turns":2},{"damage":0,"enemies":"Gremlin Gang","floor":10,"turns":3},{"damage":0,"enemies":"Blue Slaver","floor":11,"turns":3},{"damage":0,"enemies":"2 Fungi Beasts","floor":12,"turns":2},{"damage":0,"enemies":"Looter","floor":13,"turns":2},{"damage":0,"enemies":"Exordium Thugs","floor":14,"turns":4},{"damage":37,"enemies":"Hexaghost","floor":16,"turns":14},{"damage":15,"enemies":"3 Byrds","floor":18,"turns":4},{"damage":2,"enemies":"Spheric Guardian","floor":19,"turns":3},{"damage":45,"enemies":"Chosen and Byrds","floor":20,"turns":5},{"damage":11,"enemies":"Snecko","floor":24,"turns":5},{"damage":31,"enemies":"Slavers","floor":27,"turns":5},{"damage":68,"enemies":"Champ","floor":33,"turns":11}],"seed_played":"-1412255474219756850","potions_obtained":[{"floor":3,"key":"Explosive Potion"},{"floor":8,"key":"EssenceOfSteel"},{"floor":13,"key":"Swift Potion"},{"floor":19,"key":"Weak Potion"}],"is_trial":false,"path_per_floor":["M","?","M","?","?","E","R","M","T","M","M","M","M","M","R","B",null,"M","M","M","$","?","R","M","R","T","E","?","T","R","$","R","B"],"character_chosen":"DEFECT","items_purchased":["Toy Ornithopter","Self Repair","DistilledChaos","Loop","Regal Pillow"],"campfire_rested":3,"item_purchase_floors":[21,21,21,31,31],"current_hp_per_floor":[68,68,68,50,50,22,22,20,20,20,20,20,20,20,42,5,75,60,58,13,13,13,35,36,36,36,17,17,17,17,17,54,0,0],"gold":29,"neow_bonus":"THREE_CARDS","is_daily":false,"chose_seed":false,"campfire_upgraded":3,"win_rate":0.0,"timestamp":1607930697,"path_taken":["M","?","M","?","?","E","R","M","T","M","?","M","M","M","R","BOSS","M","?","?","$","?","R","M","R","T","E","?","?","R","$","R","BOSS"],"items_purchased_type":["Relic","Card","Potion","Card","Relic"],"build_version":"2020-12-13","purchased_purges":2,"victory":false,"max_hp_per_floor":[75,75,75,75,75,75,75,75,75,75,75,75,75,75,75,75,75,75,75,75,75,75,75,75,75,75,75,75,75,75,75,75,75,75],"card_choices":[{"not_picked":["BootSequence","Double Energy"],"picked":"Conserve Battery","floor":0},{"not_picked":["Conserve Battery","Steam"],"picked":"Sweeping Beam","floor":1},{"not_picked":["Beam Cell","Undo"],"picked":"Ball Lightning","floor":3},{"not_picked":["Lockon","Loop"],"picked":"Storm","floor":6},{"not_picked":["Sweeping Beam","Cold Snap"],"picked":"Sunder","floor":8},{"not_picked":["Leap","Compile Driver"],"picked":"Redo","floor":10},{"not_picked":["Double Energy","Turbo"],"picked":"Conserve Battery","floor":11},{"not_picked":["Auto Shields","Static Discharge"],"picked":"Coolheaded","floor":12},{"not_picked":["Gash","Chaos","Stack"],"picked":"SKIP","floor":13},{"not_picked":["Steam","Reprogram","Rainbow"],"picked":"SKIP","floor":14},{"not_picked":["Fission","Echo Form"],"picked":"Reboot","floor":16},{"not_picked":["Stack","BootSequence"],"picked":"Tempest","floor":18},{"not_picked":["Leap+1","Reprogram","Rip and Tear+1"],"picked":"SKIP","floor":19},{"not_picked":["Steam","Go for the Eyes","Rebound"],"picked":"SKIP","floor":20},{"not_picked":["Beam Cell","Steam+1","Gash+1"],"picked":"SKIP","floor":24},{"not_picked":["Sweeping Beam","Streamline+1","Beam Cell+1"],"picked":"SKIP","floor":27}],"player_experience":59193,"relics_obtained":[{"floor":6,"key":"Nunchaku"},{"floor":9,"key":"Oddly Smooth Stone"},{"floor":26,"key":"Ancient Tea Set"},{"floor":27,"key":"Ornamental Fan"},{"floor":29,"key":"Vajra"}],"event_choices":[{"cards_removed":["Strike_B"],"damage_healed":0,"gold_gain":0,"player_choice":"Forget","damage_taken":0,"max_hp_gain":0,"max_hp_loss":0,"event_name":"Living Wall","floor":2,"gold_loss":0},{"damage_healed":0,"gold_gain":0,"player_choice":"Take Damage","damage_taken":18,"relics_obtained":["Golden Idol"],"max_hp_gain":0,"max_hp_loss":0,"event_name":"Golden Idol","floor":4,"gold_loss":0},{"damage_healed":0,"gold_gain":100,"player_choice":"Gold","damage_taken":0,"max_hp_gain":0,"max_hp_loss":0,"event_name":"Wheel of Change","floor":5,"gold_loss":0},{"damage_healed":0,"gold_gain":0,"player_choice":"Ignored","damage_taken":0,"max_hp_gain":0,"max_hp_loss":0,"event_name":"Ghosts","floor":22,"gold_loss":0},{"cards_removed":["Defend_B"],"damage_healed":0,"gold_gain":0,"player_choice":"Gave Gold","damage_taken":0,"max_hp_gain":0,"max_hp_loss":0,"event_name":"Beggar","floor":28,"gold_loss":75}],"is_beta":false,"boss_relics":[{"not_picked":["Tiny House","Runic Pyramid"],"picked":"SlaversCollar"}],"items_purged_floors":[21,31],"is_endless":false,"potions_floor_spawned":[3,8,13,14,16,19],"killed_by":"Champ","ascension_level":1}}