{"host":"0iey8v53xvwqxh5z","time":1607970646,"event":{"mods":["BaseMod","BetterRewards","Hermit","Hubris","Minty Spire (QoL Compilation)","Relic Stats","Replay The Spire","Shop Mod","StSLib","The Cursed"],"gold_per_floor":[109,109,228,228,248,43,54,81,105,121,156,431,431,459,459,485,485,498,498,498,509,536,536,570,47,75,75,89,116,116,191,191,210,224,236,236,251,280,280,308,308,319,333,333,333,344,344,344],"floor_reached":51,"playtime":5270,"items_purged":["TheCursedMod:Defend_TheCursed","Regret"],"score":2597,"play_id":"df16be08-043b-45e4-9964-6817415b0fb9","local_time":"20201214133046","is_ascension_mode":true,"campfire_choices":[{"data":"Apotheosis","floor":13,"key":"SMITH"},{"floor":15,"key":"DIG"},{"data":"TheCursedMod:LuckyCharm","floor":24,"key":"SMITH"},{"data":"TheCursedMod:AntiAging","floor":29,"key":"SMITH"},{"data":"TheCursedMod:ManaCirculation","floor":32,"key":"SMITH"},{"data":"TheCursedMod:CollectTribute","floor":41,"key":"SMITH"},{"data":"Crow Ritual","floor":49,"key":"SMITH"}],"circlet_count":0,"master_deck":["AscendersBane","TheCursedMod:Strike_TheCursed+1","TheCursedMod:Strike_TheCursed+1","TheCursedMod:Strike_TheCursed+1","TheCursedMod:Defend_TheCursed+1","TheCursedMod:Defend_TheCursed+1","TheCursedMod:Defend_TheCursed+1","TheCursedMod:CleanUpWorkshop","TheCursedMod:Dregs","TheCursedMod:CursedBlade+1","TheCursedMod:LuckyCharm+1","TheCursedMod:LuckyCharm+1","Apotheosis+1","TheCursedMod:CursedAmulet","TheCursedMod:SurpriseAttack","TheCursedMod:RapidMovement","TheCursedMod:SpitefulPlan+1","TheCursedMod:BlessingInDisguise","TheCursedMod:RapidMovement","TheCursedMod:ManaCirculation+1","TheCursedMod:DoubleShield","TheCursedMod:CollectTribute+1","TheCursedMod:AntiAging","Injury","ReplayTheSpireMod:Doomed","ReplayTheSpireMod:Splinters","Decay","TheCursedMod:RavingStaff","TheCursedMod:AntiAging+1","ReplayTheSpireMod:IOU","ReplayTheSpireMod:IOU","ReplayTheSpireMod:IOU","Crow Ritual+1","TheCursedMod:CursedArmor","TheCursedMod:ManaCirculation","TheCursedMod:SurpriseAttack","TheCursedMod:CursedSpellbook+1","TheCursedMod:LuckyCharm+1","TheCursedMod:RavingStaff+1","TheCursedMod:LuckyCharm+1"],"relics":["TheCursedMod:BlackMagic101","Blue Doll","Orichalcum","Replay:PocketPolymizer","hubris:TenFootPole","hubris:Zylophone","Mummified Hand","hubris:TinFlute","hubris:MedicalManual","hubris:Icosahedron","Ornamental Fan","Replay:Rubber Ducky","hubris:Teleporter","Bird Faced Urn","Replay:Wax Seal","Replay:Ancient Bell","Lantern","Pantograph","TheCursedMod:CrystalBall","hubris:DeckOfHolding","MealTicket","DollysMirror","Durian","Replay:Bottled Eggs","Toxic Egg 2","hubris:VirtuousBlindfold","Pondfish Scales","Onion Ring"],"acts_visited":["Exordium","TheCity","TheBeyond"],"potions_floor_usage":[7,8,31],"damage_taken":[{"damage":0,"enemies":"Jaw Worm","floor":1,"turns":2},{"damage":0,"enemies":"2 Louse","floor":3,"turns":3},{"damage":0,"enemies":"Cultist","floor":5,"turns":4},{"damage":0,"enemies":"Lots of Slimes","floor":7,"turns":2},{"damage":4,"enemies":"Replay:BlueRogue","floor":8,"turns":7},{"damage":0,"enemies":"Blue Slaver","floor":10,"turns":4},{"damage":0,"enemies":"Lagavulin","floor":11,"turns":8},{"damage":0,"enemies":"Gremlin Nob","floor":14,"turns":5},{"damage":8,"enemies":"The Guardian","floor":16,"turns":10},{"damage":11,"enemies":"3 Byrds","floor":18,"turns":4},{"damage":10,"enemies":"Spheric Guardian","floor":22,"turns":6},{"damage":0,"enemies":"Book of Stabbing","floor":23,"turns":6},{"damage":0,"enemies":"Replay:Snechameleon","floor":25,"turns":4},{"damage":0,"enemies":"Gremlin Leader","floor":28,"turns":5},{"damage":0,"enemies":"Snake Plant","floor":30,"turns":4},{"damage":0,"enemies":"Slavers","floor":31,"turns":7},{"damage":19,"enemies":"hubris:MusketHawk","floor":33,"turns":11},{"damage":0,"enemies":"Orb Walker","floor":35,"turns":6},{"damage":0,"enemies":"3 Darklings","floor":36,"turns":6},{"damage":0,"enemies":"Writhing Mass","floor":37,"turns":6},{"damage":7,"enemies":"4 Shapes","floor":39,"turns":5},{"damage":0,"enemies":"Giant Head","floor":40,"turns":6},{"damage":0,"enemies":"R_Hoarder","floor":42,"turns":7},{"damage":0,"enemies":"Sphere and 2 Shapes","floor":44,"turns":6},{"damage":0,"enemies":"Transient","floor":45,"turns":6},{"damage":0,"enemies":"Spire Growth","floor":48,"turns":4},{"damage":10,"enemies":"Awakened One","floor":50,"turns":14}],"seed_played":"-7938144674262595017","potions_obtained":[{"floor":8,"key":"Cursed Concoction"},{"floor":14,"key":"CultistPotion"},{"floor":31,"key":"SkillPotion"}],"is_trial":false,"path_per_floor":["M","?","M","?","M","$","M","E","T","M","E","?","R","E","R","B",null,"M","?","?","M","E","R","E","$","E","R","M","E","R","B",null,"M","M","M","?","M","E","R","E","T","M","M","?","?","M","R","B",null],"character_chosen":"THE_CURSED","items_purchased":["Blue Doll","Orichalcum","TheCursedMod:CursedBlade+1","hubris:TenFootPole","Mummified Hand","TheCursedMod:LuckyCharm","hubris:TinFlute","Apotheosis","Elixir","Adrenaline Potion","TheCursedMod:SpitefulPlan+1","TheCursedMod:BlessingInDisguise","DollysMirror","Durian","Crow Ritual","Elixir"],"campfire_rested":0,"item_purchase_floors":[0,0,0,0,0,0,0,0,0,0,6,6,27,27,27,27],"current_hp_per_floor":[22,22,22,22,22,22,22,18,18,18,18,18,18,18,18,20,58,57,57,57,60,73,73,79,84,90,90,96,96,96,91,99,104,109,115,115,111,124,124,127,127,133,138,138,138,143,143,148],"gold":344,"neow_bonus":"","is_daily":false,"chose_seed":false,"campfire_upgraded":6,"win_rate":0.0,"timestamp":1607970646,"path_taken":["M","?","M","?","M","$","?","E","T","?","E","?","R","E","R","BOSS","M","?","?","?","E","R","E","$","E","R","M","E","R","BOSS","M","M","M","?","M","E","R","E","T","M","M","?","?","M","R","BOSS"],"items_purchased_type":["Relic","Relic","Card","Relic","Relic","Card","Relic","Card","Potion","Potion","Card","Card","Relic","Relic","Card","Potion"],"build_version":"2020-12-13","purchased_purges":2,"victory":true,"max_hp_per_floor":[71,71,71,71,71,71,71,71,71,71,71,71,71,71,71,71,71,73,73,73,76,79,79,79,84,90,90,96,96,96,101,101,104,109,115,115,118,124,124,127,127,133,138,138,138,143,143,148],"relic_stats":{"counters":[361,1798],"Mummified Hand":[187],"Ornamental Fan":[108],"Bird Faced Urn":[72],"Pantograph":0,"MealTicket":0,"Orichalcum":[30],"obtain_stats":[{"Golden Egg":20,"Replay:Accelerometer":42,"Whetstone":44,"Ginger":0,"hubris:MysteriousPyramids":42,"Sling":53,"Boot":40,"Old Coin":5,"Blood Vial":25,"Replay:Wanted Poster":38,"Replay:Ringing Soul":53,"hubris:HerbalPaste":53,"hubris:AstralHammer":44,"TheCursedMod:CrystalBall":7,"hubris:DeckOfHolding":40,"MealTicket":28,"HandDrill":57,"Kunai":29,"Replay:Wax Seal":0,"hubris:TinFlute":28,"Replay:Bottled Steam":36,"TheCursedMod:BlackMagic101":0,"Pear":58,"Counterbalance":0,"hubris:SphereOfDissonance":40,"Eternal Feather":23,"Pen Nib":31,"Replay:Ancient Bell":17,"SlaversCollar":34,"Runic Dome":34,"Bird Faced Urn":14,"hubris:TenFootPole":0,"Kintsugi":17,"Unceasing Top":0,"Abe\u0027s Treasure":17,"TheCursedMod:SoulVessel":46,"hubris:Reverence":54,"TheCursedMod:FourLeafCloverCharm":17,"Lantern":53,"Regal Pillow":6,"Torii":0,"Blue Doll":27,"StoneCalendar":53,"GremlinMask":29,"Bag of Preparation":46,"Replay:Multitool":40,"hubris:EmptyBottle":0,"Cursed Key":17,"Ancient Tea Set":44,"Pet Ghost":10,"Replay:Rubber Ducky":0,"Ring of Peace":11,"Toolbox":3,"WingedGreaves":0,"hubris:CuriousFeather":0,"hubris:FunFungus":43,"Chemical X":0,"Ring of Panic":5,"Replay:Bottled Eggs":28,"InkBottle":40,"hubris:GlazedTorus":0,"Potion Belt":45,"Lee\u0027s Waffle":0,"Golden Idol":3,"hubris:64BitClover":28,"Thread and Needle":0,"PreservedInsect":26,"Ring of Greed":5,"hubris:Towel":37,"Frozen Egg 2":0,"MawBank":13,"Replay:Arrowhead":0,"hubris:Spice":0,"Ornamental Fan":0,"Bloody Idol":27,"Orrery":0,"Garlic":26,"Durian":9,"ReplayTheSpireMod:Lightbulb":54,"Toy Ornithopter":9,"hubris:BottledRain":9,"Ice Cream":39,"Mark of the Bloom":49,"Calipers":0,"hubris:CrystalStatue":34,"Gremlin Horn":20,"Nilry\u0027s Codex":19,"TheCursedMod:Tack":54,"hubris:VirtuousBlindfold":34,"hubris:TerracottaHorce":19,"Centennial Puzzle":8,"Lizard Tail":25,"HornCleat":0,"DollysMirror":28,"Strawberry":46,"Honey Jar":0,"Philosopher\u0027s Stone":17,"Iron Hammer":0,"Toxic Egg 2":0,"Girya":26,"hubris:Teleporter":13,"hubris:DuctTape":57,"Happy Flower":53,"ReplayTheSpireMod:CursedCoin":0,"Oddly Smooth Stone":0,"Replay:Kaleidoscope":47,"Letter Opener":53,"War Paint":0,"WarpedTongs":2,"hubris:Zylophone":0,"OrangePellets":0,"Replay:Baseball":21,"Bottled Flame":9,"ReplayTheSpireMod:Shallot":9,"Shuriken":9,"Bronze Scales":27,"hubris:PeanutButter":9,"Simple Rune":23,"Onion Ring":54,"Molten Egg 2":21,"Black Star":34,"ReplayTheSpireMod:TigerMarble":39,"hubris:ToyBattleship":26,"Grinning Jar":11,"Mirror":38,"Meat on the Bone":15,"ReplayFunnel":21,"Darkstone Periapt":30,"TheCursedMod:BloodyHarpoon":54,"Replay:PocketPolymizer":0,"Mango":0,"Incense Burner":0,"hubris:SlimyHat":28,"Juzu Bracelet":42,"Empty Cage":34,"ClockworkSouvenir":22,"Frozen Eye":38,"Dream Catcher":6,"Replay:Bandana":7,"Nunchaku":53,"hubris:Icosahedron":9,"Mummified Hand":53,"Pantograph":22,"Gambling Chip":0,"Red Mask":21,"Replay:Bottled Snecko":28,"Gremlin Food":28,"hubris:DisguiseKit":14,"Replay:Towering Pillar of Hats":0,"Quantum Egg":0,"hubris:MedicalManual":42,"TheCursedMod:MagicCandle":0,"Orichalcum":0,"Medical Kit":0,"White Beast Statue":0,"Mercury Hourglass":0,"Peace Pipe":12,"Strange Spoon":0,"Cauldron":53,"Pondfish Scales":14,"CaptainsWheel":19,"Anchor":10,"TheCursedMod:OminousMark":34,"hubris:BundleOfHerbs":0,"Snack Pack":54,"Bag of Marbles":31,"Coffee Dripper":17,"hubris:GrandSneckoEye":17,"Membership Card":0,"FossilizedHelix":6,"hubris:OldNail":0,"TungstenRod":44,"hubris:NiceRug":53,"ReplayTheSpireMod:ShopPack":45},{"Golden Egg":207,"Replay:Accelerometer":327,"Whetstone":20,"Ginger":86,"hubris:MysteriousPyramids":107,"Sling":221,"Boot":269,"Old Coin":279,"Blood Vial":12,"Replay:Wanted Poster":75,"Replay:Ringing Soul":144,"hubris:HerbalPaste":144,"hubris:AstralHammer":50,"TheCursedMod:CrystalBall":90,"hubris:DeckOfHolding":106,"MealTicket":233,"HandDrill":84,"Kunai":70,"Replay:Wax Seal":25,"hubris:TinFlute":183,"Replay:Bottled Steam":324,"TheCursedMod:BlackMagic101":0,"Pear":85,"Counterbalance":25,"hubris:SphereOfDissonance":19,"Eternal Feather":11,"Pen Nib":13,"Replay:Ancient Bell":343,"SlaversCollar":14,"Runic Dome":236,"Bird Faced Urn":342,"hubris:TenFootPole":334,"Kintsugi":229,"Unceasing Top":146,"Abe\u0027s Treasure":154,"TheCursedMod:SoulVessel":52,"hubris:Reverence":197,"TheCursedMod:FourLeafCloverCharm":122,"Lantern":196,"Regal Pillow":309,"Torii":198,"Blue Doll":127,"StoneCalendar":169,"GremlinMask":292,"Bag of Preparation":21,"Replay:Multitool":48,"hubris:EmptyBottle":25,"Cursed Key":35,"Ancient Tea Set":79,"Pet Ghost":61,"Replay:Rubber Ducky":25,"Ring of Peace":152,"Toolbox":1,"WingedGreaves":115,"hubris:CuriousFeather":171,"hubris:FunFungus":242,"Chemical X":25,"Ring of Panic":279,"Replay:Bottled Eggs":348,"InkBottle":326,"hubris:GlazedTorus":86,"Potion Belt":20,"Lee\u0027s Waffle":115,"Golden Idol":59,"hubris:64BitClover":129,"Thread and Needle":198,"PreservedInsect":41,"Ring of Greed":279,"hubris:Towel":47,"Frozen Egg 2":198,"MawBank":94,"Replay:Arrowhead":25,"hubris:Spice":25,"Ornamental Fan":171,"Bloody Idol":182,"Orrery":25,"Garlic":12,"Durian":175,"ReplayTheSpireMod:Lightbulb":222,"Toy Ornithopter":251,"hubris:BottledRain":200,"Ice Cream":105,"Mark of the Bloom":80,"Calipers":57,"hubris:CrystalStatue":73,"Gremlin Horn":37,"Nilry\u0027s Codex":180,"TheCursedMod:Tack":170,"hubris:VirtuousBlindfold":351,"hubris:TerracottaHorce":65,"Centennial Puzzle":30,"Lizard Tail":126,"HornCleat":115,"DollysMirror":12,"Strawberry":166,"Honey Jar":0,"Philosopher\u0027s Stone":7,"Iron Hammer":57,"Toxic Egg 2":86,"Girya":69,"hubris:Teleporter":33,"hubris:DuctTape":83,"Happy Flower":196,"ReplayTheSpireMod:CursedCoin":246,"Oddly Smooth Stone":25,"Replay:Kaleidoscope":141,"Letter Opener":275,"War Paint":25,"WarpedTongs":87,"hubris:Zylophone":25,"OrangePellets":25,"Replay:Baseball":9,"Bottled Flame":151,"ReplayTheSpireMod:Shallot":119,"Shuriken":30,"Bronze Scales":291,"hubris:PeanutButter":4,"Simple Rune":98,"Onion Ring":114,"Molten Egg 2":124,"Black Star":46,"ReplayTheSpireMod:TigerMarble":105,"hubris:ToyBattleship":232,"Grinning Jar":5,"Mirror":47,"Meat on the Bone":63,"ReplayFunnel":258,"Darkstone Periapt":264,"TheCursedMod:BloodyHarpoon":276,"Replay:PocketPolymizer":223,"Mango":25,"Incense Burner":25,"hubris:SlimyHat":69,"Juzu Bracelet":270,"Empty Cage":213,"ClockworkSouvenir":180,"Frozen Eye":134,"Dream Catcher":3,"Replay:Bandana":119,"Nunchaku":169,"hubris:Icosahedron":60,"Mummified Hand":220,"Pantograph":97,"Gambling Chip":146,"Red Mask":97,"Replay:Bottled Snecko":129,"Gremlin Food":43,"hubris:DisguiseKit":94,"Replay:Towering Pillar of Hats":115,"Quantum Egg":223,"hubris:MedicalManual":138,"TheCursedMod:MagicCandle":25,"Orichalcum":334,"Medical Kit":277,"White Beast Statue":25,"Mercury Hourglass":25,"Peace Pipe":62,"Strange Spoon":86,"Cauldron":196,"Pondfish Scales":63,"CaptainsWheel":123,"Anchor":176,"TheCursedMod:OminousMark":161,"hubris:BundleOfHerbs":86,"Snack Pack":24,"Bag of Marbles":45,"Coffee Dripper":95,"hubris:GrandSneckoEye":315,"Membership Card":25,"FossilizedHelix":29,"hubris:OldNail":57,"TungstenRod":243,"hubris:NiceRug":55,"ReplayTheSpireMod:ShopPack":243},{"Golden Egg":1076,"Replay:Accelerometer":1603,"Whetstone":102,"Ginger":455,"hubris:MysteriousPyramids":566,"Sling":1169,"Boot":1351,"Old Coin":1396,"Blood Vial":62,"Replay:Wanted Poster":406,"Replay:Ringing Soul":727,"hubris:HerbalPaste":727,"hubris:AstralHammer":280,"TheCursedMod:CrystalBall":470,"hubris:DeckOfHolding":562,"MealTicket":1209,"HandDrill":443,"Kunai":384,"Replay:Wax Seal":130,"hubris:TinFlute":946,"Replay:Bottled Steam":1591,"TheCursedMod:BlackMagic101":0,"Pear":448,"Counterbalance":130,"hubris:SphereOfDissonance":95,"Eternal Feather":58,"Pen Nib":66,"Replay:Ancient Bell":1685,"SlaversCollar":79,"Runic Dome":1218,"Bird Faced Urn":1675,"hubris:TenFootPole":1640,"Kintsugi":1197,"Unceasing Top":738,"Abe\u0027s Treasure":773,"TheCursedMod:SoulVessel":289,"hubris:Reverence":1023,"TheCursedMod:FourLeafCloverCharm":637,"Lantern":1017,"Regal Pillow":1511,"Torii":1030,"Blue Doll":659,"StoneCalendar":853,"GremlinMask":1440,"Bag of Preparation":107,"Replay:Multitool":266,"hubris:EmptyBottle":130,"Cursed Key":180,"Ancient Tea Set":424,"Pet Ghost":338,"Replay:Rubber Ducky":130,"Ring of Peace":758,"Toolbox":3,"WingedGreaves":616,"hubris:CuriousFeather":879,"hubris:FunFungus":1235,"Chemical X":130,"Ring of Panic":1396,"Replay:Bottled Eggs":1710,"InkBottle":1600,"hubris:GlazedTorus":455,"Potion Belt":102,"Lee\u0027s Waffle":616,"Golden Idol":330,"hubris:64BitClover":664,"Thread and Needle":1030,"PreservedInsect":213,"Ring of Greed":1396,"hubris:Towel":252,"Frozen Egg 2":1030,"MawBank":487,"Replay:Arrowhead":130,"hubris:Spice":130,"Ornamental Fan":879,"Bloody Idol":943,"Orrery":130,"Garlic":62,"Durian":896,"ReplayTheSpireMod:Lightbulb":1173,"Toy Ornithopter":1275,"hubris:BottledRain":1037,"Ice Cream":557,"Mark of the Bloom":427,"Calipers":327,"hubris:CrystalStatue":397,"Gremlin Horn":188,"Nilry\u0027s Codex":930,"TheCursedMod:Tack":863,"hubris:VirtuousBlindfold":1732,"hubris:TerracottaHorce":357,"Centennial Puzzle":151,"Lizard Tail":654,"HornCleat":616,"DollysMirror":62,"Strawberry":832,"Honey Jar":0,"Philosopher\u0027s Stone":32,"Iron Hammer":327,"Toxic Egg 2":455,"Girya":378,"hubris:Teleporter":163,"hubris:DuctTape":439,"Happy Flower":1017,"ReplayTheSpireMod:CursedCoin":1253,"Oddly Smooth Stone":130,"Replay:Kaleidoscope":712,"Letter Opener":1379,"War Paint":130,"WarpedTongs":459,"hubris:Zylophone":130,"OrangePellets":130,"Replay:Baseball":45,"Bottled Flame":753,"ReplayTheSpireMod:Shallot":625,"Shuriken":151,"Bronze Scales":1437,"hubris:PeanutButter":14,"Simple Rune":510,"Onion Ring":607,"Molten Egg 2":644,"Black Star":245,"ReplayTheSpireMod:TigerMarble":557,"hubris:ToyBattleship":1206,"Grinning Jar":21,"Mirror":252,"Meat on the Bone":347,"ReplayFunnel":1308,"Darkstone Periapt":1332,"TheCursedMod:BloodyHarpoon":1384,"Replay:PocketPolymizer":1179,"Mango":130,"Incense Burner":130,"hubris:SlimyHat":378,"Juzu Bracelet":1356,"Empty Cage":1127,"ClockworkSouvenir":930,"Frozen Eye":679,"Dream Catcher":13,"Replay:Bandana":625,"Nunchaku":853,"hubris:Icosahedron":331,"Mummified Hand":1161,"Pantograph":507,"Gambling Chip":738,"Red Mask":507,"Replay:Bottled Snecko":664,"Gremlin Food":227,"hubris:DisguiseKit":487,"Replay:Towering Pillar of Hats":616,"Quantum Egg":1179,"hubris:MedicalManual":700,"TheCursedMod:MagicCandle":130,"Orichalcum":1640,"Medical Kit":1392,"White Beast Statue":130,"Mercury Hourglass":130,"Peace Pipe":342,"Strange Spoon":455,"Cauldron":1017,"Pondfish Scales":347,"CaptainsWheel":643,"Anchor":902,"TheCursedMod:OminousMark":811,"hubris:BundleOfHerbs":455,"Snack Pack":121,"Bag of Marbles":237,"Coffee Dripper":498,"hubris:GrandSneckoEye":1546,"Membership Card":130,"FossilizedHelix":143,"hubris:OldNail":327,"TungstenRod":1239,"hubris:NiceRug":311,"ReplayTheSpireMod:ShopPack":1239}]},"card_choices":[{"not_picked":["TheCursedMod:SpitefulStrike","TheCursedMod:TacticalStrike"],"picked":"TheCursedMod:CursedAmulet","floor":1},{"not_picked":["TheCursedMod:CursedAmulet","TheCursedMod:FuryStrike"],"picked":"TheCursedMod:SurpriseAttack","floor":3},{"not_picked":["TheCursedMod:SpitefulStrike","TheCursedMod:ReleasedStrength"],"picked":"TheCursedMod:RapidMovement","floor":5},{"not_picked":["TheCursedMod:Torture","TheCursedMod:SpreadPlague"],"picked":"TheCursedMod:RapidMovement","floor":7},{"not_picked":["TheCursedMod:TacticalStrike","TheCursedMod:CircleOfCorruption","TheCursedMod:VitalStrike"],"picked":"SKIP","floor":8},{"not_picked":["TheCursedMod:DoubleShield","TheCursedMod:TroublousMinions"],"picked":"TheCursedMod:ManaCirculation","floor":10},{"not_picked":["TheCursedMod:Wield","TheCursedMod:Stretching"],"picked":"TheCursedMod:DoubleShield","floor":11},{"not_picked":["TheCursedMod:Obscuration","TheCursedMod:SurpriseAttack"],"picked":"TheCursedMod:CollectTribute","floor":14},{"not_picked":["TheCursedMod:DemonicPact","TheCursedMod:ManaCirculation"],"picked":"TheCursedMod:AntiAging","floor":16},{"not_picked":["ReplayTheSpireMod:Faulty Equipment","hubris:Compulsion"],"picked":"Injury","floor":17},{"not_picked":["Normality","hubris:Gluttony"],"picked":"ReplayTheSpireMod:Doomed","floor":17},{"not_picked":["ReplayTheSpireMod:Restless Dread","Looming Evil"],"picked":"ReplayTheSpireMod:Splinters","floor":17},{"not_picked":["TheCursedMod:CursedArmor","TheCursedMod:CursedStaff","TheCursedMod:Torture"],"picked":"SKIP","floor":18},{"not_picked":["TheCursedMod:TroublousMinions","TheCursedMod:CircleOfFlame","TheCursedMod:EmpowerCircles"],"picked":"SKIP","floor":22},{"not_picked":["TheCursedMod:SmokeScreen","TheCursedMod:DoubleShield"],"picked":"TheCursedMod:RavingStaff","floor":23},{"not_picked":["TheCursedMod:Neurasthenia","TheCursedMod:Obscuration","TheCursedMod:Mangle"],"picked":"SKIP","floor":25},{"not_picked":["TheCursedMod:CursedShiv","TheCursedMod:CursedBlade"],"picked":"TheCursedMod:CursedArmor","floor":28},{"not_picked":["TheCursedMod:CircleOfWindfury","TheCursedMod:DoubleShield","TheCursedMod:SpitefulStrike"],"picked":"SKIP","floor":30},{"not_picked":["TheCursedMod:CircleOfBlood+1","TheCursedMod:SaltUponWound+1","TheCursedMod:CircleOfFocus+1"],"picked":"SKIP","floor":31},{"not_picked":["TheCursedMod:DarkBarrier+1","TheCursedMod:ForbiddenAlchemy+1"],"picked":"TheCursedMod:ManaCirculation","floor":33},{"not_picked":["TheCursedMod:CircleOfFocus+1","TheCursedMod:SoulCrush","TheCursedMod:Stigma"],"picked":"SKIP","floor":35},{"not_picked":["TheCursedMod:ManaBullet","TheCursedMod:CursedShiv+1"],"picked":"TheCursedMod:SurpriseAttack","floor":36},{"not_picked":["TheCursedMod:CircleOfFlame+1","TheCursedMod:Stigma","TheCursedMod:CursedShiv"],"picked":"SKIP","floor":37},{"not_picked":["TheCursedMod:CursedBlade","TheCursedMod:CursedMace"],"picked":"TheCursedMod:CursedSpellbook+1","floor":39},{"not_picked":["TheCursedMod:ReleasedKnowledge+1","TheCursedMod:CircleOfWindfury+1"],"picked":"TheCursedMod:LuckyCharm","floor":40},{"not_picked":["TheCursedMod:StunningStrike","TheCursedMod:TacticalStrike","TheCursedMod:WearCloak+1"],"picked":"SKIP","floor":42},{"not_picked":["TheCursedMod:CursedBlade","TheCursedMod:StingEye","TheCursedMod:Obscuration+1"],"picked":"SKIP","floor":44},{"not_picked":["TheCursedMod:CursedArmor+1","TheCursedMod:SmokeScreen+1"],"picked":"TheCursedMod:RavingStaff+1","floor":45},{"not_picked":["TheCursedMod:Stretching+1","TheCursedMod:RavingStaff"],"picked":"TheCursedMod:LuckyCharm","floor":48}],"player_experience":203364,"relics_obtained":[{"floor":8,"key":"Ornamental Fan"},{"floor":9,"key":"Replay:Rubber Ducky"},{"floor":11,"key":"hubris:Teleporter"},{"floor":14,"key":"Bird Faced Urn"},{"floor":15,"key":"Replay:Wax Seal"},{"floor":23,"key":"hubris:DeckOfHolding"},{"floor":25,"key":"MealTicket"},{"floor":28,"key":"Replay:Bottled Eggs"},{"floor":31,"key":"Toxic Egg 2"},{"floor":40,"key":"Pondfish Scales"},{"floor":42,"key":"Onion Ring"}],"event_choices":[{"damage_healed":0,"gold_gain":0,"player_choice":"Ignored","damage_taken":0,"max_hp_gain":0,"max_hp_loss":0,"event_name":"WeMeetAgain","floor":4,"gold_loss":0},{"damage_healed":0,"gold_gain":275,"player_choice":"Desecrate","damage_taken":0,"max_hp_gain":0,"max_hp_loss":0,"event_name":"Golden Shrine","floor":12,"gold_loss":0,"cards_obtained":["Regret"]},{"damage_healed":0,"gold_gain":0,"player_choice":"Smashed Altar","damage_taken":0,"max_hp_gain":0,"max_hp_loss":0,"event_name":"Forgotten Altar","floor":20,"gold_loss":0,"cards_obtained":["Decay"]},{"damage_healed":0,"gold_gain":0,"player_choice":"Simplicity","damage_taken":0,"max_hp_gain":0,"max_hp_loss":0,"event_name":"Back to Basics","floor":21,"gold_loss":0,"cards_upgraded":["TheCursedMod:Strike_TheCursed","TheCursedMod:Strike_TheCursed","TheCursedMod:Strike_TheCursed","TheCursedMod:Strike_TheCursed","TheCursedMod:Defend_TheCursed","TheCursedMod:Defend_TheCursed","TheCursedMod:Defend_TheCursed"]},{"damage_healed":0,"gold_gain":0,"player_choice":"Ignored","damage_taken":0,"max_hp_gain":0,"max_hp_loss":0,"event_name":"Tomb of Lord Red Mask","floor":38,"gold_loss":0},{"cards_removed":["TheCursedMod:Strike_TheCursed"],"damage_healed":0,"gold_gain":0,"player_choice":"Removed Attack","damage_taken":0,"max_hp_gain":0,"max_hp_loss":0,"event_name":"Falling","floor":46,"gold_loss":0},{"damage_healed":0,"gold_gain":0,"player_choice":"0 cards matched","damage_taken":0,"max_hp_gain":0,"max_hp_loss":0,"event_name":"Match and Keep!","floor":47,"gold_loss":0,"cards_obtained":[]}],"is_beta":false,"boss_relics":[{"not_picked":["Replay:Bronze Core","Philosopher\u0027s Stone"],"picked":"Replay:Ancient Bell"},{"not_picked":["TheCursedMod:Tack","Strawberry"],"picked":"Lantern"},{"not_picked":["hubris:Metronome","hubris:Reverence"],"picked":"Pantograph"},{"not_picked":["TungstenRod","hubris:BundleOfHerbs"],"picked":"TheCursedMod:CrystalBall"},{"not_picked":["Kintsugi","Black Star"],"picked":"hubris:VirtuousBlindfold"}],"items_purged_floors":[6,27],"is_endless":false,"potions_floor_spawned":[3,5,8,14,22,23,25,31,33,37,40,48],"ascension_level":17}}