{"host":"qrlp59d4kykmw4mt","time":1607943915,"event":{"mods":["Act Like it!","BaseMod","Colored Map","Downfall","Friendly Minions","Highlight Path","Minty Spire (QoL Compilation)","Permanent Neow","Random Character Button","Rare Cards Sparkle","SacredBarkPlus","StSLib","SuperFastMode","everything is the same but u backflip on backflip"],"gold_per_floor":[99,113,113,128,38,213,282,299,224,258,107,107,123,143,157,256,256,181,194,194,225,235,235,261,261,290,290,67,67,77,96,115,210,210,210,210,210],"floor_reached":36,"playtime":1902,"items_purged":["hexamod:Strike","Doubt","hexamod:Strike"],"score":402,"play_id":"4f5b35d4-732a-4da5-8848-abdfba665e89","local_time":"20201214060515","is_ascension_mode":false,"campfire_choices":[{"data":"hexamod:Float","floor":1,"key":"SMITH"},{"floor":3,"key":"RECALL"},{"data":"hexamod:SuperheatedStrike","floor":9,"key":"SMITH"},{"data":"hexamod:SearingWound","floor":18,"key":"SMITH"},{"data":"hexamod:HeatShield","floor":20,"key":"SMITH"},{"data":"hexamod:VolcanoVisage","floor":23,"key":"SMITH"},{"floor":25,"key":"REST"},{"data":"hexamod:Hexaguard","floor":35,"key":"SMITH"}],"circlet_count":0,"master_deck":["hexamod:Strike","hexamod:Defend","hexamod:Defend","hexamod:Defend","hexamod:Defend","hexamod:Sear","hexamod:Float+1","hexamod:SuperheatedStrike+1","hexamod:Hexaguard","hexamod:Firestarter","hexamod:VolcanoVisage+1","hexamod:HeatShield+1","hexamod:HeatMetal","hexamod:Hexaguard+1","hexamod:SearingWound+1","hexamod:ExtraCrispy","expansioncontent:PrepareCrush+1","hexamod:Hexaguard+1"],"relics":["hexamod:SpiritBrand","Shuriken","downfall:HeartBlessingRed","Potion Belt","downfall:HeartBlessingGreen","Bronze Scales","Oddly Smooth Stone","Bag of Preparation","hexamod:IceCube"],"acts_visited":["Exordium","TheCity","TheBeyond"],"potions_floor_usage":[16,16,26,26,28,33,36,36],"damage_taken":[{"damage":5,"enemies":"Jaw Worm","floor":2,"turns":5},{"damage":4,"enemies":"Small Slimes","floor":4,"turns":3},{"damage":0,"enemies":"downfall:FleeingMerchant","floor":5,"turns":4},{"damage":0,"enemies":"Cultist","floor":8,"turns":3},{"damage":16,"enemies":"Gremlin Nob","floor":10,"turns":3},{"damage":0,"enemies":"downfall:FleeingMerchant","floor":11,"turns":4},{"damage":9,"enemies":"Large Slime","floor":13,"turns":6},{"damage":1,"enemies":"Gremlin Gang","floor":14,"turns":4},{"damage":0,"enemies":"Blue Slaver","floor":15,"turns":3},{"damage":34,"enemies":"downfall:Ironclad","floor":16,"turns":10},{"damage":0,"enemies":"Chosen","floor":19,"turns":5},{"damage":24,"enemies":"Gremlin Leader","floor":21,"turns":6},{"damage":8,"enemies":"Centurion and Healer","floor":22,"turns":6},{"damage":25,"enemies":"Book of Stabbing","floor":26,"turns":5},{"damage":0,"enemies":"downfall:FleeingMerchant","floor":28,"turns":4},{"damage":5,"enemies":"Snake Plant","floor":30,"turns":3},{"damage":0,"enemies":"Shelled Parasite and Fungi","floor":31,"turns":4},{"damage":14,"enemies":"3 Cultists","floor":32,"turns":5},{"damage":9,"enemies":"downfall:Defect","floor":33,"turns":7},{"damage":92,"enemies":"Reptomancer","floor":36,"turns":8}],"seed_played":"-8942284534093828379","potions_obtained":[{"floor":2,"key":"BlessingOfTheForge"},{"floor":4,"key":"SkillPotion"},{"floor":8,"key":"SteroidPotion"},{"floor":14,"key":"Ancient Potion"},{"floor":15,"key":"FairyPotion"},{"floor":21,"key":"EntropicBrew"},{"floor":30,"key":"Swift Potion"},{"floor":32,"key":"SkillPotion"}],"is_trial":false,"path_per_floor":["R","M","R","M","$","?","T","M","R","E","$","?","M","M","M","B",null,"R","M","R","E","M","R","T","R","E","?","$","?","M","M","M","B",null,"R","E"],"character_chosen":"THE_SPIRIT","items_purchased":["hexamod:HeatMetal","expansioncontent:PrepareCrush"],"campfire_rested":1,"item_purchase_floors":[11,28],"current_hp_per_floor":[70,65,65,61,61,61,61,61,61,45,45,45,36,35,35,1,70,70,70,70,46,38,38,38,59,34,34,34,26,21,21,7,19,70,70,0,0],"gold":210,"neow_bonus":"REMOVE_CARD","is_daily":false,"chose_seed":false,"campfire_upgraded":6,"win_rate":0.0,"timestamp":1607943915,"path_taken":["R","M","R","M","$","?","T","M","R","E","$","?","M","M","M","BOSS","R","M","R","E","M","R","T","R","E","?","$","?","M","?","M","BOSS","R","E"],"items_purchased_type":["Card","Card"],"build_version":"2020-12-13","purchased_purges":3,"victory":false,"max_hp_per_floor":[70,70,70,70,70,70,70,70,70,70,70,70,70,70,70,70,70,70,70,70,70,70,70,70,70,70,70,70,70,70,70,70,70,70,70,70,70],"card_choices":[{"not_picked":["hexamod:HeatCrush","hexamod:BacktrackSmack","hexamod:GhostOfSpirePresent"],"picked":"SKIP","floor":2},{"not_picked":["hexamod:FastForward","hexamod:DynamicBlow"],"picked":"hexamod:SuperheatedStrike","floor":4},{"not_picked":["hexamod:BacktrackSmack","hexamod:HauntingEcho"],"picked":"hexamod:Hexaguard","floor":5},{"not_picked":["hexamod:BacktrackSmack","hexamod:GhostLash"],"picked":"hexamod:Firestarter","floor":8},{"not_picked":["hexamod:ShieldOfDarkness","hexamod:AdvancingGuard"],"picked":"hexamod:VolcanoVisage","floor":10},{"not_picked":["hexamod:GhostflameInferno","hexamod:BacktrackSmack"],"picked":"hexamod:HeatShield","floor":11},{"not_picked":["hexamod:NecessarySacrifice","hexamod:AdvancingGuard","hexamod:Firestarter"],"picked":"SKIP","floor":13},{"not_picked":["hexamod:CatchUp","hexamod:SpectersWail","hexamod:RainOfEmbers"],"picked":"SKIP","floor":14},{"not_picked":["hexamod:PhantomFireball","hexamod:InspiringFlames"],"picked":"hexamod:Hexaguard","floor":15},{"not_picked":["hexamod:UnleashSpirits","hexamod:TurnItUp"],"picked":"hexamod:SearingWound","floor":16},{"not_picked":["hexamod:SoulSteal+1","hexamod:AdvancingGuard","hexamod:NightmareStrike+1"],"picked":"SKIP","floor":19},{"not_picked":["hexamod:SkipABeat+1","hexamod:FourthSeal"],"picked":"hexamod:ExtraCrispy","floor":21},{"not_picked":["hexamod:BacktrackSmack","hexamod:HexaLevel","hexamod:Firestarter"],"picked":"SKIP","floor":22},{"not_picked":["hexamod:Firestarter","hexamod:HauntingEcho","hexamod:ShieldOfDarkness"],"picked":"SKIP","floor":26},{"not_picked":["hexamod:EtherealExpedition","hexamod:HeatMetal","hexamod:WildfireWeapon"],"picked":"SKIP","floor":28},{"not_picked":["hexamod:Rewind","hexamod:BurningTouch"],"picked":"hexamod:Hexaguard+1","floor":30},{"not_picked":["hexamod:ShieldOfDarkness+1","hexamod:SwordOfDarkness","hexamod:NightmareGuise"],"picked":"SKIP","floor":31},{"not_picked":["hexamod:GhostShield","hexamod:Again+1","hexamod:EmpoweredFlame+1"],"picked":"SKIP","floor":32}],"player_experience":277260,"relics_obtained":[{"floor":7,"key":"Shuriken"},{"floor":10,"key":"Potion Belt"},{"floor":21,"key":"Bronze Scales"},{"floor":24,"key":"Oddly Smooth Stone"},{"floor":26,"key":"Bag of Preparation"}],"event_choices":[],"is_beta":false,"boss_relics":[{"not_picked":["Philosopher\u0027s Stone","Astrolabe","Ectoplasm"]},{"not_picked":["Runic Dome","Runic Pyramid"],"picked":"hexamod:IceCube"}],"items_purged_floors":[5,11,28],"is_endless":false,"potions_floor_spawned":[2,4,8,14,15,21,30,32],"killed_by":"Reptomancer","ascension_level":0}}