{"host":"mli1kjx8eh35fx4e","time":1607929423,"event":{"mods":["2.2 Compatiblity","AchievementEnabler","Act Like it!","Aspiration","BaseMod","Better Altar","Better Match","Better Note","Better Sensory Stone","Better Skull","Better Third Choice","BetterRewards","CCEM","Colored Map","Conspire","Downfall","Elementarium","Gensokyo","GifTheSpireLib","Googly Eyes","Halation","Hallownest","Hermit","Hubris","Infinite Spire","Jedi Mod","JesterMod","Jorbs\u0027s Wanderer Trilogy","Mimic Mod","Minty Spire (QoL Compilation)","Pale of the Ancients","Permanent Neow","Railgun Mod","Replay The Spire","Robot Space Explorer","Shade Mod","Shop Mod","Spicy Shops","StSLib","Stuff the Spire","SuperFastMode","The Blackbeard","The Bug Knight","The Cursed","The Death Knight","The Hierophant","The Necromancer","The Problem Sleuth","The Witch","[IsaacMod]????"],"gold_per_floor":[114,14,79,117,14,65,78,78,103,151,151,193,193,235,235,361,361,393,303,338,192,192,192,241,241,241,330,380,435,454,472,472,583,583,583,583,596,611,636,662,662,662,720,733,761,761,761,808,808,822,822,822,39,66,103,103],"floor_reached":55,"playtime":6103,"items_purged":["hubris:Greed","Sickly"],"score":1016,"play_id":"47c81ba4-2e20-4a53-a99c-856b62c261fc","local_time":"20201214020343","is_ascension_mode":false,"campfire_choices":[{"floor":8,"key":"REST"},{"floor":15,"key":"REST"},{"data":"Shade:OminousRitual","floor":23,"key":"SMITH"},{"data":"Shade:Coordination","floor":25,"key":"SMITH"},{"floor":32,"key":"REST"},{"floor":41,"key":"RECALL"},{"floor":49,"key":"REST"},{"data":"Shade:OpenGraves","floor":52,"key":"SMITH"}],"circlet_count":0,"master_deck":["Shade:Strike_Shade","Shade:Strike_Shade","Shade:Strike_Shade","Shade:Strike_Shade","Shade:Defend_Shade","Shade:Defend_Shade","Shade:Defend_Shade","Shade:Defend_Shade","Shade:AnimateDead","Shade:CarefulCut","Shade:FleshToFlesh","conspire:SpireCoStock","conspire:SpireCoStock","Shade:ExtraLimbs","Shade:SkeletonHug","Shade:GreyBargain","Shade:FeralStrike","Shade:Bonestorm","Shade:Brains","Shade:FleshLikeOak","Shade:OminousRitual+1","Shade:FuneraryJewels","Shade:OpenGraves+1","Shade:Coordination+1","Shade:Bite_Shade+1","Shade:Frenzy","Gensokyo:ImpossibleRequest","Shade:LastGasp","hubris:DuctTapeCard","Shade:Awaken","Shade:StitchTogether","Shade:Premonition","Shade:FleshOffering+1","Shade:FreshBones","Shade:GreyBargain+1","Shade:OpenGraves+1","Shade:Frenzy+1","Replay:SS_forest_5","Shade:ScuttlingHand","Shade:Putrefaction"],"relics":["Shade:YorickSkull","HushsDoor","HowToJump","aspiration:Nostalgia","HollowMod:VesselMask","Happy Flower","Bag of Marbles","CCEMRelics:SpiritsEdge","BelialBook","halation:PinkSoulGem","conspire:DeflatedDodgeball","MealTicket","Honey Jar","Hallownest:StagBellRelic1","Oddly Smooth Stone","hubris:Towel","BookOfRevelations","Bottled Lightning","Ring of Greed","hubris:MobiusCoin","Tiny Chest","ReplayTheSpireMod:Ring of Exchange","Smiling Mask","halation:Jellyphish","hubris:DuctTape","BFFS","Onion Ring","Thread and Needle","CCEMRelics:SpiritsEdge","ReplayTheSpireMod:TigerMarble","StuffTheSpire:GreaterSneckoEye","Vajra","StuffTheSpire:Saxophone","Orichalcum","Replay:Bottled Flurry","PrismaticShard"],"acts_visited":["Gensokyo:Gensokyo","Hallownest:CityofTears","TheBeyond","TheEnding"],"potions_floor_usage":[3,14,18,24,31,39,45,48,50,55],"damage_taken":[{"damage":0,"enemies":"Gensokyo:2_Kodama","floor":1,"turns":4},{"damage":37,"enemies":"Gensokyo:Aya","floor":3,"turns":10},{"damage":7,"enemies":"Gensokyo:Python","floor":4,"turns":3},{"damage":17,"enemies":"Gensokyo:Cirno","floor":6,"turns":10},{"damage":0,"enemies":"Gensokyo:3_Fairies","floor":7,"turns":3},{"damage":0,"enemies":"Gensokyo:Mamizou","floor":10,"turns":10},{"damage":0,"enemies":"Gensokyo:3_Kodama","floor":12,"turns":2},{"damage":1,"enemies":"Gensokyo:Aya","floor":14,"turns":4},{"damage":0,"enemies":"Gensokyo:Kokoro","floor":16,"turns":9},{"damage":3,"enemies":"Hallownest:3_Youths","floor":18,"turns":6},{"damage":0,"enemies":"Hallownest:Flukemon_and_Top","floor":20,"turns":4},{"damage":9,"enemies":"Hallownest:eliteSoulWarrior","floor":24,"turns":4},{"damage":11,"enemies":"Hallownest:Nosk","floor":29,"turns":8},{"damage":13,"enemies":"Hallownest:Master_and_Novice","floor":30,"turns":4},{"damage":4,"enemies":"Hallownest:2_Husk_Sentries","floor":31,"turns":4},{"damage":16,"enemies":"Hallownest:BossGrimm","floor":33,"turns":14},{"damage":0,"enemies":"3 Darklings","floor":37,"turns":5},{"damage":0,"enemies":"Transient","floor":38,"turns":5},{"damage":6,"enemies":"Jaw Worm Horde","floor":39,"turns":4},{"damage":0,"enemies":"Nemesis","floor":40,"turns":7},{"damage":0,"enemies":"Spire Growth","floor":43,"turns":10},{"damage":0,"enemies":"Spire Growth","floor":44,"turns":5},{"damage":37,"enemies":"Reptomancer","floor":45,"turns":6},{"damage":0,"enemies":"Writhing Mass","floor":48,"turns":3},{"damage":25,"enemies":"infinitespire:MassOfShapes","floor":50,"turns":11},{"damage":0,"enemies":"Shield and Spear","floor":54,"turns":3},{"damage":119,"enemies":"Delirium","floor":55,"turns":30}],"seed_played":"6770345793549077013","potions_obtained":[{"floor":1,"key":"AttackPotion"},{"floor":4,"key":"champ:CounterPotion"},{"floor":12,"key":"DistilledChaos"},{"floor":14,"key":"Guardian:BlockOnCardUsePotion"},{"floor":29,"key":"DuplicationPotion"},{"floor":30,"key":"Block Potion"},{"floor":31,"key":"Venom Potion"},{"floor":38,"key":"Swift Potion"},{"floor":44,"key":"Dexterity Potion"},{"floor":45,"key":"Energy Potion"},{"floor":48,"key":"Death Potion"}],"is_trial":false,"path_per_floor":["M","?","?","M","$","E","M","R","T","E","?","M","?","E","R","B",null,"M","?","M","$","?","R","E","R","T","?","?","E","M","M","R","B",null,"M","?","M","M","M","E","R","T","MIM","M","E","?","?","M","R","B",null,"R","$","E","B"],"character_chosen":"SHADE","items_purchased":["Shade:Carnophage","Oddly Smooth Stone","Vajra","StuffTheSpire:Saxophone","Orichalcum","Regen Potion","Replay:SS_forest_5","Shade:ScuttlingHand"],"campfire_rested":4,"item_purchase_floors":[5,21,53,53,53,53,53,53],"current_hp_per_floor":[65,65,28,21,21,4,4,23,23,23,23,23,10,9,28,28,65,62,62,62,65,65,65,56,56,56,41,41,30,17,13,32,37,65,65,65,65,65,62,72,72,72,72,72,42,22,22,25,46,37,72,72,72,66,0,0],"gold":103,"neow_bonus":"NOSTALGIA","is_daily":false,"chose_seed":false,"campfire_upgraded":3,"win_rate":0.0,"timestamp":1607929423,"path_taken":["M","?","?","?","$","E","M","R","T","E","?","M","?","E","R","BOSS","M","?","?","$","?","R","E","R","T","?","?","E","M","M","R","BOSS","M","?","?","M","?","E","R","?","MIM","M","E","?","?","?","R","BOSS","R","$","E","BOSS"],"items_purchased_type":["Card","Relic","Relic","Relic","Relic","Potion","Card","Card"],"build_version":"2020-12-13","purchased_purges":2,"victory":false,"max_hp_per_floor":[65,65,65,65,65,65,65,65,65,65,65,65,65,65,65,65,65,65,65,65,65,65,65,65,65,65,65,65,65,65,65,65,65,65,65,65,65,65,65,72,72,72,72,72,72,72,72,72,72,72,72,72,72,66,66,66],"card_choices":[{"not_picked":[],"picked":"ChaosCard","floor":0},{"not_picked":["Shade:SelfBurial","Shade:FeralStrike"],"picked":"Shade:FleshToFlesh","floor":1},{"not_picked":["Shade:Brains","Shade:TouchOfTheGrave"],"picked":"Shade:ExtraLimbs","floor":3},{"not_picked":["Shade:ExtraLimbs","Shade:ScuttlingHand"],"picked":"Shade:SkeletonHug","floor":4},{"not_picked":["Shade:SelfBurial","Shade:BoneShards"],"picked":"Shade:GreyBargain","floor":6},{"not_picked":["Shade:SkeletonHug","Shade:FuneraryJewels"],"picked":"Shade:FeralStrike","floor":7},{"not_picked":["Shade:Haruspicy","Shade:ClawBack"],"picked":"Shade:Bonestorm","floor":10},{"not_picked":["Shade:Trample","Shade:CoffinDance"],"picked":"Shade:Brains","floor":12},{"not_picked":["Shade:FingerOfDeath","Shade:Haruspicy"],"picked":"Shade:FleshLikeOak","floor":14},{"not_picked":["Shade:SoulPierce","Shade:LoseControl"],"picked":"Shade:OminousRitual","floor":16},{"not_picked":["Shade:CallWraith","Shade:ClawBack","Shade:Brains+1"],"picked":"Shade:FuneraryJewels","floor":18},{"not_picked":["Shade:CoffinDance+1","Shade:AblativeArmor","Shade:SpectralStrikes"],"picked":"Shade:OpenGraves","floor":20},{"not_picked":["Shade:WallOfFlesh+1","Shade:PotionOfRestlessness+1","Shade:CallOfTheGrave"],"picked":"Shade:Coordination","floor":24},{"not_picked":["Shade:SelfBurial","Shade:FleshToFlesh","Shade:LichForm"],"picked":"Shade:AuraOfUnlife+1","floor":29},{"not_picked":["Shade:GraveStillness+1","Shade:FeralStrike","Shade:BoneShards+1"],"picked":"Shade:Bite_Shade+1","floor":30},{"not_picked":["Shade:PotionOfRestlessness","Shade:GraveStillness","Shade:Trample"],"picked":"Shade:Frenzy","floor":31},{"not_picked":["Shade:UnbarTheGrave","Shade:Coordination","Shade:SelfBurial"],"picked":"Shade:LastGasp","floor":33},{"not_picked":["Shade:CoffinDance+1","Shade:RitualOffering","Shade:RavenousHorde"],"picked":"Shade:Awaken","floor":37},{"not_picked":["Shade:PoundOfFlesh+1","Shade:Carnophage+1","Shade:OpenGraves+1"],"picked":"Shade:StitchTogether","floor":38},{"not_picked":["Shade:GraveStillness+1","Shade:CoffinDance+1","Shade:WallOfFlesh"],"picked":"Shade:Premonition","floor":39},{"not_picked":["Shade:StitchTogether+1","Shade:SoulPierce","Shade:Bonestorm"],"picked":"Shade:FleshOffering+1","floor":40},{"not_picked":["Shade:TouchOfTheGrave","Shade:FleshToFlesh","Shade:SkeletonHug"],"picked":"Shade:FreshBones","floor":43},{"not_picked":["Shade:GraveStillness","Shade:Excise","Shade:FeralStrike"],"picked":"Shade:GreyBargain+1","floor":44},{"not_picked":["Shade:SkeletonArmy","Shade:SanguineRitual+1","Shade:Patience+1"],"picked":"Shade:OpenGraves+1","floor":45},{"not_picked":["Shade:SkeletonHug","Shade:FreshBones","Shade:RitualOffering"],"picked":"Shade:Frenzy+1","floor":48},{"not_picked":["Shade:TouchOfTheGrave","Shade:Bonestorm+1","Shade:Frenzy"],"picked":"Shade:Putrefaction","floor":54}],"player_experience":568380,"relics_obtained":[{"floor":3,"key":"Happy Flower"},{"floor":6,"key":"Bag of Marbles"},{"floor":9,"key":"CCEMRelics:SpiritsEdge"},{"floor":10,"key":"BelialBook"},{"floor":14,"key":"MealTicket"},{"floor":24,"key":"BookOfRevelations"},{"floor":26,"key":"Bottled Lightning"},{"floor":28,"key":"Ring of Greed"},{"floor":28,"key":"hubris:MobiusCoin"},{"floor":28,"key":"Tiny Chest"},{"floor":28,"key":"ReplayTheSpireMod:Ring of Exchange"},{"floor":29,"key":"Smiling Mask"},{"floor":40,"key":"BFFS"},{"floor":42,"key":"Onion Ring"},{"floor":43,"key":"Thread and Needle"},{"floor":43,"key":"Diplopia"},{"floor":45,"key":"ReplayTheSpireMod:TigerMarble"},{"floor":46,"key":"StuffTheSpire:GreaterSneckoEye"},{"floor":54,"key":"Replay:Bottled Flurry"}],"event_choices":[{"damage_healed":0,"gold_gain":0,"player_choice":"Invest 2","damage_taken":0,"max_hp_gain":0,"max_hp_loss":0,"event_name":"conspire:Investor","floor":2,"gold_loss":0},{"damage_healed":0,"gold_gain":0,"player_choice":"Ignored","damage_taken":0,"max_hp_gain":0,"max_hp_loss":0,"event_name":"Tomb of Lord Red Mask","floor":36,"gold_loss":0},{"cards_removed":["conspire:Blindness"],"damage_healed":0,"gold_gain":0,"player_choice":"Purged","damage_taken":0,"max_hp_gain":0,"max_hp_loss":0,"event_name":"Purifier","floor":47,"gold_loss":0}],"is_beta":false,"boss_relics":[{"not_picked":["StuffTheSpire:ModemDavis","hubris:TerracottaHorce"],"picked":"Honey Jar"},{"not_picked":[]},{"not_picked":["hubris:HollowSoul","Replay:Bronze Core"],"picked":"halation:Jellyphish"},{"not_picked":[]}],"items_purged_floors":[53,53],"is_endless":false,"potions_floor_spawned":[1,4,12,14,29,30,31,38,44,45,48],"killed_by":"Delirium","ascension_level":0}}