{"host":"fqid566djxhwi0rl","time":1607965410,"event":{"mods":["2.2 Compatiblity","AchievementEnabler","Aspiration","BaseMod","Downfall","Energized Spire","Faster Ascension Climbing","GifTheSpireLib","Minty Spire (QoL Compilation)","Replay The Spire","Robot Space Explorer","StSLib","The Blackbeard","The Gatherer","Trackpad","Yuri Mod"],"gold_per_floor":[118,118,130,130,144,144,169,187,187,222,232,232,265,340,340,444,444,462,482,370,370,388,388,415,243,269,269,294,393,393,420,420,515,515,526,593,616,616,629,629,629,654,704,274,293,48,77,77,77,77],"floor_reached":51,"playtime":2908,"items_purged":["champ:Strike","champ:Strike","champ:Defend"],"score":1082,"play_id":"9185dc34-ab1c-4040-9b81-85def06d0c68","local_time":"20201214190330","is_ascension_mode":true,"campfire_choices":[{"data":"champ:StanceDance","floor":6.0,"key":"SMITH"},{"data":"champ:GutPunch","floor":12.0,"key":"SMITH"},{"data":"champ:RisingSlash","floor":15.0,"key":"SMITH"},{"data":"champ:Control","floor":23.0,"key":"SMITH"},{"data":"J.A.X.","floor":30,"key":"SMITH"},{"data":"champ:RisingSlash","floor":32,"key":"SMITH"},{"data":"champ:MurderStrike","floor":40,"key":"SMITH"},{"data":"champ:Encircle","floor":49,"key":"SMITH"}],"circlet_count":0,"master_deck":["champ:Execute","champ:Taunt","champ:Control+1","champ:GutPunch+1","champ:StanceDance+1","champ:DefensiveShout","champ:RisingSlash+1","champ:Backstep","champ:Encircle+1","champ:GutPunch+1","champ:LastStand","CurseOfTheBell","champ:FalseCounter+1","champ:HeartStrike","Amnesia","champ:DeathBlow","champ:RisingSlash+1","J.A.X.+1","champ:MurderStrike+1","champ:Aggression+1","champ:TornadoPunch+1","champ:BringItOn+1","champ:AdrenalArmor+1","expansioncontent:QuickStudy","expansioncontent:StudyTheSpire"],"relics":["Sozu","hexamod:BolsterEngine","Divine Protection","ReplayTheSpireMod:TigerMarble","Replay:Bottled Steam","Calling Bell","Mango","ReplayTheSpireMod:Ninjato","Replay:Rubber Ducky","Tiny Chest","Strawberry","Incense Burner","MealTicket","Astrolabe","Pen Nib","aspiration:Lifesprig","CeramicFish","Bag of Preparation","aspiration:HummingbirdHeart","Pear","Quantum Egg"],"acts_visited":["Exordium","TheCity","TheBeyond"],"potions_floor_usage":[],"damage_taken":[{"damage":12.0,"enemies":"Small Slimes","floor":1.0,"turns":4.0},{"damage":8.0,"enemies":"2 Louse","floor":3.0,"turns":4.0},{"damage":6.0,"enemies":"Jaw Worm","floor":5.0,"turns":2.0},{"damage":33.0,"enemies":"Replay:BlueRogue","floor":7.0,"turns":4.0},{"damage":10.0,"enemies":"Large Slime","floor":8.0,"turns":3.0},{"damage":61.0,"enemies":"Gremlin Nob","floor":10.0,"turns":4.0},{"damage":0.0,"enemies":"Blue Slaver","floor":11.0,"turns":2.0},{"damage":16.0,"enemies":"Replay:BlueRogue","floor":13.0,"turns":4.0},{"damage":63.0,"enemies":"Hexaghost","floor":16.0,"turns":6.0},{"damage":8.0,"enemies":"Chosen","floor":18.0,"turns":3.0},{"damage":0.0,"enemies":"Spheric Guardian","floor":19.0,"turns":3.0},{"damage":29.0,"enemies":"Snecko","floor":22.0,"turns":4.0},{"damage":78.0,"enemies":"Book of Stabbing","floor":24.0,"turns":6.0},{"damage":59,"enemies":"Replay:Snechameleon","floor":28,"turns":5},{"damage":9,"enemies":"Book of Stabbing","floor":31,"turns":2},{"damage":47,"enemies":"Champ","floor":33,"turns":7},{"damage":16,"enemies":"3 Darklings","floor":35,"turns":4},{"damage":19,"enemies":"Orb Walker","floor":39,"turns":3},{"damage":18,"enemies":"Reptomancer","floor":42,"turns":4},{"damage":27,"enemies":"Spire Growth","floor":45,"turns":3},{"damage":22,"enemies":"Giant Head","floor":47,"turns":4},{"damage":82,"enemies":"Replay:Hell Engine","floor":50,"turns":6}],"seed_played":"3170561467963825268","potions_obtained":[],"is_trial":false,"path_per_floor":["M","?","M","?","M","R","E","M","T","E","M","R","E","?","R","B",null,"M","M","$","?","M","R","E","$","T","?","E","?","R","E","R","B",null,"M","?","T","?","M","R","?","E","T","$","M","$","E","T","R","B",null],"character_chosen":"THE_CHAMP","items_purchased":["champ:HeartStrike","champ:RisingSlash","Bag of Preparation","expansioncontent:StudyTheSpire","aspiration:HummingbirdHeart"],"campfire_rested":0,"item_purchase_floors":[20,25,44,44,46],"current_hp_per_floor":[79,79,90,83,90,90,90,90,90,52,55,55,73,62,62,64,98,104,104,104,104,104,104,82,82,89,89,78,78,78,93,93,106,114,116,87,87,87,108,108,108,116,116,116,116,116,126,126,126,126],"gold":77,"neow_bonus":"BOSS_RELIC","is_daily":false,"chose_seed":false,"campfire_upgraded":8,"win_rate":0.0,"timestamp":1607965410,"path_taken":["M","?","M","?","M","R","E","M","T","E","?","R","E","?","R","BOSS","M","M","$","?","M","R","E","$","T","?","E","?","R","E","R","BOSS","M","?","?","?","M","R","?","E","T","$","?","$","E","?","R","BOSS"],"items_purchased_type":["Card","Card","Relic","Card","Relic"],"build_version":"2020-12-13","purchased_purges":3,"victory":true,"max_hp_per_floor":[90,90,90,90,90,90,90,90,90,90,90,90,90,90,90,90,104,104,104,104,104,104,104,109,109,116,116,116,116,116,116,116,116,116,116,116,116,116,116,116,116,116,116,116,116,116,126,126,126,126],"card_choices":[{"not_picked":["champ:FlashCut","champ:BladeFlurry"],"picked":"champ:Control","floor":1.0},{"not_picked":["champ:RapidStrikes","champ:GladiatorsShout"],"picked":"champ:StanceDance","floor":3.0},{"not_picked":["champ:FlashCut","champ:Haymaker"],"picked":"champ:DefensiveShout","floor":5.0},{"not_picked":["champ:DancingMaster","champ:AdrenalArmor"],"picked":"champ:RisingSlash","floor":7.0},{"not_picked":["champ:EnGarde","champ:FocusedGladiator"],"picked":"champ:Backstep","floor":8.0},{"not_picked":["champ:GutPunch","champ:CrownThrow"],"picked":"champ:Encircle","floor":10.0},{"not_picked":["champ:FocusedDefense","champ:Lariat"],"picked":"champ:GutPunch","floor":11.0},{"not_picked":["champ:FlashCut","champ:Haymaker"],"picked":"champ:FightOn","floor":13.0},{"not_picked":["champ:HoldFirm","champ:HeavySlash"],"picked":"champ:LastStand","floor":16.0},{"not_picked":["champ:Backstep","champ:AdrenalArmor","champ:Lariat"],"picked":"SKIP","floor":18.0},{"not_picked":["champ:Haymaker","champ:RisingSlash"],"picked":"champ:FalseCounter+1","floor":19.0},{"not_picked":["champ:DefensiveShout","champ:Aggression"],"picked":"champ:DeathBlow","floor":22.0},{"not_picked":["champ:AdrenalArmor","champ:BringItOn","champ:BladeFlurry"],"picked":"SKIP","floor":24.0},{"not_picked":["champ:TornadoPunch","champ:Balance+1","champ:FocusedDefense+1"],"picked":"SKIP","floor":28},{"not_picked":["champ:Lariat","champ:ViciousMockery+1","champ:RisingSlash"],"picked":"SKIP","floor":31},{"not_picked":["champ:SteelEdge","champ:VampiricStrike"],"picked":"champ:MurderStrike","floor":33},{"not_picked":["champ:CalledShot","champ:RisingSlash"],"picked":"champ:AdrenalArmor+1","floor":35},{"not_picked":["expansioncontent:DefensiveStance","Thinking Ahead"],"picked":"expansioncontent:QuickStudy","floor":38},{"not_picked":["champ:PreciseThrust+1","champ:CrookedStrike+1","champ:Encircle+1"],"picked":"SKIP","floor":39},{"not_picked":["champ:StanceDance","champ:PerfectedStrike","champ:Riposte"],"picked":"SKIP","floor":42},{"not_picked":["champ:RapidStrikes+1","champ:ShieldSlam","champ:CrookedStrike+1"],"picked":"SKIP","floor":45},{"not_picked":["champ:BladeFlurry","champ:BerserkersShout+1","champ:CrookedStrike+1"],"picked":"SKIP","floor":47}],"player_experience":672131,"relics_obtained":[{"floor":7.0,"key":"hexamod:BolsterEngine"},{"floor":9.0,"key":"Divine Protection"},{"floor":10.0,"key":"ReplayTheSpireMod:TigerMarble"},{"floor":13.0,"key":"Replay:Bottled Steam"},{"floor":17.0,"key":"Mango"},{"floor":17.0,"key":"ReplayTheSpireMod:Ninjato"},{"floor":17.0,"key":"Replay:Rubber Ducky"},{"floor":24.0,"key":"Tiny Chest"},{"floor":26,"key":"Strawberry"},{"floor":28,"key":"Incense Burner"},{"floor":31,"key":"MealTicket"},{"floor":37,"key":"Pen Nib"},{"floor":42,"key":"aspiration:Lifesprig"},{"floor":43,"key":"CeramicFish"},{"floor":47,"key":"Pear"},{"floor":48,"key":"Quantum Egg"}],"event_choices":[{"cards_removed":["champ:Strike"],"damage_healed":0.0,"max_hp_gain":0.0,"max_hp_loss":0.0,"gold_gain":0.0,"event_name":"Golden Wing","player_choice":"Card Removal","floor":4.0,"gold_loss":0.0,"damage_taken":7.0},{"damage_healed":0.0,"max_hp_gain":0.0,"max_hp_loss":0.0,"gold_gain":75.0,"event_name":"World of Goop","player_choice":"Gather Gold","floor":14.0,"gold_loss":0.0,"damage_taken":11.0},{"damage_healed":0,"gold_gain":0,"player_choice":"Obtain J.A.X.","damage_taken":0,"max_hp_gain":0,"max_hp_loss":0,"event_name":"Drug Dealer","floor":27,"gold_loss":0,"cards_obtained":["J.A.X."]},{"damage_healed":0,"gold_gain":99,"player_choice":"Stole From Cult","damage_taken":0,"max_hp_gain":0,"max_hp_loss":0,"event_name":"Nest","floor":29,"gold_loss":0},{"damage_healed":0,"gold_gain":0,"player_choice":"Memory 1","damage_taken":0,"max_hp_gain":0,"max_hp_loss":0,"event_name":"SensoryStone","floor":38,"gold_loss":0},{"damage_healed":0,"gold_gain":0,"player_choice":"Ignored","damage_taken":0,"max_hp_gain":0,"max_hp_loss":0,"event_name":"Tomb of Lord Red Mask","floor":41,"gold_loss":0}],"is_beta":false,"boss_relics":[{"not_picked":["Runic Dome","energizedSpire:CursedPentagram"],"picked":"Calling Bell"},{"not_picked":["energizedSpire:StickyHand","Philosopher\u0027s Stone"],"picked":"Astrolabe"}],"items_purged_floors":[20,25,44],"is_endless":false,"potions_floor_spawned":[5,7,8,13,16,19,22,24,39,47],"ascension_level":9}}