{"host":"ek3xvuouaw6vk9if","time":1607922667,"event":{"mods":["BaseMod","Minty Spire (QoL Compilation)","Permanent Neow","Quick Restart","Replay The Spire","StSLib"],"gold_per_floor":[20,35,54,54,68,68,102,102,127,142,92,119,188,200,200,304,304,321,333,36,36,46,80,80,91,118,150,163,180,95,107,107,204,204,216,228,128,128,178,203,222,222,222,222,233,62,96,121,121,121,121,121,93,119,119,119],"floor_reached":55,"playtime":3583,"items_purged":["Spreading Infection","Caltrops","Parasite"],"score":876,"play_id":"1f1f45f7-92ea-481a-8183-2ddaed8efa4b","local_time":"20201214001107","is_ascension_mode":true,"campfire_choices":[{"data":"Storm of Steel","floor":6,"key":"SMITH"},{"data":"Cloak And Dagger","floor":8,"key":"SMITH"},{"data":"Blade Dance","floor":15,"key":"SMITH"},{"data":"ReplayTheSpireMod:Scrap Shanks","floor":32,"key":"SMITH"},{"floor":42,"key":"RECALL"},{"data":"Footwork","floor":44,"key":"SMITH"},{"data":"Footwork","floor":49,"key":"SMITH"},{"data":"After Image","floor":52,"key":"SMITH"}],"circlet_count":0,"master_deck":["Defend_G","Defend_G","Defend_G","Survivor","Neutralize","Storm of Steel+1","Tactician","Cloak And Dagger+1","Dagger Throw","Footwork+1","Blade Dance+1","Envenom","Adrenaline","ReplayTheSpireMod:Shiv Toss+1","Footwork+1","ReplayTheSpireMod:Scrap Shanks+1","Deflect+1","Dodge and Roll+1","After Image+1","Prepared+1","Acrobatics+1","Backflip+1","Dodge and Roll","PiercingWail+1","Accuracy","Blur"],"relics":["Ring of the Snake","Bronze Scales","Strawberry","Art of War","Mercury Hourglass","Kintsugi","Bag of Preparation","Replay:Bottled Flurry","Toy Ornithopter","Pantograph","Blue Doll","SlaversCollar","WingedGreaves","Bird Faced Urn","War Paint","Vajra","Pet Ghost"],"acts_visited":["Exordium","TheCity","TheBeyond","TheEnding"],"potions_floor_usage":[7,16,19,19,25,27,29,35,40,50,55,55],"damage_taken":[{"damage":2,"enemies":"Jaw Worm","floor":1,"turns":5},{"damage":2,"enemies":"2 Louse","floor":2,"turns":3},{"damage":4,"enemies":"Small Slimes","floor":3,"turns":5},{"damage":7,"enemies":"3 Louse","floor":5,"turns":4},{"damage":1,"enemies":"3 Sentries","floor":7,"turns":4},{"damage":0,"enemies":"Gremlin Gang","floor":10,"turns":3},{"damage":0,"enemies":"Replay:BlueRogue","floor":12,"turns":5},{"damage":0,"enemies":"Looter","floor":14,"turns":2},{"damage":34,"enemies":"The Guardian","floor":16,"turns":9},{"damage":4,"enemies":"Spheric Guardian","floor":18,"turns":3},{"damage":12,"enemies":"2 Thieves","floor":19,"turns":3},{"damage":7,"enemies":"Centurion and Healer","floor":22,"turns":4},{"damage":18,"enemies":"Slavers","floor":23,"turns":4},{"damage":10,"enemies":"Snake Plant","floor":25,"turns":4},{"damage":1,"enemies":"Gremlin Leader","floor":27,"turns":5},{"damage":1,"enemies":"Snecko","floor":28,"turns":4},{"damage":3,"enemies":"Sentry and Sphere","floor":29,"turns":3},{"damage":9,"enemies":"Snake Plant","floor":31,"turns":4},{"damage":42,"enemies":"Automaton","floor":33,"turns":8},{"damage":3,"enemies":"3 Shapes","floor":35,"turns":3},{"damage":0,"enemies":"3 Darklings","floor":36,"turns":5},{"damage":0,"enemies":"Mind Bloom Boss Battle","floor":39,"turns":5},{"damage":11,"enemies":"R_Hoarder","floor":40,"turns":6},{"damage":16,"enemies":"Writhing Mass","floor":41,"turns":9},{"damage":0,"enemies":"Maw","floor":45,"turns":6},{"damage":0,"enemies":"Giant Head","floor":47,"turns":5},{"damage":0,"enemies":"R_Hoarder","floor":48,"turns":6},{"damage":51,"enemies":"Time Eater","floor":50,"turns":12},{"damage":33,"enemies":"Shield and Spear","floor":54,"turns":4},{"damage":86,"enemies":"The Heart","floor":55,"turns":9}],"seed_played":"-190621995964468386","potions_obtained":[{"floor":1,"key":"LiquidBronze"},{"floor":2,"key":"ColorlessPotion"},{"floor":10,"key":"BlessingOfTheForge"},{"floor":12,"key":"Languid Potion"},{"floor":16,"key":"AttackPotion"},{"floor":22,"key":"Poison Potion"},{"floor":27,"key":"Reflective Coating"},{"floor":28,"key":"Swift Potion"},{"floor":29,"key":"EssenceOfSteel"},{"floor":33,"key":"Dexterity Potion"},{"floor":35,"key":"Adrenaline Potion"},{"floor":45,"key":"AttackPotion"}],"is_trial":false,"path_per_floor":["M","M","M","?","M","R","E","R","T","M","?","E","T","M","R","B",null,"M","M","$","?","M","E","?","M","T","E","M","M","?","M","R","B",null,"M","M","$","?","?","E","M","R","T","R","M","$","E","E","R","B",null,"R","$","E","B"],"character_chosen":"THE_SILENT","items_purchased":["Bag of Preparation","Footwork","Dodge and Roll","Accuracy"],"campfire_rested":0,"item_purchase_floors":[20,20,46,53],"current_hp_per_floor":[68,66,62,55,48,48,47,47,54,54,54,54,54,54,54,20,77,73,61,61,61,54,36,36,26,26,30,29,31,31,22,22,5,77,74,74,74,74,77,71,61,61,61,61,71,71,74,74,74,25,74,74,74,43,0,0],"gold":119,"neow_bonus":"THREE_RARE_CARDS","is_daily":false,"chose_seed":false,"campfire_upgraded":7,"win_rate":0.0,"timestamp":1607922667,"path_taken":["M","M","M","?","M","R","E","R","T","M","?","E","?","M","R","BOSS","M","M","$","?","M","E","?","M","T","E","?","M","?","M","R","BOSS","M","M","$","?","?","E","M","R","T","R","M","$","E","E","R","BOSS","R","$","E","BOSS"],"items_purchased_type":["Relic","Card","Card","Card"],"build_version":"2020-12-13","purchased_purges":3,"victory":false,"max_hp_per_floor":[70,70,70,70,70,70,70,70,77,77,77,77,77,77,77,77,77,77,77,77,77,77,77,77,77,77,77,77,77,77,77,77,77,77,77,77,77,77,77,77,77,77,77,77,77,74,74,74,74,74,74,74,74,74,74,74],"card_choices":[{"not_picked":["Malaise","Die Die Die"],"picked":"Storm of Steel","floor":0},{"not_picked":["Setup","Poisoned Stab"],"picked":"Sucker Punch","floor":1},{"not_picked":["PiercingWail","ReplayTheSpireMod:Tripwire"],"picked":"Tactician","floor":2},{"not_picked":["Skewer","Slice"],"picked":"Cloak And Dagger","floor":3},{"not_picked":["Bane","Underhanded Strike"],"picked":"Dagger Throw","floor":5},{"not_picked":["Deflect","Bane"],"picked":"Footwork","floor":7},{"not_picked":["Dash","Sucker Punch"],"picked":"Blade Dance","floor":10},{"not_picked":["Heel Hook","Predator","Dagger Throw"],"picked":"SKIP","floor":12},{"not_picked":["Bane","Deflect"],"picked":"Envenom","floor":14},{"not_picked":["Poison Darts","Malaise"],"picked":"Adrenaline","floor":16},{"not_picked":["Backstab","Flying Knee"],"picked":"Caltrops","floor":18},{"not_picked":["Hidden Blade","Poisoned Stab+1"],"picked":"ReplayTheSpireMod:Shiv Toss+1","floor":19},{"not_picked":["Replay:Poison Smokescreen","Flying Knee","Dagger Spray"],"picked":"SKIP","floor":22},{"not_picked":["Poisoned Stab","Underhanded Strike","Backstab"],"picked":"SKIP","floor":23},{"not_picked":["ReplayTheSpireMod:Exploit Weakness","Expertise"],"picked":"ReplayTheSpireMod:Scrap Shanks","floor":25},{"not_picked":["Bouncing Flask","Backstab","Underhanded Strike"],"picked":"SKIP","floor":27},{"not_picked":["Footwork","PiercingWail"],"picked":"Deflect+1","floor":28},{"not_picked":["Replay:Poison Smokescreen","PiercingWail","Catalyst+1"],"picked":"SKIP","floor":29},{"not_picked":["Underhanded Strike+1","Tactician"],"picked":"Dodge and Roll+1","floor":31},{"not_picked":["Atom Bomb","Glass Knife"],"picked":"After Image","floor":33},{"not_picked":["Infinite Blades","ReplayTheSpireMod:Shiv Toss"],"picked":"Prepared","floor":35},{"not_picked":["Tactician","Dodge and Roll+1","Skewer+1"],"picked":"SKIP","floor":36},{"not_picked":["Dodge and Roll+1","Poisoned Stab"],"picked":"Acrobatics+1","floor":39},{"not_picked":["Cloak And Dagger","Prepared","Setup+1"],"picked":"SKIP","floor":40},{"not_picked":["Outmaneuver","Crippling Poison+1","Quick Slash+1"],"picked":"SKIP","floor":41},{"not_picked":["Burst","Fluid Movement"],"picked":"Backflip","floor":45},{"not_picked":["Skewer+1","Toxin Wave+1"],"picked":"PiercingWail+1","floor":47},{"not_picked":["Backstab","Hidden Blade+1","Flechettes"],"picked":"SKIP","floor":48},{"not_picked":["Underhanded Strike+1","Finisher+1"],"picked":"Blur","floor":54}],"player_experience":469859,"relics_obtained":[{"floor":7,"key":"Bronze Scales"},{"floor":9,"key":"Strawberry"},{"floor":12,"key":"Art of War"},{"floor":13,"key":"Mercury Hourglass"},{"floor":23,"key":"Replay:Bottled Flurry"},{"floor":26,"key":"Toy Ornithopter"},{"floor":27,"key":"Pantograph"},{"floor":39,"key":"WingedGreaves"},{"floor":40,"key":"Bird Faced Urn"},{"floor":47,"key":"War Paint"},{"floor":48,"key":"Vajra"},{"floor":54,"key":"Pet Ghost"}],"event_choices":[{"cards_removed":["Strike_G"],"damage_healed":0,"gold_gain":0,"player_choice":"Card Removal","damage_taken":7,"max_hp_gain":0,"max_hp_loss":0,"event_name":"Golden Wing","floor":4,"gold_loss":0},{"cards_removed":["Strike_G"],"damage_healed":0,"gold_gain":0,"player_choice":"Card Removal","damage_taken":0,"max_hp_gain":0,"max_hp_loss":0,"event_name":"The Cleric","floor":11,"gold_loss":50},{"cards_removed":["Injury"],"damage_healed":0,"gold_gain":0,"player_choice":"Elegance","damage_taken":0,"max_hp_gain":0,"max_hp_loss":0,"event_name":"Back to Basics","floor":21,"gold_loss":0},{"cards_removed":["Sucker Punch"],"damage_healed":0,"gold_gain":0,"player_choice":"Card Removal","damage_taken":0,"max_hp_gain":0,"max_hp_loss":0,"event_name":"Wheel of Change","floor":24,"gold_loss":0},{"damage_healed":0,"gold_gain":0,"player_choice":"Obtained Relic","damage_taken":0,"relics_obtained":["Blue Doll"],"max_hp_gain":0,"max_hp_loss":0,"event_name":"Addict","floor":30,"gold_loss":85},{"damage_healed":0,"gold_gain":0,"player_choice":"Fight","damage_taken":0,"max_hp_gain":0,"max_hp_loss":0,"event_name":"MindBloom","floor":39,"gold_loss":0}],"is_beta":false,"boss_relics":[{"not_picked":["ChewingGum","Philosopher\u0027s Stone"],"picked":"Kintsugi"},{"not_picked":["Honey Jar","Velvet Choker"],"picked":"SlaversCollar"}],"items_purged_floors":[20,37,46],"is_endless":false,"potions_floor_spawned":[1,2,10,12,16,22,27,28,29,33,35,45,48],"killed_by":"The Heart","ascension_level":1}}