{"host":"ktg5lwritr12xyhv","time":1607948182,"event":{"mods":["Aspiration","BaseMod","Challenge The Spire","Conspire","Hermit","Koishi","KomeijiMod","Minty Spire (QoL Compilation)","Quick Restart","Relic Stats","Replay The Spire","RumiaBox-露米娅的神秘盒子","SIMod","Spicy Shops","StSLib","vexMod","【东方二次创作】八云紫mod","篝火指南"],"gold_per_floor":[116,133,149,159,176,206,206,236,263,42,68,68,85,85,85,186,286,300,300,317,317,327,356,356,405,405,424,458,475,489,520,520,624,624,638,655,665,679,516,542,542,569,569,569,603,409,429,505,505,505,505,505,433,458,458],"floor_reached":56,"playtime":6962,"items_purged":["Strike_Komeiji"],"score":1550,"play_id":"948d2c76-f501-401a-8eaf-4ad6917e83c6","local_time":"20201214201622","is_ascension_mode":true,"campfire_choices":[{"data":"Dash_Komeiji","floor":12.0,"key":"SMITH"},{"data":"DemonLordCradle","floor":15.0,"key":"SMITH"},{"data":"TenguhouSokujitsuken","floor":24.0,"key":"SMITH"},{"floor":32.0,"key":"DIG"},{"floor":41.0,"key":"RECALL"},{"data":"KimairaNoYoku","floor":44.0,"key":"SMITH"},{"data":"Enlightenment","floor":49,"key":"SMITH"},{"data":"Burst","floor":52,"key":"SMITH"}],"circlet_count":0,"master_deck":["Strike_Komeiji","Defend_Komeiji","Defend_Komeiji","Dash_Komeiji+1","WinterElement+","DemonLordCradle+1","KinbakuJin+1","CondensedBubble+","YuumeiNoKurin","DochyakuKami+1","JyouchiJin+1","StaticGreen+","SpringWind+","StickyBubble+","Unload","Crippling Poison","Burst+1","TenguhouSokujitsuken","Sabishigari+1","TenguhouSokujitsuken+1","TerribleSouvenir","Agarareta+1","Agarareta+1","Melting","KimairaNoYoku+1","EmeraldCity+","RoshinSou+1","LunaticRedEyes","EnMu+1","DemonLordCradle+1","FreezeTouchMe+1","conspire:Banana","CS_Reisen","GasuOrimono+1","MunenMusou","Sadistic Nature","ReplayTheSpireMod:Private Reserves","Enlightenment+1","DiamondHardness+","Sickly","YoukiSo+1","HagoromoKu"],"relics":["KomeijisEye","SpellCardsRule","MusicBox","aspiration:Nostalgia","hermit:Momento","Nunchaku","Toy Ornithopter","Orichalcum","Lee\u0027s Waffle","conspire:TopHat","Replay:Wanted Poster","aspiration:Lifesprig","vexMod:BarristanHead","CrystalOfMemory","Replay:Multitool","Ornamental Fan","Painkiller Herb","FamiliarSpoon","FamiliarSpoon","Simple Rune","CrystalBall","ReplayFunnel","Bottled Tornado","ReplayTheSpireMod:ShopPack","Ccalipers","ReplayTheSpireMod:CursedCoin","aspiration:ChemicalBlood"],"acts_visited":["Exordium","TheCity","TheBeyond","TheEnding"],"potions_floor_usage":[55,55,55],"damage_taken":[{"damage":0.0,"enemies":"Cultist","floor":1.0,"turns":6.0},{"damage":0.0,"enemies":"Jaw Worm","floor":2.0,"turns":5.0},{"damage":3.0,"enemies":"Small Slimes","floor":3.0,"turns":3.0},{"damage":4.0,"enemies":"Gremlin Gang","floor":4.0,"turns":6.0},{"damage":5.0,"enemies":"3 Louse","floor":5.0,"turns":4.0},{"damage":0.0,"enemies":"Lagavulin","floor":6.0,"turns":12.0},{"damage":1.0,"enemies":"3 Sentries","floor":8.0,"turns":10.0},{"damage":0.0,"enemies":"Lagavulin","floor":11.0,"turns":12.0},{"damage":3.0,"enemies":"Exordium Wildlife","floor":13.0,"turns":4.0},{"damage":10.0,"enemies":"Fading Forest","floor":16.0,"turns":11.0},{"damage":18.0,"enemies":"3 Byrds","floor":18.0,"turns":5.0},{"damage":5.0,"enemies":"Chosen","floor":20.0,"turns":6.0},{"damage":2.0,"enemies":"Centurion and Healer","floor":22.0,"turns":11.0},{"damage":15.0,"enemies":"Replay:Snechameleon","floor":23.0,"turns":7.0},{"damage":0.0,"enemies":"Cultist and Chosen","floor":27.0,"turns":9.0},{"damage":3.0,"enemies":"Book of Stabbing","floor":28.0,"turns":5.0},{"damage":7.0,"enemies":"3 Cultists","floor":29.0,"turns":5.0},{"damage":10.0,"enemies":"Snake Plant","floor":30.0,"turns":3.0},{"damage":4.0,"enemies":"Gremlin Leader","floor":31.0,"turns":6.0},{"damage":24.0,"enemies":"conspire:MysteriousRune","floor":33.0,"turns":9.0},{"damage":1.0,"enemies":"3 Darklings","floor":35.0,"turns":3.0},{"damage":1.0,"enemies":"Orb Walker","floor":36.0,"turns":4.0},{"damage":2.0,"enemies":"Sphere and 2 Shapes","floor":37.0,"turns":7.0},{"damage":1.0,"enemies":"4 Shapes","floor":38.0,"turns":8.0},{"damage":8.0,"enemies":"R_Hoarder","floor":40.0,"turns":8.0},{"damage":0.0,"enemies":"Giant Head","floor":42.0,"turns":8.0},{"damage":3.0,"enemies":"Reptomancer","floor":45.0,"turns":8.0},{"damage":9,"enemies":"Transient","floor":47,"turns":5},{"damage":0,"enemies":"Donu and Deca","floor":50,"turns":8},{"damage":51,"enemies":"Shield and Spear","floor":54,"turns":4},{"damage":6,"enemies":"The Heart","floor":55,"turns":6}],"seed_played":"3801477460724677505","potions_obtained":[{"floor":1.0,"key":"Energy Potion"},{"floor":4.0,"key":"Fire Potion"},{"floor":5.0,"key":"BlessingOfTheForge"},{"floor":6.0,"key":"SteroidPotion"},{"floor":16.0,"key":"LiquidMemories"},{"floor":18.0,"key":"DuplicationPotion"},{"floor":20.0,"key":"Block Potion"},{"floor":28.0,"key":"Adrenaline Potion"},{"floor":31.0,"key":"Fruit Juice"},{"floor":36.0,"key":"LiquidMemories"},{"floor":38.0,"key":"Regen Potion"},{"floor":40.0,"key":"Energy Potion"}],"is_trial":false,"path_per_floor":["M","M","M","M","M","E","?","E","T","$","E","R","M","?","R","B",null,"M","?","M","?","M","E","R","T","T","M","E","M","M","E","R","B",null,"?","?","?","?","T","E","T","E","T","T","E","T","?","T","T","B",null,"T","T","E","B",null],"character_chosen":"KomeijiSatori","items_purchased":["StaticGreen+","Lee\u0027s Waffle","Strange Spoon","conspire:Banana","ReplayTheSpireMod:ShopPack","Ccalipers","ReplayTheSpireMod:CursedCoin","YoukiSo+1","HagoromoKu"],"campfire_rested":0,"item_purchase_floors":[10,10,39,39,46,46,48,48,53],"current_hp_per_floor":[50,50,47,43,38,48,48,47,47,57,57,57,54,54,54,54,57,39,39,40,40,43,33,33,33,33,33,30,27,17,28,28,18,62,61,60,58,57,57,52,52,67,67,67,66,66,59,59,59,61,73,73,73,22,48],"gold":458,"neow_bonus":"NOSTALGIA","is_daily":false,"chose_seed":false,"campfire_upgraded":6,"win_rate":0.0,"timestamp":1607948182,"path_taken":["M","M","M","M","M","E","?","E","T","$","E","R","M","?","R","BOSS","M","?","?","?","M","E","R","?","T","M","E","M","M","E","R","BOSS","?","?","?","?","T","E","T","E","T","T","E","T","?","T","T","BOSS","T","T","E","BOSS"],"items_purchased_type":["Undefined","Relic","Relic","Card","Relic","Relic","Relic","Card","Card"],"build_version":"2020-12-13","purchased_purges":1,"victory":true,"max_hp_per_floor":[50,50,50,50,50,50,50,50,50,57,57,57,57,57,57,57,57,57,57,57,57,57,57,57,57,57,57,57,57,57,62,62,62,62,62,62,62,62,62,65,65,67,67,67,69,69,71,71,71,73,73,73,73,73,75],"relic_stats":{"Nunchaku":[19],"Lee\u0027s Waffle":10,"counters":[31,208],"Ornamental Fan":[44],"Orichalcum":[480],"obtain_stats":[{"ReplayFunnel":43,"aspiration:Lifesprig":23,"FamiliarSpoon":40,"Painkiller Herb":34,"Replay:Multitool":31,"CrystalBall":42,"Bottled Tornado":45,"conspire:TopHat":11,"Replay:Wanted Poster":17,"Nunchaku":6,"KomeijisEye":0,"Ccalipers":46,"aspiration:ChemicalBlood":54,"MusicBox":0,"Lee\u0027s Waffle":10,"aspiration:Nostalgia":0,"ReplayTheSpireMod:CursedCoin":48,"Orichalcum":9,"CrystalOfMemory":28,"Strange Spoon":39,"vexMod:BarristanHead":25,"Ornamental Fan":32,"Simple Rune":40,"SpellCardsRule":0,"hermit:Momento":0,"Toy Ornithopter":8,"ReplayTheSpireMod:ShopPack":46},{"ReplayFunnel":26,"aspiration:Lifesprig":14,"FamiliarSpoon":24,"Painkiller Herb":20,"Replay:Multitool":19,"CrystalBall":26,"Bottled Tornado":27,"conspire:TopHat":8,"Replay:Wanted Poster":10,"Nunchaku":6,"KomeijisEye":0,"Ccalipers":27,"aspiration:ChemicalBlood":30,"MusicBox":0,"Lee\u0027s Waffle":7,"aspiration:Nostalgia":0,"ReplayTheSpireMod:CursedCoin":28,"Orichalcum":7,"CrystalOfMemory":16,"Strange Spoon":24,"vexMod:BarristanHead":14,"Ornamental Fan":19,"Simple Rune":25,"SpellCardsRule":0,"hermit:Momento":0,"Toy Ornithopter":7,"ReplayTheSpireMod:ShopPack":27},{"ReplayFunnel":177,"aspiration:Lifesprig":102,"FamiliarSpoon":161,"Painkiller Herb":139,"Replay:Multitool":130,"CrystalBall":177,"Bottled Tornado":185,"conspire:TopHat":58,"Replay:Wanted Poster":73,"Nunchaku":36,"KomeijisEye":0,"Ccalipers":185,"aspiration:ChemicalBlood":202,"MusicBox":0,"Lee\u0027s Waffle":46,"aspiration:Nostalgia":0,"ReplayTheSpireMod:CursedCoin":190,"Orichalcum":46,"CrystalOfMemory":116,"Strange Spoon":161,"vexMod:BarristanHead":102,"Ornamental Fan":130,"Simple Rune":169,"SpellCardsRule":0,"hermit:Momento":0,"Toy Ornithopter":46,"ReplayTheSpireMod:ShopPack":185}],"Toy Ornithopter":35},"card_choices":[{"not_picked":["GroundStardust+1","ShyakuBuku"],"picked":"WinterElement+","floor":1.0},{"not_picked":["HagoromoMizu","KoKei+1"],"picked":"DemonLordCradle","floor":2.0},{"not_picked":["SeishiRoten+1","JyouchiJin+1"],"picked":"KinbakuJin+1","floor":3.0},{"not_picked":["SuitokuNoKyoryu","JyouchiJin+1"],"picked":"CondensedBubble+","floor":4.0},{"not_picked":["AutumnEdge+","KeiseiJin+1"],"picked":"YuumeiNoKurin","floor":5.0},{"not_picked":["FallThrasher+","FreezeTouchMe"],"picked":"DochyakuKami+1","floor":6.0},{"not_picked":["NarrowSpark","KouPou+1"],"picked":"JyouchiJin+1","floor":8.0},{"not_picked":["DemonLordCradle","Mishyaguji+1"],"picked":"SpringWind+","floor":11.0},{"not_picked":["CondensedBubble+","ShyakuBuku"],"picked":"StickyBubble+","floor":13.0},{"not_picked":["JigokuNoTaiyou","TerribleSouvenir"],"picked":"TenguhouSokujitsuken","floor":16.0},{"not_picked":["DemonLordCradle","CondensedBubble+"],"picked":"Sabishigari+1","floor":18.0},{"not_picked":["JyouchiJin+1","MusuNoYume"],"picked":"TerribleSouvenir","floor":20.0},{"not_picked":["NarrowSpark","KoKei+1"],"picked":"Agarareta+1","floor":22.0},{"not_picked":["SummerRed+","HagoromoMizu"],"picked":"Agarareta+1","floor":23.0},{"not_picked":["SummerFlame+","ShyakuBuku"],"picked":"Melting","floor":27.0},{"not_picked":["VampireKiss","Agarareta+1"],"picked":"KimairaNoYoku","floor":28.0},{"not_picked":["KinbakuJin+1","Agarareta+1","DemonLordCradle","HagoromoMizu"],"picked":"SKIP","floor":29.0},{"not_picked":["DochyakuKami+1","WinterElement+","StickyBubble+"],"picked":"EmeraldCity+","floor":30.0},{"not_picked":["DemonsDinnerFork+1","EnMu+1","StickyBubble+"],"picked":"RoshinSou+1","floor":31.0},{"not_picked":["EverywhereHibernate","IceTornado","YuumeiNoKurin"],"picked":"LunaticRedEyes","floor":33.0},{"not_picked":["Agarareta+1","WinterElement+","SenseofElegance"],"picked":"EnMu+1","floor":35.0},{"not_picked":["CondensedBubble+","DochyakuKami+1","RoshinSou+1","Melting"],"picked":"SKIP","floor":36.0},{"not_picked":["WipeMoisture+","SummerRed+","KeiseiJin+1"],"picked":"DemonLordCradle+1","floor":37.0},{"not_picked":["DochyakuKami+1","KeiseiJin+1","WipeMoisture+"],"picked":"FreezeTouchMe+1","floor":38.0},{"not_picked":["SelfTokamak","SpringWind+","HisouNoKen+1"],"picked":"GasuOrimono+1","floor":40.0},{"not_picked":["FlashOfSpring+","AutumnEdge+","HagoromoMizu"],"picked":"MunenMusou","floor":42.0},{"not_picked":["KoKei+1","HenyouMirume+1","NarrowSpark+1","Agarareta+1"],"picked":"SKIP","floor":45.0},{"not_picked":["Chrysalis","ReplayTheSpireMod:Brewmster","The Bomb"],"picked":"Sadistic Nature","floor":46.0},{"not_picked":["PanicButton","The Bomb","Searching"],"picked":"ReplayTheSpireMod:Private Reserves","floor":46.0},{"not_picked":["Madness","vexMod:StairwayStrike","Metamorphosis"],"picked":"Enlightenment","floor":46.0},{"not_picked":["SummerFlame+","FlashOfSpring+","MusuNoYume+1"],"picked":"DiamondHardness+","floor":47},{"not_picked":["RoyalFlare","DochyakuKami+1","GasuOrimono","Sabishigari+1"],"picked":"SKIP","floor":54}],"player_experience":164815,"relics_obtained":[{"floor":6.0,"key":"Nunchaku"},{"floor":8.0,"key":"Toy Ornithopter"},{"floor":9.0,"key":"Orichalcum"},{"floor":11.0,"key":"conspire:TopHat"},{"floor":23.0,"key":"aspiration:Lifesprig"},{"floor":25.0,"key":"vexMod:BarristanHead"},{"floor":28.0,"key":"CrystalOfMemory"},{"floor":31.0,"key":"Replay:Multitool"},{"floor":32.0,"key":"Ornamental Fan"},{"floor":40.0,"key":"Simple Rune"},{"floor":42.0,"key":"CrystalBall"},{"floor":43.0,"key":"ReplayFunnel"},{"floor":45.0,"key":"Bottled Tornado"},{"floor":54,"key":"aspiration:ChemicalBlood"}],"event_choices":[{"damage_healed":0.0,"max_hp_gain":0.0,"max_hp_loss":0.0,"gold_gain":0.0,"event_name":"Duplicator","player_choice":"Copied","floor":19.0,"gold_loss":0.0,"damage_taken":0.0,"cards_obtained":["TenguhouSokujitsuken"]},{"cards_removed":["Strike_Komeiji"],"damage_healed":0.0,"max_hp_gain":0.0,"max_hp_loss":0.0,"gold_gain":0.0,"event_name":"Back to Basics","player_choice":"Elegance","floor":21.0,"gold_loss":0.0,"damage_taken":0.0}],"is_beta":false,"boss_relics":[{"not_picked":["vexMod:MegatonBomb","conspire:SpecialSausage"],"picked":"Replay:Wanted Poster"},{"not_picked":["aspiration:FutureDiary","Grimoire"],"picked":"Painkiller Herb"}],"items_purged_floors":[10],"is_endless":false,"potions_floor_spawned":[1,4,5,6,16,18,20,28,31,36,38,40,42,54],"ascension_level":1}}