{"host":"lnc26sm36s9d8cik","time":1607980855,"event":{"mods":["Act Like it!","Bartender","BaseMod","Dio Mod","Downfall","Duelist Mod","Elementarium","Gensokyo","GifTheSpireLib","Hubris","Magitek Elite","Melee Mod","Mimic Mod","Minty Spire (QoL Compilation)","Prisma Mod","Remilia??????","Shade Mod","Spicy Shops","StSLib","The Administrix","The Alterego","The Animator","The Cursed","The Exalted","The Gatherer","The Hierophant","The Necromancer","The Poker Player","The Senshi","The Servant 0.9.4","The Wild Card","TheBandit","WarShipGirlsR/????R mod"],"gold_per_floor":[119,119,135,151,162,162,195,209,245,215,226,226,226,9,9,112,112,130,143,156,86,104,104,104,639,676,73,89,114,126,137,137,237,237,254,254,265,276,326,326,326,74,99,99,131,131,157,120,120,120,120,120,42,73,73],"floor_reached":56,"playtime":6249,"items_purged":["Pain","Shade:CallWraith"],"score":1404,"play_id":"8e83404c-f69b-43f6-839e-df2553b288b5","local_time":"20201214222055","is_ascension_mode":false,"campfire_choices":[{"data":"Shade:AnimateDead","floor":6,"key":"SMITH"},{"data":"Shade:OpenGraves","floor":15,"key":"SMITH"},{"data":"Shade:LichForm","floor":23,"key":"SMITH"},{"data":"Shade:Bite_Shade","floor":32,"key":"SMITH"},{"floor":40,"key":"RECALL"},{"data":"Shade:TouchOfTheGrave","floor":44,"key":"SMITH"},{"data":"Shade:Tombstone","floor":46,"key":"SMITH"},{"data":"Shade:Brains","floor":49,"key":"SMITH"},{"data":"Shade:FleshToFlesh","floor":52,"key":"SMITH"}],"circlet_count":0,"master_deck":["Shade:Strike_Shade","Shade:Strike_Shade","Shade:Defend_Shade","Shade:Defend_Shade","Shade:Defend_Shade","Shade:Defend_Shade","Shade:AnimateDead+1","Shade:FreshBones","Shade:SoulToxin","Shade:CallOfTheGrave","Shade:FleshLikeOak+1","Shade:FleshToFlesh+1","Shade:Trample","Shade:ScuttlingHand","Shade:Bite_Shade+1","Shade:FingerOfDeath","Shade:AuraOfUnlife","Shade:OpenGraves+1","Shade:Bonestorm","Shade:LichForm+1","Shade:AncientSpear","Shade:FreshBones","Shade:WallOfFlesh","Shade:Carnophage","Shade:GoDigging","Shade:WallOfFlesh","Shade:StitchTogether","Master of Strategy","Shade:OpenGraves","Shade:Bite_Shade","Shade:Tombstone+1","Shade:FleshToFlesh+1","Shade:Bonestorm+1","Shade:Brains+1","Shade:Bonestorm+1","Shade:TouchOfTheGrave+1","Shade:FuneraryArmor+1","Shade:AuraOfUnlife"],"relics":["Shade:YorickPolishedSkull","Gensokyo:Mercy","Oddly Smooth Stone","War Paint","Gensokyo:OccultBall","Boot","Coffee Dripper","hubris:Icosahedron","Mummified Hand","Bag of Marbles","HandDrill","PreservedInsect","WingedGreaves","Orrery","Mercury Hourglass","White_Cape","Nunchaku","Ornamental Fan"],"acts_visited":["Exordium","Gensokyo:Gensokyo","TheBeyond","TheEnding"],"potions_floor_usage":[7,7,20,50,50,55],"damage_taken":[{"damage":0,"enemies":"Gensokyo:Gryphon","floor":1,"turns":3},{"damage":0,"enemies":"Gensokyo:2_Kodama","floor":3,"turns":3},{"damage":0,"enemies":"Gensokyo:Python","floor":4,"turns":3},{"damage":3,"enemies":"Gensokyo:Gryphon_and_Rabbit","floor":5,"turns":7},{"damage":4,"enemies":"Gensokyo:Cirno","floor":7,"turns":8},{"damage":0,"enemies":"Gensokyo:LivingMonolith","floor":8,"turns":3},{"damage":0,"enemies":"Gensokyo:VengefulSpirit","floor":9,"turns":7},{"damage":0,"enemies":"Gensokyo:VengefulSpirit","floor":11,"turns":5},{"damage":18,"enemies":"Gensokyo:Reimu","floor":16,"turns":18},{"damage":0,"enemies":"Gensokyo:Chomper","floor":18,"turns":3},{"damage":0,"enemies":"Gensokyo:CosmicMonolith","floor":19,"turns":4},{"damage":0,"enemies":"Gensokyo:Wraith","floor":20,"turns":4},{"damage":2,"enemies":"Gensokyo:Slime_Group","floor":22,"turns":6},{"damage":52,"enemies":"Gensokyo:Swordslinger","floor":25,"turns":4},{"damage":6,"enemies":"Gensokyo:Wraith","floor":26,"turns":5},{"damage":0,"enemies":"Gensokyo:Wraith","floor":28,"turns":4},{"damage":0,"enemies":"Gensokyo:Koishi","floor":29,"turns":3},{"damage":0,"enemies":"Gensokyo:Monolith_and_Dog","floor":30,"turns":6},{"damage":2,"enemies":"Gensokyo:Slime_Group","floor":31,"turns":3},{"damage":0,"enemies":"Gensokyo:Kaguya","floor":33,"turns":8},{"damage":5,"enemies":"3 Shapes","floor":35,"turns":1},{"damage":11,"enemies":"Orb Walker","floor":37,"turns":2},{"damage":0,"enemies":"3 Darklings","floor":38,"turns":4},{"damage":0,"enemies":"Mind Bloom Boss Battle","floor":39,"turns":4},{"damage":0,"enemies":"Giant Head","floor":45,"turns":5},{"damage":0,"enemies":"Reptomancer","floor":47,"turns":4},{"damage":0,"enemies":"Awakened One","floor":50,"turns":9},{"damage":28,"enemies":"Shield and Spear","floor":54,"turns":6},{"damage":47,"enemies":"Kars","floor":55,"turns":13}],"seed_played":"-6251758467770101982","potions_obtained":[{"floor":3,"key":"SteroidPotion"},{"floor":4,"key":"SkillPotion"},{"floor":5,"key":"Explosive Potion"},{"floor":11,"key":"Block Potion"},{"floor":20,"key":"BlessingOfTheForge"},{"floor":22,"key":"hexamod:EctoCoolerPotion"},{"floor":30,"key":"Block Potion"},{"floor":37,"key":"Regen Potion"}],"is_trial":false,"path_per_floor":["M","?","M","M","M","R","E","M","MIM","?","M","?","?","$","R","B",null,"M","M","M","$","M","R","?","M","MIM","$","M","E","M","M","R","B",null,"M","?","M","M","?","R","?","$","T","R","E","R","E","$","R","B",null,"R","$","E","B",null],"character_chosen":"SHADE","items_purchased":["Shade:OpenGraves","Boot","Shade:Bonestorm","Shade:Carnophage","Shade:StitchTogether","Master of Strategy","Bag of Marbles","HandDrill","Orrery","Shade:AuraOfUnlife","Nunchaku"],"campfire_rested":0,"item_purchase_floors":[14,14,14,21,27,27,27,27,42,48,53],"current_hp_per_floor":[71,71,71,71,68,68,64,64,64,64,66,52,52,52,52,42,71,71,71,71,71,69,69,69,19,15,15,15,22,31,33,33,48,71,66,66,58,63,68,68,68,68,68,68,71,71,71,71,71,71,71,71,71,48,33],"gold":73,"neow_bonus":"TEN_PERCENT_HP_BONUS","is_daily":false,"chose_seed":false,"campfire_upgraded":8,"win_rate":0.0,"timestamp":1607980855,"path_taken":["M","?","?","M","M","R","E","M","MIM","?","?","?","?","$","R","BOSS","M","?","?","?","M","R","?","M","MIM","$","M","E","?","M","R","BOSS","M","?","M","M","?","R","?","$","T","R","E","R","E","?","R","BOSS","R","$","E","BOSS"],"items_purchased_type":["Card","Relic","Card","Card","Card","Card","Relic","Relic","Relic","Card","Relic"],"build_version":"2020-12-13","purchased_purges":2,"victory":true,"max_hp_per_floor":[71,71,71,71,71,71,71,71,71,71,71,71,71,71,71,71,71,71,71,71,71,71,71,71,71,71,71,71,71,71,71,71,71,71,71,71,71,71,71,71,71,71,71,71,71,71,71,71,71,71,71,71,71,71,71],"card_choices":[{"not_picked":["Shade:WallOfFlesh","Shade:CoffinDance"],"picked":"Shade:FreshBones","floor":1},{"not_picked":["Shade:SensePrey","Shade:SkeletonHug"],"picked":"Shade:SoulToxin","floor":3},{"not_picked":["Shade:PotionOfRestlessness","Shade:Awaken"],"picked":"Shade:CallOfTheGrave","floor":4},{"not_picked":["Shade:FuneraryArmor","Shade:ExtraLimbs"],"picked":"Shade:FleshLikeOak","floor":5},{"not_picked":["Shade:DangerousRitual","Shade:SkeletonHug"],"picked":"Shade:FleshToFlesh","floor":7},{"not_picked":["Shade:OneIsEnough","Shade:Frenzy"],"picked":"Shade:Trample","floor":8},{"not_picked":["Shade:CallWraith","Shade:RavenousHorde"],"picked":"Shade:ScuttlingHand","floor":9},{"not_picked":[],"picked":"Shade:Bite_Shade","floor":10},{"not_picked":[],"picked":"Shade:FingerOfDeath","floor":10},{"not_picked":[],"picked":"Shade:Asphyxiate","floor":10},{"not_picked":["Shade:PotionOfRestlessness","Shade:Trample"],"picked":"Shade:AuraOfUnlife","floor":11},{"not_picked":["Shade:OneIsEnough","Shade:LastGasp"],"picked":"Shade:LichForm","floor":16},{"not_picked":["Shade:Asphyxiate","Shade:ClawBack"],"picked":"Shade:AncientSpear","floor":18},{"not_picked":["Shade:BoneShards","Shade:Brains"],"picked":"Shade:FreshBones","floor":19},{"not_picked":["Shade:Awaken+1","Shade:Trample"],"picked":"Shade:WallOfFlesh","floor":20},{"not_picked":["Shade:RavenousHorde+1","Shade:CommandSoldier"],"picked":"Shade:GoDigging","floor":22},{"not_picked":["Shade:Premonition","Shade:LastGasp"],"picked":"Shade:Bonestorm","floor":25},{"not_picked":["Shade:CommandSoldier","Shade:SpontaneousRitual"],"picked":"Shade:WallOfFlesh","floor":26},{"not_picked":["Shade:Frenzy","Shade:GoDigging","Shade:DangerousRitual"],"picked":"SKIP","floor":28},{"not_picked":["Shade:SkeletonHug","Shade:StitchTogether"],"picked":"Shade:OpenGraves","floor":29},{"not_picked":["Shade:AncientSpear","Shade:SkeletonHug+1"],"picked":"Shade:Bite_Shade","floor":30},{"not_picked":["Shade:Patience+1","Shade:Carnophage","Shade:GraveStillness"],"picked":"SKIP","floor":31},{"not_picked":["Shade:OfferingToTheBeyond","Shade:OminousRitual"],"picked":"Shade:Tombstone","floor":33},{"not_picked":["Shade:GreyBargain+1","Shade:Frenzy","Shade:CommandSoldier+1"],"picked":"SKIP","floor":35},{"not_picked":["Shade:StitchTogether","Shade:FeralStrike+1"],"picked":"Shade:CallWraith","floor":37},{"not_picked":["Shade:CloudOfShrapnel","Shade:SpectralStrikes"],"picked":"Shade:FleshToFlesh","floor":38},{"not_picked":["Shade:Frenzy","Shade:FleshToFlesh"],"picked":"Shade:Bonestorm+1","floor":39},{"not_picked":["Shade:Trample+1","Shade:CoffinDance"],"picked":"Shade:Brains","floor":42},{"not_picked":["Shade:Frenzy+1","Shade:Premonition+1"],"picked":"Shade:Bonestorm+1","floor":42},{"not_picked":["Shade:FreshBones+1","Shade:CommandSoldier+1"],"picked":"Shade:TouchOfTheGrave","floor":42},{"not_picked":["Shade:PoundOfFlesh+1","Shade:CloudOfShrapnel+1"],"picked":"Shade:FuneraryArmor+1","floor":45},{"not_picked":["Shade:UnbarTheGrave","Shade:PressTheAttack","Shade:Frenzy+1"],"picked":"SKIP","floor":47},{"not_picked":["Shade:SkeletonHug","Shade:Patience+1","Shade:Trample+1"],"picked":"SKIP","floor":54}],"player_experience":270189,"relics_obtained":[{"floor":7,"key":"Oddly Smooth Stone"},{"floor":9,"key":"War Paint"},{"floor":16,"key":"Gensokyo:OccultBall"},{"floor":19,"key":"Gensokyo:OccultBall"},{"floor":26,"key":"Mummified Hand"},{"floor":29,"key":"PreservedInsect"},{"floor":33,"key":"Gensokyo:OccultBall"},{"floor":39,"key":"WingedGreaves"},{"floor":45,"key":"Mercury Hourglass"},{"floor":47,"key":"White_Cape"},{"floor":54,"key":"Ornamental Fan"}],"event_choices":[{"cards_removed":["Shade:Bonestorm"],"damage_healed":0,"gold_gain":0,"player_choice":"Removed Attack","damage_taken":0,"max_hp_gain":0,"max_hp_loss":0,"event_name":"Falling","floor":36,"gold_loss":0},{"damage_healed":0,"gold_gain":0,"player_choice":"Fight","damage_taken":0,"max_hp_gain":0,"max_hp_loss":0,"event_name":"MindBloom","floor":39,"gold_loss":0},{"damage_healed":0,"gold_gain":0,"player_choice":"Ignored","damage_taken":0,"max_hp_gain":0,"max_hp_loss":0,"event_name":"Tomb of Lord Red Mask","floor":41,"gold_loss":0}],"is_beta":false,"boss_relics":[{"not_picked":["hubris:Stopwatch","hubris:CrackedHourglass"],"picked":"Coffee Dripper"},{"not_picked":["SacredBark","hubris:TerracottaHorce"],"picked":"Shade:YorickPolishedSkull"}],"items_purged_floors":[14,42],"is_endless":false,"potions_floor_spawned":[3,4,5,11,20,22,30,31,35,37,38],"ascension_level":0}}