{"host":"mvw7i28zi3kj0eu9","time":1607925206,"event":{"mods":["AchievementEnabler","BaseMod","Better Third Choice","BetterRewards","Block Reminder","Conspire","Custom Start","Downfall","Energized Spire","Halation","Hermit","Hubris","Infinite Spire","Jorbs\u0027s Wanderer Trilogy","Minty Spire (QoL Compilation)","Replay The Spire","Shop Mod","Small Relic Pack","Spikes Relics","StSLib","The Blue Laboratory","The Necromancer","The Servant 0.9.4","Virulent Crown"],"gold_per_floor":[114,132,132,132,132,160,160,172,224,79,95,115,135,163,163,266,266,276,292,304,304,315,315,343,358,382,382,382,415,428,528,528,623,623,642,389,349,362,378,409,424,424,479,479,499,528,548,560,560,560,560],"floor_reached":50,"playtime":1286,"items_purged":["Defend_B","Voices","Strike_B"],"score":708,"play_id":"8a3ab5f3-a8bb-4b5b-b2aa-f727433e495d","local_time":"20201214065326","is_ascension_mode":false,"campfire_choices":[{"data":"hubris:PowerSurge","floor":7,"key":"SMITH"},{"data":"Defragment","floor":15,"key":"SMITH"},{"data":"Rainbow","floor":23,"key":"SMITH"},{"data":"Glacier","floor":27,"key":"SMITH"},{"data":"infinitespire:Oblivion","floor":32,"key":"SMITH"},{"data":"Dualcast","floor":42,"key":"SMITH"},{"data":"Ball Lightning","floor":49,"key":"SMITH"}],"circlet_count":0,"master_deck":["Strike_B+1","Strike_B","Defend_B+1","Zap+1","Dualcast+1","hubris:PowerSurge+1","Ball Lightning","Glacier+1","White Noise+1","Ball Lightning+1","Rainbow+1","Cold Snap+1","Defragment+1","infinitespire:Oblivion+1","hubris:DoWhile+1","CurseOfTheBell","Loop+1"],"relics":["Cracked Core","Runic Capacitor","halation:PromiseList","War Paint","infinitespire:Lucky Rock","Akabeko","hubris:TenFootPole","Sozu","Bronze Scales","ReplayFunnel","Ring of Fury","Unceasing Top","Replay:Wanted Poster","WizardHat","Calling Bell","Ancient Tea Set","Frozen Egg 2","Anchor","halation:Trompette","Whetstone","Raider\u0027s Mask","Empty Cage","Geode"],"acts_visited":["Exordium","TheCity","TheBeyond"],"potions_floor_usage":[29],"damage_taken":[{"damage":0,"enemies":"Small Slimes","floor":1,"turns":3},{"damage":0,"enemies":"Jaw Worm","floor":2,"turns":3},{"damage":16,"enemies":"Lagavulin","floor":6,"turns":4},{"damage":0,"enemies":"Cultist","floor":8,"turns":2},{"damage":4,"enemies":"Gremlin Gang","floor":11,"turns":3},{"damage":11,"enemies":"Large Slime","floor":12,"turns":2},{"damage":0,"enemies":"Blue Slaver","floor":13,"turns":3},{"damage":4,"enemies":"Gremlin Nob","floor":14,"turns":3},{"damage":0,"enemies":"Slime Boss","floor":16,"turns":5},{"damage":0,"enemies":"Spheric Guardian","floor":18,"turns":2},{"damage":0,"enemies":"Chosen","floor":19,"turns":3},{"damage":1,"enemies":"Snecko","floor":20,"turns":4},{"damage":0,"enemies":"Cultist and Chosen","floor":22,"turns":5},{"damage":0,"enemies":"Gremlin Leader","floor":24,"turns":4},{"damage":0,"enemies":"Snake Plant","floor":25,"turns":2},{"damage":0,"enemies":"Slavers","floor":29,"turns":4},{"damage":13,"enemies":"Centurion and Healer","floor":30,"turns":4},{"damage":0,"enemies":"conspire:MysteriousRune","floor":33,"turns":5},{"damage":0,"enemies":"3 Darklings","floor":35,"turns":3},{"damage":0,"enemies":"3 Shapes","floor":38,"turns":2},{"damage":0,"enemies":"Writhing Mass","floor":39,"turns":3},{"damage":9,"enemies":"Nightmare","floor":40,"turns":7},{"damage":0,"enemies":"Transient","floor":41,"turns":5},{"damage":0,"enemies":"3 Darklings","floor":45,"turns":3},{"damage":1,"enemies":"R_Hoarder","floor":46,"turns":4},{"damage":0,"enemies":"Maw","floor":47,"turns":4},{"damage":0,"enemies":"Jaw Worm Horde","floor":48,"turns":3},{"damage":87,"enemies":"conspire:OrnateMirror","floor":50,"turns":2}],"seed_played":"8754332918175286066","potions_obtained":[{"floor":1,"key":"Venom Potion"},{"floor":8,"key":"blueLaboratory:HorrorPotion"},{"floor":12,"key":"LifebloodPotion"}],"is_trial":false,"path_per_floor":["M","M","?","?","$","E","R","M","T","$","M","M","M","E","R","B",null,"M","M","M","?","M","R","E","M","T","R","?","E","M","AVR","R","B",null,"M","$","?","M","M","NM","M","R","T","AVR","M","E","M","M","R","B"],"character_chosen":"DEFECT","items_purchased":["Runic Capacitor","hubris:PowerSurge","Ball Lightning","Glacier","halation:PromiseList","White Noise+1","Ball Lightning","War Paint","Rainbow","Anchor"],"campfire_rested":0,"item_purchase_floors":[0,0,0,0,0,0,0,0,10,36],"current_hp_per_floor":[75,75,75,68,68,52,52,52,52,52,48,37,37,33,33,33,75,75,75,74,74,74,74,74,74,74,74,74,74,61,61,61,61,75,75,75,75,75,75,66,66,66,66,66,66,65,65,65,65,0,0],"gold":560,"neow_bonus":"","is_daily":false,"chose_seed":false,"campfire_upgraded":7,"win_rate":0.0,"timestamp":1607925206,"path_taken":["M","M","?","?","?","E","R","M","T","$","?","M","M","E","R","BOSS","M","?","M","?","M","R","E","M","T","R","?","E","M","AVR","R","BOSS","M","$","?","M","M","NM","M","R","T","AVR","M","E","M","?","R","BOSS"],"items_purchased_type":["Relic","Card","Card","Card","Relic","Card","Card","Relic","Card","Relic"],"build_version":"2020-12-13","purchased_purges":3,"victory":false,"max_hp_per_floor":[75,75,75,75,75,75,75,75,75,75,75,75,75,75,75,75,75,75,75,75,75,75,75,75,75,75,75,75,75,75,75,75,75,75,75,75,75,75,75,75,75,75,75,75,75,75,75,75,75,75,75],"card_choices":[{"not_picked":["Recycle","Crystallizer","Self Repair"],"picked":"SKIP","floor":1},{"not_picked":["Sweeping Beam","Undo","Tempest"],"picked":"SKIP","floor":2},{"not_picked":["Beam Cell","Gash","Redo"],"picked":"SKIP","floor":6},{"not_picked":["Recycle","Sweeping Beam","Rebound"],"picked":"SKIP","floor":8},{"not_picked":["Darkness","Time Bomb","Beam Cell"],"picked":"SKIP","floor":11},{"not_picked":["Panic Button","Sweeping Beam"],"picked":"Cold Snap","floor":12},{"not_picked":["Turbo","Conserve Battery","Genetic Algorithm"],"picked":"SKIP","floor":13},{"not_picked":["Go for the Eyes","Storm"],"picked":"Defragment","floor":14},{"not_picked":["conspire:Rain+1","ReplaySort","Sweeping Beam+1"],"picked":"SKIP","floor":18},{"not_picked":["Cold Snap","Beam Cell","Heatsinks"],"picked":"SKIP","floor":19},{"not_picked":["Hologram+1","Hello World+1","Panic Button"],"picked":"SKIP","floor":20},{"not_picked":["Meteor Strike","ReplayTheSpireMod:Repulse+1","Conserve Battery"],"picked":"SKIP","floor":22},{"not_picked":["Beam Cell","Hello World+1","Panic Button+1"],"picked":"SKIP","floor":24},{"not_picked":["Recycle","Streamline","Leap"],"picked":"SKIP","floor":25},{"not_picked":["Buffer","ReplayTheSpireMod:Repulse","Steam"],"picked":"SKIP","floor":29},{"not_picked":["Coolheaded+1","Stack","Steam"],"picked":"SKIP","floor":30},{"not_picked":["Mirror Shield","Biased Cognition"],"picked":"hubris:DoWhile","floor":33},{"not_picked":["Static Discharge+1","Steam","ReplayTheSpireMod:Dual Polarity"],"picked":"SKIP","floor":35},{"not_picked":["Scrape","Hologram+1","Reinforced Body"],"picked":"SKIP","floor":38},{"not_picked":["Gash","Beam Cell+1","FIFO Queue+1"],"picked":"SKIP","floor":39},{"not_picked":["Amplify","Coolheaded+1"],"picked":"Loop+1","floor":40},{"not_picked":["Turbo","Aggregate","Stack"],"picked":"SKIP","floor":41},{"not_picked":["Rip and Tear","ReplayTheSpireMod:System Scan+1","Coolheaded"],"picked":"SKIP","floor":45},{"not_picked":["Gash+1","hubris:Prefetch","Sweeping Beam+1"],"picked":"SKIP","floor":46},{"not_picked":["Lockon","FIFO Queue+1","Aggregate+1"],"picked":"SKIP","floor":47},{"not_picked":["Ball Lightning+1","Sweeping Beam","Go for the Eyes"],"picked":"SKIP","floor":48}],"player_experience":835514,"relics_obtained":[{"floor":6,"key":"infinitespire:Lucky Rock"},{"floor":9,"key":"Akabeko"},{"floor":14,"key":"hubris:TenFootPole"},{"floor":24,"key":"Bronze Scales"},{"floor":26,"key":"ReplayFunnel"},{"floor":28,"key":"Ring of Fury"},{"floor":29,"key":"Unceasing Top"},{"floor":34,"key":"Ancient Tea Set"},{"floor":34,"key":"Frozen Egg 2"},{"floor":40,"key":"halation:Trompette"},{"floor":43,"key":"Whetstone"},{"floor":46,"key":"Geode"}],"event_choices":[{"cards_removed":["Defend_B"],"damage_healed":0,"gold_gain":0,"player_choice":"Card Removal","damage_taken":7,"max_hp_gain":0,"max_hp_loss":0,"event_name":"Golden Wing","floor":4,"gold_loss":0},{"damage_healed":0,"gold_gain":0,"player_choice":"Upgrade","damage_taken":0,"max_hp_gain":0,"max_hp_loss":0,"event_name":"Designer","floor":37,"gold_loss":40,"cards_upgraded":["hubris:DoWhile"]}],"is_beta":false,"boss_relics":[{"not_picked":["halation:HeavySnake","FrozenCore"],"picked":"Sozu"},{"not_picked":["ChewingGum","halation:Yufonium"],"picked":"Calling Bell"}],"items_purged_floors":[10,31,36],"is_endless":true,"potions_floor_spawned":[1,8,12,13,18,22,25,33,35,38,41,48],"killed_by":"conspire:OrnateMirror","ascension_level":0}}