{"host":"oihpulxxofncj7su","time":1607913464,"event":{"mods":["AchievementEnabler","BaseMod","Bestiary","BetterRewards","Colored Powertips","Highlight Path","Minty Spire (QoL Compilation)","Quick Restart","Spicy Shops","StSLib","The Cursed","The Servant 0.9.4"],"gold_per_floor":[116,126,126,137,152,152,5,16,93,58,58,71,105,124,124,229,229,242,242,226,245,344,344,378,378,378,74,74,85,85,5,5,101,101,113,131,31,31,31],"floor_reached":38,"playtime":7114,"items_purged":["TheCursedMod:Defend_TheCursed","TheCursedMod:Strike_TheCursed"],"score":471,"play_id":"6b1398b6-48c1-4cd6-bd67-9db534940d38","local_time":"20201213213744","is_ascension_mode":false,"campfire_choices":[{"data":"TheCursedMod:TacticalStrike","floor":6,"key":"SMITH"},{"data":"TheCursedMod:LuckyCharm","floor":11,"key":"SMITH"},{"data":"TheCursedMod:CircleOfFlame","floor":15,"key":"SMITH"},{"data":"TheCursedMod:CollectTribute","floor":23,"key":"SMITH"},{"floor":30,"key":"RECALL"},{"floor":32,"key":"REST"}],"circlet_count":0,"master_deck":["TheCursedMod:Strike_TheCursed","TheCursedMod:Strike_TheCursed","TheCursedMod:Defend_TheCursed","TheCursedMod:Defend_TheCursed+1","TheCursedMod:CursedWand","TheCursedMod:CleanUpWorkshop+1","TheCursedMod:Dregs","TheCursedMod:CursedArmor","TheCursedMod:LuckyCharm","TheCursedMod:RapidMovement","TheCursedMod:TacticalStrike+1","TheCursedMod:CursedShiv","TheCursedMod:LuckyCharm+1","TheCursedMod:Wield","TheCursedMod:FleshFromBone","TheCursedMod:CircleOfFlame+1","TheCursedMod:CollectTribute+1","TheCursedMod:CircleOfFlame","TheCursedMod:WearCloak","TheCursedMod:TacticalStrike","TheCursedMod:CircleOfFlame+1","TheCursedMod:EmpowerCircles","TheCursedMod:SurpriseAttack+1","TheCursedMod:HellfireBreathing","TheCursedMod:OutForBlood","CurseOfTheBell","TheCursedMod:SaltUponWound+1","TheCursedMod:Hemoplague+1"],"relics":["TheCursedMod:BlackMagic101","Toy Ornithopter","Pocketwatch","TheCursedMod:FourLeafCloverCharm","War Paint","Toxic Egg 2","Matryoshka","TheAbacus","Ginger","Calling Bell","Strawberry","Gremlin Horn","Turnip"],"acts_visited":["Exordium","TheCity","TheBeyond"],"potions_floor_usage":[5,13,18,21],"damage_taken":[{"damage":0,"enemies":"Cultist","floor":1,"turns":4},{"damage":0,"enemies":"Small Slimes","floor":2,"turns":4},{"damage":0,"enemies":"2 Louse","floor":4,"turns":3},{"damage":17,"enemies":"Lots of Slimes","floor":5,"turns":8},{"damage":3,"enemies":"Exordium Wildlife","floor":8,"turns":3},{"damage":3,"enemies":"Blue Slaver","floor":12,"turns":5},{"damage":0,"enemies":"3 Sentries","floor":13,"turns":8},{"damage":0,"enemies":"Large Slime","floor":14,"turns":7},{"damage":15,"enemies":"Slime Boss","floor":16,"turns":17},{"damage":0,"enemies":"Spheric Guardian","floor":18,"turns":5},{"damage":2,"enemies":"2 Thieves","floor":20,"turns":4},{"damage":1,"enemies":"Snake Plant","floor":21,"turns":5},{"damage":24,"enemies":"Slavers","floor":24,"turns":6},{"damage":3,"enemies":"3 Cultists","floor":29,"turns":5},{"damage":16,"enemies":"Champ","floor":33,"turns":10},{"damage":6,"enemies":"Orb Walker","floor":35,"turns":6},{"damage":9,"enemies":"3 Shapes","floor":36,"turns":5},{"damage":110,"enemies":"2 Orb Walkers","floor":38,"turns":4}],"seed_played":"825206100522902631","potions_obtained":[{"floor":1,"key":"SteroidPotion"},{"floor":4,"key":"FairyPotion"},{"floor":12,"key":"PowerPotion"},{"floor":13,"key":"Swift Potion"},{"floor":20,"key":"Fruit Juice"},{"floor":36,"key":"SpeedPotion"}],"is_trial":false,"path_per_floor":["M","M","?","M","M","R","$","M","T","?","R","M","E","M","R","B",null,"M","?","M","M","?","R","E","T","T","$","?","M","R","$","R","B",null,"M","M","$","?"],"character_chosen":"THE_CURSED","items_purchased":["TheCursedMod:CursedShiv","TheCursedMod:LuckyCharm","TheAbacus","TheCursedMod:EmpowerCircles","TheCursedMod:HellfireBreathing"],"campfire_rested":1,"item_purchase_floors":[7,7,27,27,31],"current_hp_per_floor":[75,75,75,75,58,58,58,55,55,73,73,70,75,75,75,60,75,75,75,73,79,79,79,55,55,55,55,55,52,52,52,76,60,87,81,72,72,0,0],"gold":31,"neow_bonus":"RANDOM_COMMON_RELIC","is_daily":false,"chose_seed":false,"campfire_upgraded":4,"win_rate":0.0,"timestamp":1607913464,"path_taken":["M","M","?","?","M","R","$","M","T","?","R","M","E","M","R","BOSS","M","?","?","M","?","R","E","?","T","$","?","?","R","$","R","BOSS","M","M","$","?"],"items_purchased_type":["Card","Card","Relic","Card","Card"],"build_version":"2020-12-13","purchased_purges":2,"victory":false,"max_hp_per_floor":[75,75,75,75,75,75,75,75,75,75,75,75,75,75,75,75,75,75,75,75,80,80,80,80,80,80,80,80,80,80,80,80,80,87,87,87,87,87,87],"card_choices":[{"not_picked":["TheCursedMod:Hemoplague","TheCursedMod:RavingStaff"],"picked":"TheCursedMod:CursedArmor","floor":1},{"not_picked":["TheCursedMod:VitalStrike","TheCursedMod:CursedAmulet"],"picked":"TheCursedMod:LuckyCharm","floor":2},{"not_picked":["TheCursedMod:CircleOfAmplification","TheCursedMod:SurpriseAttack"],"picked":"TheCursedMod:RapidMovement","floor":4},{"not_picked":["TheCursedMod:ReleasedKnowledge","TheCursedMod:CursedMace"],"picked":"TheCursedMod:TacticalStrike","floor":5},{"not_picked":["TheCursedMod:CircleOfFocus","TheCursedMod:Stigma"],"picked":"TheCursedMod:Wield","floor":8},{"not_picked":["TheCursedMod:BloodBarrier","TheCursedMod:Stretching","TheCursedMod:EmpowerCircles"],"picked":"SKIP","floor":12},{"not_picked":["TheCursedMod:SpitefulPray","TheCursedMod:CircleOfAbyss"],"picked":"TheCursedMod:FleshFromBone","floor":13},{"not_picked":["TheCursedMod:Wield","TheCursedMod:Stretching"],"picked":"TheCursedMod:CircleOfFlame","floor":14},{"not_picked":["TheCursedMod:CursedRelics","TheCursedMod:StunningStrike"],"picked":"TheCursedMod:CollectTribute","floor":16},{"not_picked":["TheCursedMod:AshesToAshes+1","TheCursedMod:SmokeScreen"],"picked":"TheCursedMod:CircleOfFlame","floor":18},{"not_picked":["TheCursedMod:SurpriseAttack","TheCursedMod:CursedBoomerang"],"picked":"TheCursedMod:TacticalStrike","floor":20},{"not_picked":["TheCursedMod:SoulCrush","TheCursedMod:CursedStaff","TheCursedMod:AshesToAshes+1"],"picked":"SKIP","floor":21},{"not_picked":["TheCursedMod:FuryStrike","TheCursedMod:AbyssShockwave"],"picked":"TheCursedMod:CircleOfFlame+1","floor":24},{"not_picked":["TheCursedMod:VitalStrike","TheCursedMod:Obscuration+1"],"picked":"TheCursedMod:SurpriseAttack+1","floor":29},{"not_picked":["TheCursedMod:Neurasthenia+1","TheCursedMod:DemonicPact"],"picked":"TheCursedMod:OutForBlood","floor":33},{"not_picked":["TheCursedMod:CursedShiv+1","TheCursedMod:SoulCrush"],"picked":"TheCursedMod:SaltUponWound+1","floor":35},{"not_picked":["TheCursedMod:SoulReap+1","TheCursedMod:VitalStrike"],"picked":"TheCursedMod:Hemoplague+1","floor":36}],"player_experience":382289,"relics_obtained":[{"floor":13,"key":"Pocketwatch"},{"floor":24,"key":"War Paint"},{"floor":25,"key":"Toxic Egg 2"},{"floor":26,"key":"Matryoshka"},{"floor":34,"key":"Strawberry"},{"floor":34,"key":"Gremlin Horn"},{"floor":34,"key":"Turnip"}],"event_choices":[{"cards_removed":["TheCursedMod:Defend_TheCursed"],"damage_healed":0,"gold_gain":0,"player_choice":"Offered Basic","damage_taken":0,"max_hp_gain":0,"max_hp_loss":0,"event_name":"Bonfire Elementals","floor":3,"gold_loss":0},{"damage_healed":18,"gold_gain":0,"player_choice":"Healed","damage_taken":0,"max_hp_gain":0,"max_hp_loss":0,"event_name":"The Cleric","floor":10,"gold_loss":35},{"damage_healed":0,"gold_gain":0,"cards_transformed":["TheCursedMod:Strike_TheCursed"],"player_choice":"Transformed","damage_taken":0,"max_hp_gain":0,"max_hp_loss":0,"event_name":"Transmorgrifier","floor":19,"gold_loss":0,"cards_obtained":["TheCursedMod:WearCloak"]},{"damage_healed":0,"gold_gain":99,"player_choice":"Stole From Cult","damage_taken":0,"max_hp_gain":0,"max_hp_loss":0,"event_name":"Nest","floor":22,"gold_loss":0},{"damage_healed":0,"gold_gain":0,"player_choice":"Opened","damage_taken":0,"relics_obtained":["Ginger"],"max_hp_gain":0,"max_hp_loss":0,"event_name":"The Mausoleum","floor":28,"gold_loss":0},{"damage_healed":0,"gold_gain":0,"player_choice":"Fight","damage_taken":0,"max_hp_gain":0,"max_hp_loss":0,"event_name":"Mysterious Sphere","floor":38,"gold_loss":0}],"is_beta":false,"boss_relics":[{"not_picked":["Runic Pyramid","TheCursedMod:BlackMagicAdvanced"],"picked":"TheCursedMod:FourLeafCloverCharm"},{"not_picked":["Black Star","Philosopher\u0027s Stone"],"picked":"Calling Bell"}],"items_purged_floors":[27,37],"is_endless":false,"potions_floor_spawned":[1,4,12,13,20,36],"killed_by":"2 Orb Walkers","ascension_level":0}}