{"host":"08sn1703g14rasc1","time":1607947208,"event":{"mods":["AchievementEnabler","BaseMod","Colored Map","Colored Powertips","Hermit","Minty Spire (QoL Compilation)","StSLib"],"gold_per_floor":[118,128,128,0,13,13,24,24,75,75,109,109,119,119,119,217,217,233,133,158,158,33,33,33,33,103,132,57,70,100,13,13,116,116,136,136,152,168,468,468,468],"floor_reached":40,"playtime":1287,"items_purged":["Defend_B","Strike_B","Writhe"],"score":567,"play_id":"8943dd26-b315-459d-ad72-086198554f6a","local_time":"20201214040008","is_ascension_mode":true,"campfire_choices":[{"floor":6.0,"key":"REST"},{"data":"Zap","floor":8.0,"key":"SMITH"},{"data":"Dualcast","floor":12.0,"key":"SMITH"},{"data":"Sunder","floor":15.0,"key":"SMITH"},{"floor":23.0,"key":"REST"},{"floor":25.0,"key":"REST"},{"floor":32.0,"key":"REST"}],"circlet_count":0,"master_deck":["Defend_B","Zap+1","Dualcast+1","Gash","Melter","Sunder+1","Cold Snap+1","FTL","Ball Lightning+1","Capacitor","Gash","Machine Learning","BootSequence","Barrage","Streamline+1","Rip and Tear","Go for the Eyes","Bandage Up","Seek","Beam Cell","Defragment+1","Hologram"],"relics":["Cracked Core","Boot","Whetstone","Inserter","Red Mask","Dead Branch","DataDisk","InkBottle","Bottled Tornado","Anchor","Empty Cage"],"acts_visited":["Exordium","TheCity","TheBeyond"],"potions_floor_usage":[40,40],"damage_taken":[{"damage":3.0,"enemies":"Small Slimes","floor":1.0,"turns":3.0},{"damage":1.0,"enemies":"Cultist","floor":2.0,"turns":4.0},{"damage":0.0,"enemies":"2 Louse","floor":5.0,"turns":2.0},{"damage":0.0,"enemies":"Large Slime","floor":7.0,"turns":4.0},{"damage":14.0,"enemies":"Lagavulin","floor":11.0,"turns":4.0},{"damage":3.0,"enemies":"3 Louse","floor":13.0,"turns":2.0},{"damage":15.0,"enemies":"Slime Boss","floor":16.0,"turns":6.0},{"damage":7.0,"enemies":"Chosen","floor":18.0,"turns":3.0},{"damage":22.0,"enemies":"Masked Bandits","floor":20.0,"turns":4.0},{"damage":31.0,"enemies":"Book of Stabbing","floor":27.0,"turns":4.0},{"damage":0.0,"enemies":"2 Thieves","floor":29.0,"turns":3.0},{"damage":18.0,"enemies":"Slavers","floor":30.0,"turns":5.0},{"damage":5.0,"enemies":"Automaton","floor":33.0,"turns":10.0},{"damage":22.0,"enemies":"3 Darklings","floor":35.0,"turns":5.0},{"damage":4.0,"enemies":"3 Shapes","floor":37.0,"turns":4.0},{"damage":24.0,"enemies":"Sphere and 2 Shapes","floor":38.0,"turns":3.0},{"damage":63,"enemies":"Giant Head","floor":40,"turns":7}],"seed_played":"7682795412994624687","potions_obtained":[{"floor":1.0,"key":"Block Potion"},{"floor":11.0,"key":"DuplicationPotion"},{"floor":14.0,"key":"Ancient Potion"},{"floor":14.0,"key":"LiquidMemories"},{"floor":16.0,"key":"Regen Potion"},{"floor":27.0,"key":"SkillPotion"},{"floor":29.0,"key":"Explosive Potion"},{"floor":33.0,"key":"Fire Potion"},{"floor":37.0,"key":"Fire Potion"}],"is_trial":false,"path_per_floor":["M","M","?","$","M","R","M","R","T","?","E","R","M","?","R","B",null,"M","$","?","?","$","R","?","R","T","E","?","M","E","$","R","B",null,"M","?","M","M","?","E"],"character_chosen":"DEFECT","items_purchased":["Cold Snap","Bandage Up"],"campfire_rested":4,"item_purchase_floors":[4,31],"current_hp_per_floor":[47,46,46,46,46,68,68,68,68,73,59,59,56,56,56,41,70,63,63,41,41,41,65,65,80,80,54,54,54,36,36,60,59,75,57,57,57,37,37,0,0],"gold":468,"neow_bonus":"REMOVE_TWO","is_daily":false,"chose_seed":false,"campfire_upgraded":3,"win_rate":0.0,"timestamp":1607947208,"path_taken":["M","M","?","$","M","R","M","R","T","?","E","R","M","?","R","BOSS","M","?","?","?","$","R","?","R","T","E","?","M","E","?","R","BOSS","M","?","M","M","?","E"],"items_purchased_type":["Card","Card"],"build_version":"2020-12-13","purchased_purges":3,"victory":false,"max_hp_per_floor":[75,75,75,75,75,75,75,75,75,80,80,80,80,80,80,80,80,80,80,80,80,80,80,80,80,80,80,80,80,80,80,80,80,80,80,80,80,80,80,80,80],"card_choices":[{"not_picked":["Blizzard","Turbo"],"picked":"Gash","floor":1.0},{"not_picked":["Hello World","Stack"],"picked":"Melter","floor":2.0},{"not_picked":["Melter","Beam Cell"],"picked":"FTL","floor":5.0},{"not_picked":["Chaos","Go for the Eyes"],"picked":"Ball Lightning","floor":7.0},{"not_picked":["Multi-Cast","Stack"],"picked":"Capacitor","floor":11.0},{"not_picked":["Barrage","Loop"],"picked":"Gash","floor":13.0},{"not_picked":["Thunder Strike","Creative AI"],"picked":"Machine Learning","floor":16.0},{"not_picked":["Sweeping Beam","Steam"],"picked":"BootSequence","floor":18.0},{"not_picked":["Undo","Rebound"],"picked":"Barrage","floor":20.0},{"not_picked":["Static Discharge+1","Sweeping Beam"],"picked":"Streamline+1","floor":27.0},{"not_picked":["Rebound","Barrage"],"picked":"Rip and Tear","floor":29.0},{"not_picked":["Darkness","Leap"],"picked":"Go for the Eyes","floor":30.0},{"not_picked":["Multi-Cast","Meteor Strike"],"picked":"Seek","floor":33.0},{"not_picked":["Reinforced Body+1","Heatsinks+1"],"picked":"Beam Cell","floor":35.0},{"not_picked":["Static Discharge","Steam"],"picked":"Defragment+1","floor":37.0},{"not_picked":["Static Discharge+1","Coolheaded"],"picked":"Hologram","floor":38.0}],"player_experience":395972,"relics_obtained":[{"floor":9.0,"key":"Boot"},{"floor":11.0,"key":"Whetstone"},{"floor":20.0,"key":"Red Mask"},{"floor":26.0,"key":"InkBottle"},{"floor":27.0,"key":"Bottled Tornado"},{"floor":30.0,"key":"Anchor"}],"event_choices":[{"damage_healed":0.0,"max_hp_gain":0.0,"max_hp_loss":0.0,"gold_gain":0.0,"cards_transformed":["Strike_B"],"event_name":"Living Wall","player_choice":"Change","floor":3.0,"gold_loss":0.0,"damage_taken":0.0,"cards_obtained":["Sunder"]},{"damage_healed":0.0,"max_hp_gain":5.0,"max_hp_loss":0.0,"gold_gain":0.0,"event_name":"Big Fish","player_choice":"Donut","floor":10.0,"gold_loss":0.0,"damage_taken":0.0},{"damage_healed":0.0,"max_hp_gain":0.0,"max_hp_loss":0.0,"gold_gain":0.0,"event_name":"Lab","player_choice":"Got Potions","floor":14.0,"gold_loss":0.0,"damage_taken":0.0},{"damage_healed":0.0,"max_hp_gain":0.0,"max_hp_loss":0.0,"gold_gain":0.0,"event_name":"Masked Bandits","player_choice":"Fought Bandits","floor":20.0,"gold_loss":0.0,"damage_taken":0.0},{"damage_healed":0.0,"max_hp_gain":0.0,"max_hp_loss":0.0,"gold_gain":0.0,"event_name":"The Mausoleum","player_choice":"Opened","floor":21.0,"gold_loss":0.0,"damage_taken":0.0,"relics_obtained":["Dead Branch"],"cards_obtained":["Writhe"]},{"damage_healed":0.0,"max_hp_gain":0.0,"max_hp_loss":0.0,"gold_gain":0.0,"event_name":"Addict","player_choice":"Stole Relic","floor":24.0,"gold_loss":0.0,"damage_taken":0.0,"relics_obtained":["DataDisk"],"cards_obtained":["Shame"]},{"cards_removed":["Shame"],"damage_healed":0.0,"max_hp_gain":0.0,"max_hp_loss":0.0,"gold_gain":0.0,"event_name":"Beggar","player_choice":"Gave Gold","floor":28.0,"gold_loss":75.0,"damage_taken":0.0},{"damage_healed":0.0,"max_hp_gain":0.0,"max_hp_loss":0.0,"gold_gain":0.0,"event_name":"Mysterious Sphere","player_choice":"Ignored","floor":36.0,"gold_loss":0.0,"damage_taken":0.0},{"damage_healed":0.0,"max_hp_gain":0.0,"max_hp_loss":0.0,"gold_gain":300.0,"event_name":"Wheel of Change","player_choice":"Gold","floor":39.0,"gold_loss":0.0,"damage_taken":0.0}],"is_beta":false,"boss_relics":[{"not_picked":["Fusion Hammer","FrozenCore"],"picked":"Inserter"},{"not_picked":["Coffee Dripper","Sozu"],"picked":"Empty Cage"}],"items_purged_floors":[4,19,22],"is_endless":false,"potions_floor_spawned":[1,11,16,27,29,33,37],"killed_by":"Giant Head","ascension_level":7}}