{"host":"2sct7qpnpunnnd84","time":1607913678,"event":{"mods":["BaseMod","Minty Spire (QoL Compilation)","Quick Restart","StSLib","The IronCluck"],"gold_per_floor":[113,133,133,152,152,22,22,22,22,22,38,38,113,127,127,228,228,241,251,251,128,128,139,139,159,186,186,186,186,199,219,219,323,323,337,307,323,323,323,323,356,356,356,356,367,386,103,114,114,114,114],"floor_reached":50,"playtime":4822,"items_purged":["Pain","Doubt"],"score":512,"play_id":"0f7e5f3e-429b-4dc0-aa1d-82dd88eeaefe","local_time":"20201213184118","is_ascension_mode":false,"campfire_choices":[{"floor":10.0,"key":"REST"},{"data":"Flex","floor":12.0,"key":"SMITH"},{"floor":15.0,"key":"REST"},{"data":"Armaments","floor":24.0,"key":"SMITH"},{"floor":32.0,"key":"REST"},{"floor":40.0,"key":"REST"},{"floor":42.0,"key":"REST"},{"floor":49,"key":"REST"}],"circlet_count":0,"master_deck":["Strike_R","Strike_R+1","Strike_R","Strike_R","Strike_R","Defend_R","Defend_R","Defend_R+1","Bash","Headbutt","Whirlwind","Inflame","Rampage","Flex+1","Thunderclap","Rage","Juggernaut","Spot Weakness","Heavy Blade","Armaments+1","Power Through","Pommel Strike+1","Decay","Spot Weakness","Clash","Blood for Blood+1","Feel No Pain","Shrug It Off+1","Flex","Madness","Madness","Blood for Blood","Clash+1","Clothesline","Clothesline+1","Cleave+1","Cleave","Feel No Pain","True Grit","Clothesline+1"],"relics":["Black Blood","Bronze Scales","Shuriken","Vajra","Busted Crown","WarpedTongs","Dream Catcher","MutagenicStrength","Nunchaku","StoneCalendar"],"acts_visited":["Exordium","TheCity","TheBeyond"],"potions_floor_usage":[45,48],"damage_taken":[{"damage":6.0,"enemies":"Cultist","floor":1.0,"turns":3.0},{"damage":5.0,"enemies":"Small Slimes","floor":2.0,"turns":4.0},{"damage":7.0,"enemies":"2 Louse","floor":4.0,"turns":2.0},{"damage":6.0,"enemies":"Blue Slaver","floor":11.0,"turns":3.0},{"damage":10.0,"enemies":"Gremlin Gang","floor":14.0,"turns":3.0},{"damage":54.0,"enemies":"The Guardian","floor":16.0,"turns":7.0},{"damage":4.0,"enemies":"3 Byrds","floor":18.0,"turns":3.0},{"damage":11.0,"enemies":"2 Thieves","floor":19.0,"turns":3.0},{"damage":4.0,"enemies":"Chosen and Byrds","floor":23.0,"turns":4.0},{"damage":4.0,"enemies":"3 Cultists","floor":25.0,"turns":5.0},{"damage":21.0,"enemies":"Snecko","floor":30.0,"turns":4.0},{"damage":13.0,"enemies":"Chosen and Byrds","floor":31.0,"turns":5.0},{"damage":35.0,"enemies":"Collector","floor":33.0,"turns":7.0},{"damage":2.0,"enemies":"3 Shapes","floor":35.0,"turns":4.0},{"damage":7.0,"enemies":"Orb Walker","floor":37.0,"turns":3.0},{"damage":76.0,"enemies":"Reptomancer","floor":41.0,"turns":6.0},{"damage":31,"enemies":"Jaw Worm Horde","floor":45,"turns":4},{"damage":21,"enemies":"Sphere and 2 Shapes","floor":46,"turns":5},{"damage":25,"enemies":"3 Darklings","floor":48,"turns":4},{"damage":106,"enemies":"Donu and Deca","floor":50,"turns":5}],"seed_played":"-7591130713171229158","potions_obtained":[{"floor":4.0,"key":"Swift Potion"},{"floor":11.0,"key":"ElixirPotion"},{"floor":19.0,"key":"SteroidPotion"},{"floor":23.0,"key":"Strength Potion"},{"floor":25.0,"key":"Strength Potion"},{"floor":36.0,"key":"Regen Potion"},{"floor":36.0,"key":"SkillPotion"},{"floor":41.0,"key":"SneckoOil"},{"floor":46,"key":"FairyPotion"}],"is_trial":false,"path_per_floor":["M","M","?","M","?","$","?","$","T","R","M","R","?","M","R","B",null,"M","M","?","$","$","M","R","M","T","?","?","?","M","M","R","B",null,"M","?","M","?","?","R","E","R","T","?","M","M","$","M","R","B"],"character_chosen":"IRONCLAD","items_purchased":["Rampage","Flex","Armaments","BlessingOfTheForge","Cleave","Feel No Pain"],"campfire_rested":6,"item_purchase_floors":[6,6,21,47,47,47],"current_hp_per_floor":[80,80,80,79,72,72,56,56,56,80,80,80,69,65,80,32,80,80,75,75,75,75,77,77,79,79,79,79,79,64,57,80,51,80,80,80,80,70,70,80,25,49,49,80,61,52,52,39,63,0,0],"gold":114,"neow_bonus":"RANDOM_COMMON_RELIC","is_daily":false,"chose_seed":false,"campfire_upgraded":2,"win_rate":0.0,"timestamp":1607913678,"path_taken":["M","M","?","M","?","$","?","?","T","R","?","R","?","M","R","BOSS","M","M","?","?","$","M","R","M","T","?","?","?","M","M","R","BOSS","M","?","?","?","?","R","E","R","T","?","M","M","$","M","R","BOSS"],"items_purchased_type":["Card","Card","Card","Potion","Card","Card"],"build_version":"2020-12-13","purchased_purges":2,"victory":false,"max_hp_per_floor":[80,80,80,80,80,80,80,80,80,80,80,80,80,80,80,80,80,80,80,80,80,80,80,80,80,80,80,80,80,80,80,80,80,80,80,80,80,80,80,80,80,80,80,80,80,80,80,80,80,80,80],"card_choices":[{"not_picked":["Twin Strike","Warcry"],"picked":"Headbutt","floor":1.0},{"not_picked":["Perfected Strike","Heavy Blade"],"picked":"Whirlwind","floor":2.0},{"not_picked":["Sword Boomerang","Body Slam"],"picked":"Inflame","floor":4.0},{"not_picked":["Warcry","Perfected Strike"],"picked":"Thunderclap","floor":11.0},{"not_picked":["Warcry","Clash"],"picked":"Rage","floor":14.0},{"not_picked":["Immolate","Fiend Fire"],"picked":"Juggernaut","floor":16.0},{"not_picked":[],"picked":"Spot Weakness","floor":18.0},{"not_picked":[],"picked":"Heavy Blade","floor":19.0},{"not_picked":[],"picked":"Power Through","floor":23.0},{"not_picked":[],"picked":"Pommel Strike+1","floor":25.0},{"not_picked":[],"picked":"Clash","floor":30.0},{"not_picked":[],"picked":"Blood for Blood+1","floor":31.0},{"not_picked":[],"picked":"Feel No Pain","floor":32.0},{"not_picked":[],"picked":"Shrug It Off+1","floor":35.0},{"not_picked":[],"picked":"Flex","floor":37.0},{"not_picked":[],"picked":"Blood for Blood","floor":40.0},{"not_picked":[],"picked":"Clash+1","floor":41.0},{"not_picked":[],"picked":"Clothesline","floor":42.0},{"not_picked":[],"picked":"Clothesline+1","floor":45},{"not_picked":[],"picked":"Cleave+1","floor":46},{"not_picked":[],"picked":"True Grit","floor":48},{"not_picked":[],"picked":"Clothesline+1","floor":49}],"player_experience":3348336,"relics_obtained":[{"floor":9.0,"key":"Vajra"},{"floor":26.0,"key":"Dream Catcher"},{"floor":41.0,"key":"Nunchaku"},{"floor":43.0,"key":"StoneCalendar"}],"event_choices":[{"damage_healed":0.0,"max_hp_gain":0.0,"max_hp_loss":0.0,"gold_gain":0.0,"event_name":"Golden Wing","player_choice":"Ignored","floor":3.0,"gold_loss":0.0,"damage_taken":0.0},{"damage_healed":0.0,"max_hp_gain":0.0,"max_hp_loss":0.0,"gold_gain":0.0,"event_name":"Scrap Ooze","player_choice":"Success","floor":5.0,"gold_loss":0.0,"damage_taken":7.0,"relics_obtained":["Shuriken"]},{"damage_healed":0.0,"max_hp_gain":0.0,"max_hp_loss":0.0,"gold_gain":0.0,"event_name":"Shining Light","player_choice":"Entered Light","floor":7.0,"gold_loss":0.0,"damage_taken":16.0,"cards_upgraded":["Defend_R","Strike_R"]},{"damage_healed":0.0,"max_hp_gain":0.0,"max_hp_loss":0.0,"gold_gain":75.0,"event_name":"World of Goop","player_choice":"Gather Gold","floor":13.0,"gold_loss":0.0,"damage_taken":11.0},{"damage_healed":0.0,"max_hp_gain":0.0,"max_hp_loss":0.0,"gold_gain":0.0,"event_name":"Accursed Blacksmith","player_choice":"Rummage","floor":20.0,"gold_loss":0.0,"damage_taken":0.0,"relics_obtained":["WarpedTongs"],"cards_obtained":["Pain"]},{"damage_healed":0.0,"max_hp_gain":0.0,"max_hp_loss":0.0,"gold_gain":0.0,"event_name":"Forgotten Altar","player_choice":"Smashed Altar","floor":27.0,"gold_loss":0.0,"damage_taken":0.0,"cards_obtained":["Decay"]},{"damage_healed":0.0,"max_hp_gain":0.0,"max_hp_loss":0.0,"gold_gain":0.0,"event_name":"The Library","player_choice":"Read","floor":28.0,"gold_loss":0.0,"damage_taken":0.0,"cards_obtained":["Spot Weakness"]},{"damage_healed":0.0,"max_hp_gain":0.0,"max_hp_loss":0.0,"gold_gain":0.0,"event_name":"Drug Dealer","player_choice":"Inject Mutagens","floor":29.0,"gold_loss":0.0,"damage_taken":0.0,"relics_obtained":["MutagenicStrength"]},{"damage_healed":0.0,"max_hp_gain":0.0,"max_hp_loss":0.0,"gold_gain":0.0,"event_name":"The Woman in Blue","player_choice":"Bought 2 Potions","floor":36.0,"gold_loss":0.0,"damage_taken":0.0},{"damage_healed":0.0,"max_hp_gain":0.0,"max_hp_loss":0.0,"gold_gain":0.0,"event_name":"Winding Halls","player_choice":"Embrace Madness","floor":38.0,"gold_loss":0.0,"damage_taken":10.0,"cards_obtained":["Madness","Madness"]},{"cards_removed":["Defend_R"],"damage_healed":0.0,"max_hp_gain":0.0,"max_hp_loss":0.0,"gold_gain":0.0,"event_name":"Falling","player_choice":"Removed Skill","floor":39.0,"gold_loss":0.0,"damage_taken":0.0},{"damage_healed":31.0,"max_hp_gain":0.0,"max_hp_loss":0.0,"gold_gain":0.0,"event_name":"MindBloom","player_choice":"Heal","floor":44.0,"gold_loss":0.0,"damage_taken":0.0,"cards_obtained":["Doubt"]}],"is_beta":false,"boss_relics":[{"not_picked":["Coffee Dripper","Runic Pyramid"],"picked":"Busted Crown"},{"not_picked":["Cursed Key","Mark of Pain"],"picked":"Black Blood"}],"items_purged_floors":[21,47],"is_endless":false,"potions_floor_spawned":[4,11,19,23,25,30,37,41,46],"killed_by":"Donu and Deca","ascension_level":0}}