{"host":"63yhhrjweyj22b0v","time":1607930482,"event":{"mods":["BaseMod","Minty Spire (QoL Compilation)","Quick Restart"],"gold_per_floor":[113,39,53,13,32,32,57,57,84,101,20,79,79,94,94,198,198,212,212,212],"floor_reached":19,"playtime":672,"items_purged":[],"score":200,"play_id":"ce674a3e-b718-4341-af51-6db7039037c8","local_time":"20201214012122","is_ascension_mode":true,"campfire_choices":[{"data":"Conserve Battery","floor":6,"key":"SMITH"},{"floor":15,"key":"REST"}],"circlet_count":0,"master_deck":["Defend_B","Defend_B","Defend_B","Defend_B","Zap","Dualcast","Defragment","Reinforced Body","Tempest","Conserve Battery+1","Multi-Cast+1","Self Repair","Beam Cell","Multi-Cast","Self Repair","Bite","Bite","Bite","Bite","Bite"],"relics":["Cracked Core","NeowsBlessing","Happy Flower","MealTicket","Blood Vial","Mercury Hourglass","Black Star"],"acts_visited":["Exordium","TheCity"],"potions_floor_usage":[7,10,16],"damage_taken":[{"damage":0,"enemies":"Cultist","floor":1,"turns":1},{"damage":0,"enemies":"Jaw Worm","floor":3,"turns":1},{"damage":0,"enemies":"2 Louse","floor":5,"turns":1},{"damage":15,"enemies":"3 Sentries","floor":7,"turns":5},{"damage":9,"enemies":"2 Fungi Beasts","floor":10,"turns":3},{"damage":43,"enemies":"3 Sentries","floor":12,"turns":9},{"damage":0,"enemies":"3 Louse","floor":14,"turns":2},{"damage":20,"enemies":"Slime Boss","floor":16,"turns":8},{"damage":47,"enemies":"Shell Parasite","floor":18,"turns":8}],"seed_played":"-7289433138094103300","potions_obtained":[{"floor":3,"key":"Explosive Potion"},{"floor":7,"key":"DuplicationPotion"},{"floor":12,"key":"CultistPotion"},{"floor":16,"key":"SpeedPotion"},{"floor":18,"key":"DuplicationPotion"}],"is_trial":false,"path_per_floor":["M","$","M","$","M","R","E","?","T","M","$","?","T","M","R","B",null,"M","?"],"character_chosen":"DEFECT","items_purchased":["Defragment","Tempest","Self Repair"],"campfire_rested":1,"item_purchase_floors":[2,4,11],"current_hp_per_floor":[75,75,75,75,75,75,60,60,60,51,66,30,30,32,54,43,75,35,35,35],"gold":212,"neow_bonus":"THREE_ENEMY_KILL","is_daily":false,"chose_seed":false,"campfire_upgraded":1,"win_rate":0.0,"timestamp":1607930482,"path_taken":["M","$","M","?","?","R","E","?","T","M","$","?","?","M","R","BOSS","M","?"],"items_purchased_type":["Card","Card","Card"],"build_version":"2020-12-13","purchased_purges":0,"victory":false,"max_hp_per_floor":[75,75,75,75,75,75,75,75,75,75,75,75,75,75,75,75,75,75,52,52],"card_choices":[{"not_picked":["Coolheaded","Turbo","Undo"],"picked":"SKIP","floor":1},{"not_picked":["Recycle","Compile Driver"],"picked":"Reinforced Body","floor":3},{"not_picked":["Leap","Hologram"],"picked":"Conserve Battery","floor":5},{"not_picked":["Skim","Conserve Battery"],"picked":"Multi-Cast","floor":7},{"not_picked":["Turbo","Barrage","Compile Driver"],"picked":"SKIP","floor":10},{"not_picked":["Steam","Rebound"],"picked":"Beam Cell","floor":12},{"not_picked":["Steam","Rebound","Cold Snap"],"picked":"SKIP","floor":14},{"not_picked":["Fission","Reboot"],"picked":"Multi-Cast","floor":16},{"not_picked":["Hello World","Darkness"],"picked":"Self Repair","floor":18}],"player_experience":582017,"relics_obtained":[{"floor":7,"key":"Happy Flower"},{"floor":9,"key":"MealTicket"},{"floor":12,"key":"Blood Vial"},{"floor":13,"key":"Mercury Hourglass"}],"event_choices":[{"damage_healed":0,"gold_gain":0,"player_choice":"Grow","damage_taken":0,"max_hp_gain":0,"max_hp_loss":0,"event_name":"Living Wall","floor":8,"gold_loss":0,"cards_upgraded":["Multi-Cast"]},{"damage_healed":0,"gold_gain":0,"player_choice":"Searched \u00271\u0027 times","damage_taken":0,"max_hp_gain":0,"max_hp_loss":0,"event_name":"Dead Adventurer","floor":12,"gold_loss":0},{"damage_healed":0,"gold_gain":0,"player_choice":"Became a vampire","damage_taken":0,"max_hp_gain":0,"max_hp_loss":23,"event_name":"Vampires","floor":19,"gold_loss":0,"cards_obtained":["Bite","Bite","Bite","Bite","Bite"]}],"is_beta":false,"boss_relics":[{"not_picked":["Busted Crown","Coffee Dripper"],"picked":"Black Star"}],"items_purged_floors":[],"is_endless":false,"potions_floor_spawned":[3,7,12,16,18],"ascension_level":1}}