{"host":"k0kjm4m87pwj4phr","time":1607952686,"event":{"mods":["BaseMod","Colored Map","Colored Powertips","Downfall","Minty Spire (QoL Compilation)","Permanent Neow","Prisma Mod","Quick Restart","Relic Stats","StSLib","óô»ðÖ¸ÄÏ"],"gold_per_floor":[118,118,118,99348,99376,99037,99037,98459,98530,98041,97143,97187,96303,96333,95452,95536,95536,95554,95554,95578,95197,95112,95142,95142,94713,94740,94368,93964,93598,93200,93309,92948,93030,93030,93057,93057,93057,93057],"floor_reached":39,"playtime":1208,"items_purged":["Guardian:Emergency","Guardian:MultiBeam"],"score":1745,"play_id":"d0dc8efb-e13a-4942-a432-a5c061cabfd8","local_time":"20201214213126","daily_mods":["SealedDeck","Heirloom","Time Dilation","Flight","downfall:Jewelcrafting"],"is_ascension_mode":true,"campfire_choices":[{"data":"Apotheosis","floor":24,"key":"SMITH"}],"circlet_count":0,"master_deck":["AscendersBane","Guardian:ExploitGems+1","Guardian:ExploitGems+1","Guardian:BronzeOrb+1","Guardian:Incinerate+1","Guardian:Emergency","Guardian:VentSteam+1","Guardian:StasisStrike+1","Guardian:Planning","Guardian:BronzeOrb+1","Guardian:TimeCapacitor+1","Guardian:BaubleBeam+1","Guardian:PrismaticBarrier+1","Guardian:PrismaticBeam+1","Apotheosis+1","Guardian:GatlingBeam+1","Guardian:BaubleBeam+1","Guardian:StasisStrike+1","Guardian:Orbwalk+1","Panache+1","Guardian:TimeCapacitor+1","Guardian:Repulse+1","Guardian:Gem_Red","Guardian:TimeSifter+1","Guardian:Gem_Red"],"relics":["Guardian:ModeShifter","Guardian:PickAxe","Guardian:SackOfGems","Lantern","CeramicFish","Guardian:BottledStasis","Tiny Chest","Toy Ornithopter","champ:Barbells","Strawberry","PreservedInsect","Sundial","Smiling Mask","Frozen Eye","Dream Catcher","Lizard Tail","Prayer Wheel","OrangePellets","Regal Pillow","Incense Burner","Guardian:StasisUpgradeRelic","Guardian:PickAxe","MealTicket","Singing Bowl","Cauldron","Philosopher\u0027s Stone","Blood Vial","Whetstone","Membership Card","Guardian:PocketSentry","War Paint","Orichalcum","Juzu Bracelet","StrikeDummy","Ornamental Fan","TheAbacus","Vajra","Guardian:GemstoneGun","DollysMirror","InkBottle","Mango","Matryoshka","HandDrill","Kunai","Frozen Egg 2","ClockworkSouvenir","Eternal Feather","Happy Flower","Sling","Shovel","Toxic Egg 2","TungstenRod","Potion Belt","Medical Kit","Sozu"],"acts_visited":["Exordium","TheCity","TheBeyond"],"potions_floor_usage":[15,38],"damage_taken":[{"damage":0.0,"enemies":"Jaw Worm","floor":1.0,"turns":2.0},{"damage":0,"enemies":"Cultist","floor":5,"turns":1},{"damage":0,"enemies":"Gremlin Nob","floor":12,"turns":2},{"damage":0,"enemies":"Small Slimes","floor":14,"turns":2},{"damage":42,"enemies":"Hexaghost","floor":16,"turns":3},{"damage":0,"enemies":"Chosen","floor":18,"turns":2},{"damage":8,"enemies":"Slavers","floor":23,"turns":2},{"damage":0,"enemies":"Colosseum Slavers","floor":31,"turns":2},{"damage":0,"enemies":"Colosseum Nobs","floor":31,"turns":2},{"damage":0,"enemies":"Automaton","floor":33,"turns":3},{"damage":0,"enemies":"Orb Walker","floor":35,"turns":2},{"damage":23,"enemies":"Donu and Deca","floor":37,"turns":4},{"damage":28,"enemies":"Awakened One","floor":38,"turns":4}],"seed_played":"2852183005502954892","potions_obtained":[{"floor":1.0,"key":"Energy Potion"},{"floor":3.0,"key":"Guardian:BlockOnCardUsePotion"},{"floor":15,"key":"Fruit Juice"},{"floor":15,"key":"Block Potion"},{"floor":33,"key":"Fire Potion"}],"is_trial":true,"path_per_floor":["M","?","?","$","M","R","?","$","T","R","R","E","$","M","R","B",null,"M","?","T","$","?","E","R","$","T","R","R","R","$","?","R","B",null,"M","?","B","B",null],"character_chosen":"GUARDIAN","items_purchased":["Guardian:StasisStrike","Lantern","CeramicFish","Guardian:BottledStasis","Tiny Chest","Toy Ornithopter","champ:Barbells","Strawberry","PreservedInsect","Guardian:Planning","Guardian:BronzeOrb","Smiling Mask","Frozen Eye","Dream Catcher","Lizard Tail","Prayer Wheel","OrangePellets","Guardian:TimeCapacitor","Incense Burner","Guardian:StasisUpgradeRelic","Guardian:BaubleBeam","Guardian:PickAxe","Guardian:PrismaticBarrier","Apotheosis","MealTicket","Guardian:Gem_Fragmented","Singing Bowl","Cauldron","Membership Card","Guardian:PocketSentry","War Paint","StrikeDummy","Ornamental Fan","TheAbacus","Guardian:BaubleBeam","Guardian:GemstoneGun","DollysMirror","InkBottle","Mango","Matryoshka","HandDrill","Guardian:Gem_Lightblue","Kunai","Frozen Egg 2","ClockworkSouvenir","Guardian:Orbwalk+1","Eternal Feather","Happy Flower","Sling","Panache+1","TungstenRod","Potion Belt","Medical Kit","Guardian:Repulse+1","Guardian:Gem_Red"],"campfire_rested":0,"item_purchase_floors":[4,4,4,4,6,6,8,8,8,8,8,10,10,10,11,11,11,11,13,13,13,13,13,15,15,15,15,15,21,21,21,25,25,25,25,27,27,27,28,28,28,28,29,29,29,29,30,30,30,30,32,32,32,32,32],"current_hp_per_floor":[65,57,57,57,57,57,57,64,64,64,64,64,64,64,74,32,71,75,75,75,88,88,82,82,90,90,90,104,104,104,104,104,104,104,106,106,83,62],"gold":93057,"neow_bonus":"","is_daily":false,"chose_seed":false,"campfire_upgraded":1,"win_rate":0.0,"timestamp":1607952686,"path_taken":["M","?","?","$","?","R","?","$","T","R","R","E","?","M","R","BOSS","M","?","?","$","?","E","R","$","T","R","R","R","$","?","R","BOSS","M","?","BOSS","BOSS"],"items_purchased_type":["Card","Relic","Relic","Relic","Relic","Relic","Relic","Relic","Relic","Card","Card","Relic","Relic","Relic","Relic","Relic","Relic","Card","Relic","Relic","Card","Relic","Card","Card","Relic","Card","Relic","Relic","Relic","Relic","Relic","Relic","Relic","Relic","Card","Relic","Relic","Relic","Relic","Relic","Relic","Card","Relic","Relic","Relic","Card","Relic","Relic","Relic","Card","Relic","Relic","Relic","Card","Card"],"build_version":"2020-12-13","purchased_purges":2,"victory":true,"max_hp_per_floor":[72,72,72,72,72,72,72,79,79,79,79,79,79,79,84,84,84,88,88,88,88,88,90,90,90,90,90,104,104,104,104,104,104,104,106,106,106,106],"relic_stats":{"Regal Pillow":0,"Singing Bowl":8,"CeramicFish":198,"Juzu Bracelet":0,"Whetstone":["Guardian:BaubleBeam","Guardian:Incinerate"],"Smiling Mask":0,"Blood Vial":2,"Sozu":0,"Dream Catcher":0,"Lizard Tail":0,"TheAbacus":[36],"Shovel":0,"Sundial":[6],"Tiny Chest":1,"Prayer Wheel":3,"MealTicket":21,"HandDrill":[8],"Kunai":[16],"InkBottle":[16],"Happy Flower":[5],"counters":[13,30],"Eternal Feather":0,"PreservedInsect":102,"War Paint":["Guardian:VentSteam","Guardian:ExploitGems"],"Orichalcum":[0],"Medical Kit":[0],"OrangePellets":[8],"Ornamental Fan":[64],"obtain_stats":[{"CeramicFish":4,"Vajra":26,"Guardian:SackOfGems":0,"Whetstone":20,"Sling":30,"Guardian:PickAxe":0,"Blood Vial":19,"Sozu":34,"Lizard Tail":11,"Sundial":9,"DollysMirror":27,"Strawberry":8,"Prayer Wheel":11,"MealTicket":15,"Philosopher\u0027s Stone":17,"HandDrill":28,"Kunai":29,"Toxic Egg 2":31,"Guardian:BottledStasis":4,"champ:Barbells":8,"Happy Flower":30,"Guardian:ModeShifter":0,"Eternal Feather":30,"Guardian:PocketSentry":21,"War Paint":21,"OrangePellets":11,"StrikeDummy":25,"Lantern":4,"Regal Pillow":12,"Singing Bowl":15,"Mango":28,"Incense Burner":13,"Juzu Bracelet":23,"Smiling Mask":10,"ClockworkSouvenir":29,"Frozen Eye":10,"Dream Catcher":10,"TheAbacus":25,"Matryoshka":28,"Shovel":31,"Tiny Chest":6,"InkBottle":27,"Potion Belt":32,"Guardian:GemstoneGun":27,"PreservedInsect":8,"Orichalcum":22,"Frozen Egg 2":29,"Medical Kit":32,"Guardian:StasisUpgradeRelic":13,"Cauldron":15,"Ornamental Fan":25,"Membership Card":21,"Toy Ornithopter":6,"TungstenRod":32},{"CeramicFish":1,"Vajra":7,"Guardian:SackOfGems":0,"Whetstone":6,"Sling":7,"Guardian:PickAxe":0,"Blood Vial":6,"Sozu":10,"Lizard Tail":2,"Sundial":2,"DollysMirror":7,"Strawberry":2,"Prayer Wheel":2,"MealTicket":4,"Philosopher\u0027s Stone":5,"HandDrill":7,"Kunai":7,"Toxic Egg 2":9,"Guardian:BottledStasis":1,"champ:Barbells":2,"Happy Flower":7,"Guardian:ModeShifter":0,"Eternal Feather":7,"Guardian:PocketSentry":6,"War Paint":6,"OrangePellets":2,"StrikeDummy":7,"Lantern":1,"Regal Pillow":3,"Singing Bowl":4,"Mango":7,"Incense Burner":3,"Juzu Bracelet":7,"Smiling Mask":2,"ClockworkSouvenir":7,"Frozen Eye":2,"Dream Catcher":2,"TheAbacus":7,"Matryoshka":7,"Shovel":9,"Tiny Chest":2,"InkBottle":7,"Potion Belt":9,"Guardian:GemstoneGun":7,"PreservedInsect":2,"Orichalcum":6,"Frozen Egg 2":7,"Medical Kit":9,"Guardian:StasisUpgradeRelic":3,"Cauldron":4,"Ornamental Fan":7,"Membership Card":6,"Toy Ornithopter":2,"TungstenRod":9},{"CeramicFish":2,"Vajra":14,"Guardian:SackOfGems":0,"Whetstone":12,"Sling":14,"Guardian:PickAxe":0,"Blood Vial":12,"Sozu":20,"Lizard Tail":3,"Sundial":3,"DollysMirror":14,"Strawberry":3,"Prayer Wheel":3,"MealTicket":7,"Philosopher\u0027s Stone":10,"HandDrill":14,"Kunai":14,"Toxic Egg 2":17,"Guardian:BottledStasis":2,"champ:Barbells":3,"Happy Flower":14,"Guardian:ModeShifter":0,"Eternal Feather":14,"Guardian:PocketSentry":12,"War Paint":12,"OrangePellets":3,"StrikeDummy":14,"Lantern":2,"Regal Pillow":5,"Singing Bowl":7,"Mango":14,"Incense Burner":5,"Juzu Bracelet":14,"Smiling Mask":3,"ClockworkSouvenir":14,"Frozen Eye":3,"Dream Catcher":3,"TheAbacus":14,"Matryoshka":14,"Shovel":17,"Tiny Chest":3,"InkBottle":14,"Potion Belt":17,"Guardian:GemstoneGun":14,"PreservedInsect":3,"Orichalcum":12,"Frozen Egg 2":14,"Medical Kit":17,"Guardian:StasisUpgradeRelic":5,"Cauldron":7,"Ornamental Fan":14,"Membership Card":12,"Toy Ornithopter":3,"TungstenRod":17}],"Toy Ornithopter":10,"TungstenRod":5},"card_choices":[{"not_picked":["Guardian:FloatingOrbs","Guardian:Incinerate"],"picked":"Guardian:VentSteam","floor":1.0},{"not_picked":["Guardian:Gem_Blue","Guardian:Reroute"],"picked":"Guardian:Gem_Green","floor":5},{"not_picked":["Guardian:Gem_Cyan","Guardian:Gem_Lightblue"],"picked":"Guardian:Emergency","floor":12},{"not_picked":["Guardian:BronzeOrb","Guardian:Gem_Blue"],"picked":"Guardian:PrismaticBeam","floor":14},{"not_picked":["Guardian:Planning","Guardian:Gem_Green"],"picked":"Guardian:Gem_Crimson","floor":14},{"not_picked":["Guardian:CompilePackage","Guardian:AncientConstruct"],"picked":"Guardian:GatlingBeam","floor":16},{"not_picked":["Guardian:TemporalShield","Guardian:VentSteam","Guardian:PiercingHide+1"],"picked":"Singing Bowl","floor":18},{"not_picked":["Guardian:PiercingHide","Guardian:SpikerProtocol+1","Guardian:DonusPower"],"picked":"Singing Bowl","floor":18},{"not_picked":["Guardian:RollAttack","Guardian:WalkerClaw","Guardian:TimeCapacitor"],"picked":"Singing Bowl","floor":23},{"not_picked":["Guardian:Gem_Crimson","Guardian:PrimingBeam"],"picked":"Guardian:TimeCapacitor+1","floor":31},{"not_picked":["Guardian:ConstructionForm+1","Guardian:GemFinder+1"],"picked":"Guardian:TimeSifter+1","floor":33},{"not_picked":["Guardian:Gem_Purple","Guardian:PrismaticBarrier+1","Guardian:Recover+1"],"picked":"Singing Bowl","floor":35},{"not_picked":["Guardian:Orbwalk+1","Guardian:FuturePlans+1"],"picked":"Guardian:Gem_Red","floor":35}],"player_experience":432720,"relics_obtained":[{"floor":9,"key":"Sundial"},{"floor":12,"key":"Regal Pillow"},{"floor":20,"key":"Whetstone"},{"floor":23,"key":"Juzu Bracelet"},{"floor":26,"key":"Vajra"},{"floor":31,"key":"Shovel"},{"floor":31,"key":"Toxic Egg 2"}],"event_choices":[{"damage_healed":0.0,"max_hp_gain":0.0,"max_hp_loss":0.0,"gold_gain":0.0,"event_name":"Lab","player_choice":"Got Potions","floor":3.0,"gold_loss":0.0,"damage_taken":0.0},{"damage_healed":0,"gold_gain":0,"player_choice":"Grow","damage_taken":0,"max_hp_gain":0,"max_hp_loss":0,"event_name":"Living Wall","floor":7,"gold_loss":0,"cards_upgraded":["Guardian:StasisStrike"]},{"cards_removed":["Guardian:Emergency"],"damage_healed":0,"gold_gain":0,"player_choice":"Gave Card","damage_taken":0,"relics_obtained":["Blood Vial"],"max_hp_gain":0,"max_hp_loss":0,"event_name":"WeMeetAgain","floor":19,"gold_loss":0},{"damage_healed":0,"gold_gain":0,"player_choice":"Obtained Relic","damage_taken":0,"relics_obtained":["Orichalcum"],"max_hp_gain":0,"max_hp_loss":0,"event_name":"Addict","floor":22,"gold_loss":85},{"damage_healed":0,"gold_gain":0,"player_choice":"Fight","damage_taken":0,"max_hp_gain":0,"max_hp_loss":0,"event_name":"Colosseum","floor":31,"gold_loss":0},{"damage_healed":0,"gold_gain":0,"player_choice":"Fought Nobs","damage_taken":0,"max_hp_gain":0,"max_hp_loss":0,"event_name":"Colosseum","floor":31,"gold_loss":0},{"damage_healed":0,"gold_gain":0,"player_choice":"Took Portal","damage_taken":0,"max_hp_gain":0,"max_hp_loss":0,"event_name":"SecretPortal","floor":36,"gold_loss":0}],"is_beta":false,"boss_relics":[{"not_picked":["Snecko Eye","Guardian:ModeShifterPlus"],"picked":"Philosopher\u0027s Stone"},{"not_picked":["Astrolabe","Tiny House"],"picked":"Sozu"}],"items_purged_floors":[4,21],"is_endless":false,"potions_floor_spawned":[1,5,33],"ascension_level":20}}