{"host":"2lo6hma6kymb0g9i","time":1607951167,"event":{"mods":["BaseMod","Colored Map","DeckTracker","Minty Spire (QoL Compilation)"],"gold_per_floor":[115,133,18,18,30,30,62,75,75,75,105,125,125,139,139,244,244,255,155,155,167,167,167],"floor_reached":22,"playtime":1260,"items_purged":["Strike_G","Strike_G"],"score":279,"play_id":"7c84f268-2bfa-4546-be15-23b7caa7fe88","local_time":"20201214220607","is_ascension_mode":true,"campfire_choices":[{"data":"Bouncing Flask","floor":6,"key":"SMITH"},{"floor":15,"key":"REST"}],"circlet_count":0,"master_deck":["AscendersBane","Strike_G","Defend_G","Defend_G","Defend_G","Defend_G","Defend_G","Survivor","Neutralize","Flechettes","Bouncing Flask+1","Noxious Fumes","Backflip","Bouncing Flask","Backstab","Burst","Catalyst","Calculated Gamble","Well Laid Plans"],"relics":["Ring of the Snake","Gremlin Horn","Pantograph","Toy Ornithopter","Mummified Hand","Sozu"],"acts_visited":["Exordium","TheCity"],"potions_floor_usage":[7,8],"damage_taken":[{"damage":3,"enemies":"Cultist","floor":1,"turns":6},{"damage":0,"enemies":"2 Louse","floor":2,"turns":2},{"damage":0,"enemies":"Jaw Worm","floor":5,"turns":4},{"damage":26,"enemies":"3 Sentries","floor":7,"turns":7},{"damage":5,"enemies":"Large Slime","floor":8,"turns":5},{"damage":4,"enemies":"2 Fungi Beasts","floor":12,"turns":3},{"damage":0,"enemies":"Exordium Wildlife","floor":14,"turns":4},{"damage":38,"enemies":"Hexaghost","floor":16,"turns":7},{"damage":18,"enemies":"3 Byrds","floor":18,"turns":4},{"damage":22,"enemies":"2 Thieves","floor":21,"turns":4},{"damage":36,"enemies":"Shelled Parasite and Fungi","floor":22,"turns":2}],"seed_played":"790295951699199008","potions_obtained":[{"floor":1,"key":"SkillPotion"},{"floor":8,"key":"Fruit Juice"},{"floor":14,"key":"Fire Potion"}],"is_trial":false,"path_per_floor":["M","M","$","?","M","R","E","M","T","T","?","M","?","M","R","B",null,"M","$","?","M","M"],"character_chosen":"THE_SILENT","items_purchased":["Noxious Fumes"],"campfire_rested":1,"item_purchase_floors":[3],"current_hp_per_floor":[42,42,42,42,42,42,16,16,16,16,16,12,12,12,34,21,62,44,44,44,22,0,0],"gold":167,"neow_bonus":"REMOVE_TWO","is_daily":false,"chose_seed":false,"campfire_upgraded":1,"win_rate":0.0,"timestamp":1607951167,"path_taken":["M","M","?","?","M","R","E","M","T","?","?","M","?","M","R","BOSS","M","$","?","M","M"],"items_purchased_type":["Card"],"build_version":"2020-12-13","purchased_purges":2,"victory":false,"max_hp_per_floor":[70,70,70,70,70,70,70,75,75,75,75,75,75,75,75,75,75,75,75,75,75,75,75],"card_choices":[{"not_picked":["Infinite Blades","Deflect"],"picked":"Flechettes","floor":1},{"not_picked":["Quick Slash","Blade Dance"],"picked":"Bouncing Flask","floor":2},{"not_picked":["Cloak And Dagger","Quick Slash"],"picked":"Backflip","floor":5},{"not_picked":["Deadly Poison","Finisher"],"picked":"Bouncing Flask","floor":7},{"not_picked":["Flying Knee","Outmaneuver"],"picked":"Backstab","floor":8},{"not_picked":["Quick Slash","Outmaneuver","Well Laid Plans"],"picked":"SKIP","floor":12},{"not_picked":["Cloak And Dagger","Slice","Bane"],"picked":"SKIP","floor":14},{"not_picked":["Grand Finale","Adrenaline"],"picked":"Burst","floor":16},{"not_picked":["Blade Dance","Underhanded Strike+1"],"picked":"Catalyst","floor":18},{"not_picked":["Outmaneuver","Cloak And Dagger+1"],"picked":"Well Laid Plans","floor":21}],"player_experience":789395,"relics_obtained":[{"floor":7,"key":"Gremlin Horn"},{"floor":9,"key":"Pantograph"},{"floor":10,"key":"Toy Ornithopter"}],"event_choices":[{"damage_healed":0,"gold_gain":0,"player_choice":"Ignored","damage_taken":0,"max_hp_gain":0,"max_hp_loss":0,"event_name":"Golden Idol","floor":4,"gold_loss":0},{"damage_healed":0,"gold_gain":30,"player_choice":"Searched \u00273\u0027 times","damage_taken":0,"relics_obtained":["Mummified Hand"],"max_hp_gain":0,"max_hp_loss":0,"event_name":"Dead Adventurer","floor":11,"gold_loss":0},{"damage_healed":0,"gold_gain":0,"player_choice":"Ignored","damage_taken":0,"max_hp_gain":0,"max_hp_loss":0,"event_name":"Liars Game","floor":13,"gold_loss":0},{"damage_healed":0,"gold_gain":0,"player_choice":"Read","damage_taken":0,"max_hp_gain":0,"max_hp_loss":0,"event_name":"The Library","floor":20,"gold_loss":0,"cards_obtained":["Calculated Gamble"]}],"is_beta":false,"boss_relics":[{"not_picked":["Fusion Hammer","Empty Cage"],"picked":"Sozu"}],"items_purged_floors":[3,19],"is_endless":false,"potions_floor_spawned":[1,8,14,18],"killed_by":"Shelled Parasite and Fungi","ascension_level":10}}