{"host":"yllrlz30c75z9571","time":1607978750,"event":{"mods":["AchievementEnabler","Aspiration","Bard","BaseMod","Beaked The Cultist","Better Altar","Better Match","Better Note","Better Sensory Stone","Better Skull","Better Third Choice","BetterRewards","CCEM","Clawfect","Colored Map","Conspire","Downfall","GifTheSpireLib","Googly Eyes","Halation","Hermit","Highlight Path","Hubris","Hunter ??","Infinite Spire","Jedi Mod","Jorbs\u0027s Wanderer Trilogy","Mad Scientist","Marisa????????","Mimic Mod","Minty Spire (QoL Compilation)","Permanent Neow","Replay The Spire","Shade Mod","Shop Mod","Spicy Shops","StSLib","Stuff the Spire","The Administrix","The Blackbeard","The Bug Knight","The Construct","The Cursed","The Gatherer","The Hierophant","The IronCluck","The Jungle","The Mystic","The Necromancer","The Problem Sleuth","The Runesmith","The Servant 0.9.4","The Spell Scribe","The Witch","Unceasing Turn Reminder","everything is the same but u backflip on backflip","slay the spire mod where everything is the same but ironclad has a cowboy hat"],"gold_per_floor":[99,116,116,116,144,158,213,63,80,80,100,215,226,171,191,290,290,290,321,321,339,339,339,339],"floor_reached":23,"playtime":1638,"items_purged":[],"score":209,"play_id":"d126d7f2-454b-4553-973a-f1b4e6c932f6","local_time":"20201214204550","is_ascension_mode":false,"campfire_choices":[{"data":"Slimebound:CorrosiveSpit","floor":1.0,"key":"SMITH"},{"floor":4.0,"key":"RECALL"},{"data":"Slimebound:SplitAcid","floor":8.0,"key":"SMITH"},{"data":"Slimebound:LeechEnergy","floor":10.0,"key":"SMITH"},{"data":"Slimebound:AcidTongue","floor":18.0,"key":"SMITH"},{"floor":20.0,"key":"REST"}],"circlet_count":0,"master_deck":["Slimebound:Strike_Slimebound","Slimebound:Strike_Slimebound","Slimebound:Strike_Slimebound","Slimebound:Tackle","Slimebound:Defend_Slimebound","Slimebound:Defend_Slimebound","Slimebound:Defend_Slimebound","Slimebound:Split","Slimebound:CorrosiveSpit+1","Slimebound:SplitLeeching","Slimebound:LeechEnergy+1","Slimebound:SplitAcid+1","Slimebound:Prepare","Slimebound:SplitBruiser","Slimebound:SlimeSpikes","Slimebound:AcidTongue+1","Slimebound:Schlurp+1","Slimebound:LivingWall","Slimebound:SlimeSlap","Slimebound:SpikyOuterGoop+1","Slimebound:RollThrough"],"relics":["Slimebound:AbsorbEndCombatUpgraded","downfall:HeartBlessingBlue","downfall:HeartBlessingRed","halation:PrussianBluePaint","Replay:Grab Bag","Slimebound:TarBlob","hubris:CrackedHourglass","construct:ClawGrip","CCEMRelics:OldTooth"],"acts_visited":["Exordium","TheCity"],"potions_floor_usage":[23,23],"damage_taken":[{"damage":7.0,"enemies":"2 Louse","floor":2.0,"turns":3.0},{"damage":9.0,"enemies":"Replay:BlueRogue","floor":5.0,"turns":6.0},{"damage":16.0,"enemies":"Jaw Worm","floor":6.0,"turns":4.0},{"damage":9.0,"enemies":"Cultist","floor":9.0,"turns":3.0},{"damage":12.0,"enemies":"2 Fungi Beasts","floor":11.0,"turns":3.0},{"damage":22.0,"enemies":"Exordium Thugs","floor":13.0,"turns":4.0},{"damage":18.0,"enemies":"downfall:FleeingMerchant","floor":14.0,"turns":4.0},{"damage":16.0,"enemies":"Large Slime","floor":15.0,"turns":5.0},{"damage":54.0,"enemies":"downfall:Ironclad","floor":16.0,"turns":9.0},{"damage":46.0,"enemies":"Gremlin Leader","floor":19.0,"turns":5.0},{"damage":18.0,"enemies":"Shell Parasite","floor":21.0,"turns":4.0},{"damage":25,"enemies":"Nightmare","floor":23,"turns":5}],"seed_played":"4006563370050790605","potions_obtained":[{"floor":2.0,"key":"Weak Potion"},{"floor":5.0,"key":"DuplicationPotion"},{"floor":13.0,"key":"SneckoOil"},{"floor":21.0,"key":"Weak Potion"}],"is_trial":false,"path_per_floor":["R","M","?","R","E","M","T","R","M","R","M","?","M","$","M","B",null,"R","E","R","M","?","NM"],"character_chosen":"SLIMEBOUND","items_purchased":["Slimebound:Schlurp+1"],"campfire_rested":1,"item_purchase_floors":[14],"current_hp_per_floor":[60,58,58,58,60,60,60,70,69,69,69,45,43,49,57,35,70,70,57,70,70,70,0,0],"gold":339,"neow_bonus":"REMOVE_CARD","is_daily":false,"chose_seed":false,"campfire_upgraded":4,"win_rate":0.0,"timestamp":1607978750,"path_taken":["R","M","?","R","E","M","T","R","M","R","M","?","?","$","M","BOSS","R","E","R","M","?","NM"],"items_purchased_type":["Card"],"build_version":"2020-12-13","purchased_purges":0,"victory":false,"max_hp_per_floor":[60,60,60,60,60,60,60,70,70,70,70,70,70,70,70,70,70,70,70,70,70,70,70,70],"card_choices":[{"not_picked":["Slimebound:Schlurp","Slimebound:SplitAcid"],"picked":"Slimebound:SplitLeeching","floor":2.0},{"not_picked":["Slimebound:RollThrough","Slimebound:Teamwork"],"picked":"Slimebound:LeechEnergy","floor":5.0},{"not_picked":["Slimebound:Dissolve","Slimebound:PressTheAttack"],"picked":"Slimebound:SplitAcid","floor":6.0},{"not_picked":["Slimebound:FlameTackle","Slimebound:FinishingTackle"],"picked":"Slimebound:Prepare","floor":9.0},{"not_picked":["Slimebound:GrowthPunch","Slimebound:RollThrough"],"picked":"Slimebound:SplitBruiser","floor":11.0},{"not_picked":["Slimebound:SlimeTap","Slimebound:FinishingTackle"],"picked":"Slimebound:SlimeSpikes","floor":13.0},{"not_picked":["Slimebound:FormOfPuddle","Slimebound:ViciousTackle"],"picked":"Slimebound:AcidTongue","floor":14.0},{"not_picked":["Slimebound:FlameTackle","Slimebound:Schlurp"],"picked":"Slimebound:LivingWall","floor":15.0},{"not_picked":["Slimebound:Teamwork","Slimebound:LeechLife"],"picked":"Slimebound:SlimeSlap","floor":16.0},{"not_picked":["Slimebound:SplitBruiser","Slimebound:SlimeSpikes+1"],"picked":"Slimebound:SpikyOuterGoop+1","floor":19.0},{"not_picked":["Slimebound:Chomp","Slimebound:ComboTackle"],"picked":"Slimebound:RollThrough","floor":21.0}],"player_experience":136641,"relics_obtained":[{"floor":19.0,"key":"CCEMRelics:OldTooth"}],"event_choices":[{"damage_healed":0.0,"max_hp_gain":0.0,"max_hp_loss":0.0,"gold_gain":115.0,"event_name":"betterSkull:BetterSkull","player_choice":"RE GO ","floor":12.0,"gold_loss":0.0,"damage_taken":27.0,"cards_upgraded":[],"relics_obtained":["halation:PrussianBluePaint"]},{"cards_removed":["Slimebound:Tackle"],"damage_healed":0,"gold_gain":0,"player_choice":"Give","damage_taken":0,"max_hp_gain":0,"max_hp_loss":0,"event_name":"betterNote:BetterNote","floor":22,"gold_loss":0,"cards_obtained":["None"]}],"is_beta":false,"boss_relics":[{"not_picked":["ChewingGum","infinitespire:Cupcake"],"picked":"Replay:Grab Bag"},{"not_picked":["hubris:VirtuousBlindfold","Sozu"],"picked":"Slimebound:TarBlob"},{"not_picked":["Replay:Wanted Poster","Fusion Hammer"],"picked":"hubris:CrackedHourglass"},{"not_picked":["halation:Prosthetics","halation:PlatinumPhoenix"],"picked":"construct:ClawGrip"},{"not_picked":["SlaversCollar","conspire:SpecialSausage"],"picked":"Slimebound:AbsorbEndCombatUpgraded"}],"items_purged_floors":[],"is_endless":false,"potions_floor_spawned":[2,5,13,21],"killed_by":"Nightmare","ascension_level":0}}