{"host":"0fmi5fguj5lvt8pf","time":1607990150,"event":{"mods":["BaseMod","BetterRewards","Colored Map","Downfall","Minty Spire (QoL Compilation)","Permanent Neow","StSLib"],"gold_per_floor":[99,116,116,116,116,51,51,84,84,118,135,45,45,58,76,175,175,175,192,208,223,223,423,423,449,449,449,0,19,31,46,64,64,64],"floor_reached":33,"playtime":2339,"items_purged":["champ:Strike"],"score":257,"play_id":"57c6d6aa-a4fa-4fc9-a121-b14dff65ccdf","local_time":"20201214155550","is_ascension_mode":false,"campfire_choices":[{"data":"champ:Taunt","floor":1.0,"key":"SMITH"},{"data":"champ:GladiatorsShout","floor":3.0,"key":"SMITH"},{"data":"Sadistic Nature","floor":5.0,"key":"SMITH"},{"data":"champ:Duel","floor":9.0,"key":"SMITH"},{"floor":18.0,"key":"RECALL"},{"data":"champ:Haymaker","floor":27.0,"key":"SMITH"}],"circlet_count":0,"master_deck":["champ:Strike","champ:Strike","champ:Strike","champ:Defend","champ:Defend","champ:Defend","champ:Defend","champ:Execute","champ:Taunt+1","Sadistic Nature+1","champ:GladiatorsShout+1","champ:Duel+1","champ:Haymaker+1","champ:Balance","champ:BladeFlurry","champ:RisingSlash","champ:Aggression","champ:CrownThrow","CurseOfTheBell","hexamod:Haunted","champ:ArenaPreparation","expansioncontent:CaCaw","champ:Improvising","champ:RisingSlash","champ:FaceSlap"],"relics":["champ:ChampionCrown","Bottled Lightning","StoneCalendar","Bag of Preparation","Calling Bell","Guardian:PocketSentry","Pear","Ginger","Red Mask","Matryoshka"],"acts_visited":["Exordium","TheCity"],"potions_floor_usage":[28,28,30],"damage_taken":[{"damage":4.0,"enemies":"Cultist","floor":2.0,"turns":4.0},{"damage":15.0,"enemies":"downfall:FleeingMerchant","floor":6.0,"turns":4.0},{"damage":10.0,"enemies":"Gremlin Nob","floor":8.0,"turns":5.0},{"damage":38.0,"enemies":"3 Sentries","floor":10.0,"turns":7.0},{"damage":0.0,"enemies":"2 Louse","floor":11.0,"turns":3.0},{"damage":5.0,"enemies":"downfall:FleeingMerchant","floor":12.0,"turns":4.0},{"damage":0.0,"enemies":"Jaw Worm","floor":14.0,"turns":2.0},{"damage":0.0,"enemies":"Large Slime","floor":15.0,"turns":4.0},{"damage":13.0,"enemies":"downfall:Watcher","floor":16.0,"turns":7.0},{"damage":6.0,"enemies":"Chosen","floor":19.0,"turns":3.0},{"damage":18.0,"enemies":"3 Byrds","floor":20.0,"turns":4.0},{"damage":1.0,"enemies":"Snecko","floor":21.0,"turns":4.0},{"damage":21.0,"enemies":"Masked Bandits","floor":25.0,"turns":4.0},{"damage":15,"enemies":"downfall:FleeingMerchant","floor":28,"turns":5},{"damage":0,"enemies":"Snake Plant","floor":29,"turns":3},{"damage":16,"enemies":"Centurion and Healer","floor":30,"turns":6},{"damage":6,"enemies":"Snecko","floor":31,"turns":3},{"damage":5,"enemies":"Snake Plant","floor":32,"turns":6},{"damage":26,"enemies":"downfall:Ironclad","floor":33,"turns":4}],"seed_played":"7796608890205668656","potions_obtained":[{"floor":11.0,"key":"Fire Potion"},{"floor":14.0,"key":"SteroidPotion"},{"floor":15.0,"key":"Strength Potion"},{"floor":19.0,"key":"Strength Potion"},{"floor":21.0,"key":"DuplicationPotion"},{"floor":25.0,"key":"champ:OpenerPotion"},{"floor":29,"key":"Guardian:BlockOnCardUsePotion"}],"is_trial":false,"path_per_floor":["R","M","R","?","R","$","T","E","R","E","M","$","?","M","M","B",null,"R","M","M","M","?","?","T","?","?","R","$","M","M","M","M","B"],"character_chosen":"THE_CHAMP","items_purchased":["champ:Haymaker","Matryoshka","champ:Improvising","champ:RisingSlash"],"campfire_rested":0,"item_purchase_floors":[6,28,28,28],"current_hp_per_floor":[81,80,80,80,80,70,70,60,60,31,31,26,26,26,26,13,91,91,85,67,66,66,66,66,45,45,45,35,35,24,18,18,0,0],"gold":64,"neow_bonus":"RANDOM_COLORLESS_2","is_daily":false,"chose_seed":false,"campfire_upgraded":5,"win_rate":0.0,"timestamp":1607990150,"path_taken":["R","M","R","?","R","?","T","E","R","E","M","$","?","M","M","BOSS","R","M","M","M","?","?","T","?","?","R","$","M","M","M","M","BOSS"],"items_purchased_type":["Card","Relic","Card","Card"],"build_version":"2020-12-13","purchased_purges":1,"victory":false,"max_hp_per_floor":[81,81,81,81,81,81,81,81,81,81,81,81,81,81,81,81,91,91,91,91,91,91,91,91,91,91,91,91,91,91,91,91,91,91],"card_choices":[{"not_picked":["expansioncontent:Corrupt","Secret Technique"],"picked":"Sadistic Nature","floor":0.0},{"not_picked":["champ:Circumvent","champ:DeathBlow"],"picked":"champ:GladiatorsShout","floor":2.0},{"not_picked":["champ:PerfectedStrike","champ:BerserkerStyle"],"picked":"champ:Duel","floor":6.0},{"not_picked":["champ:SwordThrow","champ:CalledShot"],"picked":"champ:Balance","floor":8.0},{"not_picked":["champ:DefensiveStyle","champ:DeathBlow","champ:RecklessLeap"],"picked":"SKIP","floor":10.0},{"not_picked":["champ:DefensiveShout","champ:AdrenalArmor"],"picked":"champ:BladeFlurry","floor":11.0},{"not_picked":["champ:CrookedStrike","champ:FlashCut","champ:AdrenalArmor"],"picked":"SKIP","floor":12.0},{"not_picked":["champ:PerfectedStrike","champ:FanOfKnives"],"picked":"champ:RisingSlash","floor":14.0},{"not_picked":["champ:Control","champ:Haymaker"],"picked":"champ:Aggression","floor":15.0},{"not_picked":["champ:StrikeOfGenius","champ:SteelEdge"],"picked":"champ:CrownThrow","floor":16.0},{"not_picked":["champ:BerserkersShout+1","champ:DefensiveShout+1","champ:Circumvent"],"picked":"SKIP","floor":19.0},{"not_picked":["champ:BringItOn","champ:Backstep","champ:Circumvent"],"picked":"SKIP","floor":20.0},{"not_picked":["champ:BringItOn","champ:BladeFlurry","champ:AdrenalArmor+1"],"picked":"SKIP","floor":21.0},{"not_picked":["champ:AdrenalArmor","champ:HeartStrike"],"picked":"champ:ArenaPreparation","floor":25.0},{"not_picked":["champ:StanceDance","champ:FocusedGladiator","champ:Backstep"],"picked":"SKIP","floor":28},{"not_picked":["champ:EndlessRage+1","champ:PerfectForm","champ:GutPunch"],"picked":"SKIP","floor":29},{"not_picked":["champ:RapidStrikes","champ:SkillfulDodge"],"picked":"champ:FaceSlap","floor":30},{"not_picked":["champ:BladeFlurry+1","champ:AdrenalArmor+1","champ:Encircle"],"picked":"SKIP","floor":31},{"not_picked":["champ:AdrenalArmor","champ:RapidStrikes","champ:Circumvent"],"picked":"SKIP","floor":32}],"player_experience":1144171,"relics_obtained":[{"floor":7.0,"key":"Bottled Lightning"},{"floor":8.0,"key":"StoneCalendar"},{"floor":10.0,"key":"Bag of Preparation"},{"floor":17.0,"key":"Guardian:PocketSentry"},{"floor":17.0,"key":"Pear"},{"floor":17.0,"key":"Ginger"},{"floor":25.0,"key":"Red Mask"}],"event_choices":[{"damage_healed":0.0,"max_hp_gain":0.0,"max_hp_loss":0.0,"gold_gain":0.0,"event_name":"NoteForYourself","player_choice":"Ignored","floor":4.0,"gold_loss":0.0,"damage_taken":0.0},{"damage_healed":0.0,"max_hp_gain":0.0,"max_hp_loss":0.0,"gold_gain":0.0,"event_name":"Vampires","player_choice":"Ignored","floor":22.0,"gold_loss":0.0,"damage_taken":0.0},{"damage_healed":0.0,"max_hp_gain":0.0,"max_hp_loss":0.0,"gold_gain":0.0,"event_name":"Masked Bandits","player_choice":"Fought Bandits","floor":25.0,"gold_loss":0.0,"damage_taken":0.0}],"is_beta":false,"boss_relics":[{"not_picked":["Runic Dome","Snecko Eye"],"picked":"Calling Bell"}],"items_purged_floors":[12],"is_endless":false,"potions_floor_spawned":[11,14,15,19,21,25,29],"killed_by":"downfall:Ironclad","ascension_level":0}}