{"host":"ds3v42j7tpaaz1mg","time":1607966432,"event":{"mods":["AchievementEnabler","Aspiration","BaseMod","Bestiary","Better Altar","Better Note","Better Sensory Stone","BetterRewards","Block Reminder","Colored Powertips","Conspire","Downfall","Energized Spire","Halation","Hermit","Highlight Path","Hubris","Infinite Spire","Jorbs\u0027s Wanderer Trilogy","Minty Spire (QoL Compilation)","Relic Stats","Replay The Spire","StSLib","The Elementalist","The Servant 0.9.4","vexMod"],"gold_per_floor":[99,99,24,49,49,49,74,74,74,119,229,252,23,92,112,146,146],"floor_reached":16,"playtime":709,"items_purged":[],"score":138,"play_id":"d5ae8449-ba9e-443d-bd9e-637a75cad7ce","local_time":"20201214122032","is_ascension_mode":true,"campfire_choices":[{"data":"champ:Devastate","floor":5,"key":"SMITH"},{"data":"champ:DefensiveShout","floor":8,"key":"SMITH"}],"circlet_count":0,"master_deck":["champ:Strike","champ:Strike","champ:Strike","champ:Strike","champ:Defend","champ:Defend","champ:Defend","champ:Defend","champ:Execute","champ:Devastate+1","champ:Backstep","champ:GladiatorStyle","champ:DefensiveShout+1","champ:GutPunch","champ:CheapShot","champ:BerserkerStyle","champ:ShieldSigil","champ:SwordSigil","vexMod:StairwayStrike","champ:FlashCut"],"relics":["champ:ChampionCrown","downfall:HeartsMalice","infinitespire:Midas Blood","Blue Candle","champ:LiftRelic","Blood Vial","Ornamental Fan","downfall:CloakOfManyFaces","CultistMask","FaceOfCleric","NlothsMask","GremlinMask","SsserpentHead"],"acts_visited":["Exordium"],"potions_floor_usage":[13,15],"damage_taken":[{"damage":0,"enemies":"downfall:FleeingMerchant","floor":3,"turns":1},{"damage":0,"enemies":"3 Sentries","floor":4,"turns":1},{"damage":0,"enemies":"Cultist","floor":9,"turns":1},{"damage":36,"enemies":"Lagavulin","floor":10,"turns":8},{"damage":31,"enemies":"downfall:FaceTrader","floor":11,"turns":6},{"damage":15,"enemies":"Jaw Worm","floor":12,"turns":5},{"damage":5,"enemies":"downfall:FleeingMerchant","floor":13,"turns":4},{"damage":13,"enemies":"Small Slimes","floor":14,"turns":4},{"damage":15,"enemies":"Gremlin Gang","floor":15,"turns":6},{"damage":90,"enemies":"downfall:Defect","floor":16,"turns":6}],"seed_played":"51224328170173005","potions_obtained":[{"floor":10,"key":"EssenceOfSteel"},{"floor":12,"key":"SpeedPotion"}],"is_trial":false,"path_per_floor":["R","T","$","E","R","?","T","R","M","E","?","M","$","M","M","B"],"character_chosen":"THE_CHAMP","items_purchased":["champ:GladiatorStyle","vexMod:StairwayStrike","Strength Potion"],"campfire_rested":0,"item_purchase_floors":[3,13,13],"current_hp_per_floor":[90,90,90,90,90,90,90,90,90,73,66,61,74,69,75,0,0],"gold":146,"neow_bonus":"THREE_ENEMY_KILL","is_daily":false,"chose_seed":false,"campfire_upgraded":2,"win_rate":0.0,"timestamp":1607966432,"path_taken":["R","?","$","E","R","?","T","R","M","E","?","M","$","?","M","BOSS"],"items_purchased_type":["Card","Card","Potion"],"build_version":"2020-12-13","purchased_purges":0,"victory":false,"max_hp_per_floor":[90,90,90,90,90,90,90,90,90,90,90,91,92,93,94,94,94],"relic_stats":{"Blood Vial":12,"SsserpentHead":50,"FaceOfCleric":4,"counters":[10,39],"Ornamental Fan":[16],"Blue Candle":[0],"obtain_stats":[{"Blue Candle":4,"champ:ChampionCrown":0,"downfall:HeartsMalice":0,"GremlinMask":11,"Blood Vial":7,"SsserpentHead":11,"FaceOfCleric":11,"Ornamental Fan":10,"champ:LiftRelic":6,"CultistMask":11,"downfall:CloakOfManyFaces":11,"infinitespire:Midas Blood":2,"NlothsMask":11},{"Blue Candle":2,"champ:ChampionCrown":0,"downfall:HeartsMalice":0,"GremlinMask":5,"Blood Vial":2,"SsserpentHead":5,"FaceOfCleric":5,"Ornamental Fan":4,"champ:LiftRelic":2,"CultistMask":5,"downfall:CloakOfManyFaces":5,"infinitespire:Midas Blood":0,"NlothsMask":5},{"Blue Candle":0,"champ:ChampionCrown":0,"downfall:HeartsMalice":0,"GremlinMask":14,"Blood Vial":0,"SsserpentHead":14,"FaceOfCleric":14,"Ornamental Fan":8,"champ:LiftRelic":0,"CultistMask":14,"downfall:CloakOfManyFaces":14,"infinitespire:Midas Blood":0,"NlothsMask":14}]},"card_choices":[{"not_picked":["champ:Circumvent","champ:HeavySlash"],"picked":"champ:Backstep","floor":3},{"not_picked":["champ:FocusedDefense","champ:FaceSlap"],"picked":"champ:DefensiveShout","floor":4},{"not_picked":["champ:Backstep","champ:HeartStrike"],"picked":"champ:GutPunch","floor":9},{"not_picked":["champ:StanceDance","champ:Balance"],"picked":"champ:CheapShot","floor":10},{"not_picked":["champ:Backstep","champ:GladiatorsShout"],"picked":"champ:BerserkerStyle","floor":11},{"not_picked":["champ:FocusedBerserking","champ:FocusedGladiator"],"picked":"champ:ShieldSigil","floor":12},{"not_picked":["champ:Haymaker","champ:EndlessRage"],"picked":"champ:SwordSigil","floor":13},{"not_picked":["champ:RageSigil","champ:DancingMaster"],"picked":"champ:FlashCut","floor":14},{"not_picked":["champ:FaceSlap","champ:FightOn","champ:Haymaker"],"picked":"SKIP","floor":15}],"player_experience":543978,"relics_obtained":[{"floor":2,"key":"infinitespire:Midas Blood"},{"floor":4,"key":"Blue Candle"},{"floor":7,"key":"Blood Vial"},{"floor":10,"key":"Ornamental Fan"},{"floor":11,"key":"downfall:CloakOfManyFaces"}],"event_choices":[],"is_beta":false,"boss_relics":[],"items_purged_floors":[],"is_endless":false,"potions_floor_spawned":[10,12],"killed_by":"downfall:Defect","ascension_level":1}}