{"host":"jm9833yuloeli2yd","time":1607981933,"event":{"mods":["AchievementEnabler","BaseMod","Better Altar","Better Match","Better Note","Better Sensory Stone","Better Skull","Better Vampires","Colored Map","Colored Powertips","DeckTracker","Minty Spire (QoL Compilation)","Permanent Neow","Quick Restart","Replay The Spire","StSLib","SuperFastMode"],"gold_per_floor":[113,125,143,162,162,162,133,133,133],"floor_reached":8,"playtime":187,"items_purged":[],"score":100,"play_id":"18dfdce3-f21b-4bfa-ab9b-47eee7154e22","local_time":"20201214163853","is_ascension_mode":true,"campfire_choices":[{"floor":6,"key":"REST"}],"circlet_count":0,"master_deck":["AscendersBane","Strike_B","Strike_B","Strike_B","Strike_B","Defend_B","Defend_B","Defend_B","Defend_B","Zap","Dualcast","Creative AI","Panic Button","Go for the Eyes","Buffer","Compile Driver","Defragment"],"relics":["Cracked Core"],"acts_visited":["Exordium"],"potions_floor_usage":[8,8],"damage_taken":[{"damage":14,"enemies":"Jaw Worm","floor":1,"turns":4},{"damage":20,"enemies":"2 Louse","floor":2,"turns":4},{"damage":13,"enemies":"Cultist","floor":3,"turns":6},{"damage":5,"enemies":"3 Louse","floor":4,"turns":5},{"damage":14,"enemies":"Exordium Thugs","floor":7,"turns":4},{"damage":27,"enemies":"Gremlin Nob","floor":8,"turns":4}],"seed_played":"-5429474661883282498","potions_obtained":[{"floor":4,"key":"GamblersBrew"},{"floor":7,"key":"ColorlessPotion"}],"is_trial":false,"path_per_floor":["M","M","M","M","?","R","M","E"],"character_chosen":"DEFECT","items_purchased":[],"campfire_rested":1,"item_purchase_floors":[],"current_hp_per_floor":[50,30,17,12,12,33,19,0,0],"gold":133,"neow_bonus":"ONE_RANDOM_RARE_CARD","is_daily":false,"chose_seed":false,"campfire_upgraded":0,"win_rate":0.0,"timestamp":1607981933,"path_taken":["M","M","M","M","?","R","M","E"],"items_purchased_type":[],"build_version":"2020-12-13","purchased_purges":0,"victory":false,"max_hp_per_floor":[71,71,71,71,71,71,71,71,71],"card_choices":[{"not_picked":["Rebound","Redo"],"picked":"Panic Button","floor":1},{"not_picked":["Stack","Rebound"],"picked":"Go for the Eyes","floor":2},{"not_picked":["Redo","Streamline"],"picked":"Buffer","floor":3},{"not_picked":["Leap","Streamline"],"picked":"Compile Driver","floor":4},{"not_picked":["Hologram","Cold Snap"],"picked":"Defragment","floor":7}],"player_experience":1057534,"relics_obtained":[],"event_choices":[{"damage_healed":0,"gold_gain":0,"player_choice":"Ignored","damage_taken":0,"max_hp_gain":0,"max_hp_loss":0,"event_name":"Liars Game","floor":5,"gold_loss":0}],"is_beta":false,"boss_relics":[],"items_purged_floors":[],"is_endless":false,"potions_floor_spawned":[4,7],"killed_by":"Gremlin Nob","ascension_level":20}}