{"host":"pjgcdp3h1plnbocs","time":1607964283,"event":{"mods":["AchievementEnabler","BaseMod","Colored Map","Highlight Path","Minty Spire (QoL Compilation)"],"gold_per_floor":[114,128,144,162,172,205,205,205,205,238,250,266,282,13,13,116,116,126,126,146,245,73,73,73,91,91,117,117,148,148,148,148,252,252,270,280,300,300,300,300],"floor_reached":39,"playtime":1463,"items_purged":["Strike_B","Strike_B"],"score":433,"play_id":"decff950-b5fd-4d65-89b8-0da85a1b91e3","local_time":"20201214174443","is_ascension_mode":false,"campfire_choices":[{"data":"Redo","floor":8.0,"key":"SMITH"},{"data":"Creative AI","floor":15.0,"key":"SMITH"},{"data":"Defragment","floor":23.0,"key":"SMITH"},{"data":"Chill","floor":28.0,"key":"SMITH"},{"data":"Seek","floor":30.0,"key":"SMITH"},{"floor":32.0,"key":"REST"}],"circlet_count":0,"master_deck":["Strike_B","Strike_B","Defend_B","Defend_B","Defend_B","Defend_B","Zap","Dualcast","Beam Cell","Defragment+1","Redo+1","Ball Lightning","Defragment","Creative AI+1","Master of Strategy","Seek+1","Defragment+1","Chill+1","Coolheaded+1","Decay","Creative AI","Chaos+1","Apotheosis"],"relics":["Cracked Core","NeowsBlessing","Mummified Hand","Bottled Flame","Bottled Lightning","Nuclear Battery","Vajra","PreservedInsect","Shuriken","Pocketwatch","Fusion Hammer"],"acts_visited":["Exordium","TheCity","TheBeyond"],"potions_floor_usage":[33,33,33],"damage_taken":[{"damage":0.0,"enemies":"Cultist","floor":1.0,"turns":1.0},{"damage":0.0,"enemies":"Small Slimes","floor":2.0,"turns":1.0},{"damage":0.0,"enemies":"Jaw Worm","floor":3.0,"turns":1.0},{"damage":9.0,"enemies":"Blue Slaver","floor":4.0,"turns":3.0},{"damage":7.0,"enemies":"3 Louse","floor":5.0,"turns":4.0},{"damage":21.0,"enemies":"Lagavulin","floor":6.0,"turns":6.0},{"damage":3.0,"enemies":"Gremlin Nob","floor":10.0,"turns":3.0},{"damage":7.0,"enemies":"2 Fungi Beasts","floor":11.0,"turns":2.0},{"damage":16.0,"enemies":"Gremlin Gang","floor":12.0,"turns":4.0},{"damage":1.0,"enemies":"Exordium Wildlife","floor":13.0,"turns":3.0},{"damage":8.0,"enemies":"Hexaghost","floor":16.0,"turns":9.0},{"damage":25.0,"enemies":"2 Thieves","floor":18.0,"turns":3.0},{"damage":10.0,"enemies":"3 Byrds","floor":20.0,"turns":3.0},{"damage":7.0,"enemies":"Centurion and Healer","floor":25.0,"turns":5.0},{"damage":12.0,"enemies":"Gremlin Leader","floor":27.0,"turns":5.0},{"damage":13.0,"enemies":"Book of Stabbing","floor":29.0,"turns":4.0},{"damage":20,"enemies":"Automaton","floor":33,"turns":8},{"damage":11,"enemies":"Orb Walker","floor":35,"turns":4},{"damage":9,"enemies":"3 Darklings","floor":36,"turns":5},{"damage":28,"enemies":"Writhing Mass","floor":37,"turns":5},{"damage":28,"enemies":"4 Shapes","floor":39,"turns":3}],"seed_played":"6428601043527435266","potions_obtained":[{"floor":3.0,"key":"Regen Potion"},{"floor":5.0,"key":"FearPotion"},{"floor":6.0,"key":"EssenceOfSteel"},{"floor":13.0,"key":"Dexterity Potion"},{"floor":18.0,"key":"Energy Potion"},{"floor":25.0,"key":"Strength Potion"},{"floor":27.0,"key":"FocusPotion"},{"floor":35,"key":"Energy Potion"}],"is_trial":false,"path_per_floor":["M","M","M","M","M","E","?","R","T","E","M","M","M","$","R","B",null,"M","?","M","?","$","R","?","M","T","E","R","E","R","?","R","B",null,"M","M","M","?","M"],"character_chosen":"DEFECT","items_purchased":["Master of Strategy","Chill"],"campfire_rested":1,"item_purchase_floors":[14,22],"current_hp_per_floor":[75,75,75,66,59,38,38,38,38,35,28,24,23,23,23,15,75,50,50,40,40,40,40,40,33,33,21,21,8,8,8,30,10,75,64,55,27,27,0,0],"gold":300,"neow_bonus":"THREE_ENEMY_KILL","is_daily":false,"chose_seed":false,"campfire_upgraded":5,"win_rate":0.0,"timestamp":1607964283,"path_taken":["M","M","?","M","M","E","?","R","T","E","?","M","M","$","R","BOSS","M","?","M","?","$","R","?","M","T","E","R","E","R","?","R","BOSS","M","?","M","?","M"],"items_purchased_type":["Card","Card"],"build_version":"2020-12-13","purchased_purges":2,"victory":false,"max_hp_per_floor":[75,75,75,75,75,75,75,75,75,75,75,75,75,75,75,75,75,75,75,75,75,75,75,75,75,75,75,75,75,75,75,75,75,75,75,75,75,75,75,75],"card_choices":[{"not_picked":["Streamline","Cold Snap"],"picked":"Beam Cell","floor":1.0},{"not_picked":["Rebound","Beam Cell"],"picked":"Defragment","floor":2.0},{"not_picked":["Steam","Rip and Tear","Sweeping Beam"],"picked":"SKIP","floor":3.0},{"not_picked":["Gash","Rebound"],"picked":"Redo","floor":4.0},{"not_picked":["Self Repair","Rebound"],"picked":"Ball Lightning","floor":5.0},{"not_picked":["Genetic Algorithm","Conserve Battery","Gash"],"picked":"SKIP","floor":6.0},{"not_picked":["Static Discharge","Hologram"],"picked":"Defragment","floor":10.0},{"not_picked":["BootSequence","Compile Driver"],"picked":"Creative AI","floor":11.0},{"not_picked":["Leap","Hologram","Tempest"],"picked":"SKIP","floor":12.0},{"not_picked":["Turbo","Beam Cell","Hologram"],"picked":"SKIP","floor":13.0},{"not_picked":["All For One","Multi-Cast"],"picked":"Seek","floor":16.0},{"not_picked":["Streamline","Steam"],"picked":"Defragment","floor":18.0},{"not_picked":["Beam Cell","Cold Snap","FTL"],"picked":"SKIP","floor":20.0},{"not_picked":["Conserve Battery","Cold Snap"],"picked":"Coolheaded+1","floor":25.0},{"not_picked":["Coolheaded+1","Cold Snap","All For One"],"picked":"SKIP","floor":27.0},{"not_picked":["Turbo","Streamline","Leap"],"picked":"SKIP","floor":29.0},{"not_picked":["Seek","Multi-Cast"],"picked":"Creative AI","floor":33},{"not_picked":["Skim+1","Rebound","Leap"],"picked":"SKIP","floor":35},{"not_picked":["Gash+1","Streamline+1"],"picked":"Chaos+1","floor":36},{"not_picked":["Darkness","Lockon","Reinforced Body"],"picked":"SKIP","floor":37},{"not_picked":["Dark Shackles","Flash of Steel"],"picked":"Apotheosis","floor":38}],"player_experience":96363,"relics_obtained":[{"floor":6.0,"key":"Mummified Hand"},{"floor":9.0,"key":"Bottled Flame"},{"floor":10.0,"key":"Bottled Lightning"},{"floor":26.0,"key":"PreservedInsect"},{"floor":27.0,"key":"Shuriken"},{"floor":29.0,"key":"Pocketwatch"}],"event_choices":[{"damage_healed":0.0,"max_hp_gain":0.0,"max_hp_loss":0.0,"gold_gain":0.0,"event_name":"Upgrade Shrine","player_choice":"Upgraded","floor":7.0,"gold_loss":0.0,"damage_taken":0.0,"cards_upgraded":["Defragment"]},{"damage_healed":0.0,"max_hp_gain":0.0,"max_hp_loss":0.0,"gold_gain":0.0,"event_name":"The Mausoleum","player_choice":"Opened","floor":19.0,"gold_loss":0.0,"damage_taken":0.0,"relics_obtained":["Vajra"]},{"damage_healed":0.0,"max_hp_gain":0.0,"max_hp_loss":0.0,"gold_gain":99.0,"event_name":"Nest","player_choice":"Stole From Cult","floor":21.0,"gold_loss":0.0,"damage_taken":0.0},{"damage_healed":0.0,"max_hp_gain":0.0,"max_hp_loss":0.0,"gold_gain":0.0,"event_name":"Ghosts","player_choice":"Ignored","floor":24.0,"gold_loss":0.0,"damage_taken":0.0},{"damage_healed":0.0,"max_hp_gain":0.0,"max_hp_loss":0.0,"gold_gain":0.0,"event_name":"Wheel of Change","player_choice":"Cursed","floor":31.0,"gold_loss":0.0,"damage_taken":0.0,"cards_obtained":["Decay"]},{"damage_healed":0,"gold_gain":0,"player_choice":"Memory 1","damage_taken":0,"max_hp_gain":0,"max_hp_loss":0,"event_name":"SensoryStone","floor":38,"gold_loss":0}],"is_beta":false,"boss_relics":[{"not_picked":["FrozenCore","Busted Crown"],"picked":"Nuclear Battery"},{"not_picked":["Coffee Dripper","SacredBark"],"picked":"Fusion Hammer"}],"items_purged_floors":[14,22],"is_endless":false,"potions_floor_spawned":[3,5,6,10,13,18,25,27,35],"killed_by":"4 Shapes","ascension_level":0}}