{"host":"j4g6ia6asvpyu2b0","time":1607985251,"event":{"mods":["BaseMod","Colored Map","Minty Spire (QoL Compilation)","Permanent Neow","Quick Restart","Relic Stats","StSLib","Unceasing Turn Reminder"],"gold_per_floor":[116,116,116,116,133,133,159,159,182,211,211,267,298,316,316,416,416,433,433,283,298,298,333,333,374,427,452,452,309,234,234,234,345,345,357,121,143,171,198,198,232,232,308,308,339,398,438,467,467,467,467,467,15,57,57],"floor_reached":56,"playtime":1782,"items_purged":["Strike_B","Strike_B"],"score":1676,"play_id":"1725d1f8-bb5a-469d-b4b9-92acbb4900e6","local_time":"20201214153411","is_ascension_mode":true,"campfire_choices":[{"data":"Apotheosis","floor":6.0,"key":"SMITH"},{"data":"Clumsy","floor":8.0,"key":"PURGE"},{"data":"Strike_B","floor":11.0,"key":"PURGE"},{"data":"Strike_B","floor":15.0,"key":"PURGE"},{"data":"1","floor":24.0,"key":"LIFT"},{"data":"2","floor":28.0,"key":"LIFT"},{"data":"3","floor":32.0,"key":"LIFT"},{"data":"Defend_B","floor":40,"key":"PURGE"},{"floor":44,"key":"RECALL"},{"data":"Defend_B","floor":49,"key":"PURGE"},{"data":"Defend_B","floor":52,"key":"PURGE"}],"circlet_count":0,"master_deck":["Dualcast","Apotheosis+1","Conserve Battery","Cold Snap","All For One","Gash","FTL","White Noise","Gash","Fission","CurseOfTheBell","Go for the Eyes","Biased Cognition","Self Repair","Gash","All For One","Gash","Storm+1","Glacier","Coolheaded","Echo Form","Capacitor","Coolheaded","Heatsinks+1","Sweeping Beam+1","Static Discharge","Creative AI+1","Go for the Eyes+1","Darkness+1","Compile Driver+1","Storm+1","Ball Lightning","Conserve Battery","Storm+1"],"relics":["Cracked Core","Peace Pipe","Gambling Chip","Anchor","Dream Catcher","MealTicket","Mummified Hand","Calling Bell","Bag of Preparation","Cables","Girya","Thread and Needle","CeramicFish","Centennial Puzzle","Black Star","Medical Kit","Frozen Egg 2","Ornamental Fan","Potion Belt","Omamori","Ginger","Art of War","CaptainsWheel","Bird Faced Urn","Pear","DataDisk"],"acts_visited":["Exordium","TheCity","TheBeyond","TheEnding"],"potions_floor_usage":[55,55,55],"damage_taken":[{"damage":0.0,"enemies":"Small Slimes","floor":1.0,"turns":3.0},{"damage":9.0,"enemies":"2 Louse","floor":5.0,"turns":2.0},{"damage":6.0,"enemies":"3 Sentries","floor":7.0,"turns":9.0},{"damage":0.0,"enemies":"Lagavulin","floor":10.0,"turns":6.0},{"damage":16.0,"enemies":"Lagavulin Event","floor":12.0,"turns":5.0},{"damage":0.0,"enemies":"Gremlin Nob","floor":13.0,"turns":4.0},{"damage":0.0,"enemies":"Cultist","floor":14.0,"turns":2.0},{"damage":18.0,"enemies":"Hexaghost","floor":16.0,"turns":5.0},{"damage":2.0,"enemies":"Shell Parasite","floor":18.0,"turns":5.0},{"damage":0.0,"enemies":"3 Byrds","floor":21.0,"turns":3.0},{"damage":7.0,"enemies":"Slavers","floor":23.0,"turns":5.0},{"damage":3.0,"enemies":"Gremlin Leader","floor":25.0,"turns":5.0},{"damage":4.0,"enemies":"Centurion and Healer","floor":27.0,"turns":2.0},{"damage":0,"enemies":"Champ","floor":33,"turns":4},{"damage":0,"enemies":"Orb Walker","floor":35,"turns":1},{"damage":7,"enemies":"3 Darklings","floor":37,"turns":2},{"damage":0,"enemies":"Jaw Worm Horde","floor":38,"turns":3},{"damage":0,"enemies":"Maw","floor":39,"turns":4},{"damage":33,"enemies":"Nemesis","floor":41,"turns":5},{"damage":0,"enemies":"Reptomancer","floor":45,"turns":2},{"damage":0,"enemies":"Mind Bloom Boss Battle","floor":46,"turns":3},{"damage":0,"enemies":"Giant Head","floor":47,"turns":2},{"damage":0,"enemies":"4 Shapes","floor":48,"turns":3},{"damage":8,"enemies":"Time Eater","floor":50,"turns":5},{"damage":8,"enemies":"Shield and Spear","floor":54,"turns":2},{"damage":50,"enemies":"The Heart","floor":55,"turns":3}],"seed_played":"3758964722869225155","potions_obtained":[{"floor":1.0,"key":"DuplicationPotion"},{"floor":5.0,"key":"LiquidBronze"},{"floor":12.0,"key":"Explosive Potion"},{"floor":16.0,"key":"DistilledChaos"},{"floor":18.0,"key":"EntropicBrew"},{"floor":33,"key":"SteroidPotion"},{"floor":35,"key":"PowerPotion"},{"floor":45,"key":"Swift Potion"},{"floor":46,"key":"PowerPotion"},{"floor":54,"key":"FairyPotion"}],"is_trial":false,"path_per_floor":["M","?","?","?","M","R","E","R","T","E","R","?","E","M","R","B",null,"M","?","$","M","?","E","R","E","T","M","R","$","?","?","R","B",null,"M","$","M","M","M","R","E","?","T","R","E","?","E","M","R","B",null,"R","$","E","B",null],"character_chosen":"DEFECT","items_purchased":["Self Repair","Coolheaded","Capacitor","Coolheaded","Medical Kit","Bird Faced Urn","Storm+1","Ball Lightning","Conserve Battery"],"campfire_rested":0,"item_purchase_floors":[20,29,36,36,36,53,53,53,53],"current_hp_per_floor":[75,80,62,62,53,53,47,47,47,47,47,31,31,31,31,13,80,78,78,80,80,80,80,80,80,80,80,80,80,80,65,65,75,85,85,85,78,85,85,85,59,59,59,59,66,66,73,80,80,82,85,85,85,95,71],"gold":57,"neow_bonus":"RANDOM_COLORLESS_2","is_daily":false,"chose_seed":false,"campfire_upgraded":1,"win_rate":0.0,"timestamp":1607985251,"path_taken":["M","?","?","?","M","R","E","R","T","E","R","?","E","M","R","BOSS","M","?","$","?","?","E","R","E","T","M","R","$","?","?","R","BOSS","M","$","M","M","M","R","E","?","T","R","E","?","E","M","R","BOSS","R","$","E","BOSS"],"items_purchased_type":["Card","Card","Card","Card","Relic","Relic","Card","Card","Card"],"build_version":"2020-12-13","purchased_purges":2,"victory":true,"max_hp_per_floor":[75,80,80,80,80,80,80,80,80,80,80,80,80,80,80,80,80,80,80,80,80,80,80,80,80,80,80,80,80,80,85,85,85,85,85,85,85,85,85,85,85,85,85,85,85,85,85,85,85,85,85,85,85,95,95],"relic_stats":{"counters":[26,95],"CeramicFish":153,"Bag of Preparation":[36],"Ginger":[2],"Medical Kit":[1],"Cables":[41,31,9,1,0],"Peace Pipe":6,"Dream Catcher":0,"Centennial Puzzle":[18],"Mummified Hand":[138],"Ornamental Fan":[120],"Gambling Chip":[38],"Bird Faced Urn":[24],"MealTicket":2,"Black Star":4,"Art of War":[0],"obtain_stats":[{"CeramicFish":25,"Bag of Preparation":17,"Ginger":46,"Dream Catcher":10,"Centennial Puzzle":26,"Mummified Hand":13,"Gambling Chip":7,"MealTicket":12,"Cracked Core":0,"Potion Belt":45,"Girya":17,"Pear":54,"Thread and Needle":23,"Omamori":45,"Frozen Egg 2":41,"Medical Kit":36,"Cables":17,"Peace Pipe":3,"Calling Bell":17,"Anchor":9,"CaptainsWheel":47,"DataDisk":54,"Ornamental Fan":41,"Bird Faced Urn":53,"Black Star":34,"Art of War":47},{"CeramicFish":12,"Bag of Preparation":8,"Ginger":21,"Dream Catcher":4,"Centennial Puzzle":12,"Mummified Hand":6,"Gambling Chip":3,"MealTicket":5,"Cracked Core":0,"Potion Belt":20,"Girya":8,"Pear":25,"Thread and Needle":11,"Omamori":20,"Frozen Egg 2":19,"Medical Kit":15,"Cables":8,"Peace Pipe":1,"Calling Bell":8,"Anchor":3,"CaptainsWheel":22,"DataDisk":25,"Ornamental Fan":19,"Bird Faced Urn":24,"Black Star":14,"Art of War":22},{"CeramicFish":54,"Bag of Preparation":36,"Ginger":80,"Dream Catcher":20,"Centennial Puzzle":54,"Mummified Hand":29,"Gambling Chip":14,"MealTicket":25,"Cracked Core":0,"Potion Belt":77,"Girya":36,"Pear":92,"Thread and Needle":49,"Omamori":77,"Frozen Egg 2":75,"Medical Kit":61,"Cables":36,"Peace Pipe":3,"Calling Bell":36,"Anchor":14,"CaptainsWheel":82,"DataDisk":92,"Ornamental Fan":75,"Bird Faced Urn":90,"Black Star":60,"Art of War":82}]},"card_choices":[{"not_picked":["Panache","Magnetism"],"picked":"Apotheosis","floor":0.0},{"not_picked":["Go for the Eyes","FTL"],"picked":"Conserve Battery","floor":1.0},{"not_picked":["FTL","Stack"],"picked":"Cold Snap","floor":5.0},{"not_picked":["Sweeping Beam","Melter"],"picked":"All For One","floor":7.0},{"not_picked":["Chill","Redo"],"picked":"Gash","floor":10.0},{"not_picked":["BootSequence","Streamline"],"picked":"FTL","floor":12.0},{"not_picked":["Blizzard","Scrape"],"picked":"White Noise","floor":13.0},{"not_picked":["Rebound","Capacitor"],"picked":"Gash","floor":14.0},{"not_picked":["Meteor Strike","Amplify"],"picked":"Fission","floor":16.0},{"not_picked":["Leap","Redo"],"picked":"Go for the Eyes","floor":18.0},{"not_picked":["Cold Snap+1","Compile Driver"],"picked":"Gash","floor":21.0},{"not_picked":["Steam","Conserve Battery"],"picked":"Gash","floor":23.0},{"not_picked":["Ball Lightning","Coolheaded"],"picked":"Storm+1","floor":25.0},{"not_picked":["Reinforced Body","Sweeping Beam"],"picked":"Glacier","floor":27.0},{"not_picked":["Hyperbeam","Core Surge"],"picked":"Echo Form","floor":33},{"not_picked":["Tempest+1","Stack","Hello World+1"],"picked":"SKIP","floor":35},{"not_picked":["Rebound+1","Self Repair"],"picked":"Heatsinks+1","floor":37},{"not_picked":["Conserve Battery","Barrage"],"picked":"Sweeping Beam+1","floor":38},{"not_picked":["Doom and Gloom","Streamline"],"picked":"Static Discharge","floor":39},{"not_picked":["Rebound","Self Repair+1"],"picked":"Creative AI+1","floor":41},{"not_picked":["Stack+1","Rebound+1","Genetic Algorithm+1"],"picked":"SKIP","floor":45},{"not_picked":["Melter+1","Compile Driver+1"],"picked":"Go for the Eyes+1","floor":46},{"not_picked":["Steam+1","Compile Driver"],"picked":"Darkness+1","floor":47},{"not_picked":["Hello World+1","Beam Cell"],"picked":"Compile Driver+1","floor":48},{"not_picked":["Cold Snap","Turbo"],"picked":"Storm+1","floor":54}],"player_experience":655778,"relics_obtained":[{"floor":7.0,"key":"Gambling Chip"},{"floor":9.0,"key":"Anchor"},{"floor":10.0,"key":"Dream Catcher"},{"floor":12.0,"key":"MealTicket"},{"floor":13.0,"key":"Mummified Hand"},{"floor":17.0,"key":"Bag of Preparation"},{"floor":17.0,"key":"Cables"},{"floor":17.0,"key":"Girya"},{"floor":23.0,"key":"Thread and Needle"},{"floor":25.0,"key":"CeramicFish"},{"floor":26.0,"key":"Centennial Puzzle"},{"floor":41,"key":"Frozen Egg 2"},{"floor":41,"key":"Ornamental Fan"},{"floor":45,"key":"Potion Belt"},{"floor":45,"key":"Omamori"},{"floor":46,"key":"Ginger"},{"floor":47,"key":"Art of War"},{"floor":47,"key":"CaptainsWheel"},{"floor":54,"key":"Pear"},{"floor":54,"key":"DataDisk"}],"event_choices":[{"damage_healed":0.0,"max_hp_gain":5.0,"max_hp_loss":0.0,"gold_gain":0.0,"event_name":"Big Fish","player_choice":"Donut","floor":2.0,"gold_loss":0.0,"damage_taken":0.0},{"damage_healed":0.0,"max_hp_gain":0.0,"max_hp_loss":0.0,"gold_gain":0.0,"event_name":"Scrap Ooze","player_choice":"Success","floor":3.0,"gold_loss":0.0,"damage_taken":18.0,"relics_obtained":["Peace Pipe"]},{"damage_healed":0.0,"max_hp_gain":0.0,"max_hp_loss":0.0,"gold_gain":0.0,"event_name":"Shining Light","player_choice":"Ignored","floor":4.0,"gold_loss":0.0,"damage_taken":0.0},{"damage_healed":0.0,"max_hp_gain":0.0,"max_hp_loss":0.0,"gold_gain":30.0,"event_name":"Dead Adventurer","player_choice":"Searched \u00273\u0027 times","floor":12.0,"gold_loss":0.0,"damage_taken":0.0},{"damage_healed":0.0,"max_hp_gain":0.0,"max_hp_loss":0.0,"gold_gain":0.0,"event_name":"Match and Keep!","player_choice":"1 cards matched","floor":19.0,"gold_loss":0.0,"damage_taken":0.0,"cards_obtained":["Biased Cognition"]},{"damage_healed":0.0,"max_hp_gain":0.0,"max_hp_loss":0.0,"gold_gain":0.0,"event_name":"The Library","player_choice":"Read","floor":22.0,"gold_loss":0.0,"damage_taken":0.0,"cards_obtained":["All For One"]},{"cards_removed":["Defend_B"],"damage_healed":0.0,"max_hp_gain":0.0,"max_hp_loss":0.0,"gold_gain":0.0,"event_name":"Beggar","player_choice":"Gave Gold","floor":30.0,"gold_loss":75.0,"damage_taken":0.0},{"damage_healed":0.0,"max_hp_gain":5.0,"max_hp_loss":0.0,"gold_gain":0.0,"event_name":"Forgotten Altar","player_choice":"Shed Blood","floor":31.0,"gold_loss":0.0,"damage_taken":20.0},{"cards_removed":["Zap"],"damage_healed":0,"gold_gain":0,"player_choice":"Removed Skill","damage_taken":0,"max_hp_gain":0,"max_hp_loss":0,"event_name":"Falling","floor":42,"gold_loss":0},{"damage_healed":0,"gold_gain":0,"player_choice":"Fight","damage_taken":0,"max_hp_gain":0,"max_hp_loss":0,"event_name":"MindBloom","floor":46,"gold_loss":0}],"is_beta":false,"boss_relics":[{"not_picked":["Ectoplasm","Inserter"],"picked":"Calling Bell"},{"not_picked":["Philosopher\u0027s Stone","Tiny House"],"picked":"Black Star"}],"items_purged_floors":[20,29],"is_endless":false,"potions_floor_spawned":[1,5,12,16,18,33,35,41,45,46,54],"ascension_level":2}}