{"host":"v0byp44r5syn346h","time":1607961143,"event":{"mods":["2.2 Compatiblity","AchievementEnabler","Act Like it!","AlwaysNeverKeys","Aspiration","BaseMod","Bestiary","Better Match","Better Note","Better Skull","Better Third Choice","Better Vampires","BetterRewards","Card Filter","Colored Map","Colored Powertips","Conspire","Defuse TimeMaze Blight","Displayed Cursed Tome","Downfall","Friendly Minions","Gremlin Skip","Halation","Highlight Path","Hubris","Infinite Spire","Minty Spire (QoL Compilation)","Pale of the Ancients","Quarter Circle Forward PUNCH!","Quick Restart","Random Character Button","Rare Cards Sparkle","Relic Filter","Relic Stats","Reorder Act Four","Replay The Spire","Reworked Bosses","Shop Mod","Spicy Shops","Spikes Relics","StSLib","SuperFastMode","The Blue Laboratory","The Construct","The Cursed","The Hierophant","The Jungle","Thieving Mod","Trackpad","Unknown Chances","egg","vexMod"],"gold_per_floor":[116,116,116,131,21,52,52,83,83,83,102,102,120,120,120,220,220,235,235,252,127,144,144,144,178,178,278,296,324,387,36,36,136,136,160,160,160,260,260,312,312,312,382,382,134,134,162,0,0,0,16,36,36,12,12,27,27,327,327,327],"floor_reached":61,"playtime":1637,"items_purged":["Strike_P","Strike_P","Strike_P","Strike_P"],"score":2989,"play_id":"c6d34f76-b723-49fc-9dd4-8e6cf41ace0d","local_time":"20201214165223","is_ascension_mode":true,"campfire_choices":[{"data":"Ragnarok","floor":7,"key":"SMITH"},{"data":"WheelKick","floor":7,"key":"SMITH"},{"data":"SpiritShield","floor":23,"key":"SMITH"},{"data":"Magnetism","floor":32,"key":"SMITH"},{"data":"Wallop","floor":32,"key":"SMITH"},{"data":"Wish","floor":42,"key":"SMITH"},{"data":"infinitespire:Starlight","floor":42,"key":"SMITH"},{"floor":49,"key":"DIG"},{"data":"Fasting2","floor":55,"key":"SMITH"},{"data":"Pot Of Greed","floor":55,"key":"SMITH"},{"floor":57,"key":"REST"}],"circlet_count":0,"master_deck":["Eruption+1","Vigilance+1","Fasting2+1","EmptyFist+1","EmptyFist+1","WheelKick+1","Alpha+1","DeusExMachina+1","DeceiveReality+1","Wallop+1","LikeWater+1","Apotheosis+1","CutThroughFate+1","TalkToTheHand+1","DeusExMachina+1","Study+1","hubris:DuctTapeCard","CutThroughFate+1","AbeCurse","CutThroughFate+1","SpiritShield+1","ConjureBlade+1","Weave+1","Tantrum+1","TalkToTheHand+1","RitualDagger+1","FollowUp+1","FlurryOfBlows+1","Tantrum+1","Magnetism+1","Wish+1","TalkToTheHand+1","InnerPeace+1","Bash+1","Omniscience+1","expansioncontent:HyperBeam+1","infinitespire:Punishment+1","Pot Of Greed+1","Pot Of Greed+1","Pot Of Greed+1","Pot Of Greed+1","infinitespire:Starlight+1","infinitespire:SevenWalls+1","Night Terror+1","Prepared+1","Terror+1","Alpha+1","TalkToTheHand+1","Pot Of Greed+1","Fasting2+1","TalkToTheHand+1","FearNoEvil+1","Replay:SS_hec_1","MasterReality","Vault","WheelKick+1"],"relics":["PureWater","Blue Doll","hubris:BlackHole","halation:NonexistentMirror","aspiration:FetidBarrel","Bag of Preparation","halation:PenCase","Guide Book","conspire:TreasureMap","conspire:GiftBox","Strange Spoon","Replay:Bottled Eggs","Juzu Bracelet","vexMod:Cooldron","vexMod:CardConverter","BargainBundle","Replay:Rubber Ducky","aspiration:TomeofQuesting","halation:Jellyphish","vexMod:ScavengeHelm","hubris:Metronome","Molten Egg 2","qcfpunch:Red_Headband","hubris:DuctTape","aspiration:ArtOfWarUpgrade","StrikeDummy","aspiration:PoetsPen_weak","Akabeko","trackpad:IceCube","qcfpunch:Spiky_Bracers","Strawberry","hubris:CuriousFeather","conspire:Flyswatter","infinitespire:Satchel","Gremlin Food","Omamori","Bottled Flame","infinitespire:EvilPickle","Sandwich","ReplayTheSpireMod:SealedPack","Grinning Jar","Peace Pipe","Sundial","conspire:BottledYoYo","hubris:Towel","Red Mask","infinitespire:DarkRift","paleoftheancients:Timepiece","paleoftheancients:KeyRelic","paleoftheancients:SoulOfTheWatcher","hubris:NiceRug","qcfpunch:Red_Beret","trackpad:AdjectivePendant","Orrery","MiniBlackHole","Nunchaku","PrismaticShard"],"acts_visited":["Exordium","TheCity","TheBeyond","TheBeyond"],"potions_floor_usage":[27,27,27,27,27,27,27,27,27,29,29,29,33,33,33,38,38,38,38,38,38,60,60,60,60,60,60,60,60,60,60,60,60],"damage_taken":[{"damage":0,"enemies":"Cultist","floor":1,"turns":1},{"damage":0,"enemies":"Small Slimes","floor":4,"turns":2},{"damage":0,"enemies":"Lagavulin","floor":6,"turns":2},{"damage":0,"enemies":"3 Sentries","floor":8,"turns":2},{"damage":0,"enemies":"Jaw Worm","floor":11,"turns":1},{"damage":0,"enemies":"Blue Slaver","floor":13,"turns":1},{"damage":7,"enemies":"Fading Forest","floor":16,"turns":10},{"damage":0,"enemies":"3 Byrds","floor":18,"turns":1},{"damage":5,"enemies":"Chosen","floor":20,"turns":2},{"damage":16,"enemies":"conspire:HollyBat","floor":22,"turns":5},{"damage":0,"enemies":"conspire:SneckoGhost","floor":25,"turns":1},{"damage":0,"enemies":"Colosseum Slavers","floor":27,"turns":1},{"damage":0,"enemies":"Colosseum Nobs","floor":27,"turns":1},{"damage":0,"enemies":"Snecko","floor":28,"turns":1},{"damage":0,"enemies":"Book of Stabbing","floor":29,"turns":1},{"damage":0,"enemies":"Pondfish","floor":33,"turns":2},{"damage":0,"enemies":"3 Darklings","floor":35,"turns":1},{"damage":0,"enemies":"infinitespire:Three Voidlings","floor":38,"turns":1},{"damage":70,"enemies":"Nightmare_Alpha","floor":38,"turns":6},{"damage":0,"enemies":"Nightmare","floor":40,"turns":1},{"damage":0,"enemies":"Jaw Worm Horde","floor":47,"turns":1},{"damage":0,"enemies":"bossMod:newShapes","floor":50,"turns":1},{"damage":0,"enemies":"bossMod:newShapes","floor":51,"turns":1},{"damage":6,"enemies":"bossMod:newShapes","floor":52,"turns":2},{"damage":22,"enemies":"bossMod:newShapes","floor":56,"turns":3},{"damage":0,"enemies":"hubris:Merchant","floor":58,"turns":2},{"damage":269,"enemies":"paleoftheancients:N","floor":60,"turns":3}],"seed_played":"-8542451757555572104","potions_obtained":[{"floor":6,"key":"EntropicBrew"},{"floor":27,"key":"EntropicBrew"},{"floor":28,"key":"EntropicBrew"},{"floor":30,"key":"blueLaboratory:SavagePotion"},{"floor":33,"key":"EntropicBrew"},{"floor":38,"key":"EntropicBrew"},{"floor":53,"key":"Fire Potion"},{"floor":58,"key":"EntropicBrew"},{"floor":58,"key":"EntropicBrew"},{"floor":58,"key":"EntropicBrew"},{"floor":58,"key":"EntropicBrew"}],"is_trial":false,"path_per_floor":["M","?","?","M","$","E","R","E","T","?","M","$","M","T","R","B",null,"M","?","M","$","M","R","?","E","T","?","M","E","?","$","R","B",null,"M","?","M","?","?","NM","?","R","T","?","$","?","M","?","R_BF","B","M","M","?","$","R","M","R","$","?","B",null],"character_chosen":"WATCHER","items_purchased":["Blue Doll","hubris:BlackHole","Fasting2","halation:NonexistentMirror","EmptyFist+1","aspiration:FetidBarrel","Bag of Preparation","halation:PenCase","WheelKick","Guide Book","Ragnarok","conspire:TreasureMap","conspire:GiftBox","Strange Spoon","Replay:Bottled Eggs","Juzu Bracelet","DeusExMachina+1","vexMod:Cooldron","vexMod:CardConverter","BargainBundle","Replay:Rubber Ducky","aspiration:TomeofQuesting","halation:Jellyphish","vexMod:ScavengeHelm","hubris:Metronome","DeceiveReality","Wallop","EntropicBrew","EntropicBrew","Apotheosis","DevaForm+1","TalkToTheHand+1","Akabeko","Tantrum+1","Omamori","Magnetism","Bottled Flame","Alpha+1","TalkToTheHand+1","Fasting2"],"campfire_rested":1,"item_purchase_floors":[0,0,0,0,0,0,0,0,0,0,0,0,0,0,0,0,0,0,0,0,0,0,0,0,0,0,0,0,0,0,5,5,21,21,31,31,31,45,45,54],"current_hp_per_floor":[73,75,75,77,81,83,83,87,87,87,89,89,93,93,93,95,100,100,102,99,101,87,87,83,83,83,92,97,97,70,72,72,74,119,121,123,131,71,71,73,79,79,79,79,79,79,79,79,79,196,196,193,193,195,195,198,198,210,210,212],"gold":327,"neow_bonus":"","is_daily":false,"chose_seed":false,"campfire_upgraded":9,"win_rate":0.0,"timestamp":1607961143,"path_taken":["M","?","?","M","$","E","R","E","T","?","M","?","M","?","R","BOSS","M","?","M","$","M","R","?","E","T","?","M","E","?","?","R","BOSS","M","?","M","?","?","NM","?","R","T","?","$","?","M","?","R_BF","BOSS","M","M","?","$","R","M","R","$","?","BOSS"],"items_purchased_type":["Relic","Relic","Card","Relic","Card","Relic","Relic","Relic","Card","Relic","Card","Relic","Relic","Relic","Relic","Relic","Card","Relic","Relic","Relic","Relic","Relic","Relic","Relic","Relic","Card","Card","Potion","Potion","Card","Card","Card","Relic","Card","Relic","Card","Relic","Card","Card","Card"],"build_version":"2020-12-13","purchased_purges":4,"victory":true,"max_hp_per_floor":[80,82,82,84,88,90,90,94,94,94,96,96,100,100,100,102,102,102,104,106,108,110,110,112,112,112,121,126,126,130,132,132,134,134,136,138,146,156,156,158,164,164,164,164,170,170,170,170,170,196,196,196,196,198,198,198,198,210,210,212],"relic_stats":{"Peace Pipe":2,"Strange Spoon":[100],"Nunchaku":[2],"counters":[179,548],"Sundial":[0],"Bag of Preparation":[68],"Juzu Bracelet":4,"obtain_stats":[{"trackpad:Mousetrap":7,"aspiration:PoetsPen_weak":34,"infinitespire:Cubic Diamond":3,"qcfpunch:Red_Beret":58,"trackpad:PocketGalaxy":0,"vexMod:InvisibilityCloak":26,"Necronomicon":22,"HandDrill":8,"hubris:MobiusCoin":0,"ReplayTheSpireMod:SealedPack":37,"Akabeko":21,"infinitespire:EvilPickle":33,"qcfpunch:Broken_Tusk":47,"infinitespire:Lychee Nut":1,"Bird Faced Urn":0,"conspire:BottledYoYo":43,"StrikeDummy":14,"Regal Pillow":5,"Torii":27,"hubris:EmptyBottle":0,"Smiling Mask":26,"Pet Ghost":44,"qcfpunch:Wild_Herbs_Ointment":58,"hubris:BlackHole":0,"infinitespire:Bottled Soul":54,"vexMod:RedPlottingStone":0,"hubris:CuriousFeather":8,"Chemical X":0,"Replay:Bottled Eggs":0,"InkBottle":7,"construct:WeddingRing":34,"NeowsBlessing":0,"Golden Idol":10,"hubris:64BitClover":52,"qcfpunch:Black_Training_Shirt":31,"PreservedInsect":0,"aspiration:RandomNobGenerator":17,"infinitespire:Lucky Rock":4,"hubris:Towel":53,"halation:NonexistentMirror":58,"Ornamental Fan":42,"SpikesRelics:DaevaFist":47,"Art of War":9,"Durian":28,"conspire:DeflatedDodgeball":54,"hubris:BottledRain":0,"Gremlin Horn":50,"aspiration:Stabinomicon":25,"halation:BlueSoulGem":30,"Sozu":50,"Prayer Wheel":0,"Iron Hammer":27,"qcfpunch:Handcuffs":60,"paleoftheancients:SoulOfTheWatcher":51,"paleoftheancients:KeyRelic":50,"hubris:Teleporter":44,"hubris:DuctTape":8,"vexMod:PaidLearning":0,"aspiration:HiddenCompartment":6,"OrangePellets":0,"conspire:GiftBox":0,"paleoftheancients:SoulOfTheWokeBloke":51,"Onion Ring":0,"infinitespire:EmpoweringShard":11,"aspiration:TomeofQuesting":47,"Juzu Bracelet":40,"paleoftheancients:SoulOfTheDefect":56,"Replay:Mystery Machine":7,"vexMod:Spyglass":58,"PrismaticShard":54,"conspire:TopHat":40,"vexMod:FluxCapacitor":17,"Nunchaku":41,"TheAbacus":4,"MiniBlackHole":58,"Red Mask":48,"Replay:Bottled Snecko":58,"halation:LettersToHer":0,"Runic Pyramid":6,"trackpad:Trackpad":17,"Guide Book":0,"Odd Mushroom":11,"Medical Kit":0,"Strange Spoon":8,"Pondfish Scales":0,"infinitespire:DarkRift":49,"vexMod:BarristanHead":10,"infinitespire:Satchel":29,"Membership Card":0,"FossilizedHelix":25,"ReplayTheSpireMod:ShopPack":10,"Golden Egg":9,"vexMod:MemoryStick":13,"Ginger":0,"Boot":9,"halation:RedSoulGem":2,"Replay:Ringing Soul":9,"vexMod:CardConverter":9,"Sundial":40,"vexMod:EndlessSickness":38,"hubris:DeckOfHolding":6,"trackpad:AdjectivePendant":3,"Replay:Wax Seal":0,"conspire:TreasureMap":0,"GiantMaggot":4,"Counterbalance":0,"vexMod:MysteryBossChallenge":17,"hubris:SphereOfDissonance":54,"aspiration:IroncladSkillbook":12,"qcfpunch:School_Backpack":58,"halation:Jellyphish":0,"halation:PenCase":0,"hubris:TenFootPole":2,"trackpad:WindUpAutoDealer":7,"Abe\u0027s Treasure":13,"infinitespire:Cupcake":6,"conspire:Flyswatter":27,"halation:BlackBeret":10,"WizardHat":35,"qcfpunch:Spiky_Bracers":48,"Lantern":40,"hubris:Metronome":0,"hierophant:PropheticMaskRelic":3,"RoseTintedShades":12,"Blue Doll":1,"Replay:Multitool":46,"Bag of Preparation":0,"Cursed Key":17,"Replay:Rubber Ducky":0,"BranchBurnRelic":25,"WingedGreaves":0,"hubris:FunFungus":0,"Ring of Panic":2,"BicycleWheel":8,"construct:ClawGrip":17,"CherryCoatedStake":1,"halation:Yufonium":34,"Damaru":0,"infinitespire:Joker Card":8,"Omamori":27,"Orrery":58,"halation:AfternoonTea":13,"Bottled Lightning":31,"ReplayTheSpireMod:Ring of Challenge":2,"ReplayTheSpireMod:Lightbulb":28,"Mark of the Bloom":47,"trackpad:IceCube":25,"CeramicFish":0,"halation:Prosthetics":17,"trackpad:ZombieHeart":48,"HornCleat":8,"DollysMirror":0,"Strawberry":30,"qcfpunch:Red_Gi":58,"halation:VictoryRuler":26,"aspiration:ArtOfWarUpgrade":23,"Happy Flower":6,"trackpad:SappingStone":0,"vexMod:ScavengeHelm":9,"Dead Branch":19,"Oddly Smooth Stone":22,"infinitespire:Beetle Shell":9,"conspire:Boomerang":8,"Question Card":26,"paleoftheancients:Timepiece":50,"Replay:Baseball":0,"vexMod:Cooldron":0,"Bottled Flame":31,"Shuriken":58,"Molten Egg 2":0,"ReplayTheSpireMod:TigerMarble":0,"Grinning Jar":38,"trackpad:BottledTsunami":0,"Meat on the Bone":8,"ReplayFunnel":2,"halation:PapillonHeart":49,"trackpad:PetRock":43,"Incense Burner":54,"hubris:SlimyHat":43,"Gambling Chip":11,"Pantograph":4,"Tiny Chest":7,"RollingBoulder":51,"qcfpunch:Wrestler\u0027s_Cloak":16,"trackpad:VoidSphere":58,"Gremlin Food":30,"hubris:DisguiseKit":9,"BargainBundle":8,"trackpad:HandOfMidas":0,"Replay:Towering Pillar of Hats":27,"aspiration:FetidBarrel":0,"paleoftheancients:SoulOfTheHexaghost":56,"aspiration:HummingbirdHeart":5,"qcfpunch:White_Boots":43,"White Beast Statue":33,"Sandwich":34,"Peace Pipe":38,"Anchor":50,"CaptainsWheel":5,"infinitespire:WardingShard":13,"ChewingGum":4,"Snack Pack":23,"qcfpunch:Red_Headband":6,"PureWater":0,"hubris:NiceRug":58},{"trackpad:Mousetrap":16,"aspiration:PoetsPen_weak":99,"infinitespire:Cubic Diamond":143,"qcfpunch:Red_Beret":178,"trackpad:PocketGalaxy":32,"vexMod:InvisibilityCloak":125,"Necronomicon":23,"HandDrill":114,"hubris:MobiusCoin":32,"ReplayTheSpireMod:SealedPack":169,"Akabeko":161,"infinitespire:EvilPickle":168,"qcfpunch:Broken_Tusk":172,"infinitespire:Lychee Nut":147,"Bird Faced Urn":142,"conspire:BottledYoYo":172,"StrikeDummy":158,"Regal Pillow":54,"Torii":62,"hubris:EmptyBottle":111,"Smiling Mask":62,"Pet Ghost":73,"qcfpunch:Wild_Herbs_Ointment":110,"hubris:BlackHole":152,"infinitespire:Bottled Soul":139,"vexMod:RedPlottingStone":29,"hubris:CuriousFeather":85,"Chemical X":32,"Replay:Bottled Eggs":152,"InkBottle":144,"construct:WeddingRing":128,"NeowsBlessing":0,"Golden Idol":85,"hubris:64BitClover":175,"qcfpunch:Black_Training_Shirt":65,"PreservedInsect":12,"aspiration:RandomNobGenerator":41,"infinitespire:Lucky Rock":143,"hubris:Towel":79,"halation:NonexistentMirror":140,"Ornamental Fan":72,"SpikesRelics:DaevaFist":135,"Art of War":156,"Durian":165,"conspire:DeflatedDodgeball":79,"hubris:BottledRain":111,"Gremlin Horn":77,"aspiration:Stabinomicon":125,"halation:BlueSoulGem":126,"Sozu":107,"Prayer Wheel":81,"Iron Hammer":62,"qcfpunch:Handcuffs":178,"paleoftheancients:SoulOfTheWatcher":175,"paleoftheancients:KeyRelic":77,"hubris:Teleporter":106,"hubris:DuctTape":156,"vexMod:PaidLearning":32,"aspiration:HiddenCompartment":3,"OrangePellets":32,"conspire:GiftBox":81,"paleoftheancients:SoulOfTheWokeBloke":138,"Onion Ring":142,"infinitespire:EmpoweringShard":156,"aspiration:TomeofQuesting":135,"Juzu Bracelet":70,"paleoftheancients:SoulOfTheDefect":109,"Replay:Mystery Machine":85,"vexMod:Spyglass":110,"PrismaticShard":139,"conspire:TopHat":132,"vexMod:FluxCapacitor":57,"Nunchaku":71,"TheAbacus":30,"MiniBlackHole":178,"Red Mask":173,"Replay:Bottled Snecko":110,"halation:LettersToHer":81,"Runic Pyramid":150,"trackpad:Trackpad":8,"Guide Book":32,"Odd Mushroom":86,"Medical Kit":111,"Strange Spoon":85,"Pondfish Scales":12,"infinitespire:DarkRift":173,"vexMod:BarristanHead":151,"infinitespire:Satchel":167,"Membership Card":111,"FossilizedHelix":162,"ReplayTheSpireMod:ShopPack":114,"Golden Egg":4,"vexMod:MemoryStick":18,"Ginger":111,"Boot":47,"halation:RedSoulGem":1,"Replay:Ringing Soul":16,"vexMod:CardConverter":85,"Sundial":172,"vexMod:EndlessSickness":170,"hubris:DeckOfHolding":114,"trackpad:AdjectivePendant":1,"Replay:Wax Seal":111,"conspire:TreasureMap":152,"GiantMaggot":153,"Counterbalance":111,"vexMod:MysteryBossChallenge":8,"hubris:SphereOfDissonance":139,"aspiration:IroncladSkillbook":146,"qcfpunch:School_Backpack":110,"halation:Jellyphish":142,"halation:PenCase":152,"hubris:TenFootPole":33,"trackpad:WindUpAutoDealer":54,"Abe\u0027s Treasure":157,"infinitespire:Cupcake":154,"conspire:Flyswatter":165,"halation:BlackBeret":37,"WizardHat":168,"qcfpunch:Spiky_Bracers":76,"Lantern":104,"hubris:Metronome":152,"hierophant:PropheticMaskRelic":143,"RoseTintedShades":38,"Blue Doll":142,"Replay:Multitool":75,"Bag of Preparation":152,"Cursed Key":20,"Replay:Rubber Ducky":152,"BranchBurnRelic":94,"WingedGreaves":32,"hubris:FunFungus":111,"Ring of Panic":30,"BicycleWheel":85,"construct:ClawGrip":89,"CherryCoatedStake":152,"halation:Yufonium":66,"Damaru":52,"infinitespire:Joker Card":4,"Omamori":62,"Orrery":178,"halation:AfternoonTea":6,"Bottled Lightning":98,"ReplayTheSpireMod:Ring of Challenge":30,"ReplayTheSpireMod:Lightbulb":63,"Mark of the Bloom":75,"trackpad:IceCube":163,"CeramicFish":142,"halation:Prosthetics":118,"trackpad:ZombieHeart":136,"HornCleat":114,"DollysMirror":81,"Strawberry":27,"qcfpunch:Red_Gi":141,"halation:VictoryRuler":94,"aspiration:ArtOfWarUpgrade":162,"Happy Flower":45,"trackpad:SappingStone":111,"vexMod:ScavengeHelm":114,"Dead Branch":90,"Oddly Smooth Stone":11,"infinitespire:Beetle Shell":36,"conspire:Boomerang":47,"Question Card":25,"paleoftheancients:Timepiece":77,"Replay:Baseball":81,"vexMod:Cooldron":152,"Bottled Flame":167,"Shuriken":110,"Molten Egg 2":142,"ReplayTheSpireMod:TigerMarble":81,"Grinning Jar":170,"trackpad:BottledTsunami":111,"Meat on the Bone":36,"ReplayFunnel":143,"halation:PapillonHeart":76,"trackpad:PetRock":105,"Incense Burner":108,"hubris:SlimyHat":134,"Gambling Chip":49,"Pantograph":84,"Tiny Chest":145,"RollingBoulder":174,"qcfpunch:Wrestler\u0027s_Cloak":158,"trackpad:VoidSphere":110,"Gremlin Food":167,"hubris:DisguiseKit":145,"BargainBundle":85,"trackpad:HandOfMidas":42,"Replay:Towering Pillar of Hats":164,"aspiration:FetidBarrel":152,"paleoftheancients:SoulOfTheHexaghost":80,"aspiration:HummingbirdHeart":44,"qcfpunch:White_Boots":72,"White Beast Statue":167,"Sandwich":168,"Peace Pipe":171,"Anchor":77,"CaptainsWheel":143,"infinitespire:WardingShard":50,"ChewingGum":148,"Snack Pack":24,"qcfpunch:Red_Headband":155,"PureWater":0,"hubris:NiceRug":141},{"trackpad:Mousetrap":57,"aspiration:PoetsPen_weak":313,"infinitespire:Cubic Diamond":465,"qcfpunch:Red_Beret":545,"trackpad:PocketGalaxy":124,"vexMod:InvisibilityCloak":394,"Necronomicon":88,"HandDrill":361,"hubris:MobiusCoin":124,"ReplayTheSpireMod:SealedPack":527,"Akabeko":514,"infinitespire:EvilPickle":526,"qcfpunch:Broken_Tusk":535,"infinitespire:Lychee Nut":474,"Bird Faced Urn":463,"conspire:BottledYoYo":535,"StrikeDummy":501,"Regal Pillow":190,"Torii":208,"hubris:EmptyBottle":349,"Smiling Mask":208,"Pet Ghost":226,"qcfpunch:Wild_Herbs_Ointment":347,"hubris:BlackHole":492,"infinitespire:Bottled Soul":449,"vexMod:RedPlottingStone":114,"hubris:CuriousFeather":254,"Chemical X":124,"Replay:Bottled Eggs":492,"InkBottle":467,"construct:WeddingRing":406,"NeowsBlessing":0,"Golden Idol":254,"hubris:64BitClover":538,"qcfpunch:Black_Training_Shirt":214,"PreservedInsect":38,"aspiration:RandomNobGenerator":149,"infinitespire:Lucky Rock":465,"hubris:Towel":240,"halation:NonexistentMirror":450,"Ornamental Fan":224,"SpikesRelics:DaevaFist":431,"Art of War":499,"Durian":522,"conspire:DeflatedDodgeball":240,"hubris:BottledRain":349,"Gremlin Horn":236,"aspiration:Stabinomicon":394,"halation:BlueSoulGem":398,"Sozu":338,"Prayer Wheel":248,"Iron Hammer":208,"qcfpunch:Handcuffs":545,"paleoftheancients:SoulOfTheWatcher":538,"paleoftheancients:KeyRelic":236,"hubris:Teleporter":336,"hubris:DuctTape":499,"vexMod:PaidLearning":124,"aspiration:HiddenCompartment":3,"OrangePellets":124,"conspire:GiftBox":248,"paleoftheancients:SoulOfTheWokeBloke":446,"Onion Ring":463,"infinitespire:EmpoweringShard":499,"aspiration:TomeofQuesting":431,"Juzu Bracelet":220,"paleoftheancients:SoulOfTheDefect":345,"Replay:Mystery Machine":254,"vexMod:Spyglass":347,"PrismaticShard":449,"conspire:TopHat":423,"vexMod:FluxCapacitor":195,"Nunchaku":221,"TheAbacus":119,"MiniBlackHole":545,"Red Mask":536,"Replay:Bottled Snecko":347,"halation:LettersToHer":248,"Runic Pyramid":481,"trackpad:Trackpad":22,"Guide Book":124,"Odd Mushroom":258,"Medical Kit":349,"Strange Spoon":254,"Pondfish Scales":38,"infinitespire:DarkRift":536,"vexMod:BarristanHead":487,"infinitespire:Satchel":524,"Membership Card":349,"FossilizedHelix":519,"ReplayTheSpireMod:ShopPack":361,"Golden Egg":6,"vexMod:MemoryStick":63,"Ginger":349,"Boot":170,"halation:RedSoulGem":1,"Replay:Ringing Soul":57,"vexMod:CardConverter":254,"Sundial":535,"vexMod:EndlessSickness":528,"hubris:DeckOfHolding":361,"trackpad:AdjectivePendant":1,"Replay:Wax Seal":349,"conspire:TreasureMap":492,"GiantMaggot":493,"Counterbalance":349,"vexMod:MysteryBossChallenge":22,"hubris:SphereOfDissonance":449,"aspiration:IroncladSkillbook":471,"qcfpunch:School_Backpack":347,"halation:Jellyphish":463,"halation:PenCase":492,"hubris:TenFootPole":126,"trackpad:WindUpAutoDealer":190,"Abe\u0027s Treasure":500,"infinitespire:Cupcake":495,"conspire:Flyswatter":522,"halation:BlackBeret":138,"WizardHat":526,"qcfpunch:Spiky_Bracers":235,"Lantern":327,"hubris:Metronome":492,"hierophant:PropheticMaskRelic":465,"RoseTintedShades":139,"Blue Doll":463,"Replay:Multitool":234,"Bag of Preparation":492,"Cursed Key":73,"Replay:Rubber Ducky":492,"BranchBurnRelic":292,"WingedGreaves":124,"hubris:FunFungus":349,"Ring of Panic":119,"BicycleWheel":254,"construct:ClawGrip":275,"CherryCoatedStake":492,"halation:Yufonium":216,"Damaru":185,"infinitespire:Joker Card":6,"Omamori":208,"Orrery":545,"halation:AfternoonTea":12,"Bottled Lightning":308,"ReplayTheSpireMod:Ring of Challenge":119,"ReplayTheSpireMod:Lightbulb":210,"Mark of the Bloom":234,"trackpad:IceCube":520,"CeramicFish":463,"halation:Prosthetics":375,"trackpad:ZombieHeart":436,"HornCleat":361,"DollysMirror":248,"Strawberry":105,"qcfpunch:Red_Gi":452,"halation:VictoryRuler":292,"aspiration:ArtOfWarUpgrade":519,"Happy Flower":163,"trackpad:SappingStone":349,"vexMod:ScavengeHelm":361,"Dead Branch":279,"Oddly Smooth Stone":35,"infinitespire:Beetle Shell":136,"conspire:Boomerang":170,"Question Card":96,"paleoftheancients:Timepiece":236,"Replay:Baseball":248,"vexMod:Cooldron":492,"Bottled Flame":524,"Shuriken":347,"Molten Egg 2":463,"ReplayTheSpireMod:TigerMarble":248,"Grinning Jar":528,"trackpad:BottledTsunami":349,"Meat on the Bone":136,"ReplayFunnel":465,"halation:PapillonHeart":235,"trackpad:PetRock":334,"Incense Burner":343,"hubris:SlimyHat":430,"Gambling Chip":177,"Pantograph":252,"Tiny Chest":469,"RollingBoulder":537,"qcfpunch:Wrestler\u0027s_Cloak":501,"trackpad:VoidSphere":347,"Gremlin Food":524,"hubris:DisguiseKit":469,"BargainBundle":254,"trackpad:HandOfMidas":154,"Replay:Towering Pillar of Hats":521,"aspiration:FetidBarrel":492,"paleoftheancients:SoulOfTheHexaghost":246,"aspiration:HummingbirdHeart":158,"qcfpunch:White_Boots":224,"White Beast Statue":524,"Sandwich":526,"Peace Pipe":534,"Anchor":236,"CaptainsWheel":465,"infinitespire:WardingShard":180,"ChewingGum":477,"Snack Pack":92,"qcfpunch:Red_Headband":497,"PureWater":0,"hubris:NiceRug":452}]},"card_choices":[{"not_picked":["Brilliance","LessonLearned"],"picked":"Alpha","floor":0},{"not_picked":["Replay:BluntJabs","Consecrate","ThirdEye"],"picked":"SKIP","floor":1},{"not_picked":["EmptyFist+1","Replay:ManipulateFuture"],"picked":"CutThroughFate+1","floor":4},{"not_picked":["Pray","Evaluate"],"picked":"DeusExMachina","floor":6},{"not_picked":["Tantrum+1","Perseverance"],"picked":"Study","floor":8},{"not_picked":["FearNoEvil+1","JustLucky+1"],"picked":"CutThroughFate+1","floor":11},{"not_picked":["ClearTheMind","FearNoEvil+1"],"picked":"CutThroughFate+1","floor":13},{"not_picked":["Establishment","DevaForm"],"picked":"SpiritShield","floor":16},{"not_picked":["MentalFortress","PathToVictory","BowlingBash+1"],"picked":"SKIP","floor":18},{"not_picked":["Halt+1","Evaluate"],"picked":"Weave+1","floor":20},{"not_picked":["Evaluate","FlurryOfBlows+1"],"picked":"TalkToTheHand+1","floor":22},{"not_picked":["EmptyBody","PathToVictory+1","Replay:Hum"],"picked":"SKIP","floor":25},{"not_picked":["Worship+1","Replay:ManipulateFuture"],"picked":"FollowUp+1","floor":27},{"not_picked":["Evaluate","Worship","Prostrate+1"],"picked":"SKIP","floor":28},{"not_picked":["ThirdEye","Judgement","ClearTheMind+1"],"picked":"SKIP","floor":29},{"not_picked":["ClearTheMind","ThirdEye+1"],"picked":"FlurryOfBlows+1","floor":30},{"not_picked":["Indignation","EmptyFist+1"],"picked":"Tantrum+1","floor":30},{"not_picked":["Establishment","MasterReality"],"picked":"Wish","floor":33},{"not_picked":["PathToVictory","Halt+1"],"picked":"TalkToTheHand+1","floor":35},{"not_picked":["Neutralize","Eruption"],"picked":"Bash","floor":37},{"not_picked":["SpiritShield","Replay:LoomingThreat"],"picked":"Omniscience","floor":37},{"not_picked":["Jack Of All Trades","expansioncontent:Flail"],"picked":"expansioncontent:HyperBeam","floor":37},{"not_picked":["infinitespire:SealOfDarkness+","ReplayTheSpireMod:Haul"],"picked":"infinitespire:Punishment","floor":37},{"not_picked":["ReplayTheSpireMod:Black Plague","infinitespire:SealOfDarkness+"],"picked":"infinitespire:Starlight","floor":38},{"not_picked":["infinitespire:NeuralNetwork","infinitespire:Punishment"],"picked":"infinitespire:SevenWalls","floor":40},{"not_picked":["Meditate","EmptyBody+1","PathToVictory+1"],"picked":"SKIP","floor":40},{"not_picked":["FlyingSleeves+1","PathToVictory","Replay:DivineShield+1"],"picked":"SKIP","floor":47},{"not_picked":["ReachHeaven+1","Swivel","MasterReality"],"picked":"SKIP","floor":51},{"not_picked":["Nirvana+1","ThirdEye","Halt"],"picked":"SKIP","floor":52},{"not_picked":["Vengeance","Indignation","JustLucky+1"],"picked":"SKIP","floor":56},{"not_picked":[],"picked":"TalkToTheHand+1","floor":58},{"not_picked":[],"picked":"FearNoEvil+1","floor":58},{"not_picked":[],"picked":"Replay:SS_hec_1","floor":58},{"not_picked":["Replay:Hum","Evaluate"],"picked":"MasterReality","floor":58},{"not_picked":["PathToVictory+1","FlyingSleeves+1"],"picked":"Vault","floor":58},{"not_picked":["SashWhip+1","Replay:BluntJabs+1"],"picked":"WheelKick+1","floor":58}],"player_experience":822677,"relics_obtained":[{"floor":6,"key":"qcfpunch:Red_Headband"},{"floor":8,"key":"hubris:DuctTape"},{"floor":9,"key":"Art of War"},{"floor":14,"key":"StrikeDummy"},{"floor":25,"key":"trackpad:IceCube"},{"floor":26,"key":"qcfpunch:Spiky_Bracers"},{"floor":27,"key":"hubris:CuriousFeather"},{"floor":27,"key":"conspire:Flyswatter"},{"floor":29,"key":"infinitespire:Satchel"},{"floor":30,"key":"Gremlin Food"},{"floor":38,"key":"Peace Pipe"},{"floor":40,"key":"Sundial"},{"floor":43,"key":"conspire:BottledYoYo"},{"floor":49,"key":"infinitespire:DarkRift"},{"floor":51,"key":"paleoftheancients:SoulOfTheWatcher"},{"floor":58,"key":"qcfpunch:Red_Beret"},{"floor":58,"key":"trackpad:AdjectivePendant"},{"floor":58,"key":"Orrery"},{"floor":58,"key":"MiniBlackHole"},{"floor":58,"key":"Nunchaku"},{"floor":58,"key":"PrismaticShard"}],"event_choices":[{"damage_healed":0,"gold_gain":0,"player_choice":"Leave","damage_taken":0,"max_hp_gain":0,"max_hp_loss":0,"event_name":"conspire:Investor","floor":10,"gold_loss":0},{"damage_healed":0,"gold_gain":0,"player_choice":"Take","damage_taken":0,"max_hp_gain":0,"max_hp_loss":0,"event_name":"betterNote:BetterNote","floor":19,"gold_loss":0,"cards_obtained":["ConjureBlade"]},{"damage_healed":0,"gold_gain":0,"player_choice":"Dagger","damage_taken":6,"max_hp_gain":0,"max_hp_loss":0,"event_name":"betterThird:BetterNest","floor":24,"gold_loss":0,"cards_obtained":["RitualDagger"]},{"damage_healed":0,"gold_gain":0,"player_choice":"Fight","damage_taken":0,"max_hp_gain":0,"max_hp_loss":0,"event_name":"Colosseum","floor":27,"gold_loss":0},{"damage_healed":0,"gold_gain":0,"player_choice":"Fought Nobs","damage_taken":0,"max_hp_gain":0,"max_hp_loss":0,"event_name":"Colosseum","floor":27,"gold_loss":0},{"damage_healed":0,"gold_gain":0,"cards_transformed":["Defend_P"],"player_choice":"Transformed","damage_taken":0,"max_hp_gain":0,"max_hp_loss":0,"event_name":"Transmorgrifier","floor":36,"gold_loss":0,"cards_obtained":["InnerPeace"]},{"damage_healed":0,"gold_gain":0,"player_choice":"Forge","damage_taken":0,"max_hp_gain":0,"max_hp_loss":0,"event_name":"Accursed Blacksmith","floor":39,"gold_loss":0,"cards_upgraded":["Eruption"]},{"damage_healed":0,"gold_gain":0,"player_choice":"Upgrade","damage_taken":0,"relics_obtained":["Mark of the Bloom"],"max_hp_gain":0,"max_hp_loss":0,"event_name":"MindBloom","floor":44,"gold_loss":0,"cards_upgraded":["Vigilance","DeceiveReality","LikeWater","Apotheosis","DeusExMachina","Study","ConjureBlade","InnerPeace","Omniscience","Pot Of Greed","Pot Of Greed","Pot Of Greed","Pot Of Greed","Night Terror","Prepared","Terror"]},{"damage_healed":0,"gold_gain":0,"player_choice":"Paid","damage_taken":0,"relics_obtained":["Red Mask"],"max_hp_gain":0,"max_hp_loss":0,"event_name":"Tomb of Lord Red Mask","floor":48,"gold_loss":162}],"is_beta":false,"boss_relics":[{"not_picked":["conspire:SpecialSausage","halation:CatFaceCupcake"],"picked":"aspiration:PoetsPen_weak"},{"not_picked":["vexMod:CursedCompass","SacredBark"],"picked":"Sandwich"}],"items_purged_floors":[0,0,0,0],"is_endless":false,"potions_floor_spawned":[6,13,16,20,27,27,28,33,38,60],"ascension_level":10}}