{"host":"3jpwrwmmgyabjceh","time":1607967117,"event":{"mods":["BaseMod","Minty Spire (QoL Compilation)","StSLib"],"gold_per_floor":[213,231,243,35,48,48,58,71,71,101,118,69,69,82,82,187,187,200,200,219,219,238,266,278,278,332,332,332],"floor_reached":27,"playtime":2202,"items_purged":["Strike_B"],"score":240,"play_id":"be68a8f6-f776-4cbb-8380-9327e60789f7","local_time":"20201214203157","is_ascension_mode":true,"campfire_choices":[{"data":"Zap","floor":6,"key":"SMITH"},{"data":"Self Repair","floor":15,"key":"SMITH"},{"floor":25,"key":"REST"}],"circlet_count":0,"master_deck":["Strike_B","Strike_B","Strike_B","Defend_B","Defend_B","Defend_B","Defend_B","Zap+1","Dualcast","Conserve Battery","Defragment","Glacier","Cold Snap","Loop","Coolheaded","Redo","Machine Learning","Leap","Hologram+1","Self Repair+1","Echo Form","Cold Snap","Conserve Battery","Ball Lightning"],"relics":["Cracked Core","Ornamental Fan","Nuclear Battery","Blue Candle","Vajra"],"acts_visited":["Exordium","TheCity"],"potions_floor_usage":[16,23],"damage_taken":[{"damage":0,"enemies":"2 Louse","floor":1,"turns":2},{"damage":1,"enemies":"Jaw Worm","floor":2,"turns":4},{"damage":1,"enemies":"Cultist","floor":3,"turns":3},{"damage":0,"enemies":"Exordium Wildlife","floor":5,"turns":6},{"damage":0,"enemies":"Blue Slaver","floor":7,"turns":5},{"damage":29,"enemies":"Gremlin Gang","floor":8,"turns":7},{"damage":3,"enemies":"Looter","floor":11,"turns":3},{"damage":1,"enemies":"2 Fungi Beasts","floor":14,"turns":2},{"damage":31,"enemies":"Slime Boss","floor":16,"turns":17},{"damage":3,"enemies":"Spheric Guardian","floor":18,"turns":8},{"damage":31,"enemies":"3 Byrds","floor":20,"turns":8},{"damage":17,"enemies":"Centurion and Healer","floor":22,"turns":14},{"damage":42,"enemies":"Slavers","floor":23,"turns":11},{"damage":22,"enemies":"Snake Plant","floor":24,"turns":7},{"damage":81,"enemies":"Book of Stabbing","floor":27,"turns":7}],"seed_played":"4729448292327819748","potions_obtained":[{"floor":3,"key":"SmokeBomb"},{"floor":8,"key":"FairyPotion"},{"floor":14,"key":"SkillPotion"},{"floor":18,"key":"DistilledChaos"}],"is_trial":false,"path_per_floor":["M","M","M","$","M","R","M","M","T","?","M","$","?","M","R","B",null,"M","?","M","?","M","E","M","R","T","E"],"character_chosen":"DEFECT","items_purchased":["Cold Snap","Loop","Coolheaded","Hologram"],"campfire_rested":1,"item_purchase_floors":[4,4,4,12],"current_hp_per_floor":[75,74,73,73,73,73,73,44,44,44,41,41,41,40,40,19,75,75,75,64,64,57,35,23,45,45,0,0],"gold":332,"neow_bonus":"HUNDRED_GOLD","is_daily":false,"chose_seed":false,"campfire_upgraded":2,"win_rate":0.0,"timestamp":1607967117,"path_taken":["M","M","M","$","M","R","M","M","T","?","M","$","?","M","R","BOSS","M","?","M","?","M","E","M","R","T","E"],"items_purchased_type":["Card","Card","Card","Card"],"build_version":"2020-12-13","purchased_purges":1,"victory":false,"max_hp_per_floor":[75,75,75,75,75,75,75,75,75,75,75,75,75,75,75,75,75,75,75,75,75,75,75,75,75,75,75,75],"card_choices":[{"not_picked":["Steam","Stack"],"picked":"Conserve Battery","floor":1},{"not_picked":["Reprogram","Beam Cell"],"picked":"Defragment","floor":2},{"not_picked":["Coolheaded","Leap"],"picked":"Glacier","floor":3},{"not_picked":["Turbo","Gash","Hello World"],"picked":"SKIP","floor":5},{"not_picked":["Steam","Melter"],"picked":"Redo","floor":7},{"not_picked":["Stack","Streamline"],"picked":"Machine Learning","floor":8},{"not_picked":["Lockon","Compile Driver"],"picked":"Leap","floor":11},{"not_picked":["Barrage","Ball Lightning"],"picked":"Self Repair","floor":14},{"not_picked":["All For One","Reboot"],"picked":"Echo Form","floor":16},{"not_picked":["Chill","Consume"],"picked":"Cold Snap","floor":18},{"not_picked":["Reprogram","Streamline","Steam Power"],"picked":"SKIP","floor":20},{"not_picked":["Stack","BootSequence+1","Double Energy"],"picked":"SKIP","floor":22},{"not_picked":["Sweeping Beam","Gash"],"picked":"Conserve Battery","floor":23},{"not_picked":["Consume+1","Barrage"],"picked":"Ball Lightning","floor":24}],"player_experience":187993,"relics_obtained":[{"floor":23,"key":"Blue Candle"},{"floor":26,"key":"Vajra"}],"event_choices":[{"damage_healed":0,"gold_gain":30,"player_choice":"Searched \u00273\u0027 times","damage_taken":0,"relics_obtained":["Ornamental Fan"],"max_hp_gain":0,"max_hp_loss":0,"event_name":"Dead Adventurer","floor":10,"gold_loss":0},{"damage_healed":0,"gold_gain":0,"player_choice":"Forge","damage_taken":0,"max_hp_gain":0,"max_hp_loss":0,"event_name":"Accursed Blacksmith","floor":13,"gold_loss":0,"cards_upgraded":["Hologram"]},{"damage_healed":0,"gold_gain":0,"player_choice":"Ignored","damage_taken":0,"max_hp_gain":0,"max_hp_loss":0,"event_name":"Vampires","floor":19,"gold_loss":0},{"damage_healed":0,"gold_gain":0,"player_choice":"Ignored","damage_taken":0,"max_hp_gain":0,"max_hp_loss":0,"event_name":"Cursed Tome","floor":21,"gold_loss":0}],"is_beta":false,"boss_relics":[{"not_picked":["Fusion Hammer","Black Star"],"picked":"Nuclear Battery"}],"items_purged_floors":[4],"is_endless":false,"potions_floor_spawned":[3,8,14,18,20],"killed_by":"Book of Stabbing","ascension_level":1}}