{"host":"zekcc3vicrep0och","time":1607941422,"event":{"mods":["AchievementEnabler","BaseMod","Colored Map","Colored Powertips","Displayed Cursed Tome","Minty Spire (QoL Compilation)","Relic Stats","StSLib"],"gold_per_floor":[361,361,17,67,92,133,147,195,249,289,289,319,353,420,420,525,525,552,561,584,32,41,74,74,118,118,160,175,175,175,223,223,223,223],"floor_reached":33,"playtime":1459,"items_purged":["Injury"],"score":590,"play_id":"147be547-09ad-4b30-8871-1822bd01b2fb","local_time":"20201214132342","is_ascension_mode":true,"campfire_choices":[{"data":"Carnage","floor":11.0,"key":"SMITH"},{"floor":15.0,"key":"REST"},{"data":"RitualDagger","floor":24.0,"key":"SMITH"},{"data":"Flame Barrier","floor":30.0,"key":"SMITH"},{"floor":32.0,"key":"REST"}],"circlet_count":0,"master_deck":["AscendersBane","Strike_R","Strike_R","Strike_R","Strike_R","Strike_R","Defend_R","Defend_R","Defend_R","Defend_R","Bash","Battle Trance","Carnage+1","Thunderclap","Metallicize","Spot Weakness","Cleave","Metallicize","Feed","Shrug It Off+1","RitualDagger+1","Clothesline+1","Writhe","Infernal Blade+1","Flame Barrier+1","Ghostly Armor","Headbutt+1"],"relics":["Burning Blood","Golden Idol","Potion Belt","Gremlin Horn","CeramicFish","Blood Vial","Letter Opener","Philosopher\u0027s Stone","Ice Cream","Toy Ornithopter","Bronze Scales","Shuriken","Mercury Hourglass","Tiny Chest","Omamori"],"acts_visited":["Exordium","TheCity"],"potions_floor_usage":[],"damage_taken":[{"damage":3.0,"enemies":"2 Louse","floor":1.0,"turns":4.0},{"damage":0.0,"enemies":"Small Slimes","floor":5.0,"turns":5.0},{"damage":40.0,"enemies":"3 Sentries","floor":6.0,"turns":10.0},{"damage":6.0,"enemies":"Cultist","floor":7.0,"turns":3.0},{"damage":13.0,"enemies":"Gremlin Nob","floor":8.0,"turns":3.0},{"damage":19.0,"enemies":"Lagavulin","floor":10.0,"turns":6.0},{"damage":1.0,"enemies":"Looter","floor":12.0,"turns":2.0},{"damage":11.0,"enemies":"Blue Slaver","floor":13.0,"turns":3.0},{"damage":26.0,"enemies":"Slime Boss","floor":16.0,"turns":10.0},{"damage":22.0,"enemies":"Shell Parasite","floor":18.0,"turns":3.0},{"damage":8.0,"enemies":"3 Byrds","floor":20.0,"turns":4.0},{"damage":0.0,"enemies":"Centurion and Healer","floor":23.0,"turns":6.0},{"damage":29.0,"enemies":"Gremlin Leader","floor":25.0,"turns":4.0},{"damage":43.0,"enemies":"Book of Stabbing","floor":27.0,"turns":5.0},{"damage":4.0,"enemies":"3 Cultists","floor":28.0,"turns":4.0},{"damage":23.0,"enemies":"Slavers","floor":31.0,"turns":4.0},{"damage":52,"enemies":"Champ","floor":33,"turns":9}],"seed_played":"3770022126706814562","potions_obtained":[{"floor":6.0,"key":"Weak Potion"},{"floor":7.0,"key":"Ancient Potion"},{"floor":10.0,"key":"ElixirPotion"},{"floor":13.0,"key":"Dexterity Potion"},{"floor":16.0,"key":"HeartOfIron"},{"floor":20.0,"key":"EssenceOfSteel"},{"floor":27.0,"key":"Energy Potion"},{"floor":28.0,"key":"PowerPotion"}],"is_trial":false,"path_per_floor":["M","?","$","?","M","E","M","E","T","E","R","M","M","?","R","B",null,"M","?","M","$","?","M","R","E","T","E","M","?","R","E","R","B"],"character_chosen":"IRONCLAD","items_purchased":["Potion Belt","Strength Potion","LiquidMemories","Ice Cream","Toy Ornithopter","SkillPotion","Block Potion"],"campfire_rested":2,"item_purchase_floors":[3,3,3,21,21,21,21],"current_hp_per_floor":[68,68,68,68,68,34,34,27,27,16,16,23,20,20,40,22,57,46,40,43,43,43,64,64,51,51,21,28,28,28,18,42,0,0],"gold":223,"neow_bonus":"TWO_FIFTY_GOLD","is_daily":false,"chose_seed":false,"campfire_upgraded":3,"win_rate":0.0,"timestamp":1607941422,"path_taken":["M","?","$","?","M","E","M","E","T","E","R","M","?","?","R","BOSS","M","?","M","$","?","M","R","E","T","E","M","?","R","E","R","BOSS"],"items_purchased_type":["Relic","Potion","Potion","Relic","Relic","Potion","Potion"],"build_version":"2020-12-13","purchased_purges":1,"victory":false,"max_hp_per_floor":[68,68,68,68,68,68,68,68,68,68,68,68,68,68,68,68,68,71,71,74,74,74,77,77,80,80,80,83,83,83,83,83,83,83],"relic_stats":{"Gremlin Horn":[12,12],"counters":[17,85],"Golden Idol":97,"CeramicFish":108,"Letter Opener":[60],"Burning Blood":87,"Mercury Hourglass":[102],"Blood Vial":24,"Shuriken":[7],"Bronze Scales":[114],"Tiny Chest":0,"obtain_stats":[{"Potion Belt":3,"Ice Cream":21,"Gremlin Horn":6,"Golden Idol":2,"CeramicFish":8,"Omamori":31,"Letter Opener":10,"Burning Blood":0,"Mercury Hourglass":26,"Blood Vial":9,"Shuriken":25,"Bronze Scales":22,"Philosopher\u0027s Stone":17,"Tiny Chest":27,"Toy Ornithopter":21},{"Potion Belt":1,"Ice Cream":11,"Gremlin Horn":3,"Golden Idol":1,"CeramicFish":5,"Omamori":16,"Letter Opener":6,"Burning Blood":0,"Mercury Hourglass":13,"Blood Vial":5,"Shuriken":13,"Bronze Scales":11,"Philosopher\u0027s Stone":9,"Tiny Chest":14,"Toy Ornithopter":11},{"Potion Belt":4,"Ice Cream":53,"Gremlin Horn":19,"Golden Idol":4,"CeramicFish":25,"Omamori":76,"Letter Opener":31,"Burning Blood":0,"Mercury Hourglass":63,"Blood Vial":25,"Shuriken":63,"Bronze Scales":53,"Philosopher\u0027s Stone":46,"Tiny Chest":68,"Toy Ornithopter":53}],"Toy Ornithopter":25},"card_choices":[{"not_picked":["Headbutt","Wild Strike"],"picked":"Battle Trance","floor":1.0},{"not_picked":["Infernal Blade","Warcry"],"picked":"Carnage","floor":5.0},{"not_picked":["Havoc","Power Through"],"picked":"Thunderclap","floor":6.0},{"not_picked":["Sword Boomerang","Searing Blow"],"picked":"Metallicize","floor":7.0},{"not_picked":["Iron Wave","True Grit"],"picked":"Spot Weakness","floor":8.0},{"not_picked":["Sentinel","Perfected Strike","Hemokinesis"],"picked":"SKIP","floor":10.0},{"not_picked":["Body Slam","Pommel Strike"],"picked":"Cleave","floor":12.0},{"not_picked":["Thunderclap","Second Wind"],"picked":"Metallicize","floor":13.0},{"not_picked":["Corruption","Reaper"],"picked":"Feed","floor":16.0},{"not_picked":["Cleave","Havoc"],"picked":"Shrug It Off+1","floor":18.0},{"not_picked":["Flame Barrier","Twin Strike"],"picked":"Clothesline+1","floor":20.0},{"not_picked":["Power Through","Clothesline"],"picked":"Infernal Blade+1","floor":23.0},{"not_picked":["Iron Wave","Clothesline"],"picked":"Flame Barrier","floor":25.0},{"not_picked":["Fire Breathing","Rupture"],"picked":"Ghostly Armor","floor":27.0},{"not_picked":["Cleave","Sword Boomerang","Twin Strike"],"picked":"SKIP","floor":28.0},{"not_picked":["Sentinel","Blood for Blood"],"picked":"Headbutt+1","floor":31.0}],"player_experience":401612,"relics_obtained":[{"floor":6.0,"key":"Gremlin Horn"},{"floor":8.0,"key":"CeramicFish"},{"floor":9.0,"key":"Blood Vial"},{"floor":10.0,"key":"Letter Opener"},{"floor":25.0,"key":"Shuriken"},{"floor":26.0,"key":"Mercury Hourglass"},{"floor":27.0,"key":"Tiny Chest"},{"floor":31.0,"key":"Omamori"}],"event_choices":[{"damage_healed":0.0,"max_hp_gain":0.0,"max_hp_loss":0.0,"gold_gain":0.0,"event_name":"Golden Idol","player_choice":"Take Wound","floor":2.0,"gold_loss":0.0,"damage_taken":0.0,"relics_obtained":["Golden Idol"],"cards_obtained":["Injury"]},{"damage_healed":0.0,"max_hp_gain":0.0,"max_hp_loss":0.0,"gold_gain":50.0,"event_name":"Golden Shrine","player_choice":"Pray","floor":4.0,"gold_loss":0.0,"damage_taken":0.0},{"damage_healed":0.0,"max_hp_gain":0.0,"max_hp_loss":0.0,"gold_gain":67.0,"event_name":"Golden Wing","player_choice":"Gained Gold","floor":14.0,"gold_loss":0.0,"damage_taken":0.0},{"damage_healed":0.0,"max_hp_gain":0.0,"max_hp_loss":0.0,"gold_gain":0.0,"event_name":"Nest","player_choice":"Joined the Cult","floor":19.0,"gold_loss":0.0,"damage_taken":6.0,"cards_obtained":["RitualDagger"]},{"damage_healed":0.0,"max_hp_gain":0.0,"max_hp_loss":0.0,"gold_gain":0.0,"event_name":"The Mausoleum","player_choice":"Opened","floor":22.0,"gold_loss":0.0,"damage_taken":0.0,"relics_obtained":["Bronze Scales"],"cards_obtained":["Writhe"]},{"damage_healed":0.0,"max_hp_gain":0.0,"max_hp_loss":0.0,"gold_gain":0.0,"event_name":"Ghosts","player_choice":"Ignored","floor":29.0,"gold_loss":0.0,"damage_taken":0.0}],"is_beta":false,"boss_relics":[{"not_picked":["Sozu","Fusion Hammer"],"picked":"Philosopher\u0027s Stone"}],"items_purged_floors":[3],"is_endless":false,"potions_floor_spawned":[6,7,10,13,16,20,27,28],"killed_by":"Champ","ascension_level":15}}