{"host":"etmsduvleanb5j7c","time":1607959619,"event":{"mods":["2.2 Compatiblity","BaseMod","Downfall","Minty Spire (QoL Compilation)","StSLib"],"gold_per_floor":[199,212,212,225,225,242,266,266,65,65,76,87,105,120,133,231,231,156,167,179,179,191,201,201,214,233,233,333,333,333],"floor_reached":29,"playtime":1132,"items_purged":[],"score":223,"play_id":"aa52e23a-0ed6-45e0-9f3b-7869756b9ffc","local_time":"20201214162659","is_ascension_mode":false,"campfire_choices":[{"floor":1,"key":"RECALL"},{"data":"Slimebound:Split","floor":5,"key":"SMITH"},{"floor":8,"key":"REST"},{"data":"Slimebound:SlimeBarrage","floor":10,"key":"SMITH"},{"data":"Slimebound:SelfFormingGoo","floor":18,"key":"SMITH"},{"data":"Slimebound:SplitAcid","floor":21,"key":"SMITH"},{"data":"Slimebound:SplitMire","floor":27,"key":"SMITH"}],"circlet_count":0,"master_deck":["Slimebound:Strike_Slimebound","Slimebound:Strike_Slimebound","Slimebound:Strike_Slimebound","Slimebound:Tackle","Slimebound:Defend_Slimebound","Slimebound:Defend_Slimebound","Slimebound:Defend_Slimebound","Slimebound:Defend_Slimebound","Slimebound:Split+1","Slimebound:CorrosiveSpit","Slimebound:SamplingLick","Slimebound:SplitLeeching","Slimebound:RollThrough","Slimebound:SplitMire+1","Slimebound:SlimeBarrage+1","Slimebound:Repurpose","Slimebound:SplitAcid","Slimebound:FormOfPuddle","Slimebound:SplitAcid+1","Slimebound:DisruptingSlam","Slimebound:SelfFormingGoo+1","Slimebound:LevelUp","Slimebound:FinishingTackle","Slimebound:ProtectTheBoss","Slimebound:PressTheAttack","Slimebound:SlimeBarrage+1","Slimebound:SplitMire"],"relics":["Slimebound:AbsorbEndCombat","Incense Burner","Art of War","Membership Card","Runic Dome","downfall:HeartBlessingRed","Bottled Flame"],"acts_visited":["Exordium","TheCity"],"potions_floor_usage":[16],"damage_taken":[{"damage":5,"enemies":"Jaw Worm","floor":2,"turns":7},{"damage":7,"enemies":"Cultist","floor":4,"turns":3},{"damage":21,"enemies":"2 Louse","floor":6,"turns":3},{"damage":12,"enemies":"downfall:FleeingMerchant","floor":9,"turns":4},{"damage":18,"enemies":"Exordium Thugs","floor":11,"turns":3},{"damage":9,"enemies":"Exordium Wildlife","floor":12,"turns":3},{"damage":9,"enemies":"2 Fungi Beasts","floor":13,"turns":2},{"damage":31,"enemies":"Blue Slaver","floor":14,"turns":3},{"damage":10,"enemies":"3 Louse","floor":15,"turns":3},{"damage":58,"enemies":"downfall:Silent","floor":16,"turns":7},{"damage":29,"enemies":"3 Byrds","floor":19,"turns":3},{"damage":29,"enemies":"Centurion and Healer","floor":20,"turns":5},{"damage":26,"enemies":"Snake Plant","floor":22,"turns":4},{"damage":25,"enemies":"3 Cultists","floor":23,"turns":4},{"damage":12,"enemies":"Centurion and Healer","floor":25,"turns":5},{"damage":50,"enemies":"Shelled Parasite and Fungi","floor":26,"turns":5},{"damage":36,"enemies":"Snake Plant","floor":29,"turns":2}],"seed_played":"3449511634837147524","potions_obtained":[{"floor":6,"key":"Dexterity Potion"},{"floor":11,"key":"champ:CounterPotion"},{"floor":12,"key":"Swift Potion"},{"floor":15,"key":"Explosive Potion"},{"floor":20,"key":"BlessingOfTheForge"}],"is_trial":false,"path_per_floor":["R","M","?","M","R","M","T","R","$","R","M","M","M","M","M","B",null,"R","M","M","R","M","M","T","M","M","R","?","M"],"character_chosen":"SLIMEBOUND","items_purchased":["Slimebound:SlimeBarrage","Membership Card"],"campfire_rested":1,"item_purchase_floors":[9,9],"current_hp_per_floor":[60,60,42,41,41,34,34,52,56,56,58,60,60,50,52,30,60,60,57,53,53,37,46,46,60,34,34,34,0,0],"gold":333,"neow_bonus":"HUNDRED_GOLD","is_daily":false,"chose_seed":false,"campfire_upgraded":5,"win_rate":0.0,"timestamp":1607959619,"path_taken":["R","M","?","M","R","M","T","R","$","R","M","M","M","M","M","BOSS","R","M","M","R","M","M","T","M","M","R","?","?"],"items_purchased_type":["Card","Relic"],"build_version":"2020-12-13","purchased_purges":0,"victory":false,"max_hp_per_floor":[60,60,60,60,60,60,60,60,60,60,60,60,60,60,60,60,60,60,60,60,60,60,60,60,60,60,60,60,60,60],"card_choices":[{"not_picked":["Slimebound:GrowthPunch","Slimebound:Schlurp"],"picked":"Slimebound:SamplingLick","floor":2},{"not_picked":["Slimebound:LeechEnergy","Slimebound:ComboTackle"],"picked":"Slimebound:SplitLeeching","floor":4},{"not_picked":["Slimebound:ComboTackle","Slimebound:SlimeSpikes"],"picked":"Slimebound:RollThrough","floor":6},{"not_picked":["Slimebound:SlimeSpikes","Slimebound:LivingWall"],"picked":"Slimebound:SplitMire","floor":9},{"not_picked":["Slimebound:HauntingLick","Slimebound:LeechEnergy"],"picked":"Slimebound:Repurpose","floor":11},{"not_picked":["Slimebound:SamplingLick","Slimebound:GoopSpray"],"picked":"Slimebound:SplitAcid","floor":12},{"not_picked":["Slimebound:LeechEnergy","Slimebound:GoopSpray"],"picked":"Slimebound:FormOfPuddle","floor":13},{"not_picked":["Slimebound:RainOfGoop","Slimebound:FlameTackle"],"picked":"Slimebound:SplitAcid","floor":14},{"not_picked":["Slimebound:SlimeSlap","Slimebound:RollThrough"],"picked":"Slimebound:DisruptingSlam","floor":15},{"not_picked":["Slimebound:WasteNot","Slimebound:SlimeSlap"],"picked":"Slimebound:SelfFormingGoo","floor":16},{"not_picked":["Slimebound:Schlurp+1","Slimebound:SplitLeeching"],"picked":"Slimebound:LevelUp","floor":19},{"not_picked":["Slimebound:GrowthPunch","Slimebound:Grow"],"picked":"Slimebound:FinishingTackle","floor":20},{"not_picked":["Slimebound:SamplingLick","Slimebound:SplitAcid"],"picked":"Slimebound:ProtectTheBoss","floor":22},{"not_picked":["Slimebound:LeechEnergy","Slimebound:RollThrough"],"picked":"Slimebound:PressTheAttack","floor":23},{"not_picked":["Slimebound:ViciousTackle","Slimebound:ComboTackle+1"],"picked":"Slimebound:SlimeBarrage+1","floor":25},{"not_picked":["Slimebound:GrowthPunch","Slimebound:Grow"],"picked":"Slimebound:SplitMire","floor":26}],"player_experience":106482,"relics_obtained":[{"floor":7,"key":"Art of War"},{"floor":24,"key":"Bottled Flame"}],"event_choices":[{"damage_healed":0,"gold_gain":0,"player_choice":"Success","damage_taken":18,"relics_obtained":["Incense Burner"],"max_hp_gain":0,"max_hp_loss":0,"event_name":"Scrap Ooze","floor":3,"gold_loss":0}],"is_beta":false,"boss_relics":[{"not_picked":["Fusion Hammer","Velvet Choker"],"picked":"Runic Dome"}],"items_purged_floors":[],"is_endless":false,"potions_floor_spawned":[6,11,12,15,20,22,26],"killed_by":"Snake Plant","ascension_level":0}}