{"host":"kos1s9q8ffr8fqos","time":1607932218,"event":{"mods":["2.2 Compatiblity","AchievementEnabler","AlwaysNeverKeys","Astrologer","BaseMod","Bestiary","Better Altar","Better Match","Better Note","Better Sensory Stone","Better Skull","Better Third Choice","Better Vampires","Colored Map","Colored Powertips","Curses Come First","Hermit","Infinite Spire","Jorbs\u0027s Wanderer Trilogy","Minty Spire (QoL Compilation)","Quick Restart","Random Character Button","Relic Stats","Shop Mod","StSLib","The Blue Laboratory","The Disciple","The Hierophant","The Runesmith"],"gold_per_floor":[118,135,135,135,135,135,135,135,135,175,175,175,225,85,85,218,227,255,36,70,93,18,18,62,62,62,101,110,119,142,188,188,322,322,374,401,401,440,389,389,429,453,453,453,453,413,436,460,460,460],"floor_reached":51,"playtime":3376,"items_purged":["Pain","stsjorbsmod:Strike_Wanderer","stsjorbsmod:Defend_Wanderer"],"score":1087,"play_id":"a8c8822c-e9cb-4fcd-bb04-42e5f9916dfc","local_time":"20201214015018","is_ascension_mode":true,"campfire_choices":[{"floor":6.0,"key":"REST"},{"floor":8.0,"key":"REST"},{"floor":11.0,"key":"REST"},{"floor":15.0,"key":"REST"},{"data":"stsjorbsmod:MagicMissiles","floor":23.0,"key":"SMITH"},{"data":"stsjorbsmod:Will","floor":32.0,"key":"SMITH"},{"data":"stsjorbsmod:TinyHut","floor":40.0,"key":"SMITH"},{"data":"stsjorbsmod:IvoryTower","floor":49.0,"key":"SMITH"}],"circlet_count":0,"master_deck":["stsjorbsmod:ForbiddenGrimoire+1","stsjorbsmod:Defend_Wanderer+1","stsjorbsmod:FreshAdventure","stsjorbsmod:EyeOfTheStorm","stsjorbsmod:LoseGrip+1","stsjorbsmod:Channel","stsjorbsmod:SchoolsOfMagic","stsjorbsmod:Patron","stsjorbsmod:MagicMissiles+1","stsjorbsmod:PurgeMind+1","CurseOfTheBell","stsjorbsmod:WanderingMind+1","stsjorbsmod:Inferno+1","stsjorbsmod:ColorSpray+1","stsjorbsmod:Will+1","stsjorbsmod:IvoryTower+1","stsjorbsmod:Counterspell+1","stsjorbsmod:LocateObject+1","Deep Breath+1","stsjorbsmod:Stalwart+1","Runesmith:EarthShield+1","stsjorbsmod:TinyHut+1","Conserve Battery+1","stsjorbsmod:Thorns"],"relics":["Champion Belt","Bronze Scales","Brimstone","stsjorbsmod:BottledMemoryRelic","FrozenCore","Runesmith:BrokenRuby","PrismaticShard","Gremlin Horn","infinitespire:Satchel","PureWater","Calipers","stsjorbsmod:GrimoireRelic","Medical Kit","MerchantsRug","infinitespire:WardingShard","infinitespire:CheckeredPen"],"acts_visited":["Exordium","TheCity","TheBeyond"],"potions_floor_usage":[50,50,50],"damage_taken":[{"damage":0.0,"enemies":"2 Louse","floor":1.0,"turns":3.0},{"damage":7.0,"enemies":"Small Slimes","floor":2.0,"turns":4.0},{"damage":32.0,"enemies":"Lagavulin","floor":10.0,"turns":7.0},{"damage":20.0,"enemies":"3 Sentries","floor":13.0,"turns":5.0},{"damage":16.0,"enemies":"The Guardian","floor":16.0,"turns":8.0},{"damage":7.0,"enemies":"2 Thieves","floor":18.0,"turns":4.0},{"damage":3.0,"enemies":"Chosen","floor":20.0,"turns":4.0},{"damage":10.0,"enemies":"3 Cultists","floor":21.0,"turns":5.0},{"damage":0.0,"enemies":"Gremlin Leader","floor":24.0,"turns":6.0},{"damage":4.0,"enemies":"Slavers","floor":27.0,"turns":4.0},{"damage":4.0,"enemies":"Book of Stabbing","floor":31.0,"turns":7.0},{"damage":30.0,"enemies":"Automaton","floor":33.0,"turns":7.0},{"damage":0.0,"enemies":"3 Shapes","floor":35.0,"turns":2.0},{"damage":0.0,"enemies":"Orb Walker","floor":38.0,"turns":3.0},{"damage":27.0,"enemies":"Giant Head","floor":41.0,"turns":6.0},{"damage":16.0,"enemies":"Writhing Mass","floor":42.0,"turns":4.0},{"damage":0.0,"enemies":"4 Shapes","floor":47.0,"turns":3.0},{"damage":0.0,"enemies":"Spire Growth","floor":48.0,"turns":4.0},{"damage":35,"enemies":"infinitespire:MassOfShapes","floor":50,"turns":6}],"seed_played":"5502990028889964975","potions_obtained":[{"floor":16.0,"key":"blueLaboratory:FrostheartPotion"},{"floor":18.0,"key":"blueLaboratory:NullPotion"},{"floor":27.0,"key":"DistilledChaos"},{"floor":31.0,"key":"blueLaboratory:LouseDecoction"},{"floor":33.0,"key":"Strength Potion"},{"floor":35.0,"key":"blueLaboratory:LouseDecoction"},{"floor":37.0,"key":"ColorlessPotion"},{"floor":41.0,"key":"blueLaboratory:BottleOfVodka"}],"is_trial":false,"path_per_floor":["M","M","?","?","?","R","?","R","T","E","R","?","E","$","R","B",null,"M","$","M","M","?","R","E","AVR","T","E","?","?","T","E","R","B",null,"M","AVR","?","M","$","R","E","M","T","?","?","?","M","M","R","B",null],"character_chosen":"WANDERER","items_purchased":["stsjorbsmod:MagicMissiles","ClockworkSouvenir","stsjorbsmod:Inferno","stsjorbsmod:TinyHut","Medical Kit","MerchantsRug"],"campfire_rested":4,"item_purchase_floors":[14,19,19,39,39,39],"current_hp_per_floor":[52,47,30,30,16,36,29,49,49,20,40,40,23,23,43,27,68,61,61,60,53,53,53,56,56,56,56,56,56,56,60,60,33,65,65,72,72,72,72,72,54,42,42,42,42,42,47,55,55,20],"gold":460,"neow_bonus":"REMOVE_TWO","is_daily":false,"chose_seed":false,"campfire_upgraded":4,"win_rate":0.0,"timestamp":1607932218,"path_taken":["M","M","?","?","?","R","?","R","T","E","R","?","E","$","R","BOSS","M","?","M","M","?","R","E","AVR","T","E","?","?","?","E","R","BOSS","M","AVR","?","M","$","R","E","?","T","?","?","?","M","?","R","BOSS"],"items_purchased_type":["Card","Relic","Card","Card","Relic","Relic"],"build_version":"2020-12-13","purchased_purges":3,"victory":true,"max_hp_per_floor":[68,68,68,68,68,68,68,68,68,68,68,68,68,68,68,68,68,68,68,68,68,68,68,68,68,68,70,65,65,65,65,65,65,65,65,72,72,72,72,72,72,72,72,72,72,72,72,74,74,74],"relic_stats":{"Gremlin Horn":[10,12],"counters":[19,92],"Bronze Scales":[54],"Champion Belt":[21],"Medical Kit":[8],"obtain_stats":[{"Calipers":36,"Gremlin Horn":36,"CeramicFish":13,"Ginger":36,"Ancient Tea Set":30,"Cursed Key":34,"PrismaticShard":36,"ClockworkSouvenir":19,"FrozenCore":36,"MealTicket":31,"stsjorbsmod:MindGlassRelic":10,"infinitespire:Chaos":36,"MerchantsRug":39,"Lee\u0027s Waffle":36,"stsjorbsmod:BottledMemoryRelic":36,"Runesmith:BrokenRuby":36,"Golden Idol":3,"Dead Branch":9,"Blue Candle":24,"Astrolabe":36,"infinitespire:EmptyRelic":36,"stsjorbsmod:GrimoireRelic":0,"Thread and Needle":17,"The Courier":27,"infinitespire:CheckeredPen":43,"Medical Kit":39,"White Beast Statue":26,"WarpedTongs":12,"Calling Bell":17,"CaptainsWheel":25,"infinitespire:WardingShard":41,"Brimstone":36,"Bronze Scales":36,"infinitespire:Satchel":36,"Runesmith:AutoHammer":17,"Champion Belt":36,"PureWater":36,"StrikeDummy":17,"hermit:Momento":36},{"Calipers":13,"Gremlin Horn":13,"CeramicFish":4,"Ginger":13,"Ancient Tea Set":10,"Cursed Key":12,"PrismaticShard":13,"ClockworkSouvenir":6,"FrozenCore":13,"MealTicket":11,"stsjorbsmod:MindGlassRelic":3,"infinitespire:Chaos":13,"MerchantsRug":14,"Lee\u0027s Waffle":13,"stsjorbsmod:BottledMemoryRelic":13,"Runesmith:BrokenRuby":13,"Golden Idol":2,"Dead Branch":2,"Blue Candle":9,"Astrolabe":13,"infinitespire:EmptyRelic":13,"stsjorbsmod:GrimoireRelic":0,"Thread and Needle":5,"The Courier":10,"infinitespire:CheckeredPen":16,"Medical Kit":14,"White Beast Statue":9,"WarpedTongs":3,"Calling Bell":5,"CaptainsWheel":9,"infinitespire:WardingShard":15,"Brimstone":13,"Bronze Scales":13,"infinitespire:Satchel":13,"Runesmith:AutoHammer":5,"Champion Belt":13,"PureWater":13,"StrikeDummy":5,"hermit:Momento":13},{"Calipers":66,"Gremlin Horn":66,"CeramicFish":19,"Ginger":66,"Ancient Tea Set":50,"Cursed Key":64,"PrismaticShard":66,"ClockworkSouvenir":31,"FrozenCore":66,"MealTicket":57,"stsjorbsmod:MindGlassRelic":14,"infinitespire:Chaos":66,"MerchantsRug":69,"Lee\u0027s Waffle":66,"stsjorbsmod:BottledMemoryRelic":66,"Runesmith:BrokenRuby":66,"Golden Idol":7,"Dead Branch":7,"Blue Candle":46,"Astrolabe":66,"infinitespire:EmptyRelic":66,"stsjorbsmod:GrimoireRelic":0,"Thread and Needle":27,"The Courier":50,"infinitespire:CheckeredPen":79,"Medical Kit":69,"White Beast Statue":46,"WarpedTongs":14,"Calling Bell":27,"CaptainsWheel":46,"infinitespire:WardingShard":75,"Brimstone":66,"Bronze Scales":66,"infinitespire:Satchel":66,"Runesmith:AutoHammer":27,"Champion Belt":66,"PureWater":66,"StrikeDummy":27,"hermit:Momento":66}],"FrozenCore":[6]},"card_choices":[{"not_picked":["stsjorbsmod:Message","stsjorbsmod:Index"],"picked":"stsjorbsmod:LoseGrip","floor":1.0},{"not_picked":["stsjorbsmod:UnseenServant","stsjorbsmod:Prepare"],"picked":"stsjorbsmod:Channel","floor":2.0},{"not_picked":["stsjorbsmod:Prestidigitation","stsjorbsmod:Index"],"picked":"stsjorbsmod:SchoolsOfMagic","floor":10.0},{"not_picked":["stsjorbsmod:ChatteringStrike","stsjorbsmod:Will"],"picked":"stsjorbsmod:Patron","floor":13.0},{"not_picked":["stsjorbsmod:DeathThroes","stsjorbsmod:Fireball"],"picked":"stsjorbsmod:PurgeMind","floor":16.0},{"not_picked":["stsjorbsmod:Channel","stsjorbsmod:ArcaneWeapon"],"picked":"stsjorbsmod:WanderingMind+1","floor":18.0},{"not_picked":["stsjorbsmod:Stalwart+1","stsjorbsmod:Firebolt"],"picked":"stsjorbsmod:ColorSpray+1","floor":20.0},{"not_picked":["stsjorbsmod:RayOfFrost+1","stsjorbsmod:WeightOfMemory+1"],"picked":"stsjorbsmod:ColorSpray","floor":21.0},{"not_picked":["stsjorbsmod:Determination","stsjorbsmod:DisguiseSelf"],"picked":"stsjorbsmod:Prestidigitation","floor":24.0},{"not_picked":["stsjorbsmod:RayOfFrost","stsjorbsmod:Index","stsjorbsmod:Hurt"],"picked":"SKIP","floor":27.0},{"not_picked":["stsjorbsmod:RayOfFrost","stsjorbsmod:Index","stsjorbsmod:Hurt"],"picked":"SKIP","floor":27.0},{"not_picked":["stsjorbsmod:WanderingMind+1","stsjorbsmod:TollTheDead","stsjorbsmod:Firebolt"],"picked":"SKIP","floor":31.0},{"not_picked":["stsjorbsmod:CorrodingBarrier","stsjorbsmod:ThirstingSword"],"picked":"stsjorbsmod:IvoryTower","floor":33.0},{"not_picked":["stsjorbsmod:UnseenServant+1","stsjorbsmod:MageArmor+1"],"picked":"stsjorbsmod:Counterspell+1","floor":35.0},{"not_picked":["astrologer:ReadTheStars","Sweeping Beam"],"picked":"Runesmith:EarthShield+1","floor":38.0},{"not_picked":["Runesmith:HeatedChisel","astrologer:Eclipse"],"picked":"Footwork+1","floor":41.0},{"not_picked":["Sunder+1","Hello World"],"picked":"Conserve Battery+1","floor":42.0},{"not_picked":["Beam Cell","astrologer:TheHermit+1","Underhanded Strike+1"],"picked":"SKIP","floor":47.0},{"not_picked":["ThirdEye+1","hierophant:FlamingChariot"],"picked":"stsjorbsmod:Thorns","floor":48.0}],"player_experience":1236523,"relics_obtained":[{"floor":9.0,"key":"Dead Branch"},{"floor":10.0,"key":"stsjorbsmod:MindGlassRelic"},{"floor":13.0,"key":"CeramicFish"},{"floor":17.0,"key":"Runesmith:AutoHammer"},{"floor":17.0,"key":"StrikeDummy"},{"floor":17.0,"key":"Thread and Needle"},{"floor":24.0,"key":"Blue Candle"},{"floor":26.0,"key":"White Beast Statue"},{"floor":27.0,"key":"The Courier"},{"floor":30.0,"key":"Ancient Tea Set"},{"floor":31.0,"key":"MealTicket"},{"floor":41.0,"key":"infinitespire:WardingShard"},{"floor":43.0,"key":"infinitespire:CheckeredPen"}],"event_choices":[{"damage_healed":0.0,"max_hp_gain":0.0,"max_hp_loss":0.0,"gold_gain":0.0,"event_name":"Golden Idol","player_choice":"Take Damage","floor":3.0,"gold_loss":0.0,"damage_taken":17.0,"relics_obtained":["Golden Idol"]},{"damage_healed":30.0,"max_hp_gain":0.0,"max_hp_loss":68.0,"gold_gain":0.0,"event_name":"betterThird:BetterShining","player_choice":"Upgrade","floor":5.0,"gold_loss":0.0,"damage_taken":14.0,"cards_upgraded":["stsjorbsmod:Strike_Wanderer","stsjorbsmod:LoseGrip"]},{"cards_removed":["stsjorbsmod:Defend_Wanderer"],"damage_healed":0.0,"max_hp_gain":0.0,"max_hp_loss":0.0,"gold_gain":0.0,"event_name":"Golden Wing","player_choice":"Card Removal","floor":7.0,"gold_loss":0.0,"damage_taken":7.0},{"damage_healed":0.0,"max_hp_gain":0.0,"max_hp_loss":0.0,"gold_gain":0.0,"event_name":"Accursed Blacksmith","player_choice":"Rummage","floor":12.0,"gold_loss":0.0,"damage_taken":0.0,"relics_obtained":["WarpedTongs"],"cards_obtained":["Pain"]},{"cards_removed":["stsjorbsmod:Strike_Wanderer"],"damage_healed":0.0,"max_hp_gain":0.0,"max_hp_loss":0.0,"gold_gain":0.0,"event_name":"Beggar","player_choice":"Gave Gold","floor":22.0,"gold_loss":75.0,"damage_taken":0.0},{"damage_healed":0.0,"max_hp_gain":0.0,"max_hp_loss":5.0,"gold_gain":0.0,"event_name":"Vampires","player_choice":"Became a vampire","floor":28.0,"gold_loss":0.0,"damage_taken":0.0,"cards_obtained":["Bite"]},{"damage_healed":0.0,"max_hp_gain":0.0,"max_hp_loss":0.0,"gold_gain":0.0,"event_name":"The Library","player_choice":"Read","floor":29.0,"gold_loss":0.0,"damage_taken":0.0,"cards_obtained":["stsjorbsmod:Will"]},{"damage_healed":0.0,"max_hp_gain":0.0,"max_hp_loss":0.0,"gold_gain":0.0,"event_name":"Lab","player_choice":"Got Potions","floor":37.0,"gold_loss":0.0,"damage_taken":0.0},{"cards_removed":["Footwork"],"damage_healed":0.0,"max_hp_gain":0.0,"max_hp_loss":0.0,"gold_gain":0.0,"event_name":"Falling","player_choice":"Removed Power","floor":45.0,"gold_loss":0.0,"damage_taken":0.0},{"damage_healed":0.0,"max_hp_gain":0.0,"max_hp_loss":0.0,"gold_gain":0.0,"event_name":"Designer","player_choice":"Upgraded Two","floor":46.0,"gold_loss":40.0,"damage_taken":0.0,"cards_upgraded":["stsjorbsmod:PurgeMind","stsjorbsmod:Inferno"]}],"is_beta":false,"boss_relics":[{"not_picked":["infinitespire:Cupcake","Velvet Choker"],"picked":"Calling Bell"},{"not_picked":["Black Star","Empty Cage"],"picked":"Cursed Key"}],"items_purged_floors":[14,25,36],"is_endless":false,"potions_floor_spawned":[16,18,27,31,33,35,41,42],"ascension_level":4}}