{"host":"6rmw1q50jy0xmvyl","time":1607946295,"event":{"mods":["BaseMod","Clockwork Mod","GungeonMod","Minty Spire (QoL Compilation)","MostiFishMod","Remove Card Discount Mod","StSLib"],"gold_per_floor":[117,132,152,164,10,10,22,22,22,22,22],"floor_reached":10,"playtime":536,"items_purged":["Strike_G","Strike_G","Strike_G","Defend_G","Defend_G","Defend_G","Strike_G"],"score":78,"play_id":"bd291fad-7d99-4934-adfb-fc433b82a624","local_time":"20201214124455","is_ascension_mode":true,"campfire_choices":[{"floor":6,"key":"REST"}],"circlet_count":0,"master_deck":["Strike_G","Defend_G","Defend_G","Survivor","Neutralize","Deadly Poison","DemoMod:MachoBrace","White Noise","Deadly Poison","Go for the Eyes","Decay"],"relics":["Ring of the Snake","DaveBox","Dodecahedron","Snake Skull","Question Card","PrismaticShard","DemoMod:GnawedKey","DemoMod:JetPack"],"acts_visited":["Exordium"],"potions_floor_usage":[4],"damage_taken":[{"damage":1,"enemies":"Cultist","floor":1,"turns":4},{"damage":1,"enemies":"Small Slimes","floor":2,"turns":4},{"damage":0,"enemies":"2 Louse","floor":3,"turns":3},{"damage":36,"enemies":"Gremlin Gang","floor":4,"turns":6},{"damage":19,"enemies":"Lots of Slimes","floor":7,"turns":5},{"damage":29,"enemies":"Gremlin Nob","floor":10,"turns":4}],"seed_played":"4212218931601597663","potions_obtained":[{"floor":3,"key":"FearPotion"}],"is_trial":false,"path_per_floor":["M","M","M","M","$","R","M","?","T","E"],"character_chosen":"THE_SILENT","items_purchased":["Deadly Poison","DemoMod:GnawedKey"],"campfire_rested":1,"item_purchase_floors":[5,5],"current_hp_per_floor":[62,61,61,25,25,46,27,27,27,0,0],"gold":22,"neow_bonus":"RANDOM_COMMON_RELIC","is_daily":false,"chose_seed":false,"campfire_upgraded":0,"win_rate":0.0,"timestamp":1607946295,"path_taken":["M","M","?","M","$","R","M","?","T","E"],"items_purchased_type":["Card","Relic"],"build_version":"2020-12-13","purchased_purges":7,"victory":false,"max_hp_per_floor":[70,70,70,70,70,70,70,70,70,70,70],"card_choices":[{"not_picked":["Caltrops","Acrobatics"],"picked":"Deadly Poison","floor":1},{"not_picked":["Clockwork:Downsize","DemoMod:Rummage","Clockwork:Roundhouse","Clockwork:MechanicalBulk"],"picked":"SKIP","floor":2},{"not_picked":["Clockwork:ReserveSystems","Tempest","Rupture"],"picked":"DemoMod:MachoBrace","floor":3},{"not_picked":["Outmaneuver","FlyingSleeves","Meditate"],"picked":"White Noise","floor":4},{"not_picked":["FollowUp","Panache","DemoMod:BoxingGlove"],"picked":"Go for the Eyes","floor":7}],"player_experience":407556,"relics_obtained":[{"floor":1,"key":"Question Card"},{"floor":1,"key":"PrismaticShard"},{"floor":9,"key":"DemoMod:JetPack"}],"event_choices":[{"damage_healed":0,"gold_gain":0,"player_choice":"Cursed","damage_taken":0,"max_hp_gain":0,"max_hp_loss":0,"event_name":"Wheel of Change","floor":8,"gold_loss":0,"cards_obtained":["Decay"]}],"is_beta":false,"boss_relics":[],"items_purged_floors":[5,5,5,5,5,5,5],"is_endless":false,"potions_floor_spawned":[3],"killed_by":"Gremlin Nob","ascension_level":6}}