{"host":"kag8mfq4or8nkqb2","time":1607920776,"event":{"mods":["2.2 Compatiblity","BaseMod","Downfall","Minty Spire (QoL Compilation)","StSLib"],"gold_per_floor":[99,126,126,126,161,86,86,86,3,3,0,14,31,31,41,137,137,62,87,98,108,208,222,249,259,274,305,319,336,352,352,366,470,520,370,387,655,655,555,583,606,606,636,636,648,548,563,563,576,576,576,609,118,118,118],"floor_reached":56,"playtime":2930,"items_purged":["Regret","Guardian:Strike_Guardian","Guardian:Strike_Guardian","Guardian:Strike_Guardian","Guardian:Defend_Guardian"],"score":1910,"play_id":"6c1e00e1-0646-449d-b13b-9546e0ab168b","local_time":"20201214043936","is_ascension_mode":true,"campfire_choices":[{"floor":1.0,"key":"RECALL"},{"data":"Guardian:CompilePackage","floor":10.0,"key":"SMITH"},{"data":"Guardian:PiercingHide","floor":18.0,"key":"SMITH"},{"data":"Guardian:VentSteam","floor":35.0,"key":"SMITH"},{"data":"Guardian:CurlUp","floor":42.0,"key":"SMITH"},{"floor":44.0,"key":"REST"},{"data":"Guardian:SphericShield","floor":54,"key":"SMITH"}],"circlet_count":0,"master_deck":["Guardian:Strike_Guardian+1","Guardian:Defend_Guardian","Guardian:Defend_Guardian","Guardian:Defend_Guardian+1","Guardian:CurlUp+1","Guardian:TwinSlam+1","Guardian:PiercingHide+1","Guardian:CompilePackage+1","Guardian:FloatingOrbs","Guardian:FloatingOrbs","Guardian:SentryBeam+1","Guardian:StasisEngine","Guardian:PolyBeam+1","Guardian:StasisEngine","Guardian:SphericShield+1"],"relics":["Guardian:ModeShifter","downfall:HeartsMalice","Strawberry","Oddly Smooth Stone","Shuriken","downfall:ShatteredFragment","White Beast Statue","Guardian:StasisSlotReductionRelic","downfall:HeartBlessingRed","Dream Catcher","Art of War","Smiling Mask","Gremlin Horn","Tiny House","downfall:HeartBlessingGreen","downfall:HeartBlessingBlue","Bag of Marbles","Pen Nib","Darkstone Periapt","Toolbox","Bottled Flame","Lee\u0027s Waffle","Bronze Scales"],"acts_visited":["Exordium","TheCity","TheBeyond","TheEnding"],"potions_floor_usage":[55,55,55],"damage_taken":[{"damage":0.0,"enemies":"3 Sentries","floor":2.0,"turns":1.0},{"damage":0.0,"enemies":"Lagavulin","floor":5.0,"turns":1.0},{"damage":0.0,"enemies":"downfall:FleeingMerchant","floor":6.0,"turns":1.0},{"damage":0.0,"enemies":"downfall:FleeingMerchant","floor":9.0,"turns":4.0},{"damage":0.0,"enemies":"downfall:FleeingMerchant","floor":11.0,"turns":4.0},{"damage":3.0,"enemies":"2 Louse","floor":12.0,"turns":3.0},{"damage":0.0,"enemies":"Small Slimes","floor":13.0,"turns":3.0},{"damage":0.0,"enemies":"Jaw Worm","floor":15.0,"turns":3.0},{"damage":7.0,"enemies":"downfall:Silent","floor":16.0,"turns":6.0},{"damage":22.0,"enemies":"Slavers","floor":19.0,"turns":5.0},{"damage":0.0,"enemies":"Chosen","floor":20.0,"turns":3.0},{"damage":0.0,"enemies":"Centurion and Healer","floor":21.0,"turns":4.0},{"damage":0.0,"enemies":"Chosen and Byrds","floor":23.0,"turns":4.0},{"damage":0.0,"enemies":"Shelled Parasite and Fungi","floor":25.0,"turns":3.0},{"damage":0.0,"enemies":"3 Cultists","floor":26.0,"turns":4.0},{"damage":0.0,"enemies":"Gremlin Leader","floor":27.0,"turns":4.0},{"damage":0.0,"enemies":"Snecko","floor":28.0,"turns":3.0},{"damage":0.0,"enemies":"Snake Plant","floor":29.0,"turns":3.0},{"damage":6.0,"enemies":"3 Cultists","floor":30.0,"turns":4.0},{"damage":0.0,"enemies":"Chosen and Byrds","floor":32.0,"turns":5.0},{"damage":14.0,"enemies":"downfall:Watcher","floor":33.0,"turns":5.0},{"damage":18.0,"enemies":"3 Shapes","floor":36.0,"turns":4.0},{"damage":8.0,"enemies":"downfall:FleeingMerchant","floor":37.0,"turns":3.0},{"damage":0.0,"enemies":"Giant Head","floor":40.0,"turns":6.0},{"damage":18.0,"enemies":"Reptomancer","floor":43.0,"turns":4.0},{"damage":4.0,"enemies":"3 Darklings","floor":45.0,"turns":4.0},{"damage":0.0,"enemies":"Spire Growth","floor":47.0,"turns":4.0},{"damage":18.0,"enemies":"Writhing Mass","floor":49.0,"turns":5.0},{"damage":13.0,"enemies":"downfall:Defect","floor":50.0,"turns":5.0},{"damage":0.0,"enemies":"downfall:CharBossMerchant","floor":52.0,"turns":7.0},{"damage":0,"enemies":"downfall:NeowBoss","floor":55,"turns":9}],"seed_played":"5941925381926459582","potions_obtained":[{"floor":2.0,"key":"Weak Potion"},{"floor":5.0,"key":"Dexterity Potion"},{"floor":15.0,"key":"BlessingOfTheForge"},{"floor":16.0,"key":"Strength Potion"},{"floor":19.0,"key":"Fire Potion"},{"floor":20.0,"key":"Slimebound:ThreeZeroPotion"},{"floor":26.0,"key":"EntropicBrew"},{"floor":28.0,"key":"Regen Potion"},{"floor":30.0,"key":"BlessingOfTheForge"},{"floor":36.0,"key":"Dexterity Potion"},{"floor":37.0,"key":"SmokeBomb"},{"floor":40.0,"key":"BlessingOfTheForge"},{"floor":49.0,"key":"AttackPotion"}],"is_trial":false,"path_per_floor":["R","E","?","?","E","$","T","?","$","R","$","M","M","T","M","B",null,"R","E","M","M","?","M","T","M","M","E","M","M","M","T","M","B",null,"R","M","?","?","$","E","T","R","E","R","M","$","M","?","M","B",null,"E","$","R","B",null],"character_chosen":"GUARDIAN","items_purchased":["Guardian:FloatingOrbs","PowerPotion","PowerPotion","Guardian:SphericShield","Lee\u0027s Waffle","Bronze Scales"],"campfire_rested":1,"item_purchase_floors":[9,39,46,53,53,53],"current_hp_per_floor":[72,79,79,61,61,61,61,37,37,37,37,34,34,34,34,27,72,72,50,50,50,50,50,50,50,50,50,50,50,56,56,56,42,81,91,73,65,65,65,65,65,65,47,77,73,73,73,73,55,42,87,87,109,109,109],"gold":118,"neow_bonus":"THREE_ENEMY_KILL","is_daily":false,"chose_seed":false,"campfire_upgraded":5,"win_rate":0.0,"timestamp":1607920776,"path_taken":["R","E","?","?","E","$","T","?","?","R","$","?","M","?","M","BOSS","R","E","M","M","?","M","T","M","M","E","M","?","?","?","M","BOSS","R","M","?","?","$","E","T","R","E","R","M","$","M","?","M","BOSS","E","$","R","BOSS"],"items_purchased_type":["Card","Potion","Potion","Card","Relic","Relic"],"build_version":"2020-12-13","purchased_purges":5,"victory":true,"max_hp_per_floor":[80,87,87,87,87,87,87,87,87,87,87,87,87,87,87,87,87,87,87,87,87,87,87,87,87,87,87,87,87,87,87,87,87,92,102,102,102,102,102,102,102,102,102,102,102,102,102,102,102,102,102,102,109,109,109],"card_choices":[{"not_picked":["Guardian:Preprogram","Guardian:Clone"],"picked":"Guardian:Gem_White","floor":2.0},{"not_picked":["Guardian:FuturePlans","Guardian:WalkerClaw","Guardian:PrismaticBarrier"],"picked":"SKIP","floor":5.0},{"not_picked":["Guardian:Reroute","Guardian:Suspension"],"picked":"Guardian:PiercingHide","floor":6.0},{"not_picked":["Guardian:PolyBeam","Guardian:VentSteam"],"picked":"Guardian:CompilePackage","floor":9.0},{"not_picked":["Guardian:Gem_Fragmented","Guardian:CrystalBeam"],"picked":"Guardian:FloatingOrbs","floor":11.0},{"not_picked":["Guardian:Incinerate","Guardian:Repulse"],"picked":"Guardian:Gem_Orange","floor":12.0},{"not_picked":["Guardian:TemporalShield","Guardian:TimeBomb","Guardian:Incinerate"],"picked":"SKIP","floor":13.0},{"not_picked":["Guardian:ShieldCharger","Guardian:ChargeCore"],"picked":"Guardian:VentSteam","floor":15.0},{"not_picked":["Guardian:Gem_Cyan","Guardian:Harden"],"picked":"Guardian:Gem_Purple","floor":19.0},{"not_picked":["Guardian:CrystalBeam","Guardian:PrimingBeam","Guardian:BronzeArmor+1"],"picked":"SKIP","floor":20.0},{"not_picked":["Guardian:CrystalBeam+1","Guardian:VentSteam","Guardian:Gem_Cyan"],"picked":"SKIP","floor":21.0},{"not_picked":["Guardian:BronzeArmor","Guardian:Harden","Guardian:Incinerate+1"],"picked":"SKIP","floor":23.0},{"not_picked":["Guardian:CrystalBeam","Guardian:TimeCapacitor"],"picked":"Guardian:SentryBeam+1","floor":25.0},{"not_picked":["Guardian:PrimingBeam","Guardian:Gem_Purple","Guardian:WalkerClaw"],"picked":"SKIP","floor":26.0},{"not_picked":["Guardian:FuturePlans","Guardian:Gem_Cyan","Guardian:ChargeUp"],"picked":"SKIP","floor":27.0},{"not_picked":["Guardian:TemporalStrike+1","Guardian:WalkerClaw","Guardian:GuardianWhirl"],"picked":"SKIP","floor":28.0},{"not_picked":["Guardian:Gem_Cyan","Guardian:SpikerProtocol"],"picked":"Guardian:StasisEngine","floor":29.0},{"not_picked":["Guardian:WalkerClaw","Guardian:RollAttack","Guardian:BronzeArmor"],"picked":"SKIP","floor":30.0},{"not_picked":["Guardian:Gem_Lightblue","Guardian:TimeCapacitor"],"picked":"Guardian:PolyBeam","floor":32.0},{"not_picked":["Guardian:GatlingBeam","Guardian:GemFire"],"picked":"Guardian:StasisEngine","floor":33.0},{"not_picked":["Guardian:Gem_Purple","Guardian:Clone+1","Guardian:FuturePlans+1"],"picked":"SKIP","floor":36.0},{"not_picked":["Guardian:HyperBeam_Guardian","Guardian:RevengeProtocol","Guardian:Suspension"],"picked":"SKIP","floor":37.0},{"not_picked":["Guardian:Planning","Guardian:HyperBeam_Guardian","Guardian:Emergency"],"picked":"SKIP","floor":40.0},{"not_picked":["Guardian:Recover+1","Guardian:Planning","Guardian:Gem_Lightblue"],"picked":"SKIP","floor":43.0},{"not_picked":["Guardian:Preprogram+1","Guardian:ChargeCore+1","Guardian:RollAttack"],"picked":"SKIP","floor":45.0},{"not_picked":["Guardian:ChargeCore+1","Guardian:TemporalShield","Guardian:DecasProtection"],"picked":"SKIP","floor":47.0},{"not_picked":["Guardian:Preprogram","Guardian:Reroute+1","Guardian:WalkerClaw+1"],"picked":"SKIP","floor":49.0},{"not_picked":["Guardian:BaubleBeam","Guardian:Incinerate+1","Guardian:ChargeCore"],"picked":"SKIP","floor":52.0}],"player_experience":999080,"relics_obtained":[{"floor":2.0,"key":"Strawberry"},{"floor":5.0,"key":"Shuriken"},{"floor":14.0,"key":"White Beast Statue"},{"floor":19.0,"key":"Dream Catcher"},{"floor":24.0,"key":"Art of War"},{"floor":27.0,"key":"Smiling Mask"},{"floor":31.0,"key":"Gremlin Horn"},{"floor":40.0,"key":"Bag of Marbles"},{"floor":41.0,"key":"Pen Nib"},{"floor":43.0,"key":"Darkstone Periapt"},{"floor":52.0,"key":"Toolbox"},{"floor":52.0,"key":"Bottled Flame"}],"event_choices":[{"damage_healed":0.0,"max_hp_gain":0.0,"max_hp_loss":0.0,"gold_gain":0.0,"event_name":"Scrap Ooze","player_choice":"Success","floor":4.0,"gold_loss":0.0,"damage_taken":18.0,"relics_obtained":["Oddly Smooth Stone"]},{"cards_removed":["Guardian:VentSteam"],"damage_healed":0.0,"max_hp_gain":0.0,"max_hp_loss":0.0,"gold_gain":0.0,"event_name":"Falling","player_choice":"Removed Skill","floor":48.0,"gold_loss":0.0,"damage_taken":0.0}],"is_beta":false,"boss_relics":[{"not_picked":["Ectoplasm","Philosopher\u0027s Stone"],"picked":"Guardian:StasisSlotReductionRelic"},{"not_picked":["Black Star","Velvet Choker"],"picked":"Tiny House"}],"items_purged_floors":[6,37,39,46,53],"is_endless":false,"potions_floor_spawned":[2,5,15,16,19,20,21,23,25,26,27,28,29,30,32,33,36,37,40,43,45,47,49,52],"ascension_level":8}}