{"host":"cv6i479uilws7tk5","time":1607980225,"event":{"mods":["BaseMod","Better Altar","Better Match","Better Note","Better Sensory Stone","Better Skull","Better Third Choice","Energized Spire","Highlight Path","Minty Spire (QoL Compilation)","Rare Cards Sparkle","Relic Stats","StSLib"],"gold_per_floor":[362,375,350,350,44,44,78,78,78,78,131,170,170,179,179,314,314,333,356,389,398,427,479,479,522,522,566,62,62,62,62,62,62,62],"floor_reached":33,"playtime":1465,"items_purged":["Strike_B","Strike_B"],"score":414,"play_id":"c8e2b401-1219-4b4c-b85c-2eed68f8a4b7","local_time":"20201214141025","is_ascension_mode":true,"campfire_choices":[{"data":"Zap","floor":6,"key":"SMITH"},{"floor":8,"key":"REST"},{"data":"Storm","floor":10,"key":"SMITH"},{"floor":15,"key":"REST"},{"floor":24,"key":"REST"},{"floor":29,"key":"REST"},{"data":"Electrodynamics","floor":32,"key":"SMITH"}],"circlet_count":0,"master_deck":["Strike_B","Strike_B","Defend_B","Defend_B","Defend_B","Defend_B","Zap+1","Dualcast","FTL","Storm+1","Self Repair","Capacitor","Chill","Secret Technique","Electrodynamics+1","Leap+1","Glacier","Go for the Eyes+1","Self Repair","Biased Cognition"],"relics":["Cracked Core","betterThird:SlimedRelic","Bag of Marbles","HornCleat","Sundial","CeramicFish","Nunchaku","Golden Idol","energizedSpire:OgreHead","Akabeko","Bronze Scales","Potion Belt","DataDisk","OrangePellets","Meat on the Bone","Orichalcum"],"acts_visited":["Exordium","TheCity"],"potions_floor_usage":[7,18],"damage_taken":[{"damage":3,"enemies":"Jaw Worm","floor":1,"turns":4},{"damage":0,"enemies":"2 Louse","floor":2,"turns":2},{"damage":23,"enemies":"Gremlin Nob","floor":7,"turns":4},{"damage":25,"enemies":"Lagavulin","floor":12,"turns":6},{"damage":20,"enemies":"Hexaghost","floor":16,"turns":12},{"damage":8,"enemies":"2 Thieves","floor":18,"turns":3},{"damage":0,"enemies":"3 Byrds","floor":19,"turns":3},{"damage":15,"enemies":"Centurion and Healer","floor":20,"turns":6},{"damage":7,"enemies":"Cultist and Chosen","floor":22,"turns":8},{"damage":40,"enemies":"Gremlin Leader","floor":23,"turns":7},{"damage":15,"enemies":"Book of Stabbing","floor":25,"turns":6},{"damage":31,"enemies":"Gremlin Leader","floor":27,"turns":6},{"damage":52,"enemies":"Automaton","floor":33,"turns":6}],"seed_played":"-3285688911348993177","potions_obtained":[{"floor":1,"key":"Swift Potion"},{"floor":16,"key":"DistilledChaos"},{"floor":20,"key":"PotionOfCapacity"},{"floor":22,"key":"Ancient Potion"},{"floor":23,"key":"Dexterity Potion"}],"is_trial":false,"path_per_floor":["M","M","?","?","$","R","E","R","T","R","T","E","?","?","R","B",null,"M","M","M","?","M","E","R","E","T","E","$","R","?","T","R","B"],"character_chosen":"DEFECT","items_purchased":["Bag of Marbles","Self Repair","OrangePellets","Meat on the Bone"],"campfire_rested":4,"item_purchase_floors":[5,5,28,28],"current_hp_per_floor":[65,65,54,54,54,54,38,58,58,58,58,40,23,23,43,30,59,58,65,57,57,57,24,44,43,43,26,26,46,46,46,46,0,0],"gold":62,"neow_bonus":"TWO_FIFTY_GOLD","is_daily":false,"chose_seed":false,"campfire_upgraded":3,"win_rate":0.0,"timestamp":1607980225,"path_taken":["M","M","?","?","$","R","E","R","T","R","?","E","?","?","R","BOSS","M","M","M","?","M","E","R","E","T","E","$","R","?","?","R","BOSS"],"items_purchased_type":["Relic","Card","Relic","Relic"],"build_version":"2020-12-13","purchased_purges":2,"victory":false,"max_hp_per_floor":[68,68,68,68,68,68,68,68,68,68,68,68,68,68,68,68,68,68,68,68,68,68,68,68,68,68,68,68,68,68,68,68,68,68],"relic_stats":{"OrangePellets":[0],"Nunchaku":[7],"counters":[13,73],"Sundial":[10],"Golden Idol":68,"CeramicFish":72,"Bronze Scales":[60],"Orichalcum":[0],"obtain_stats":[{"Potion Belt":26,"Golden Idol":13,"CeramicFish":11,"energizedSpire:OgreHead":17,"Orichalcum":31,"Akabeko":23,"OrangePellets":28,"Nunchaku":12,"DataDisk":27,"HornCleat":7,"Sundial":9,"betterThird:SlimedRelic":3,"Bronze Scales":25,"Bag of Marbles":5,"Cracked Core":0,"Meat on the Bone":28},{"Potion Belt":11,"Golden Idol":4,"CeramicFish":3,"energizedSpire:OgreHead":5,"Orichalcum":12,"Akabeko":10,"OrangePellets":12,"Nunchaku":4,"DataDisk":12,"HornCleat":3,"Sundial":3,"betterThird:SlimedRelic":2,"Bronze Scales":11,"Bag of Marbles":2,"Cracked Core":0,"Meat on the Bone":12},{"Potion Belt":61,"Golden Idol":16,"CeramicFish":10,"energizedSpire:OgreHead":28,"Orichalcum":67,"Akabeko":55,"OrangePellets":67,"Nunchaku":16,"DataDisk":67,"HornCleat":10,"Sundial":10,"betterThird:SlimedRelic":6,"Bronze Scales":61,"Bag of Marbles":6,"Cracked Core":0,"Meat on the Bone":67}],"Meat on the Bone":0},"card_choices":[{"not_picked":["Lockon","Steam"],"picked":"FTL","floor":1},{"not_picked":["Redo","Turbo"],"picked":"Storm","floor":2},{"not_picked":["Leap","Turbo"],"picked":"Capacitor","floor":7},{"not_picked":["Turbo","Chaos"],"picked":"Chill","floor":12},{"not_picked":["Bandage Up","Good Instincts"],"picked":"Secret Technique","floor":14},{"not_picked":["Thunder Strike","Machine Learning"],"picked":"Electrodynamics","floor":16},{"not_picked":["Rebound","Stack","Hello World+1"],"picked":"SKIP","floor":18},{"not_picked":["Static Discharge","Fusion","Reinforced Body+1"],"picked":"SKIP","floor":19},{"not_picked":["Compile Driver","Redo+1"],"picked":"Leap+1","floor":20},{"not_picked":["Rebound+1","Leap"],"picked":"Go for the Eyes+1","floor":22},{"not_picked":["Chaos+1","Redo+1"],"picked":"Self Repair","floor":23},{"not_picked":["Rip and Tear+1","Conserve Battery"],"picked":"Biased Cognition","floor":25},{"not_picked":["Gash","Beam Cell","Rebound"],"picked":"SKIP","floor":27}],"player_experience":319228,"relics_obtained":[{"floor":7,"key":"HornCleat"},{"floor":9,"key":"Sundial"},{"floor":11,"key":"CeramicFish"},{"floor":12,"key":"Nunchaku"},{"floor":23,"key":"Akabeko"},{"floor":25,"key":"Bronze Scales"},{"floor":26,"key":"Potion Belt"},{"floor":27,"key":"DataDisk"},{"floor":31,"key":"Orichalcum"}],"event_choices":[{"damage_healed":0,"gold_gain":0,"player_choice":"Slimed","damage_taken":11,"max_hp_gain":0,"max_hp_loss":0,"event_name":"betterThird:BetterGoop","floor":3,"gold_loss":25},{"damage_healed":0,"gold_gain":0,"player_choice":"Leave","damage_taken":0,"max_hp_gain":0,"max_hp_loss":0,"event_name":"The Cleric","floor":4,"gold_loss":0},{"damage_healed":0,"gold_gain":0,"player_choice":"Take Damage","damage_taken":17,"relics_obtained":["Golden Idol"],"max_hp_gain":0,"max_hp_loss":0,"event_name":"Golden Idol","floor":13,"gold_loss":0},{"damage_healed":0,"gold_gain":1,"player_choice":"1","damage_taken":0,"max_hp_gain":0,"max_hp_loss":0,"event_name":"betterStone:BetterStone","floor":14,"gold_loss":0},{"damage_healed":0,"gold_gain":0,"player_choice":"Read","damage_taken":0,"max_hp_gain":0,"max_hp_loss":0,"event_name":"The Library","floor":21,"gold_loss":0,"cards_obtained":["Glacier"]},{"damage_healed":0,"gold_gain":0,"player_choice":"Ignored","damage_taken":0,"max_hp_gain":0,"max_hp_loss":0,"event_name":"Ghosts","floor":30,"gold_loss":0}],"is_beta":false,"boss_relics":[{"not_picked":["Snecko Eye","energizedSpire:UnstableMolecules"],"picked":"energizedSpire:OgreHead"}],"items_purged_floors":[5,28],"is_endless":false,"potions_floor_spawned":[1,16,20,22,23],"killed_by":"Automaton","ascension_level":7}}