{"host":"951sez6ulsv0fw1i","time":1607952834,"event":{"mods":["2.2 Compatiblity","Aspiration","BaseMod","Better Third Choice","BetterRewards","CCEM","CapriCore","Conspire","Downfall","Googly Eyes","Hermit","Infinite Spire","JesterMod","Luminous","Mari Mod (Legacy)","Mari\u0027s V1 Patch","Marisa????????","Minty Spire (QoL Compilation)","Potionbrewer","Reimu??????","Shade Mod","StSLib","The Bug Knight","The Cursed","The Forsaken","The Immortal","The Mystic","The Poker Player","The Runesmith","The Servant 0.9.4","TheBandit","TheSwordswoman"],"gold_per_floor":[119,19,19,19,60,112,167,183,209,243,275,304,44,59,59,223,223,257,270,115,208,208,208,242,242,242,273,273,338,395,395,395,568,568,630,687,721,721],"floor_reached":37,"playtime":2019,"items_purged":["Strike_Lin:ReiMu"],"score":503,"play_id":"ba5dd9eb-1907-4824-a7b1-0d5f90565479","local_time":"20201214143354","is_ascension_mode":false,"campfire_choices":[{"data":"Determination:ReiMu","floor":15,"key":"SMITH"},{"floor":23,"key":"REST"},{"floor":25,"key":"RECALL"},{"data":"CleanRite:ReiMu","floor":32,"key":"SMITH"}],"circlet_count":0,"master_deck":["Strike_Lin:ReiMu","Strike_Lin:ReiMu","Strike_Lin:ReiMu","Defend_Lin:ReiMu","Defend_Lin:ReiMu","Defend_Lin:ReiMu","Defend_Lin:ReiMu","NB:ReiMu","Stagnation:ReiMu","Determination:ReiMu+1","Conquer:ReiMu","conspire:SpireCoStock","conspire:SpireCoStock","infinitespire:SevenWalls+1","EmergencyTakeOff:ReiMu","SpringWay:ReiMu","AirStrike:ReiMu","Revelation:ReiMu","OrbThrow:ReiMu","PassingAway:ReiMu","PassingAway:ReiMu","CleanRite:ReiMu+1","Meditation:ReiMu","YinYangSange:ReiMu","PrepareRite:ReiMu","infinitespire:SevenWalls+1","NineCharacters:ReiMu+1","OrbThrow:ReiMu+1","infinitespire:TheBestDefense","DoubleButterfly:ReiMu+1","SafetyPray:ReiMu","SubcavityFantasy:ReiMu","Dreaming2:ReiMu","AirManeuver:ReiMu+1"],"relics":["FlyPower:ReiMu","aspiration:DSix","Oddly Smooth Stone","potionbrewer:MortarAndPestle","aspiration:FutureDiary","potionbrewer:Keyblade","Pen Nib","theForsaken:PaleLantern","CCEMRelics:DerglesHeadphones","potionbrewer:Torch","Black Star","Shovel"],"acts_visited":["Exordium","TheCity","TheBeyond"],"potions_floor_usage":[7,21,24,24,33],"damage_taken":[{"damage":0,"enemies":"Small Slimes","floor":1,"turns":4},{"damage":0,"enemies":"Cultist","floor":5,"turns":4},{"damage":2,"enemies":"2 Louse","floor":6,"turns":3},{"damage":18,"enemies":"3 Sentries","floor":7,"turns":9},{"damage":1,"enemies":"Blue Slaver","floor":8,"turns":2},{"damage":1,"enemies":"Gremlin Gang","floor":10,"turns":6},{"damage":0,"enemies":"Lagavulin","floor":11,"turns":5},{"damage":0,"enemies":"Large Slime","floor":12,"turns":3},{"damage":0,"enemies":"Blue Slaver","floor":14,"turns":2},{"damage":0,"enemies":"Slime Boss","floor":16,"turns":9},{"damage":6,"enemies":"Spheric Guardian","floor":18,"turns":7},{"damage":0,"enemies":"3 Byrds","floor":19,"turns":6},{"damage":57,"enemies":"Sentry and Sphere","floor":21,"turns":8},{"damage":2,"enemies":"Centurion and Healer","floor":24,"turns":6},{"damage":0,"enemies":"Snecko","floor":27,"turns":5},{"damage":16,"enemies":"Book of Stabbing","floor":29,"turns":4},{"damage":10,"enemies":"Chosen and Byrds","floor":30,"turns":7},{"damage":4,"enemies":"Collector","floor":33,"turns":11},{"damage":0,"enemies":"3 Shapes","floor":35,"turns":5},{"damage":0,"enemies":"Mind Bloom Boss Battle","floor":36,"turns":9},{"damage":10,"enemies":"infinitespire:Three Voidlings","floor":37,"turns":5},{"damage":66,"enemies":"Nightmare_Alpha","floor":37,"turns":9}],"seed_played":"8912917811182011415","potions_obtained":[{"floor":1,"key":"sneckomod:MuddlingPotion"},{"floor":7,"key":"potionbrewer:DiscountPotion"},{"floor":10,"key":"Explosive Potion"},{"floor":11,"key":"AttackPotion"},{"floor":16,"key":"Regen Potion"},{"floor":24,"key":"Dexterity Potion"},{"floor":27,"key":"potionbrewer:FreezingPotion"},{"floor":31,"key":"PowerPotion"},{"floor":31,"key":"potionbrewer:ToxicPotion"},{"floor":31,"key":"BlessingOfTheForge"},{"floor":33,"key":"sneckomod:MuddlingPotion"}],"is_trial":false,"path_per_floor":["M","?","?","?","M","M","E","M","T","M","E","M","$","M","R","B",null,"M","M","$","M","?","R","M","R","T","M","AVR","E","M","?","R","B",null,"M","?","?"],"character_chosen":"REIMU","items_purchased":["potionbrewer:MortarAndPestle","potionbrewer:Keyblade"],"campfire_rested":1,"item_purchase_floors":[13,20],"current_hp_per_floor":[65,65,49,49,49,47,29,28,28,27,27,27,27,27,27,32,65,59,59,59,2,2,21,34,34,34,34,34,18,8,18,30,26,65,65,65,0,0],"gold":721,"neow_bonus":"ONE_RANDOM_RARE_CARD","is_daily":false,"chose_seed":false,"campfire_upgraded":2,"win_rate":0.0,"timestamp":1607952834,"path_taken":["M","?","?","?","M","M","E","M","T","M","E","M","$","M","R","BOSS","M","M","$","M","?","R","?","R","T","M","AVR","E","M","?","R","BOSS","M","?","?"],"items_purchased_type":["Relic","Relic"],"build_version":"2020-12-13","purchased_purges":1,"victory":false,"max_hp_per_floor":[65,65,65,65,65,65,65,65,65,65,65,65,65,65,65,65,65,65,65,65,65,65,65,65,65,65,65,65,65,65,65,65,65,65,65,65,65,65],"card_choices":[{"not_picked":["Enchanting:ReiMu","AlertArray:ReiMu"],"picked":"Conquer:ReiMu","floor":1},{"not_picked":["infinitespire:Collect","infinitespire:FinalStrike"],"picked":"infinitespire:SevenWalls","floor":3},{"not_picked":["Enchanting:ReiMu","TightArray:ReiMu"],"picked":"EmergencyTakeOff:ReiMu","floor":5},{"not_picked":["Conquer:ReiMu","AlertArray:ReiMu"],"picked":"SpringWay:ReiMu","floor":6},{"not_picked":["OrbThrow:ReiMu","AlertArray:ReiMu"],"picked":"AirStrike:ReiMu","floor":7},{"not_picked":["Intuition:ReiMu","SealNeedle:ReiMu"],"picked":"Revelation:ReiMu","floor":8},{"not_picked":["LearningPray:ReiMu","Conquer:ReiMu"],"picked":"OrbThrow:ReiMu","floor":10},{"not_picked":["SpringWay:ReiMu","KamiSacrifice:ReiMu","CollectionFlower2:ReiMu"],"picked":"SKIP","floor":11},{"not_picked":["PrepareRite:ReiMu","FantasyBorder:ReiMu"],"picked":"PassingAway:ReiMu","floor":12},{"not_picked":["EmergencyTakeOff:ReiMu","DoubleButterfly:ReiMu"],"picked":"PassingAway:ReiMu","floor":14},{"not_picked":["CardOfSanctity:ReiMu","KamiRite:ReiMu"],"picked":"CleanRite:ReiMu","floor":16},{"not_picked":["Intuition:ReiMu","RainPray2:ReiMu"],"picked":"Meditation:ReiMu","floor":18},{"not_picked":["FantasyBorder:ReiMu","OrbThrow:ReiMu"],"picked":"YinYangSange:ReiMu","floor":19},{"not_picked":["PhosphorusFlame:ReiMu+1","KamiSacrifice:ReiMu"],"picked":"PrepareRite:ReiMu","floor":21},{"not_picked":["FoulBorder2:ReiMu","AirStrike:ReiMu"],"picked":"NineCharacters:ReiMu+1","floor":24},{"not_picked":["YinYangSange:ReiMu","CollectionFlower2:ReiMu"],"picked":"OrbThrow:ReiMu+1","floor":27},{"not_picked":["SubcavityInstant:ReiMu+1","OrbThrow:ReiMu+1"],"picked":"DoubleButterfly:ReiMu+1","floor":29},{"not_picked":["Conquer:ReiMu","Crusade:ReiMu"],"picked":"SafetyPray:ReiMu","floor":30},{"not_picked":["Shading:ReiMu","CeremonyResonance:ReiMu"],"picked":"SubcavityFantasy:ReiMu","floor":33},{"not_picked":["OrbThrow:ReiMu","Mountainwind:ReiMu"],"picked":"Dreaming2:ReiMu","floor":35},{"not_picked":["ForcedLanding:ReiMu+1","EmergencyTakeOff:ReiMu"],"picked":"AirManeuver:ReiMu+1","floor":36}],"player_experience":495966,"relics_obtained":[{"floor":7,"key":"aspiration:DSix"},{"floor":11,"key":"Oddly Smooth Stone"},{"floor":26,"key":"Pen Nib"},{"floor":29,"key":"potionbrewer:Torch"},{"floor":36,"key":"Shovel"}],"event_choices":[{"damage_healed":0,"gold_gain":0,"player_choice":"Invest 2","damage_taken":0,"max_hp_gain":0,"max_hp_loss":0,"event_name":"conspire:Investor","floor":2,"gold_loss":0},{"damage_healed":0,"gold_gain":0,"player_choice":"Grow","damage_taken":0,"max_hp_gain":0,"max_hp_loss":0,"event_name":"Living Wall","floor":4,"gold_loss":0,"cards_upgraded":["infinitespire:SevenWalls"]},{"damage_healed":0,"gold_gain":0,"player_choice":"Copied","damage_taken":0,"max_hp_gain":0,"max_hp_loss":0,"event_name":"Duplicator","floor":22,"gold_loss":0,"cards_obtained":["infinitespire:SevenWalls"]},{"damage_healed":0,"gold_gain":0,"player_choice":"Got Potions","damage_taken":0,"max_hp_gain":0,"max_hp_loss":0,"event_name":"Lab","floor":31,"gold_loss":0},{"damage_healed":0,"gold_gain":0,"player_choice":"Fight","damage_taken":0,"max_hp_gain":0,"max_hp_loss":0,"event_name":"MindBloom","floor":36,"gold_loss":0}],"is_beta":false,"boss_relics":[{"not_picked":["Busted Crown","Snecko Eye"],"picked":"aspiration:FutureDiary"},{"not_picked":["aspiration:WatcherSkillbook","DonationBox:ReiMu"],"picked":"Black Star"}],"items_purged_floors":[28],"is_endless":false,"potions_floor_spawned":[1,7,10,11,16,24,27,33,37],"killed_by":"Nightmare_Alpha","ascension_level":0}}