{"host":"cyei475933pvpemq","time":1607955099,"event":{"mods":["Act Like it!","Aspiration","BaseMod","Better Third Choice","BetterRewards","Colored Map","Colored Powertips","Downfall","Energized Spire","Highlight Path","Hubris","Hyrulean Relics","Lobotomy","Mimic Mod","Minty Spire (QoL Compilation)","Replay The Spire","Spicy Shops","Spikes Relics","StSLib","Uncapped"],"gold_per_floor":[112,199,277,277,292,318,318,335,335,335,335],"floor_reached":10,"playtime":300,"items_purged":[],"score":66,"play_id":"415d057b-9d57-4f37-9f48-fc981a921b2d","local_time":"20201214151139","is_ascension_mode":false,"campfire_choices":[{"floor":7,"key":"REST"}],"circlet_count":0,"master_deck":["Strike_R","Strike_R","Strike_R","Strike_R","Strike_R","Defend_R","Defend_R","Defend_R","Defend_R","Bash","expansioncontent:DarkVoid","Body Slam","Infernal Blade"],"relics":["Burning Blood","Membership Card","hubris:FruitBowl","hubris:EvacipatedBox","Happy Flower","ReplayFunnel"],"acts_visited":["Exordium"],"potions_floor_usage":[6,6],"damage_taken":[{"damage":7,"enemies":"2 Louse","floor":1,"turns":2},{"damage":12,"enemies":"Small Slimes","floor":5,"turns":4},{"damage":11,"enemies":"Gremlin Nob","floor":6,"turns":3},{"damage":8,"enemies":"Jaw Worm","floor":8,"turns":3},{"damage":34,"enemies":"Lagavulin","floor":10,"turns":5}],"seed_played":"-7276683566202948366","potions_obtained":[{"floor":1,"key":"DistilledChaos"},{"floor":5,"key":"FearPotion"}],"is_trial":false,"path_per_floor":["M","?","?","$","M","E","R","M","T","E"],"character_chosen":"IRONCLAD","items_purchased":["Membership Card","hubris:FruitBowl","hubris:EvacipatedBox","Happy Flower"],"campfire_rested":1,"item_purchase_floors":[4,4,4,4],"current_hp_per_floor":[79,79,79,21,15,10,34,32,32,0,0],"gold":335,"neow_bonus":"RANDOM_COLORLESS","is_daily":false,"chose_seed":false,"campfire_upgraded":0,"win_rate":0.0,"timestamp":1607955099,"path_taken":["M","?","?","?","?","E","R","M","T","E"],"items_purchased_type":["Relic","Relic","Relic","Relic"],"build_version":"2020-12-13","purchased_purges":0,"victory":false,"max_hp_per_floor":[80,80,80,80,80,80,80,80,80,80,80],"card_choices":[{"not_picked":["Bandage Up","expansioncontent:Sear"],"picked":"expansioncontent:DarkVoid","floor":0},{"not_picked":["Shockwave","Burning Pact","Run Through"],"picked":"SKIP","floor":1},{"not_picked":["Seeing Red","Feel No Pain"],"picked":"Body Slam","floor":2},{"not_picked":["Reckless Charge","Run Through","Uppercut"],"picked":"SKIP","floor":5},{"not_picked":["Massacre","Fire Breathing"],"picked":"Infernal Blade","floor":6},{"not_picked":["Warcry","Clash","Headbutt"],"picked":"SKIP","floor":8}],"player_experience":307925,"relics_obtained":[{"floor":6,"key":"ReplayFunnel"}],"event_choices":[{"damage_healed":0,"gold_gain":78,"player_choice":"Gained Gold","damage_taken":0,"max_hp_gain":0,"max_hp_loss":0,"event_name":"Golden Wing","floor":3,"gold_loss":0}],"is_beta":false,"boss_relics":[],"items_purged_floors":[],"is_endless":false,"potions_floor_spawned":[1,5],"killed_by":"Lagavulin","ascension_level":0}}