{"host":"p15wz9ezm2y4vyo6","time":1607931672,"event":{"mods":["BaseMod","Better Third Choice","Colored Map","Colored Powertips","Custom Start","Defuse TimeMaze Blight","Disable Question Mark Monsters","Displayed Cursed Tome","Downfall","Friendly Minions","Hermit","Hubris","Infinite Spire","Minty Spire (QoL Compilation)","Quick Restart","Rare Cards Sparkle","Replay The Spire","StSLib","SuperFastMode","The Construct","The Servant 0.9.4","vexMod"],"gold_per_floor":[118,138,313,327,327,327,339,31,58,84,99,99,113,125,125,125,125],"floor_reached":16,"playtime":474,"items_purged":["Defend_R"],"score":197,"play_id":"f884551e-13b0-4847-8043-188e542047ed","local_time":"20201214074112","is_ascension_mode":true,"campfire_choices":[{"data":"Perfected Strike","floor":6,"key":"SMITH"},{"floor":12,"key":"REST"},{"data":"Perfected Strike","floor":15,"key":"SMITH"}],"circlet_count":0,"master_deck":["AscendersBane","Strike_R","Strike_R","Strike_R","Strike_R","Strike_R","Defend_R","Defend_R+1","Defend_R","Bash","Run Through","ReplayTheSpireMod:LeadingStrike","Perfected Strike+1","Perfected Strike","infinitespire:OneForAll","Perfected Strike+1","Impervious","Impervious","Shockwave","hubris:SharpeningStone","Perfected Strike"],"relics":["Burning Blood","Gremlin Food","Art of War"],"acts_visited":["Exordium"],"potions_floor_usage":[16,16],"damage_taken":[{"damage":8,"enemies":"2 Louse","floor":1,"turns":3},{"damage":10,"enemies":"Small Slimes","floor":2,"turns":3},{"damage":15,"enemies":"Cultist","floor":4,"turns":5},{"damage":18,"enemies":"Exordium Thugs","floor":7,"turns":5},{"damage":32,"enemies":"Gremlin Nob","floor":10,"turns":4},{"damage":16,"enemies":"Looter","floor":11,"turns":3},{"damage":14,"enemies":"2 Fungi Beasts","floor":13,"turns":3},{"damage":0,"enemies":"Large Slime","floor":14,"turns":3},{"damage":43,"enemies":"Fading Forest","floor":16,"turns":10}],"seed_played":"3346658326293308674","potions_obtained":[{"floor":2,"key":"Energy Potion"},{"floor":4,"key":"Strength Potion"},{"floor":10,"key":"champ:CounterPotion"}],"is_trial":false,"path_per_floor":["M","M","?","M","?","R","M","$","T","E","M","R","M","M","R","B"],"character_chosen":"IRONCLAD","items_purchased":["infinitespire:OneForAll","Perfected Strike","Impervious"],"campfire_rested":1,"item_purchase_floors":[8,8,8],"current_hp_per_floor":[70,66,66,57,57,57,45,45,45,19,9,33,25,31,31,0,0],"gold":125,"neow_bonus":"THREE_CARDS","is_daily":false,"chose_seed":false,"campfire_upgraded":2,"win_rate":0.0,"timestamp":1607931672,"path_taken":["M","M","?","M","?","R","M","$","T","E","M","R","?","M","R","BOSS"],"items_purchased_type":["Card","Card","Card"],"build_version":"2020-12-13","purchased_purges":1,"victory":false,"max_hp_per_floor":[80,80,80,80,80,80,80,80,80,80,80,80,80,80,80,80,80],"card_choices":[{"not_picked":["Clothesline","Headbutt"],"picked":"Run Through","floor":0},{"not_picked":["Thunderclap","Blood for Blood"],"picked":"ReplayTheSpireMod:LeadingStrike","floor":1},{"not_picked":["Armaments","Feel No Pain","Run Through"],"picked":"SKIP","floor":2},{"not_picked":["Feel No Pain","Dark Embrace"],"picked":"Perfected Strike","floor":4},{"not_picked":["Barricade","Iron Wave"],"picked":"Perfected Strike","floor":7},{"not_picked":["Reckless Charge","ReplayTheSpireMod:Strike From Hell"],"picked":"Shockwave","floor":10},{"not_picked":["Flex","Blood for Blood","Searing Blow"],"picked":"SKIP","floor":11},{"not_picked":["Uppercut","Clash"],"picked":"hubris:SharpeningStone","floor":13},{"not_picked":["ReplayTheSpireMod:Stacked","ReplayTheSpireMod:LeadingStrike"],"picked":"Perfected Strike","floor":14}],"player_experience":1073673,"relics_obtained":[{"floor":9,"key":"Gremlin Food"},{"floor":10,"key":"Art of War"}],"event_choices":[{"damage_healed":0,"gold_gain":175,"player_choice":"AGREE","damage_taken":138,"max_hp_gain":0,"max_hp_loss":0,"event_name":"betterThird:BetterSerpent","floor":3,"gold_loss":0},{"cards_removed":["Doubt"],"damage_healed":0,"gold_gain":0,"player_choice":"Card Removal","damage_taken":0,"max_hp_gain":0,"max_hp_loss":0,"event_name":"Wheel of Change","floor":5,"gold_loss":0}],"is_beta":false,"boss_relics":[],"items_purged_floors":[8],"is_endless":false,"potions_floor_spawned":[2,4,10],"killed_by":"Fading Forest","ascension_level":13}}