{"host":"jm9833yuloeli2yd","time":1607905899,"event":{"mods":["AchievementEnabler","BaseMod","Better Altar","Better Match","Better Note","Better Sensory Stone","Better Skull","Better Vampires","Colored Map","Colored Powertips","DeckTracker","Minty Spire (QoL Compilation)","Permanent Neow","Quick Restart","Replay The Spire","StSLib","SuperFastMode"],"gold_per_floor":[112,58,38,58,76,109,109,134,159,159,159],"floor_reached":10,"playtime":255,"items_purged":[],"score":152,"play_id":"d29d6989-77f4-44aa-8d90-4a96b1883f5d","local_time":"20201213193139","is_ascension_mode":true,"campfire_choices":[{"floor":7,"key":"REST"}],"circlet_count":0,"master_deck":["AscendersBane","Strike_G","Strike_G","Strike_G","Strike_G","Strike_G","Defend_G","Defend_G","Defend_G","Defend_G","Defend_G","Survivor","Neutralize","Footwork","Dagger Throw","Dash","ReplayTheSpireMod:Speed Training","Replay:Poison Smokescreen","PiercingWail"],"relics":["Ring of the Snake","NeowsBlessing","Snake Skull","Strawberry","Omamori"],"acts_visited":["Exordium"],"potions_floor_usage":[10,10],"damage_taken":[{"damage":0,"enemies":"Jaw Worm","floor":1,"turns":1},{"damage":0,"enemies":"Cultist","floor":4,"turns":1},{"damage":0,"enemies":"Small Slimes","floor":5,"turns":1},{"damage":39,"enemies":"Gremlin Nob","floor":6,"turns":6},{"damage":37,"enemies":"3 Sentries","floor":8,"turns":12},{"damage":18,"enemies":"Gremlin Nob","floor":10,"turns":3}],"seed_played":"2726377755071326914","potions_obtained":[{"floor":1,"key":"Weak Potion"},{"floor":3,"key":"Dexterity Potion"},{"floor":8,"key":"Strength Potion"}],"is_trial":false,"path_per_floor":["M","$","?","M","M","E","R","E","T","E"],"character_chosen":"THE_SILENT","items_purchased":["Dagger Throw"],"campfire_rested":1,"item_purchase_floors":[2],"current_hp_per_floor":[59,59,59,59,59,20,39,9,9,0,0],"gold":159,"neow_bonus":"THREE_ENEMY_KILL","is_daily":false,"chose_seed":false,"campfire_upgraded":0,"win_rate":0.0,"timestamp":1607905899,"path_taken":["M","$","?","?","M","E","R","E","T","E"],"items_purchased_type":["Card"],"build_version":"2020-12-13","purchased_purges":0,"victory":false,"max_hp_per_floor":[66,66,66,66,66,66,66,73,73,73,73],"card_choices":[{"not_picked":["Crippling Poison","Quick Slash"],"picked":"Footwork","floor":1},{"not_picked":["Bane","Dagger Throw"],"picked":"Dash","floor":4},{"not_picked":["Deadly Poison","Hidden Blade"],"picked":"ReplayTheSpireMod:Speed Training","floor":5},{"not_picked":["Dodge and Roll","Outmaneuver"],"picked":"Replay:Poison Smokescreen","floor":6},{"not_picked":["Setup","Flechettes"],"picked":"PiercingWail","floor":8}],"player_experience":1053934,"relics_obtained":[{"floor":6,"key":"Snake Skull"},{"floor":8,"key":"Strawberry"},{"floor":9,"key":"Omamori"}],"event_choices":[{"damage_healed":0,"gold_gain":0,"player_choice":"Bought 1 Potion","damage_taken":0,"max_hp_gain":0,"max_hp_loss":0,"event_name":"The Woman in Blue","floor":3,"gold_loss":0}],"is_beta":false,"boss_relics":[],"items_purged_floors":[],"is_endless":false,"potions_floor_spawned":[1,6,8],"killed_by":"Gremlin Nob","ascension_level":20}}