{"host":"e2ju6k0wppswbhbd","time":1607989239,"event":{"mods":["BaseMod","Minty Spire (QoL Compilation)","Rare Cards Sparkle","StSLib"],"gold_per_floor":[112,126,143,160,171,204,217,217,244,267,293,303,316,327,327,428,428,444,13,13,33,48,48,48,48,48,66,95,109,109,125,125,225,225,239,257,70,83,133,133,158,174,174,0,16,16,16,34,34,34,34],"floor_reached":50,"playtime":7046,"items_purged":["Defend_G"],"score":562,"play_id":"7db6e098-9c92-4618-9dea-8a048dc35f4f","local_time":"20201215004039","is_ascension_mode":false,"campfire_choices":[{"floor":15.0,"key":"RECALL"},{"data":"After Image","floor":23.0,"key":"SMITH"},{"data":"Survivor","floor":25.0,"key":"SMITH"},{"data":"Leg Sweep","floor":32.0,"key":"SMITH"},{"floor":40.0,"key":"REST"},{"floor":49.0,"key":"REST"}],"circlet_count":0,"master_deck":["Strike_G","Strike_G","Defend_G","Defend_G","Defend_G","Survivor+1","Neutralize+1","Noxious Fumes","Flying Knee","Leg Sweep+1","Tactician","Deadly Poison","Caltrops","Poisoned Stab","Dagger Spray","Underhanded Strike","PiercingWail","Acrobatics","After Image+1","Slice","All Out Attack","Prepared","Heel Hook","Bouncing Flask+1","Dodge and Roll+1","RitualDagger","Escape Plan+1","Envenom","Burst+1","Deadly Poison+1","Corpse Explosion+1","Deflect+1","Backflip+1","Flash of Steel","Bane+1","Tools of the Trade","Quick Slash+1","Dagger Throw","Bullet Time","Catalyst+1"],"relics":["Ring of the Snake","Bronze Scales","Singing Bowl","SacredBark","Vajra","Nloth\u0027s Gift","Enchiridion","Bag of Preparation","Oddly Smooth Stone","Astrolabe","Shovel","Anchor","Darkstone Periapt","Red Mask","Molten Egg 2"],"acts_visited":["Exordium","TheCity","TheBeyond"],"potions_floor_usage":[50],"damage_taken":[{"damage":0.0,"enemies":"Cultist","floor":1.0,"turns":4.0},{"damage":0.0,"enemies":"2 Louse","floor":2.0,"turns":4.0},{"damage":0.0,"enemies":"Jaw Worm","floor":3.0,"turns":4.0},{"damage":0.0,"enemies":"3 Louse","floor":4.0,"turns":5.0},{"damage":0.0,"enemies":"Red Slaver","floor":5.0,"turns":5.0},{"damage":4.0,"enemies":"Lagavulin","floor":6.0,"turns":7.0},{"damage":7.0,"enemies":"Looter","floor":7.0,"turns":4.0},{"damage":13.0,"enemies":"3 Sentries","floor":11.0,"turns":7.0},{"damage":3.0,"enemies":"3 Louse","floor":12.0,"turns":3.0},{"damage":2.0,"enemies":"Large Slime","floor":13.0,"turns":5.0},{"damage":0.0,"enemies":"Looter","floor":14.0,"turns":2.0},{"damage":2.0,"enemies":"The Guardian","floor":16.0,"turns":9.0},{"damage":2.0,"enemies":"3 Byrds","floor":18.0,"turns":3.0},{"damage":0.0,"enemies":"Chosen","floor":21.0,"turns":4.0},{"damage":14.0,"enemies":"Centurion and Healer","floor":22.0,"turns":4.0},{"damage":2.0,"enemies":"Snake Plant","floor":27.0,"turns":4.0},{"damage":6.0,"enemies":"Book of Stabbing","floor":28.0,"turns":5.0},{"damage":0.0,"enemies":"Sentry and Sphere","floor":29.0,"turns":6.0},{"damage":5.0,"enemies":"Shelled Parasite and Fungi","floor":31.0,"turns":6.0},{"damage":51.0,"enemies":"Champ","floor":33.0,"turns":11.0},{"damage":8.0,"enemies":"3 Darklings","floor":35.0,"turns":4.0},{"damage":2.0,"enemies":"Orb Walker","floor":36.0,"turns":5.0},{"damage":7.0,"enemies":"Maw","floor":38.0,"turns":7.0},{"damage":36.0,"enemies":"2 Orb Walkers","floor":39.0,"turns":6.0},{"damage":27.0,"enemies":"Nemesis","floor":41.0,"turns":9.0},{"damage":8.0,"enemies":"Transient","floor":42.0,"turns":5.0},{"damage":19.0,"enemies":"Jaw Worm Horde","floor":45.0,"turns":3.0},{"damage":2.0,"enemies":"3 Darklings","floor":48.0,"turns":5.0},{"damage":44,"enemies":"Awakened One","floor":50,"turns":8}],"seed_played":"-4594179565922705724","potions_obtained":[{"floor":3.0,"key":"PowerPotion"},{"floor":4.0,"key":"Weak Potion"},{"floor":5.0,"key":"CunningPotion"},{"floor":6.0,"key":"Energy Potion"},{"floor":13.0,"key":"Block Potion"},{"floor":21.0,"key":"Explosive Potion"},{"floor":27.0,"key":"Explosive Potion"},{"floor":28.0,"key":"ColorlessPotion"},{"floor":33.0,"key":"LiquidBronze"},{"floor":39.0,"key":"Weak Potion"},{"floor":41.0,"key":"SkillPotion"},{"floor":48.0,"key":"Swift Potion"}],"is_trial":false,"path_per_floor":["M","M","M","M","M","E","M","?","T","T","E","M","M","M","R","B",null,"M","$","?","M","M","R","?","R","T","M","E","M","?","M","R","B",null,"M","M","$","M","?","R","E","M","T","?","M","?","T","M","R","B"],"character_chosen":"THE_SILENT","items_purchased":["Vajra","Regen Potion","Fruit Juice","Slice","Fruit Juice","Flash of Steel"],"campfire_rested":2,"item_purchase_floors":[19,19,19,19,37,37],"current_hp_per_floor":[70,70,70,70,70,66,59,59,59,59,46,43,41,41,41,39,70,68,68,68,78,64,64,48,48,48,46,80,80,74,69,69,18,80,72,70,70,73,37,64,37,29,29,29,10,10,10,8,35,0,0],"gold":34,"neow_bonus":"UPGRADE_CARD","is_daily":false,"chose_seed":false,"campfire_upgraded":3,"win_rate":0.0,"timestamp":1607989239,"path_taken":["M","M","M","M","?","E","M","?","T","?","E","M","M","M","R","BOSS","M","$","?","M","?","R","?","R","T","M","E","M","?","M","R","BOSS","M","M","$","M","?","R","E","M","T","?","M","?","?","M","R","BOSS"],"items_purchased_type":["Relic","Potion","Potion","Card","Potion","Card"],"build_version":"2020-12-13","purchased_purges":1,"victory":false,"max_hp_per_floor":[70,70,70,70,70,70,70,70,70,70,70,70,70,70,70,70,70,70,70,70,80,80,80,80,80,80,80,80,80,80,80,80,80,80,80,80,80,90,90,90,90,90,90,90,90,90,90,90,90,90,90],"card_choices":[{"not_picked":["Poisoned Stab","Flying Knee"],"picked":"Noxious Fumes","floor":1.0},{"not_picked":["Acrobatics","Riddle With Holes"],"picked":"Flying Knee","floor":2.0},{"not_picked":["Choke","Underhanded Strike"],"picked":"Leg Sweep","floor":3.0},{"not_picked":["Heel Hook","Deadly Poison"],"picked":"Tactician","floor":4.0},{"not_picked":["Endless Agony","Glass Knife"],"picked":"Deadly Poison","floor":5.0},{"not_picked":["Sucker Punch","Infinite Blades"],"picked":"Caltrops","floor":6.0},{"not_picked":["Tactician","Skewer"],"picked":"Poisoned Stab","floor":7.0},{"not_picked":["Dodge and Roll","Poisoned Stab"],"picked":"Dagger Spray","floor":11.0},{"not_picked":["Backflip","Tactician"],"picked":"Underhanded Strike","floor":12.0},{"not_picked":["Endless Agony","Deadly Poison"],"picked":"PiercingWail","floor":13.0},{"not_picked":["Poisoned Stab","Dagger Spray"],"picked":"Acrobatics","floor":14.0},{"not_picked":["Phantasmal Killer","Corpse Explosion"],"picked":"After Image","floor":16.0},{"not_picked":["Deflect","Flying Knee"],"picked":"Deadly Poison","floor":18.0},{"not_picked":["Dodge and Roll","Deadly Poison"],"picked":"All Out Attack","floor":21.0},{"not_picked":["Accuracy","PiercingWail"],"picked":"Prepared","floor":22.0},{"not_picked":["Setup","Choke"],"picked":"Heel Hook","floor":27.0},{"not_picked":["Bullet Time","PiercingWail"],"picked":"Bouncing Flask+1","floor":28.0},{"not_picked":["Sucker Punch","Slice+1"],"picked":"Dodge and Roll+1","floor":29.0},{"not_picked":["Outmaneuver","Prepared"],"picked":"Escape Plan+1","floor":31.0},{"not_picked":["Grand Finale","Night Terror"],"picked":"Envenom","floor":33.0},{"not_picked":["Expertise+1","Slice"],"picked":"Deflect+1","floor":35.0},{"not_picked":["Bouncing Flask","Bane"],"picked":"Backflip+1","floor":36.0},{"not_picked":["Masterful Stab+1","Underhanded Strike+1"],"picked":"Bane+1","floor":38.0},{"not_picked":["Dagger Spray+1","Blade Dance+1"],"picked":"Tools of the Trade","floor":39.0},{"not_picked":["Corpse Explosion","Blade Dance"],"picked":"Quick Slash+1","floor":41.0},{"not_picked":["Sucker Punch","Slice"],"picked":"Dagger Throw","floor":42.0},{"not_picked":["Catalyst+1","Choke"],"picked":"Bullet Time","floor":45.0},{"not_picked":["Acrobatics","Masterful Stab+1"],"picked":"Catalyst+1","floor":48.0}],"player_experience":2519689,"relics_obtained":[{"floor":6.0,"key":"Nunchaku"},{"floor":9.0,"key":"Bronze Scales"},{"floor":11.0,"key":"Singing Bowl"},{"floor":24.0,"key":"Enchiridion"},{"floor":26.0,"key":"Bag of Preparation"},{"floor":28.0,"key":"Oddly Smooth Stone"},{"floor":39.0,"key":"Shovel"},{"floor":41.0,"key":"Anchor"},{"floor":43.0,"key":"Darkstone Periapt"},{"floor":47.0,"key":"Molten Egg 2"}],"event_choices":[{"cards_removed":["Strike_G"],"damage_healed":0.0,"max_hp_gain":0.0,"max_hp_loss":0.0,"gold_gain":0.0,"event_name":"Living Wall","player_choice":"Forget","floor":8.0,"gold_loss":0.0,"damage_taken":0.0},{"damage_healed":0.0,"max_hp_gain":0.0,"max_hp_loss":0.0,"gold_gain":0.0,"event_name":"N\u0027loth","player_choice":"Traded Relic","floor":20.0,"relics_lost":["Nunchaku"],"gold_loss":0.0,"damage_taken":0.0,"relics_obtained":["Nloth\u0027s Gift"]},{"damage_healed":0.0,"max_hp_gain":0.0,"max_hp_loss":0.0,"gold_gain":0.0,"event_name":"Cursed Tome","player_choice":"Obtained Book","floor":24.0,"gold_loss":0.0,"damage_taken":16.0},{"damage_healed":0.0,"max_hp_gain":0.0,"max_hp_loss":0.0,"gold_gain":0.0,"event_name":"Nest","player_choice":"Joined the Cult","floor":30.0,"gold_loss":0.0,"damage_taken":6.0,"cards_obtained":["RitualDagger"]},{"damage_healed":0.0,"max_hp_gain":0.0,"max_hp_loss":0.0,"gold_gain":0.0,"event_name":"Mysterious Sphere","player_choice":"Fight","floor":39.0,"gold_loss":0.0,"damage_taken":0.0},{"damage_healed":0.0,"max_hp_gain":0.0,"max_hp_loss":0.0,"gold_gain":0.0,"event_name":"Tomb of Lord Red Mask","player_choice":"Paid","floor":44.0,"gold_loss":174.0,"damage_taken":0.0,"relics_obtained":["Red Mask"]},{"cards_removed":["Deadly Poison"],"damage_healed":0.0,"max_hp_gain":0.0,"max_hp_loss":0.0,"gold_gain":0.0,"event_name":"Falling","player_choice":"Removed Skill","floor":46.0,"gold_loss":0.0,"damage_taken":0.0}],"is_beta":false,"boss_relics":[{"not_picked":["Sozu","Pandora\u0027s Box"],"picked":"SacredBark"},{"not_picked":["Busted Crown","Coffee Dripper"],"picked":"Astrolabe"}],"items_purged_floors":[19],"is_endless":false,"potions_floor_spawned":[3,4,5,6,7,13,21,27,28,33,39,41,48],"killed_by":"Awakened One","ascension_level":0}}