{"host":"a4s27ghlnr83kbqz","time":1607944792,"event":{"mods":["AchievementEnabler","BaseMod","Colored Map","Minty Spire (QoL Compilation)","Permanent Neow","SuperFastMode"],"gold_per_floor":[116,135,210,222,242,242,262,262,262],"floor_reached":8,"playtime":166,"items_purged":[],"score":100,"play_id":"dcfdb626-1214-45cc-babc-ff2399ecae6f","local_time":"20201214201952","is_ascension_mode":true,"campfire_choices":[{"data":"Pummel","floor":6,"key":"SMITH"}],"circlet_count":0,"master_deck":["AscendersBane","Strike_R","Strike_R","Strike_R","Strike_R","Strike_R","Defend_R","Defend_R","Defend_R","Defend_R","Bash","Pummel+1","Inflame","Cleave","Ghostly Armor","Shrug It Off"],"relics":["Burning Blood","Ginger"],"acts_visited":["Exordium"],"potions_floor_usage":[7,8,8,8],"damage_taken":[{"damage":16,"enemies":"Jaw Worm","floor":1,"turns":5},{"damage":8,"enemies":"2 Louse","floor":2,"turns":3},{"damage":1,"enemies":"Cultist","floor":4,"turns":3},{"damage":11,"enemies":"Blue Slaver","floor":5,"turns":3},{"damage":8,"enemies":"3 Louse","floor":7,"turns":4},{"damage":57,"enemies":"Gremlin Nob","floor":8,"turns":5}],"seed_played":"-4466872130029842222","potions_obtained":[{"floor":4,"key":"EssenceOfSteel"},{"floor":5,"key":"BloodPotion"},{"floor":7,"key":"EntropicBrew"}],"is_trial":false,"path_per_floor":["M","M","?","M","M","R","M","E"],"character_chosen":"IRONCLAD","items_purchased":[],"campfire_rested":0,"item_purchase_floors":[],"current_hp_per_floor":[40,38,27,32,27,27,40,0,0],"gold":262,"neow_bonus":"ONE_RARE_RELIC","is_daily":false,"chose_seed":false,"campfire_upgraded":1,"win_rate":0.0,"timestamp":1607944792,"path_taken":["M","M","?","M","M","R","M","E"],"items_purchased_type":[],"build_version":"2020-12-13","purchased_purges":0,"victory":false,"max_hp_per_floor":[75,75,75,75,75,75,75,75,75],"card_choices":[{"not_picked":["Flex","Clash"],"picked":"Pummel","floor":1},{"not_picked":["Pommel Strike","Anger"],"picked":"Inflame","floor":2},{"not_picked":["Heavy Blade","Iron Wave"],"picked":"Cleave","floor":4},{"not_picked":["Body Slam","Pommel Strike"],"picked":"Ghostly Armor","floor":5},{"not_picked":["Sword Boomerang","Berserk"],"picked":"Shrug It Off","floor":7}],"player_experience":1030877,"relics_obtained":[],"event_choices":[{"damage_healed":0,"gold_gain":75,"player_choice":"Gather Gold","damage_taken":11,"max_hp_gain":0,"max_hp_loss":0,"event_name":"World of Goop","floor":3,"gold_loss":0}],"is_beta":false,"boss_relics":[],"items_purged_floors":[],"is_endless":false,"potions_floor_spawned":[4,5,7],"killed_by":"Gremlin Nob","ascension_level":20}}