{"host":"bq4pt811tk9yrmjl","time":1607983987,"event":{"mods":["AchievementEnabler","BaseMod","Colored Map","Colored Powertips","Defuse TimeMaze Blight","Minty Spire (QoL Compilation)","StSLib","SuperFastMode","UnlockEverythingMod"],"gold_per_floor":[109,109,28,28,28,57,77,112,112,112,112,144,156,180,192,305,317,342,379,102,102,116,116,148,148,172,172,572,572,572,583,583,688,688,702,720,276,291,291,291,291,316,395,395,413,450,197,209,209,209,209,209,8,42,42,42],"floor_reached":55,"playtime":1101,"items_purged":[],"score":892,"play_id":"d63c92fd-e23a-4cae-a4a5-67e907e6a00e","local_time":"20201214201307","is_ascension_mode":true,"campfire_choices":[{"data":"Sunder","floor":10.0,"key":"SMITH"},{"data":"Zap","floor":15.0,"key":"SMITH"},{"floor":23.0,"key":"REST"},{"data":"Loop","floor":30.0,"key":"SMITH"},{"data":"Echo Form","floor":32.0,"key":"SMITH"},{"floor":40,"key":"RECALL"},{"data":"BootSequence","floor":49,"key":"SMITH"},{"data":"Melter","floor":52,"key":"SMITH"}],"circlet_count":0,"master_deck":["Defend_B","Defend_B","Defend_B","Defend_B","Zap+1","Dualcast","Loop+1","Sunder+1","Melter+1","Echo Form+1","Necronomicurse","Go for the Eyes+1","BootSequence+1","Electrodynamics+1","Compile Driver+1","Auto Shields+1","Hyperbeam+1","Steam+1","Ball Lightning+1","Swift Strike","Leap+1","White Noise+1"],"relics":["Cracked Core","NeowsBlessing","Gambling Chip","PreservedInsect","Pocketwatch","Matryoshka","MawBank","SlaversCollar","Ornamental Fan","DataDisk","MealTicket","Necronomicon","Pen Nib","Frozen Egg 2","Vajra","MutagenicStrength","Old Coin","Eternal Feather","Nloth\u0027s Gift","Astrolabe","Medical Kit","TungstenRod","Centennial Puzzle","Shuriken","Cables","Oddly Smooth Stone","Lantern"],"acts_visited":["Exordium","TheCity","TheBeyond","TheEnding"],"potions_floor_usage":[46,50,50,55],"damage_taken":[{"damage":0.0,"enemies":"Jaw Worm","floor":1.0,"turns":1.0},{"damage":0.0,"enemies":"Gremlin Nob","floor":6.0,"turns":1.0},{"damage":0.0,"enemies":"Cultist","floor":7.0,"turns":1.0},{"damage":0.0,"enemies":"3 Sentries","floor":8.0,"turns":4.0},{"damage":0.0,"enemies":"Gremlin Nob","floor":12.0,"turns":2.0},{"damage":0.0,"enemies":"2 Louse","floor":14.0,"turns":1.0},{"damage":53.0,"enemies":"Hexaghost","floor":16.0,"turns":7.0},{"damage":10.0,"enemies":"Chosen","floor":18.0,"turns":3.0},{"damage":4.0,"enemies":"3 Byrds","floor":22.0,"turns":4.0},{"damage":7.0,"enemies":"Book of Stabbing","floor":24.0,"turns":2.0},{"damage":6.0,"enemies":"Colosseum Slavers","floor":28.0,"turns":3.0},{"damage":0.0,"enemies":"Colosseum Nobs","floor":28.0,"turns":3.0},{"damage":5.0,"enemies":"Snake Plant","floor":31.0,"turns":2.0},{"damage":37.0,"enemies":"Automaton","floor":33.0,"turns":7.0},{"damage":0,"enemies":"Orb Walker","floor":35,"turns":2},{"damage":0,"enemies":"3 Shapes","floor":36,"turns":1},{"damage":0,"enemies":"Maw","floor":38,"turns":6},{"damage":8,"enemies":"Giant Head","floor":42,"turns":6},{"damage":0,"enemies":"Sphere and 2 Shapes","floor":45,"turns":2},{"damage":8,"enemies":"Writhing Mass","floor":46,"turns":6},{"damage":13,"enemies":"Maw","floor":48,"turns":6},{"damage":51,"enemies":"Time Eater","floor":50,"turns":9},{"damage":3,"enemies":"Shield and Spear","floor":54,"turns":3},{"damage":106,"enemies":"The Heart","floor":55,"turns":8}],"seed_played":"-7578619246413712950","potions_obtained":[{"floor":1.0,"key":"Dexterity Potion"},{"floor":6.0,"key":"ColorlessPotion"},{"floor":7.0,"key":"Strength Potion"},{"floor":14.0,"key":"AttackPotion"},{"floor":18.0,"key":"SteroidPotion"},{"floor":22.0,"key":"Swift Potion"},{"floor":28.0,"key":"Weak Potion"},{"floor":36,"key":"EssenceOfSteel"},{"floor":38,"key":"ColorlessPotion"},{"floor":45,"key":"Regen Potion"},{"floor":46,"key":"DistilledChaos"}],"is_trial":false,"path_per_floor":["M","?","$","?","T","E","M","E","T","R","$","E","?","M","R","B",null,"M","T","$","?","M","R","E","$","T","?","?","?","R","M","R","B",null,"M","M","$","M","?","R","?","E","T","?","M","M","$","M","R","B",null,"R","$","E","B"],"character_chosen":"DEFECT","items_purchased":["Loop","DataDisk","MealTicket","Medical Kit","TungstenRod","Cables","Oddly Smooth Stone","Explosive Potion"],"campfire_rested":1,"item_purchase_floors":[3,20,20,37,37,47,53,53],"current_hp_per_floor":[75,75,75,72,72,72,72,72,72,72,72,72,72,72,72,19,75,65,72,72,56,52,76,69,82,82,82,76,76,82,77,82,45,82,82,82,82,82,82,82,82,74,74,74,74,66,81,68,80,44,82,82,82,79,0,0],"gold":42,"neow_bonus":"THREE_ENEMY_KILL","is_daily":false,"chose_seed":false,"campfire_upgraded":6,"win_rate":0.0,"timestamp":1607983987,"path_taken":["M","?","?","?","?","E","M","E","T","R","$","E","?","M","R","BOSS","M","?","$","?","M","R","E","$","T","?","?","?","R","?","R","BOSS","M","M","$","M","?","R","?","E","T","?","?","M","?","M","R","BOSS","R","$","E","BOSS"],"items_purchased_type":["Card","Relic","Relic","Relic","Relic","Relic","Relic","Potion"],"build_version":"2020-12-13","purchased_purges":0,"victory":false,"max_hp_per_floor":[75,75,75,75,75,75,75,75,75,75,75,75,75,75,75,75,75,75,82,82,82,82,82,82,82,82,82,82,82,82,82,82,82,82,82,82,82,82,82,82,82,82,82,82,82,82,82,82,82,82,82,82,82,82,82,82],"card_choices":[{"not_picked":["Hello World","Cold Snap","Reprogram"],"picked":"SKIP","floor":1.0},{"not_picked":["Hello World","Rebound","Double Energy"],"picked":"SKIP","floor":6.0},{"not_picked":["Go for the Eyes","Conserve Battery"],"picked":"Sunder","floor":7.0},{"not_picked":["Gash","Doom and Gloom","Hologram"],"picked":"SKIP","floor":8.0},{"not_picked":["Undo","Chaos"],"picked":"Melter","floor":12.0},{"not_picked":["Scrape","Rainbow","Steam Power"],"picked":"SKIP","floor":14.0},{"not_picked":["Core Surge","Reboot"],"picked":"Echo Form","floor":16.0},{"not_picked":["Doom and Gloom","Sweeping Beam","Force Field"],"picked":"SKIP","floor":18.0},{"not_picked":["Sweeping Beam","Scrape+1"],"picked":"Go for the Eyes","floor":22.0},{"not_picked":["Fusion","Streamline"],"picked":"BootSequence","floor":24.0},{"not_picked":["Recycle+1","Darkness","Sweeping Beam"],"picked":"SKIP","floor":31.0},{"not_picked":["Reboot","Core Surge"],"picked":"Electrodynamics+1","floor":33.0},{"not_picked":["Compile Driver","Fusion"],"picked":"Steam+1","floor":35},{"not_picked":["Double Energy+1","Steam+1","Cold Snap+1"],"picked":"SKIP","floor":36},{"not_picked":["White Noise+1","Self Repair+1"],"picked":"Ball Lightning+1","floor":38},{"not_picked":["Mind Blast","Master of Strategy"],"picked":"Swift Strike","floor":41},{"not_picked":["Loop+1","Turbo","Doom and Gloom"],"picked":"SKIP","floor":42},{"not_picked":["Sunder","Coolheaded+1","Blizzard"],"picked":"SKIP","floor":45},{"not_picked":["Sunder","Coolheaded+1","Blizzard"],"picked":"SKIP","floor":45},{"not_picked":["Tempest","Coolheaded","Leap"],"picked":"SKIP","floor":46},{"not_picked":["Chill","Multi-Cast"],"picked":"Leap+1","floor":48},{"not_picked":["FTL+1","Echo Form+1"],"picked":"White Noise+1","floor":54}],"player_experience":56683,"relics_obtained":[{"floor":6.0,"key":"PreservedInsect"},{"floor":8.0,"key":"Pocketwatch"},{"floor":9.0,"key":"Matryoshka"},{"floor":12.0,"key":"MawBank"},{"floor":19.0,"key":"Ornamental Fan"},{"floor":19.0,"key":"Strawberry"},{"floor":21.0,"key":"Necronomicon"},{"floor":24.0,"key":"Pen Nib"},{"floor":26.0,"key":"Frozen Egg 2"},{"floor":26.0,"key":"Vajra"},{"floor":28.0,"key":"Old Coin"},{"floor":28.0,"key":"Eternal Feather"},{"floor":42,"key":"Centennial Puzzle"},{"floor":43,"key":"Shuriken"},{"floor":54,"key":"Lantern"}],"event_choices":[{"cards_removed":["Strike_B"],"damage_healed":0.0,"max_hp_gain":0.0,"max_hp_loss":0.0,"gold_gain":0.0,"event_name":"Bonfire Elementals","player_choice":"Offered Basic","floor":2.0,"gold_loss":0.0,"damage_taken":0.0},{"damage_healed":0.0,"max_hp_gain":0.0,"max_hp_loss":0.0,"gold_gain":0.0,"event_name":"Scrap Ooze","player_choice":"Success","floor":4.0,"gold_loss":0.0,"damage_taken":3.0,"relics_obtained":["Gambling Chip"]},{"damage_healed":0.0,"max_hp_gain":0.0,"max_hp_loss":0.0,"gold_gain":0.0,"event_name":"Match and Keep!","player_choice":"0 cards matched","floor":13.0,"gold_loss":0.0,"damage_taken":0.0,"cards_obtained":[]},{"damage_healed":0.0,"max_hp_gain":0.0,"max_hp_loss":0.0,"gold_gain":0.0,"event_name":"Cursed Tome","player_choice":"Obtained Book","floor":21.0,"gold_loss":0.0,"damage_taken":16.0},{"damage_healed":0.0,"max_hp_gain":0.0,"max_hp_loss":0.0,"gold_gain":0.0,"event_name":"Drug Dealer","player_choice":"Inject Mutagens","floor":27.0,"gold_loss":0.0,"damage_taken":0.0,"relics_obtained":["MutagenicStrength"]},{"damage_healed":0.0,"max_hp_gain":0.0,"max_hp_loss":0.0,"gold_gain":0.0,"event_name":"Colosseum","player_choice":"Fight","floor":28.0,"gold_loss":0.0,"damage_taken":0.0},{"damage_healed":0.0,"max_hp_gain":0.0,"max_hp_loss":0.0,"gold_gain":0.0,"event_name":"Colosseum","player_choice":"Fought Nobs","floor":28.0,"gold_loss":0.0,"damage_taken":0.0},{"damage_healed":0.0,"max_hp_gain":0.0,"max_hp_loss":0.0,"gold_gain":0.0,"event_name":"N\u0027loth","player_choice":"Traded Relic","floor":29.0,"relics_lost":["Strawberry"],"gold_loss":0.0,"damage_taken":0.0,"relics_obtained":["Nloth\u0027s Gift"]},{"damage_healed":0,"gold_gain":0,"player_choice":"Ignored","damage_taken":0,"max_hp_gain":0,"max_hp_loss":0,"event_name":"Tomb of Lord Red Mask","floor":39,"gold_loss":0},{"damage_healed":0,"gold_gain":0,"player_choice":"Memory 1","damage_taken":0,"max_hp_gain":0,"max_hp_loss":0,"event_name":"SensoryStone","floor":41,"gold_loss":0},{"damage_healed":0,"gold_gain":0,"player_choice":"Forge","damage_taken":0,"max_hp_gain":0,"max_hp_loss":0,"event_name":"Accursed Blacksmith","floor":44,"gold_loss":0,"cards_upgraded":["Go for the Eyes"]}],"is_beta":false,"boss_relics":[{"not_picked":["Cursed Key","Coffee Dripper"],"picked":"SlaversCollar"},{"not_picked":["Nuclear Battery","Runic Pyramid"],"picked":"Astrolabe"}],"items_purged_floors":[],"is_endless":false,"potions_floor_spawned":[1,6,7,14,18,22,28,28,36,38,45,46],"killed_by":"The Heart","ascension_level":1}}