{"host":"tx8t6uckd1u9z97d","time":1607966718,"event":{"mods":["Act Like it!","BaseMod","Better Note","BetterRewards","CapriCore","Colored Powertips","Gensokyo","Hermit","Hero for Fun","Hubris","Koishi","Luminous","Marisa（霧雨　魔理沙）","Minty Spire (QoL Compilation)","Prisma Mod","Quick Restart","Replay The Spire","StSLib","The Gatherer","The Servant 0.9.4","Waifu the Spire","【?方二次?作】八云紫mod"],"gold_per_floor":[118,131,150,166,166,166,199,216,216,92,92,92,92,108,108,232,232,252,252,84,99,99,99],"floor_reached":22,"playtime":861,"items_purged":["Strike_G","Metamorphosis"],"score":242,"play_id":"862d11ba-8fcf-4578-aa22-0f42388d60d0","local_time":"20201215012518","is_ascension_mode":true,"campfire_choices":[{"data":"Sadistic Nature","floor":6,"key":"SMITH"},{"floor":12,"key":"REST"},{"floor":15,"key":"REST"}],"circlet_count":0,"master_deck":["Defend_G","Defend_G","Defend_G+1","Defend_G+1","Defend_G","Survivor","Neutralize","Finisher","Footwork","Poisoned Stab","Sadistic Nature+1","Replay:Poison Smokescreen","Noxious Fumes","Venomology","Poisoned Stab","Crippling Poison","Deadly Poison+1"],"relics":["Ring of the Snake","War Paint","Shuriken","Replay:PocketPolymizer","Golden Idol","Empty Cage"],"acts_visited":["Exordium","TheCity"],"potions_floor_usage":[4,7,16,16,18,21,21,21,22,22],"damage_taken":[{"damage":8,"enemies":"Jaw Worm","floor":1,"turns":4},{"damage":3,"enemies":"Cultist","floor":2,"turns":4},{"damage":1,"enemies":"Small Slimes","floor":3,"turns":5},{"damage":8,"enemies":"3 Louse","floor":4,"turns":5},{"damage":9,"enemies":"Lagavulin","floor":7,"turns":6},{"damage":0,"enemies":"Blue Slaver","floor":8,"turns":4},{"damage":12,"enemies":"Lots of Slimes","floor":14,"turns":3},{"damage":16,"enemies":"Hexaghost","floor":16,"turns":7},{"damage":35,"enemies":"Chosen","floor":18,"turns":5},{"damage":17,"enemies":"2 Thieves","floor":21,"turns":3},{"damage":8,"enemies":"Cultist and Chosen","floor":22,"turns":4}],"seed_played":"8146467841530211343","potions_obtained":[{"floor":2,"key":"Dexterity Potion"},{"floor":7,"key":"DuplicationPotion"},{"floor":16,"key":"SteroidPotion"},{"floor":19,"key":"PowerPotion"},{"floor":19,"key":"SteroidPotion"},{"floor":21,"key":"Toxic Potion"}],"is_trial":false,"path_per_floor":["M","M","M","M","?","R","E","M","T","$","?","R","?","M","R","B",null,"M","?","$","M","M"],"character_chosen":"THE_SILENT","items_purchased":["War Paint","Metamorphosis","Finisher","Footwork","Poisoned Stab","Sadistic Nature","Replay:Poison Smokescreen","Block Potion","Poison Potion","Crippling Poison"],"campfire_rested":2,"item_purchase_floors":[0,0,0,0,0,0,0,0,10,20],"current_hp_per_floor":[55,52,51,43,43,43,34,34,34,34,17,38,38,26,47,31,60,25,25,25,8,0,0],"gold":99,"neow_bonus":"","is_daily":false,"chose_seed":false,"campfire_upgraded":1,"win_rate":0.0,"timestamp":1607966718,"path_taken":["M","M","M","M","?","R","E","?","T","$","?","R","?","M","R","BOSS","M","?","$","?","M"],"items_purchased_type":["Relic","Card","Card","Card","Card","Card","Card","Potion","Potion","Card"],"build_version":"2020-12-13","purchased_purges":2,"victory":false,"max_hp_per_floor":[70,70,70,70,70,70,70,70,70,70,70,70,70,70,70,70,70,70,70,70,70,70,70],"card_choices":[{"not_picked":["hubris:SlightOfHand","Crippling Poison","Sucker Punch"],"picked":"SKIP","floor":1},{"not_picked":["Dagger Spray","Backflip"],"picked":"Noxious Fumes","floor":2},{"not_picked":["Underhanded Strike","Concentrate","Outmaneuver"],"picked":"SKIP","floor":3},{"not_picked":["Eviscerate","Dodge and Roll","Acrobatics"],"picked":"SKIP","floor":4},{"not_picked":["Accuracy","Blade Dance","Dagger Throw"],"picked":"SKIP","floor":7},{"not_picked":["Acrobatics","Blade Dance","Dagger Throw"],"picked":"SKIP","floor":8},{"not_picked":["Sucker Punch","Unload","Cloak And Dagger"],"picked":"SKIP","floor":14},{"not_picked":["Storm of Steel","Unload"],"picked":"Venomology","floor":16},{"not_picked":["Replay:Poison Smokescreen","Dagger Throw"],"picked":"Poisoned Stab","floor":18},{"not_picked":["Cloak And Dagger","ReplayTheSpireMod:Speed Training"],"picked":"Deadly Poison+1","floor":21}],"player_experience":197133,"relics_obtained":[{"floor":7,"key":"Shuriken"},{"floor":9,"key":"Replay:PocketPolymizer"}],"event_choices":[{"cards_removed":["Strike_G"],"damage_healed":0,"gold_gain":0,"player_choice":"Purged","damage_taken":0,"max_hp_gain":0,"max_hp_loss":0,"event_name":"Purifier","floor":5,"gold_loss":0},{"damage_healed":0,"gold_gain":0,"player_choice":"Take Damage","damage_taken":17,"relics_obtained":["Golden Idol"],"max_hp_gain":0,"max_hp_loss":0,"event_name":"Golden Idol","floor":11,"gold_loss":0},{"cards_removed":["Reflex"],"damage_healed":0,"gold_gain":0,"player_choice":"Forget","damage_taken":0,"max_hp_gain":0,"max_hp_loss":0,"event_name":"Living Wall","floor":13,"gold_loss":0},{"damage_healed":0,"gold_gain":0,"player_choice":"Got Potions","damage_taken":0,"max_hp_gain":0,"max_hp_loss":0,"event_name":"Lab","floor":19,"gold_loss":0}],"is_beta":false,"boss_relics":[{"not_picked":["hubris:CrackedHourglass","Snecko Eye"],"picked":"Empty Cage"}],"items_purged_floors":[10,20],"is_endless":false,"potions_floor_spawned":[2,7,16,21],"killed_by":"Cultist and Chosen","ascension_level":6}}