{"host":"kqqjvufdj6ouyvqb","time":1607931773,"event":{"mods":["Act Like it!","BaseMod","Downfall","HololiveMod","LagranYue(拉格朗・月)","Lobotomy","LobotomyExtend","Minty Spire (QoL Compilation)","Prisma Mod","Quick Restart","Replay The Spire","Shop Mod","StSLib","WarShipGirlsR/战舰少女R mod","[IsaacMod]以撒尖塔"],"gold_per_floor":[66,79,94,19,79,254,254,281,281,307,327,338,25,35,55,150,150,75,75,75,107,122,135,135,163,163,196,206,225,225,240,260,363,363,288,300,330,350,350,385,385,416,430,458,480,480,496,175,190,190,190,222,122,122,122,122],"floor_reached":55,"playtime":3223,"items_purged":["Shame","Parasite"],"score":1680,"play_id":"51b41abc-5b8b-4a03-8805-f652e8dd3c21","local_time":"20201214154253","is_ascension_mode":true,"campfire_choices":[{"floor":1.0,"key":"RECALL"},{"data":"Hololive_OvertimeWork","floor":4.0,"key":"SMITH"},{"data":"Hololive_CandyCastle","floor":18.0,"key":"SMITH"},{"data":"EpicFetus","floor":26.0,"key":"SMITH"},{"data":"Hololive_MaximGun","floor":35.0,"key":"SMITH"},{"floor":54,"key":"REST"}],"circlet_count":0,"master_deck":["Hololive_Strike","Hololive_Strike","Hololive_Strike+1","Hololive_Strike+1","Hololive_Defend","Hololive_Defend","Hololive_Defend","Hololive_Defend","Hololive_Sequa","Hololive_Rebound","EpicFetus+1","Hololive_OvertimeWork+1","Hololive_CocoNews","Hololive_LuckPotion","Hololive_IdolExercise","Hololive_StrengthChampion+1","Hololive_FlyingPonyTail+1","Hololive_CandyCastle+1","Hololive_CandyCastle+1","Hololive_AWSL","Hololive_Rebound+1","Hololive_Breathe+1","Hololive_ASMR","Hololive_Sequa+1","Hololive_MaximGun+1","Hololive_DDD+1","Hololive_AWSL","Hololive_Thief+1","Hololive_ManjiGathering+1","Hololive_HuntDinosaur+1","Hololive_ILoveYou+1","Hololive_Yoholoon","Hololive_Spy+1","Hololive_ILoveYou+1","Hololive_OpenUp","Hololive_CallFriendA+1","Hololive_FlyingPonyTail+1","Hololive_ILoveYou+1","Hololive_CocoNews+1"],"relics":["Hololive_TheStar","Hololive_OneManArmy","HushsDoor","Chaos","LetterFromLob","downfall:HeartBlessingRed","BelialBook","TheAbacus","RottenBaby","Toxic Egg 2","Quantum Egg","Oddly Smooth Stone","downfall:HeartBlessingBlue","Gaze_r","ShedSkin_r","Moonlight_r","LagranYue:RareGoldArmorRelic","Velvet Choker","MomsKnife","downfall:RedIOU","Question Card","downfall:HeartBlessingGreen","Orrery","YumHeart","ReplayTheSpireMod:Shallot","SatanicBible","TheBean","Durian","Onion Ring","ReplayTheSpireMod:Ninjato","Replay:Rubber Ducky"],"acts_visited":["Exordium","TheCity","TheBeyond","TheEnding"],"potions_floor_usage":[52,55,55],"damage_taken":[{"damage":0.0,"enemies":"Jaw Worm","floor":2.0,"turns":2.0},{"damage":0.0,"enemies":"2 Louse","floor":3.0,"turns":2.0},{"damage":0.0,"enemies":"Gremlin Nob","floor":5.0,"turns":2.0},{"damage":0.0,"enemies":"Gremlin Nob","floor":8.0,"turns":3.0},{"damage":0.0,"enemies":"Replay:BlueRogue","floor":10.0,"turns":3.0},{"damage":0.0,"enemies":"Cultist","floor":11.0,"turns":2.0},{"damage":0.0,"enemies":"2 Fungi Beasts","floor":12.0,"turns":2.0},{"damage":0.0,"enemies":"downfall:FleeingMerchant","floor":13.0,"turns":4.0},{"damage":0.0,"enemies":"Blue Slaver","floor":14.0,"turns":2.0},{"damage":0.0,"enemies":"Large Slime","floor":15.0,"turns":2.0},{"damage":0.0,"enemies":"downfall:Watcher","floor":16.0,"turns":4.0},{"damage":0.0,"enemies":"3 Byrds","floor":19.0,"turns":3.0},{"damage":0.0,"enemies":"Slavers","floor":21.0,"turns":4.0},{"damage":0.0,"enemies":"3 Byrds","floor":22.0,"turns":3.0},{"damage":0.0,"enemies":"Chosen","floor":23.0,"turns":3.0},{"damage":0.0,"enemies":"Gremlin Leader","floor":25.0,"turns":5.0},{"damage":0.0,"enemies":"Book of Stabbing","floor":27.0,"turns":4.0},{"damage":0.0,"enemies":"Centurion and Healer","floor":28.0,"turns":2.0},{"damage":0.0,"enemies":"3 Cultists","floor":29.0,"turns":3.0},{"damage":0.0,"enemies":"Cultist and Chosen","floor":31.0,"turns":4.0},{"damage":0.0,"enemies":"Centurion and Healer","floor":32.0,"turns":3.0},{"damage":0.0,"enemies":"downfall:Defect","floor":33.0,"turns":5.0},{"damage":3.0,"enemies":"3 Darklings","floor":36.0,"turns":3.0},{"damage":9.0,"enemies":"Giant Head","floor":37.0,"turns":6.0},{"damage":0.0,"enemies":"3 Shapes","floor":38.0,"turns":1.0},{"damage":35.0,"enemies":"Nemesis","floor":40.0,"turns":5.0},{"damage":0.0,"enemies":"R_Hoarder","floor":42.0,"turns":5.0},{"damage":0.0,"enemies":"Sphere and 2 Shapes","floor":43.0,"turns":3.0},{"damage":0.0,"enemies":"Nemesis","floor":44.0,"turns":5.0},{"damage":0.0,"enemies":"downfall:FleeingMerchant","floor":45.0,"turns":3.0},{"damage":0.0,"enemies":"Spire Growth","floor":47.0,"turns":2.0},{"damage":0,"enemies":"Writhing Mass","floor":49,"turns":3},{"damage":0,"enemies":"downfall:Silent","floor":50,"turns":5},{"damage":20,"enemies":"downfall:CharBossMerchant","floor":52,"turns":7},{"damage":83,"enemies":"LittleHush","floor":55,"turns":17}],"seed_played":"1842466838592277979","potions_obtained":[{"floor":3.0,"key":"Fire Potion"},{"floor":5.0,"key":"Slimebound:ThreeZeroPotion"},{"floor":11.0,"key":"Fire Potion"},{"floor":14.0,"key":"SteroidPotion"},{"floor":15.0,"key":"AttackPotion"},{"floor":21.0,"key":"Weak Potion"},{"floor":25.0,"key":"SkillPotion"},{"floor":28.0,"key":"ColorlessPotion"},{"floor":31.0,"key":"Doom Potion"},{"floor":33.0,"key":"Venom Potion"},{"floor":36.0,"key":"Swift Potion"},{"floor":40.0,"key":"FearPotion"},{"floor":47.0,"key":"Energy Potion"}],"is_trial":false,"path_per_floor":["R","M","M","R","?","?","T","E","?","E","M","M","$","M","M","B",null,"R","M","?","E","M","M","T","E","R","E","M","M","?","M","M","B",null,"R","M","E","M","T","E","T","E","M","E","$","?","M","$","M","B",null,"E","$","R","B"],"character_chosen":"Hololive_HololiveCharacter","items_purchased":["Hololive_CandyCastle","Toxic Egg 2","Oddly Smooth Stone","Durian","Onion Ring"],"campfire_rested":1,"item_purchase_floors":[13,13,17,45,48],"current_hp_per_floor":[38,38,38,38,38,38,38,38,38,38,38,38,38,38,38,38,33,43,44,44,45,46,47,47,48,48,49,50,51,51,52,53,54,54,54,52,45,47,47,39,39,41,43,45,52,44,46,46,48,75,79,61,61,79,0,0],"gold":122,"neow_bonus":"TEN_PERCENT_HP_BONUS","is_daily":false,"chose_seed":false,"campfire_upgraded":4,"win_rate":0.0,"timestamp":1607931773,"path_taken":["R","M","M","R","?","?","T","E","?","E","?","M","$","M","M","BOSS","R","M","?","E","M","M","T","E","R","E","M","M","?","M","M","BOSS","R","M","E","M","?","E","T","E","?","E","?","?","M","$","M","BOSS","E","$","R","BOSS"],"items_purchased_type":["Card","Relic","Relic","Relic","Relic"],"build_version":"2020-12-13","purchased_purges":2,"victory":false,"max_hp_per_floor":[38,38,38,38,38,38,38,38,38,38,38,38,38,38,38,38,33,43,44,44,45,46,47,47,48,48,49,50,51,51,52,53,54,54,54,55,57,59,59,61,61,63,65,67,74,74,76,76,78,80,80,82,79,79,81,81],"card_choices":[{"not_picked":[],"picked":"EpicFetus","floor":0.0},{"not_picked":["Hololive_StrengthChampion","Hololive_Yoholoon","Hololive_Trident"],"picked":"Hololive_OvertimeWork","floor":2.0},{"not_picked":["Hololive_Psychosis","Hololive_CallKiryuuCoco","Hololive_CallYuzukiChoco"],"picked":"Hololive_CocoNews","floor":3.0},{"not_picked":["Hololive_FlareMind","Hololive_CallTokinoSora","Hololive_CallOkamiMio"],"picked":"Hololive_LuckPotion","floor":5.0},{"not_picked":["Hololive_RevenueBasedLive","Hololive_OvertimeWork","Hololive_ScarfAndHalo","Hololive_CallUsadaPekora"],"picked":"SKIP","floor":8.0},{"not_picked":[],"picked":"Hololive_IdolExercise","floor":9.0},{"not_picked":["Hololive_Psychosis","Hololive_LuckPotion","Hololive_Drill"],"picked":"Bomb","floor":10.0},{"not_picked":["Bomb","Hololive_CallShiroganeNoel","Hololive_Rebound"],"picked":"Hololive_StrengthChampion","floor":11.0},{"not_picked":["Hololive_CallManoAloe","Hololive_Watashimo","Hololive_CallAmaneKanata","Hololive_CallShishiroBotan"],"picked":"SKIP","floor":12.0},{"not_picked":["Hololive_Sequa","Hololive_WolfAndLamb","Hololive_Psychosis"],"picked":"Hololive_FlyingPonyTail","floor":13.0},{"not_picked":["Hololive_OvertimeWork","Hololive_CallShishiroBotan","Hololive_RevenueBasedLive+1","Hololive_CocoNews"],"picked":"SKIP","floor":14.0},{"not_picked":["Hololive_CallAkaiHaato","Hololive_Trident","Hololive_CallUruhaRushia","Hololive_LuckPotion+1"],"picked":"SKIP","floor":15.0},{"not_picked":["Hololive_Recruit+1","Hololive_Rebirth+1","Hololive_IdolExercise+1"],"picked":"Hololive_AWSL","floor":16.0},{"not_picked":["Hololive_Trident","Hololive_LuckPotion+1","Hololive_CallAmaneKanata"],"picked":"Hololive_Rebound+1","floor":21.0},{"not_picked":["Hololive_BringToTrial","Hololive_ScarfAndHalo","Hololive_CallShishiroBotan"],"picked":"SKIP","floor":22.0},{"not_picked":["Hololive_OvertimeWork","Hololive_CallRosalyn+1","Hololive_HuntDinosaur+1","Hololive_FlyingPonyTail+1"],"picked":"SKIP","floor":22.0},{"not_picked":["Hololive_LuckPotion+1","Hololive_Trident","Hololive_Drill","Hololive_CocoNews"],"picked":"SKIP","floor":23.0},{"not_picked":["Hololive_OvertimeWork","Hololive_DiamondStrike","Hololive_DevilCharm+1","Hololive_Drill"],"picked":"SKIP","floor":25.0},{"not_picked":["Hololive_OvertimeWork","Hololive_SummonFox","Hololive_HuntDinosaur"],"picked":"SKIP","floor":27.0},{"not_picked":["Hololive_CocoNews+1","Hololive_CallTokoyamiTowa","Hololive_CallMoonaHoshinova","Hololive_Drill+1"],"picked":"SKIP","floor":27.0},{"not_picked":["Hololive_RevenueBasedLive+1","Hololive_Drill+1","Hololive_CocoNews"],"picked":"Hololive_Breathe+1","floor":28.0},{"not_picked":["Hololive_Sequa","Hololive_HuntDinosaur+1","Hololive_RevenueBasedLive+1"],"picked":"Hololive_ASMR","floor":29.0},{"not_picked":["Hololive_RevenueBasedLive+1","Hololive_CallTokinoSora","Hololive_CallAZKi","Hololive_StrengthChampion"],"picked":"SKIP","floor":31.0},{"not_picked":["Hololive_OvertimeWork+1","Hololive_CallShiranuiFlare","Hololive_Trident"],"picked":"Hololive_Sequa+1","floor":32.0},{"not_picked":["Hololive_Trident","Hololive_Sequa"],"picked":"Hololive_MaximGun","floor":33.0},{"not_picked":["Hololive_WolfAndLamb+1","Hololive_FlareMind+1","Hololive_Recruit+1"],"picked":"Hololive_DDD+1","floor":33.0},{"not_picked":["Hololive_Psychosis","Hololive_Trident","Hololive_CallNatsuiroMatsuri","Hololive_FlyingPonyTail+1"],"picked":"Hololive_AWSL","floor":36.0},{"not_picked":["Hololive_StrengthChampion","Hololive_RevenueBasedLive"],"picked":"Hololive_Thief","floor":37.0},{"not_picked":["Hololive_BringToTrial+1","Hololive_CallShirakamiFubuki","Hololive_CocoNews+1","Hololive_ScarfAndHalo"],"picked":"Hololive_ManjiGathering+1","floor":37.0},{"not_picked":["Hololive_Drill","Hololive_CallShishiroBotan","Hololive_CallMurasakiShion","Hololive_Rebound+1"],"picked":"Hololive_HuntDinosaur+1","floor":37.0},{"not_picked":["Hololive_CallUsadaPekora+1","Hololive_DevilCharm+1","Hololive_WolfAndLamb+1","Hololive_HuntDinosaur+1"],"picked":"Hololive_ILoveYou+1","floor":37.0},{"not_picked":["Hololive_Trident+1","Hololive_IdolExercise+1","Hololive_CallInugamiKorone+1","Hololive_StrengthChampion","Hololive_CallOmaruPolka+1"],"picked":"SKIP","floor":37.0},{"not_picked":["Hololive_Drill","Hololive_Breathe+1","Hololive_LuckPotion+1","Hololive_StrengthChampion"],"picked":"Hololive_Yoholoon","floor":38.0},{"not_picked":["Hololive_CallHoshimachiSuisei","Hololive_CallYozoraMel"],"picked":"Hololive_Spy","floor":40.0},{"not_picked":["Hololive_CallRosalyn+1","Hololive_OvertimeWork+1","Hololive_CallAkiRosenthal","Hololive_Trident+1"],"picked":"Hololive_ILoveYou+1","floor":40.0},{"not_picked":["Hololive_CallYukihanaLamy","Hololive_Nanodesu+1"],"picked":"Hololive_OpenUp","floor":42.0},{"not_picked":["Hololive_RevenueBasedLive+1","Hololive_OvertimeWork","Hololive_Psychosis+1","Hololive_CocoNews+1","Hololive_Sequa"],"picked":"SKIP","floor":42.0},{"not_picked":["Hololive_CallHoshimachiSuisei","Hololive_Teleport+1","Hololive_CallAyundaRisu","Hololive_IdolExercise+1","Hololive_CallHimemoriLuna+1"],"picked":"SKIP","floor":43.0},{"not_picked":["Hololive_Trident+1","Hololive_CallShiroganeNoel+1","Hololive_HuntDinosaur+1","Hololive_Nanodesu"],"picked":"Hololive_CallFriendA+1","floor":44.0},{"not_picked":["Hololive_Psychosis+1","Hololive_Trident","Hololive_CocoNews","Hololive_Rebound+1"],"picked":"Hololive_FlyingPonyTail+1","floor":45.0},{"not_picked":["Hololive_DevilCharm","Hololive_CallShiroganeNoel","Hololive_CallOzoraSubaru"],"picked":"SKIP","floor":47.0},{"not_picked":["Hololive_Rebound+1","Hololive_RevenueBasedLive+1","Hololive_CallShiroganeNoel","Hololive_ManjiGathering+1","Hololive_CallHimemoriLuna"],"picked":"SKIP","floor":47.0},{"not_picked":["Hololive_Rebound","Hololive_CocoNews","Hololive_CallCivia"],"picked":"SKIP","floor":49},{"not_picked":["Hololive_Drill","Hololive_CallCivia+1","Hololive_Breathe+1","Hololive_CandyCastle+1","Hololive_Psychosis"],"picked":"SKIP","floor":49},{"not_picked":["Hololive_CocoNews","Hololive_CallMomosuzuNene"],"picked":"Hololive_ILoveYou","floor":52},{"not_picked":["Hololive_HuntDinosaur+1","Hololive_ScarfAndHalo","Hololive_DiamondStrike","Hololive_CallKiryuuCoco"],"picked":"Hololive_CocoNews+1","floor":52}],"player_experience":187423,"relics_obtained":[{"floor":2.0,"key":"LetterFromLob"},{"floor":5.0,"key":"BelialBook"},{"floor":8.0,"key":"TheAbacus"},{"floor":10.0,"key":"RottenBaby"},{"floor":21.0,"key":"Velvet Choker"},{"floor":24.0,"key":"MomsKnife"},{"floor":25.0,"key":"Whetstone"},{"floor":37.0,"key":"Orrery"},{"floor":40.0,"key":"YumHeart"},{"floor":41.0,"key":"ReplayTheSpireMod:Shallot"},{"floor":42.0,"key":"SatanicBible"},{"floor":44.0,"key":"TheBean"},{"floor":52,"key":"ReplayTheSpireMod:Ninjato"},{"floor":52,"key":"Replay:Rubber Ducky"}],"event_choices":[{"damage_healed":0.0,"max_hp_gain":0.0,"max_hp_loss":0.0,"gold_gain":0.0,"event_name":"Addict","player_choice":"Stole Relic","floor":20.0,"gold_loss":0.0,"damage_taken":0.0,"relics_obtained":["LagranYue:RareGoldArmorRelic"],"cards_obtained":["Shame"]}],"is_beta":false,"boss_relics":[{"not_picked":["Bronze Scales","Pet Ghost"],"picked":"Quantum Egg"},{"not_picked":[]},{"not_picked":["Painkiller Herb","PunchingBag"],"picked":"Question Card"},{"not_picked":[]}],"items_purged_floors":[48,53],"is_endless":false,"potions_floor_spawned":[3,5,11,14,15,19,21,25,28,31,33,36,40,42,43,47],"killed_by":"LittleHush","ascension_level":5}}