{"host":"bq4pt811tk9yrmjl","time":1607949725,"event":{"mods":["AchievementEnabler","BaseMod","Colored Map","Colored Powertips","Defuse TimeMaze Blight","Minty Spire (QoL Compilation)","StSLib","SuperFastMode","UnlockEverythingMod"],"gold_per_floor":[109,124,124,124,124,124,455,473,473,490,515,515,541,556,556,655,655,674,140,150,150,150,150,184,184,184,211,211,222,222,222,222,222,222],"floor_reached":33,"playtime":1294,"items_purged":[],"score":348,"play_id":"a98c237b-8149-4af9-892b-7be6a04e4736","local_time":"20201214104205","is_ascension_mode":true,"campfire_choices":[{"data":"Streamline","floor":6,"key":"SMITH"},{"floor":15,"key":"REST"},{"data":"Defragment","floor":23,"key":"SMITH"},{"data":"Redo","floor":25,"key":"SMITH"},{"floor":32,"key":"REST"}],"circlet_count":0,"master_deck":["Strike_B","Strike_B","Strike_B","Strike_B","Defend_B","Defend_B","Defend_B","Defend_B","Zap+1","Dualcast","Conserve Battery","Streamline+1","Reinforced Body","Redo+1","Ball Lightning","Defragment+1","Core Surge","Self Repair","Go for the Eyes+1"],"relics":["Cracked Core","NeowsBlessing","Old Coin","Singing Bowl","Bottled Lightning","Sozu","Medical Kit","Tiny Chest","Smiling Mask","Mummified Hand","Red Mask","Toy Ornithopter"],"acts_visited":["Exordium","TheCity"],"potions_floor_usage":[16,27,31],"damage_taken":[{"damage":0,"enemies":"Cultist","floor":1,"turns":1},{"damage":0,"enemies":"Jaw Worm","floor":2,"turns":1},{"damage":0,"enemies":"3 Sentries","floor":7,"turns":1},{"damage":0,"enemies":"2 Louse","floor":8,"turns":3},{"damage":0,"enemies":"Exordium Thugs","floor":10,"turns":5},{"damage":19,"enemies":"Lagavulin","floor":11,"turns":6},{"damage":28,"enemies":"Gremlin Nob","floor":13,"turns":4},{"damage":0,"enemies":"Exordium Wildlife","floor":14,"turns":2},{"damage":39,"enemies":"Hexaghost","floor":16,"turns":10},{"damage":0,"enemies":"Chosen","floor":18,"turns":4},{"damage":0,"enemies":"Spheric Guardian","floor":20,"turns":4},{"damage":50,"enemies":"Book of Stabbing","floor":24,"turns":6},{"damage":24,"enemies":"Masked Bandits","floor":27,"turns":4},{"damage":12,"enemies":"Centurion and Healer","floor":29,"turns":8},{"damage":0,"enemies":"Shelled Parasite and Fungi","floor":31,"turns":1},{"damage":24,"enemies":"Automaton","floor":33,"turns":6}],"seed_played":"112269032658371405","potions_obtained":[{"floor":1,"key":"Explosive Potion"},{"floor":7,"key":"BlessingOfTheForge"},{"floor":10,"key":"CultistPotion"},{"floor":11,"key":"SmokeBomb"},{"floor":14,"key":"DistilledChaos"}],"is_trial":false,"path_per_floor":["M","M","$","?","?","R","E","M","T","M","E","?","E","M","R","B",null,"M","$","M","$","?","R","E","R","T","?","?","M","T","M","R","B"],"character_chosen":"DEFECT","items_purchased":["Medical Kit","Core Surge","Self Repair","Tiny Chest"],"campfire_rested":2,"item_purchase_floors":[19,19,19,19],"current_hp_per_floor":[75,75,75,80,80,80,80,80,80,80,61,61,35,37,62,25,86,88,88,90,90,90,90,49,49,49,34,15,10,10,15,44,20,20],"gold":222,"neow_bonus":"THREE_ENEMY_KILL","is_daily":false,"chose_seed":false,"campfire_upgraded":3,"win_rate":0.0,"timestamp":1607949725,"path_taken":["M","?","$","?","?","R","E","M","T","?","E","?","E","M","R","BOSS","M","$","M","$","?","R","E","R","T","?","?","M","?","M","R","BOSS"],"items_purchased_type":["Relic","Card","Card","Relic"],"build_version":"2020-12-13","purchased_purges":0,"victory":false,"max_hp_per_floor":[75,75,75,80,80,80,80,80,80,80,80,80,82,84,84,86,86,88,88,90,90,90,90,92,92,92,94,99,99,99,99,99,99,99],"card_choices":[{"not_picked":["Force Field","Go for the Eyes"],"picked":"Conserve Battery","floor":1},{"not_picked":["Ball Lightning","Go for the Eyes"],"picked":"Streamline","floor":2},{"not_picked":["Go for the Eyes","Capacitor"],"picked":"Reinforced Body","floor":7},{"not_picked":["Creative AI","Recycle"],"picked":"Redo","floor":8},{"not_picked":["Gash","Rebound"],"picked":"Ball Lightning","floor":10},{"not_picked":["Scrape","Coolheaded"],"picked":"Defragment","floor":11},{"not_picked":["Redo","Rip and Tear","Compile Driver"],"picked":"Singing Bowl","floor":13},{"not_picked":["Barrage","Rip and Tear","Rebound"],"picked":"Singing Bowl","floor":14},{"not_picked":["Seek","Thunder Strike","Rainbow"],"picked":"Singing Bowl","floor":16},{"not_picked":["Chill+1","Steam","Coolheaded+1"],"picked":"Singing Bowl","floor":18},{"not_picked":["Coolheaded+1","Turbo","Streamline"],"picked":"Singing Bowl","floor":20},{"not_picked":["Leap","Sweeping Beam+1","Hologram"],"picked":"Singing Bowl","floor":24},{"not_picked":["Gash+1","Stack","Thunder Strike"],"picked":"Singing Bowl","floor":27},{"not_picked":["Heatsinks","Sunder"],"picked":"Go for the Eyes+1","floor":29}],"player_experience":55384,"relics_obtained":[{"floor":7,"key":"Old Coin"},{"floor":11,"key":"Singing Bowl"},{"floor":13,"key":"Bottled Lightning"},{"floor":24,"key":"Smiling Mask"},{"floor":26,"key":"Mummified Hand"},{"floor":27,"key":"Red Mask"},{"floor":30,"key":"Toy Ornithopter"}],"event_choices":[{"damage_healed":0,"gold_gain":0,"player_choice":"Donut","damage_taken":0,"max_hp_gain":5,"max_hp_loss":0,"event_name":"Big Fish","floor":4,"gold_loss":0},{"damage_healed":0,"gold_gain":0,"player_choice":"Forge","damage_taken":0,"max_hp_gain":0,"max_hp_loss":0,"event_name":"Accursed Blacksmith","floor":5,"gold_loss":0,"cards_upgraded":["Zap"]},{"damage_healed":0,"gold_gain":0,"player_choice":"Ignored","damage_taken":0,"max_hp_gain":0,"max_hp_loss":0,"event_name":"NoteForYourself","floor":12,"gold_loss":0},{"damage_healed":0,"gold_gain":0,"player_choice":"Ignored","damage_taken":0,"max_hp_gain":0,"max_hp_loss":0,"event_name":"Beggar","floor":22,"gold_loss":0},{"damage_healed":0,"gold_gain":0,"player_choice":"Fought Bandits","damage_taken":0,"max_hp_gain":0,"max_hp_loss":0,"event_name":"Masked Bandits","floor":27,"gold_loss":0},{"damage_healed":0,"gold_gain":0,"player_choice":"Shed Blood","damage_taken":24,"max_hp_gain":5,"max_hp_loss":0,"event_name":"Forgotten Altar","floor":28,"gold_loss":0}],"is_beta":false,"boss_relics":[{"not_picked":["SacredBark","FrozenCore"],"picked":"Sozu"}],"items_purged_floors":[],"is_endless":false,"potions_floor_spawned":[1,7,10,11,14,20],"killed_by":"Automaton","ascension_level":1}}