{"host":"jm9833yuloeli2yd","time":1607979337,"event":{"mods":["AchievementEnabler","BaseMod","Better Altar","Better Match","Better Note","Better Sensory Stone","Better Skull","Better Vampires","Colored Map","Colored Powertips","DeckTracker","Minty Spire (QoL Compilation)","Permanent Neow","Quick Restart","Replay The Spire","StSLib","SuperFastMode"],"gold_per_floor":[364,514,514,25,39,39,71,71,71,71,71],"floor_reached":10,"playtime":138,"items_purged":[],"score":128,"play_id":"543307b8-21e9-4d12-b0d3-303332ad5359","local_time":"20201214155537","is_ascension_mode":true,"campfire_choices":[{"data":"Go for the Eyes","floor":6,"key":"SMITH"},{"floor":8,"key":"REST"}],"circlet_count":0,"master_deck":["AscendersBane","Strike_B","Strike_B","Strike_B","Strike_B","Defend_B","Defend_B","Defend_B","Defend_B","Zap","Dualcast","Leap","Doubt","Go for the Eyes+1","Gash"],"relics":["Cracked Core","GremlinMask","OrangePellets","Eternal Feather","FossilizedHelix","Mercury Hourglass"],"acts_visited":["Exordium"],"potions_floor_usage":[],"damage_taken":[{"damage":19,"enemies":"Jaw Worm","floor":1,"turns":4},{"damage":1,"enemies":"Cultist","floor":5,"turns":3},{"damage":30,"enemies":"Lagavulin","floor":7,"turns":10},{"damage":49,"enemies":"Gremlin Nob","floor":10,"turns":4}],"seed_played":"-8666884769835684318","potions_obtained":[],"is_trial":false,"path_per_floor":["M","?","?","$","M","R","E","R","T","E"],"character_chosen":"DEFECT","items_purchased":["OrangePellets","Eternal Feather","Fire Potion"],"campfire_rested":1,"item_purchase_floors":[4,4,4],"current_hp_per_floor":[27,27,27,27,26,32,2,32,32,0,0],"gold":71,"neow_bonus":"TWO_FIFTY_GOLD","is_daily":false,"chose_seed":false,"campfire_upgraded":1,"win_rate":0.0,"timestamp":1607979337,"path_taken":["M","?","?","$","M","R","E","R","T","E"],"items_purchased_type":["Relic","Relic","Potion"],"build_version":"2020-12-13","purchased_purges":0,"victory":false,"max_hp_per_floor":[71,71,71,71,71,71,71,71,71,71,71],"card_choices":[{"not_picked":["Panic Button","Stack"],"picked":"Leap","floor":1},{"not_picked":["Streamline","Sweeping Beam"],"picked":"Go for the Eyes","floor":5},{"not_picked":["Creative AI","White Noise"],"picked":"Gash","floor":7}],"player_experience":1057534,"relics_obtained":[{"floor":7,"key":"FossilizedHelix"},{"floor":9,"key":"Mercury Hourglass"}],"event_choices":[{"damage_healed":0,"gold_gain":150,"player_choice":"AGREE","damage_taken":0,"max_hp_gain":0,"max_hp_loss":0,"event_name":"Liars Game","floor":2,"gold_loss":0,"cards_obtained":["Doubt"]},{"damage_healed":0,"gold_gain":0,"player_choice":"Trade","damage_taken":0,"relics_obtained":["GremlinMask"],"max_hp_gain":0,"max_hp_loss":0,"event_name":"FaceTrader","floor":3,"gold_loss":0}],"is_beta":false,"boss_relics":[],"items_purged_floors":[],"is_endless":false,"potions_floor_spawned":[],"killed_by":"Gremlin Nob","ascension_level":20}}