{"host":"51oymzdi1vqwwubu","time":1607905633,"event":{"mods":["Alarm Clock","BaseMod","Become a monster ???","Better Altar","Better Match","Better Note","Better Sensory Stone","Better Skull","Better Vampires","Block Reminder","Colored Map","Colored Powertips","Curses Come First","DeckTracker","Defective Defect","Downfall","FTL Soundtrack","Highlight Path","Key Reminder","Keyboard Shortcuts","Minty Spire (QoL Compilation)","Quick Restart","Rare Cards Sparkle","Relic Stats","Reorder Act Four","StSLib","SuperFastMode","Waifu the Spire"],"gold_per_floor":[99,127,143,143,23,23,47,73,23,66,175,195,273,423,445,445,445],"floor_reached":16,"playtime":1156,"items_purged":[],"score":110,"play_id":"06c6d499-e1d3-42d5-9d3c-f10914ce9351","local_time":"20201214032713","is_ascension_mode":false,"campfire_choices":[{"data":"Slimebound:Split","floor":1,"key":"SMITH"},{"floor":4,"key":"REST"},{"data":"Slimebound:Gluttony","floor":9,"key":"SMITH"}],"circlet_count":0,"master_deck":["Slimebound:Strike_Slimebound","Slimebound:Strike_Slimebound","Slimebound:Strike_Slimebound","Slimebound:Tackle","Slimebound:Defend_Slimebound","Slimebound:Defend_Slimebound","Slimebound:Defend_Slimebound","Slimebound:Defend_Slimebound","Slimebound:Split+1","Slimebound:CorrosiveSpit","Slimebound:Repurpose","Slimebound:GrowthPunch","Slimebound:SplitAcid","Slimebound:Gluttony+1","Slimebound:SplitLeeching","Slimebound:LevelUp","Slimebound:PressTheAttack","Slimebound:FirmFortitude","Slimebound:OozeBath","Slimebound:LeechEnergy","Slimebound:FinishingTackle"],"relics":["SacredBark","Gremlin Horn","Slimebound:GreedOozeRelic","CeramicFish","Shovel","keyreminder:keyreminder","downfall:CloakOfManyFaces","CultistMask","FaceOfCleric","NlothsMask","GremlinMask","SsserpentHead"],"acts_visited":["Exordium"],"potions_floor_usage":[16],"damage_taken":[{"damage":33,"enemies":"Lagavulin","floor":2,"turns":8},{"damage":10,"enemies":"Jaw Worm","floor":3,"turns":3},{"damage":8,"enemies":"downfall:FleeingMerchant","floor":5,"turns":4},{"damage":13,"enemies":"Small Slimes","floor":8,"turns":2},{"damage":37,"enemies":"3 Sentries","floor":10,"turns":5},{"damage":32,"enemies":"downfall:FaceTrader","floor":11,"turns":6},{"damage":4,"enemies":"Cultist","floor":12,"turns":3},{"damage":15,"enemies":"2 Fungi Beasts","floor":13,"turns":2},{"damage":26,"enemies":"Exordium Thugs","floor":15,"turns":3},{"damage":19,"enemies":"downfall:Silent","floor":16,"turns":2}],"seed_played":"-3773635798607868806","potions_obtained":[{"floor":2,"key":"LiquidMemories"},{"floor":11,"key":"LiquidBronze"},{"floor":12,"key":"Explosive Potion"},{"floor":15,"key":"Swift Potion"}],"is_trial":false,"path_per_floor":["R","E","M","R","$","?","T","M","R","E","?","M","M","?","M","B"],"character_chosen":"SLIMEBOUND","items_purchased":["Slimebound:Gluttony","Slimebound:SplitLeeching"],"campfire_rested":1,"item_purchase_floors":[5,5],"current_hp_per_floor":[60,35,37,55,55,55,55,54,54,37,25,30,24,24,19,0,0],"gold":445,"neow_bonus":"BOSS_RELIC","is_daily":false,"chose_seed":false,"campfire_upgraded":2,"win_rate":0.0,"timestamp":1607905633,"path_taken":["R","E","M","R","$","?","T","M","R","E","?","M","?","?","M","BOSS"],"items_purchased_type":["Card","Card"],"build_version":"2020-11-30","purchased_purges":0,"victory":false,"max_hp_per_floor":[60,60,60,60,60,60,60,60,60,60,60,61,62,62,63,63,63],"relic_stats":{"SsserpentHead":100,"Shovel":0,"Gremlin Horn":[5,5],"FaceOfCleric":3,"counters":[10,37],"CeramicFish":54,"obtain_stats":[{"Gremlin Horn":2,"SacredBark":0,"CeramicFish":7,"GremlinMask":11,"Slimebound:GreedOozeRelic":6,"keyreminder:keyreminder":10,"SsserpentHead":11,"Shovel":10,"FaceOfCleric":11,"CultistMask":11,"Slimebound:AbsorbEndCombat":0,"downfall:CloakOfManyFaces":11,"NlothsMask":11},{"Gremlin Horn":1,"SacredBark":0,"CeramicFish":3,"GremlinMask":6,"Slimebound:GreedOozeRelic":3,"keyreminder:keyreminder":5,"SsserpentHead":6,"Shovel":5,"FaceOfCleric":6,"CultistMask":6,"Slimebound:AbsorbEndCombat":0,"downfall:CloakOfManyFaces":6,"NlothsMask":6},{"Gremlin Horn":8,"SacredBark":0,"CeramicFish":15,"GremlinMask":28,"Slimebound:GreedOozeRelic":15,"keyreminder:keyreminder":22,"SsserpentHead":28,"Shovel":22,"FaceOfCleric":28,"CultistMask":28,"Slimebound:AbsorbEndCombat":0,"downfall:CloakOfManyFaces":28,"NlothsMask":28}]},"card_choices":[{"not_picked":["Slimebound:RainOfGoop","Slimebound:LivingWall"],"picked":"Slimebound:Repurpose","floor":2},{"not_picked":["Slimebound:RollThrough","Slimebound:ViciousTackle"],"picked":"Slimebound:GrowthPunch","floor":3},{"not_picked":["Slimebound:HauntingLick","Slimebound:ComboTackle"],"picked":"Slimebound:SplitAcid","floor":5},{"not_picked":["Slimebound:PressTheAttack","Slimebound:GoopSpray"],"picked":"Slimebound:LevelUp","floor":8},{"not_picked":["Slimebound:BestDefense","Slimebound:DisruptingSlam"],"picked":"Slimebound:PressTheAttack","floor":10},{"not_picked":["Slimebound:FormOfPuddle","Slimebound:DisruptingSlam"],"picked":"Slimebound:FirmFortitude","floor":11},{"not_picked":["Slimebound:SlimeSpikes","Slimebound:PressTheAttack"],"picked":"Slimebound:OozeBath","floor":12},{"not_picked":["Slimebound:SlimeBrawl","Slimebound:SplitAcid"],"picked":"Slimebound:LeechEnergy","floor":13},{"not_picked":["Slimebound:SplitMire","Slimebound:GoopSpray"],"picked":"Slimebound:FinishingTackle","floor":15}],"player_experience":132088,"relics_obtained":[{"floor":2,"key":"Gremlin Horn"},{"floor":7,"key":"CeramicFish"},{"floor":10,"key":"Shovel"},{"floor":11,"key":"downfall:CloakOfManyFaces"}],"event_choices":[],"is_beta":false,"boss_relics":[],"items_purged_floors":[],"is_endless":false,"potions_floor_spawned":[2,11,12,15],"killed_by":"downfall:Silent","ascension_level":0}}