{"host":"951sez6ulsv0fw1i","time":1607976260,"event":{"mods":["2.2 Compatiblity","Aspiration","BaseMod","Better Third Choice","BetterRewards","CCEM","CapriCore","Conspire","Downfall","Googly Eyes","Hermit","Infinite Spire","JesterMod","Luminous","Mari Mod (Legacy)","Mari\u0027s V1 Patch","Marisa????????","Minty Spire (QoL Compilation)","Potionbrewer","Reimu??????","Shade Mod","StSLib","The Bug Knight","The Cursed","The Forsaken","The Immortal","The Mystic","The Poker Player","The Runesmith","The Servant 0.9.4","TheBandit","TheSwordswoman"],"gold_per_floor":[118,393,173,187,201,235,235,12,12,22,22,41,51,82,82,177,177,146,157,72,83,97,97,97],"floor_reached":23,"playtime":1812,"items_purged":["Strike_Lin:ReiMu"],"score":305,"play_id":"e3823951-80bb-4c6d-adad-87c0025157f4","local_time":"20201214210420","is_ascension_mode":false,"campfire_choices":[{"data":"NB:ReiMu","floor":7.0,"key":"SMITH"},{"floor":15,"key":"RECALL"}],"circlet_count":0,"master_deck":["Strike_Lin:ReiMu","Strike_Lin:ReiMu","Strike_Lin:ReiMu","Defend_Lin:ReiMu","Defend_Lin:ReiMu","Defend_Lin:ReiMu","Defend_Lin:ReiMu","NB:ReiMu+1","Stagnation:ReiMu","expansioncontent:DefensiveMode","SpringWay:ReiMu","SubcavityInstant:ReiMu","OrbThrow:ReiMu","TakeOff:ReiMu","PassingAway:ReiMu","HakureiPhantom:ReiMu","DoubleButterfly:ReiMu+1","Conquer:ReiMu","RainPray2:ReiMu","SpreadBorder2:ReiMu","SpreadBorder2:ReiMu","InherentArray:ReiMu","SafetyPray:ReiMu","EmergencyTakeOff:ReiMu","Dreaming2:ReiMu","DependentForm:ReiMu","AirManeuver:ReiMu+1","ShadowOfCrow2:ReiMu+1","SpreadBorder2:ReiMu+1","Enchanting:ReiMu"],"relics":["jesterMod:HarlequinCap","Ring of the Snake","Pan","HollowMod:VesselMask","Broom","infinitespire:Chaos","potionbrewer:AlchemistFlask","Cursed Key","CCEMRelics:JestersCrown"],"acts_visited":["Exordium","TheCity"],"potions_floor_usage":[16,16,16,16,21,23],"damage_taken":[{"damage":0.0,"enemies":"2 Louse","floor":1.0,"turns":4.0},{"damage":1.0,"enemies":"Cultist","floor":4.0,"turns":4.0},{"damage":0.0,"enemies":"conspire:RoseBush","floor":5.0,"turns":3.0},{"damage":9.0,"enemies":"HollowMod:MossKnight","floor":6.0,"turns":16.0},{"damage":15.0,"enemies":"Exordium Thugs","floor":10.0,"turns":6.0},{"damage":1.0,"enemies":"Exordium Wildlife","floor":12.0,"turns":5.0},{"damage":0.0,"enemies":"2 Fungi Beasts","floor":13.0,"turns":4.0},{"damage":18,"enemies":"3 Sentries","floor":14,"turns":6},{"damage":12,"enemies":"Slime Boss","floor":16,"turns":11},{"damage":23,"enemies":"2 Thieves","floor":18,"turns":5},{"damage":9,"enemies":"Snake Plant","floor":19,"turns":5},{"damage":3,"enemies":"3 Cultists","floor":21,"turns":5},{"damage":13,"enemies":"Cultist and Chosen","floor":22,"turns":7},{"damage":22,"enemies":"Gremlin Leader","floor":23,"turns":5}],"seed_played":"3904677467923703596","potions_obtained":[{"floor":4.0,"key":"Dexterity Potion"},{"floor":6.0,"key":"potionbrewer:SplittingPotion"},{"floor":10.0,"key":"sneckomod:MuddlingPotion"},{"floor":12.0,"key":"LiquidFlight:ReiMu"},{"floor":13,"key":"potionbrewer:SplittingPotion"},{"floor":19,"key":"Block Potion"},{"floor":21,"key":"potionbrewer:BlacksmithPotion"},{"floor":22,"key":"champ:CounterPotion"}],"is_trial":false,"path_per_floor":["M","?","$","M","M","E","R","$","T","M","?","M","M","E","R","B",null,"M","M","?","M","M","E"],"character_chosen":"REIMU","items_purchased":["Omamori","potionbrewer:BoosterPack","DoubleButterfly:ReiMu","CheatingSign:ReiMu","infinitespire:Chaos","InherentArray:ReiMu"],"campfire_rested":0,"item_purchase_floors":[0,0,0,3,8,8],"current_hp_per_floor":[57,57,57,56,56,47,47,47,47,32,32,31,31,13,13,1,65,42,33,33,30,17,0,0],"gold":97,"neow_bonus":"","is_daily":false,"chose_seed":false,"campfire_upgraded":1,"win_rate":0.0,"timestamp":1607976260,"path_taken":["M","?","?","M","M","E","R","$","T","M","?","M","M","E","R","BOSS","M","M","?","M","M","E"],"items_purchased_type":["Relic","Relic","Card","Relic","Relic","Card"],"build_version":"2020-12-13","purchased_purges":1,"victory":false,"max_hp_per_floor":[65,65,65,65,65,65,65,65,65,65,65,65,65,65,65,65,65,65,65,65,65,65,65,65],"card_choices":[{"not_picked":["MikOfLucky:ReiMu","TightArray:ReiMu"],"picked":"Conquer:ReiMu","floor":1.0},{"not_picked":["Conquer:ReiMu","TightArray:ReiMu"],"picked":"RainPray2:ReiMu","floor":4.0},{"not_picked":["ManaGlint:ReiMu","AirManeuver:ReiMu"],"picked":"SpreadBorder2:ReiMu","floor":5.0},{"not_picked":["TakeOff:ReiMu","YinYangSign:ReiMu"],"picked":"SpreadBorder2:ReiMu","floor":6.0},{"not_picked":["AlertArray:ReiMu","Conquer:ReiMu","PassingAway:ReiMu"],"picked":"SKIP","floor":10.0},{"not_picked":["CareerPray:ReiMu","FineLineFantasy:ReiMu"],"picked":"SafetyPray:ReiMu","floor":12.0},{"not_picked":["OctopathBindingBorder2:ReiMu","CareerPray:ReiMu"],"picked":"EmergencyTakeOff:ReiMu","floor":13},{"not_picked":["ForcedLanding:ReiMu","OctopathBindingBorder2:ReiMu"],"picked":"Dreaming2:ReiMu","floor":14},{"not_picked":["PrayRite:ReiMu","Shading:ReiMu"],"picked":"DependentForm:ReiMu","floor":16},{"not_picked":["Conquer:ReiMu","YinYangSange:ReiMu"],"picked":"AirManeuver:ReiMu+1","floor":18},{"not_picked":["Intuition:ReiMu","SpreadBorder2:ReiMu"],"picked":"ShadowOfCrow2:ReiMu+1","floor":19},{"not_picked":["CareerPray:ReiMu","UpKicking:ReiMu+1"],"picked":"SpreadBorder2:ReiMu+1","floor":21},{"not_picked":["OrbThrow:ReiMu","EmergencyTakeOff:ReiMu"],"picked":"Enchanting:ReiMu","floor":22}],"player_experience":500596,"relics_obtained":[{"floor":6.0,"key":"Runesmith:AutoHammer"},{"floor":14,"key":"potionbrewer:AlchemistFlask"}],"event_choices":[{"damage_healed":0.0,"max_hp_gain":0.0,"max_hp_loss":0.0,"gold_gain":275.0,"event_name":"Golden Shrine","player_choice":"Desecrate","floor":2.0,"gold_loss":0.0,"damage_taken":0.0,"cards_obtained":["Regret"]},{"damage_healed":0.0,"max_hp_gain":0.0,"max_hp_loss":0.0,"gold_gain":0.0,"event_name":"Upgrade Shrine","player_choice":"Upgraded","floor":11.0,"gold_loss":0.0,"damage_taken":0.0,"cards_upgraded":["DoubleButterfly:ReiMu"]},{"damage_healed":0,"gold_gain":0,"player_choice":"Obtained Relic","damage_taken":0,"relics_obtained":["CCEMRelics:JestersCrown"],"max_hp_gain":0,"max_hp_loss":0,"event_name":"Addict","floor":20,"gold_loss":85}],"is_beta":false,"boss_relics":[{"not_picked":["Snecko Eye","Empty Cage"],"picked":"Cursed Key"}],"items_purged_floors":[3],"is_endless":false,"potions_floor_spawned":[4,6,10,12,13,19,21,22],"killed_by":"Gremlin Leader","ascension_level":0}}