{"host":"coame8l8goqx0svj","time":1607957544,"event":{"mods":["BaseMod","Downfall","Minty Spire (QoL Compilation)","StSLib"],"gold_per_floor":[99,130,130,130,156,156,156,167,17,47,147,247,119,119,129,230,230,155,172,120,131,131,131,131,131,142,142,142,142,32,46,65,168,168,168,180,180,194,194,211,285,285,320,320,334,334,349,90,103,103,103,129,51,51,51],"floor_reached":56,"playtime":4146,"items_purged":["champ:Strike"],"score":1360,"play_id":"ed7a29ae-5a22-4b90-9e55-dbe4df250bf7","local_time":"20201214155224","is_ascension_mode":true,"campfire_choices":[{"data":"champ:Taunt","floor":1,"key":"SMITH"},{"data":"champ:DeathBlow","floor":4,"key":"SMITH"},{"floor":6,"key":"RECALL"},{"data":"champ:Encircle","floor":9,"key":"SMITH"},{"data":"champ:VampiricStrike","floor":18,"key":"SMITH"},{"data":"champ:AdrenalArmor","floor":23,"key":"SMITH"},{"data":"champ:AdrenalArmor","floor":25,"key":"SMITH"},{"data":"champ:FocusedBerserking","floor":27,"key":"SMITH"},{"data":"Thinking Ahead","floor":35,"key":"SMITH"},{"data":"champ:Aggression","floor":37,"key":"SMITH"},{"data":"champ:Control","floor":39,"key":"SMITH"},{"data":"champ:CalledShot","floor":42,"key":"SMITH"},{"data":"champ:BerserkerStyle","floor":54,"key":"SMITH"}],"circlet_count":0,"master_deck":["champ:Strike","champ:Strike","champ:Strike","champ:Defend","champ:Defend","champ:Defend","champ:Defend","champ:Execute","champ:Taunt+1","champ:DeathBlow+1","champ:RapidStrikes","champ:Encircle+1","champ:AdrenalArmor+1","champ:Control+1","champ:BringItOn","champ:Aggression+1","champ:AdrenalArmor+1","champ:VampiricStrike+1","champ:BerserkersShout","champ:FocusedBerserking+1","champ:ShieldWall","champ:Shatter","champ:CalledShot+1","Thinking Ahead+1","champ:SteelEdge","CurseOfTheBell","champ:StanceDance+1","champ:VampiricStrike+1","champ:BerserkerStyle+1"],"relics":["champ:ChampionCrown","downfall:HeartsMalice","HornCleat","downfall:HeartBlessingRed","downfall:HeartBlessingBlue","CloakClasp","Sozu","downfall:HeartBlessingGreen","Unceasing Top","downfall:RedIOU","Kunai","Calling Bell","Shuriken","Calipers","champ:FightingForDummies","Pantograph","StrikeDummy","Pear","OrangePellets","Ornamental Fan"],"acts_visited":["Exordium","TheCity","TheBeyond","TheEnding"],"potions_floor_usage":[12,14,16,22,33],"damage_taken":[{"damage":0,"enemies":"Gremlin Nob","floor":2,"turns":1},{"damage":0,"enemies":"Small Slimes","floor":3,"turns":1},{"damage":0,"enemies":"Lagavulin","floor":5,"turns":1},{"damage":32,"enemies":"2 Louse","floor":8,"turns":3},{"damage":48,"enemies":"3 Sentries","floor":10,"turns":5},{"damage":51,"enemies":"3 Sentries","floor":12,"turns":3},{"damage":43,"enemies":"downfall:FleeingMerchant","floor":13,"turns":4},{"damage":31,"enemies":"Cultist","floor":15,"turns":2},{"damage":76,"enemies":"downfall:Ironclad","floor":16,"turns":9},{"damage":43,"enemies":"Chosen","floor":19,"turns":3},{"damage":65,"enemies":"downfall:FleeingMerchant","floor":20,"turns":4},{"damage":36,"enemies":"Shell Parasite","floor":21,"turns":4},{"damage":0,"enemies":"Slavers","floor":22,"turns":1},{"damage":52,"enemies":"Snecko","floor":26,"turns":5},{"damage":35,"enemies":"downfall:FleeingMerchant","floor":30,"turns":4},{"damage":70,"enemies":"3 Cultists","floor":31,"turns":4},{"damage":44,"enemies":"Centurion and Healer","floor":32,"turns":4},{"damage":87,"enemies":"downfall:Defect","floor":33,"turns":5},{"damage":38,"enemies":"3 Shapes","floor":36,"turns":2},{"damage":54,"enemies":"Orb Walker","floor":38,"turns":4},{"damage":60,"enemies":"3 Darklings","floor":40,"turns":4},{"damage":79,"enemies":"Reptomancer","floor":43,"turns":5},{"damage":25,"enemies":"Jaw Worm Horde","floor":45,"turns":3},{"damage":44,"enemies":"Sphere and 2 Shapes","floor":47,"turns":4},{"damage":101,"enemies":"Maw","floor":49,"turns":5},{"damage":67,"enemies":"downfall:Watcher","floor":50,"turns":6},{"damage":101,"enemies":"downfall:CharBossMerchant","floor":52,"turns":6},{"damage":331,"enemies":"downfall:NeowBoss","floor":55,"turns":18}],"seed_played":"6898811281666894773","potions_obtained":[{"floor":5,"key":"Fruit Juice"},{"floor":10,"key":"ColorlessPotion"},{"floor":14,"key":"Regen Potion"},{"floor":14,"key":"SmokeBomb"},{"floor":14,"key":"DuplicationPotion"},{"floor":16,"key":"SpeedPotion"}],"is_trial":false,"path_per_floor":["R","E","M","R","E","R","T","M","R","E","?","?","$","?","M","B",null,"R","M","$","M","E","R","T","R","M","R","?","?","$","M","M","B",null,"R","M","R","M","R","M","T","R","E","?","M","?","M","$","M","B",null,"E","$","R","B",null],"character_chosen":"THE_CHAMP","items_purchased":["champ:Aggression","champ:FocusedBerserking","Thinking Ahead","Kunai","Pear","champ:BerserkerStyle"],"campfire_rested":0,"item_purchase_floors":[13,20,30,30,48,53],"current_hp_per_floor":[90,90,90,90,90,90,90,90,100,83,83,63,63,68,68,63,105,105,105,105,105,105,105,105,105,105,105,105,105,105,105,105,105,105,105,105,105,105,105,105,105,105,105,105,105,70,105,115,120,120,120,120,120,120,120],"gold":51,"neow_bonus":"THREE_ENEMY_KILL","is_daily":false,"chose_seed":false,"campfire_upgraded":12,"win_rate":0.0,"timestamp":1607957544,"path_taken":["R","E","M","R","E","R","T","M","R","E","?","?","$","?","M","BOSS","R","M","?","?","E","R","T","R","M","R","?","?","$","M","M","BOSS","R","M","R","M","R","M","T","R","E","?","?","?","M","$","M","BOSS","E","$","R","BOSS"],"items_purchased_type":["Card","Card","Card","Relic","Relic","Card"],"build_version":"2020-12-13","purchased_purges":1,"victory":true,"max_hp_per_floor":[90,90,90,90,90,90,90,90,100,100,100,100,100,105,105,105,105,105,105,105,105,105,105,105,105,105,105,105,105,105,105,105,105,105,105,105,105,105,105,105,105,105,105,105,105,105,105,115,120,120,120,120,120,120,120],"card_choices":[{"not_picked":["champ:Encircle","champ:HeartStrike"],"picked":"champ:DeathBlow","floor":2},{"not_picked":["champ:Encircle","champ:BerserkersShout"],"picked":"champ:RapidStrikes","floor":3},{"not_picked":["champ:TornadoPunch","champ:ShieldWall"],"picked":"champ:Encircle","floor":5},{"not_picked":["champ:PreciseThrust","champ:Circumvent"],"picked":"champ:AdrenalArmor","floor":8},{"not_picked":["champ:HeavySlash","champ:EnGarde"],"picked":"champ:Control","floor":10},{"not_picked":["champ:CrookedStrike","champ:FaceSlap"],"picked":"champ:BringItOn","floor":12},{"not_picked":["champ:Haymaker","champ:FaceSlap","champ:BladeFlurry"],"picked":"SKIP","floor":13},{"not_picked":["champ:BringItOn","champ:Aggression"],"picked":"champ:AdrenalArmor","floor":15},{"not_picked":["champ:ShieldThrow","champ:CrownThrow"],"picked":"champ:VampiricStrike","floor":16},{"not_picked":["champ:Duel","champ:Riposte+1","champ:Haymaker"],"picked":"SKIP","floor":19},{"not_picked":["champ:DeathBlow","champ:ShieldSigil"],"picked":"champ:BerserkersShout","floor":20},{"not_picked":["champ:Aggression","champ:FocusedBerserking+1"],"picked":"champ:ShieldWall","floor":21},{"not_picked":["champ:FaceSlap","champ:GutPunch"],"picked":"champ:Shatter","floor":26},{"not_picked":["champ:DeathBlow","champ:StanceDance"],"picked":"champ:CalledShot","floor":30},{"not_picked":["champ:BladeFlurry","champ:AdrenalArmor+1","champ:EnGarde"],"picked":"SKIP","floor":31},{"not_picked":["champ:DefensiveShout","champ:FlashCut+1","champ:PreciseThrust+1"],"picked":"SKIP","floor":32},{"not_picked":["champ:ShieldThrow","champ:VampiricStrike"],"picked":"champ:SteelEdge","floor":33},{"not_picked":["champ:StanceDance","champ:FocusedGladiator+1","champ:SwordSigil+1"],"picked":"SKIP","floor":36},{"not_picked":["champ:SkillfulDodge","champ:TornadoPunch"],"picked":"champ:StanceDance+1","floor":38},{"not_picked":["champ:PerfectedStrike","champ:BerserkersShout+1","champ:DefensiveShout+1"],"picked":"SKIP","floor":40},{"not_picked":["champ:BladeFlurry","champ:Haymaker+1","champ:Circumvent"],"picked":"SKIP","floor":43},{"not_picked":["champ:GutPunch","champ:Shatter+1"],"picked":"champ:FightOn","floor":45},{"not_picked":["champ:StanceDance","champ:Backstep+1","champ:IgnorePain"],"picked":"SKIP","floor":47},{"not_picked":["champ:DefensiveShout","champ:PerfectedStrike","champ:FocusedDefense+1"],"picked":"SKIP","floor":49},{"not_picked":["champ:Encircle","champ:CrookedStrike+1","champ:SkillfulDodge+1"],"picked":"SKIP","floor":52}],"player_experience":1593642,"relics_obtained":[{"floor":2,"key":"HornCleat"},{"floor":5,"key":"Dream Catcher"},{"floor":10,"key":"Regal Pillow"},{"floor":12,"key":"CloakClasp"},{"floor":24,"key":"Unceasing Top"},{"floor":34,"key":"Shuriken"},{"floor":34,"key":"Calipers"},{"floor":34,"key":"champ:FightingForDummies"},{"floor":41,"key":"Pantograph"},{"floor":43,"key":"StrikeDummy"},{"floor":52,"key":"OrangePellets"},{"floor":52,"key":"Ornamental Fan"}],"event_choices":[{"damage_healed":0,"gold_gain":0,"player_choice":"Ignored","damage_taken":0,"max_hp_gain":0,"max_hp_loss":0,"event_name":"Ghosts","floor":28,"gold_loss":0},{"damage_healed":0,"gold_gain":0,"player_choice":"Copied","damage_taken":0,"max_hp_gain":0,"max_hp_loss":0,"event_name":"Duplicator","floor":44,"gold_loss":0,"cards_obtained":["champ:VampiricStrike"]}],"is_beta":false,"boss_relics":[{"not_picked":["Busted Crown","Philosopher\u0027s Stone"],"picked":"Sozu"},{"not_picked":["Tiny House","SacredBark"],"picked":"Calling Bell"}],"items_purged_floors":[13],"is_endless":false,"potions_floor_spawned":[5,10,15,16,21,22,26,31,43,49,52],"ascension_level":1}}