{"host":"lreod2rejfd0az5i","time":1607989598,"event":{"mods":["AchievementEnabler","Aspiration","BaseMod","Colored Powertips","Conspire","Downfall","Highlight Path","Hubris","Infinite Spire","Mad Scientist","Minty Spire (QoL Compilation)","Rare Cards Sparkle","Relic Stats","Replay The Spire","StSLib","The Bug Knight","The Jungle"],"gold_per_floor":[109,69,79,95,95,95,95,109,132,68,68,68,84,102,102,179,179,189,199,25,35,35,35,35,53,127,127,155,165,179,198,198,272,272,285,310,310,310,273,298,298,298,322,335,335,345,362,381,381,381],"floor_reached":51,"playtime":1509,"items_purged":["Strike_B","Defend_B"],"score":1458,"play_id":"9b663af1-945d-4897-b1f1-922d547a97b5","local_time":"20201214164638","is_ascension_mode":true,"campfire_choices":[{"data":"hubris:Ukulele","floor":6.0,"key":"SMITH"},{"floor":15.0,"key":"REST"},{"floor":23.0,"key":"REST"},{"floor":27.0,"key":"REST"},{"floor":32.0,"key":"REST"},{"floor":49,"key":"REST"}],"circlet_count":0,"master_deck":["AscendersBane","Strike_B","Defend_B","Defend_B","Defend_B","Zap","Dualcast","hubris:Ukulele+1","Ball Lightning+1","White Noise","Loop+1","Conserve Battery","Electrodynamics","hubris:PowerSurge","Conserve Battery+1","Streamline","hubris:Fate","Streamline+1","Beam Cell","FIFO Queue","Parasite","Beam Cell+1"],"relics":["Cracked Core","ReplayTheSpireMod:Ninjato","CaptainsWheel","Oddly Smooth Stone","hubris:Icosahedron","hubris:ScarierMask","Replay:Antivirus Software","Pantograph","conspire:DecoderRing","aspiration:PoetsPen_weak","hubris:FunFungus","conspire:TopHat","aspiration:HatOfInfinitePower","Pet Ghost","infinitespire:Lucky Rock"],"acts_visited":["Exordium","TheCity","TheBeyond"],"potions_floor_usage":[48,50],"damage_taken":[{"damage":2.0,"enemies":"Jaw Worm","floor":1.0,"turns":2.0},{"damage":4.0,"enemies":"2 Louse","floor":3.0,"turns":2.0},{"damage":0.0,"enemies":"Cultist","floor":4.0,"turns":2.0},{"damage":9.0,"enemies":"2 Fungi Beasts","floor":8.0,"turns":3.0},{"damage":0.0,"enemies":"Looter","floor":13.0,"turns":2.0},{"damage":31.0,"enemies":"Gremlin Gang","floor":14.0,"turns":4.0},{"damage":21.0,"enemies":"The Guardian","floor":16.0,"turns":8.0},{"damage":6.0,"enemies":"3 Byrds","floor":18.0,"turns":4.0},{"damage":19.0,"enemies":"Shell Parasite","floor":19.0,"turns":5.0},{"damage":9.0,"enemies":"Centurion and Healer","floor":21.0,"turns":4.0},{"damage":6.0,"enemies":"Cultist and Chosen","floor":25.0,"turns":3.0},{"damage":37.0,"enemies":"Slavers","floor":28.0,"turns":6.0},{"damage":2.0,"enemies":"3 Cultists","floor":29.0,"turns":3.0},{"damage":3.0,"enemies":"Centurion and Healer","floor":30.0,"turns":4.0},{"damage":0.0,"enemies":"Sentry and Sphere","floor":31.0,"turns":2.0},{"damage":38.0,"enemies":"Champ","floor":33.0,"turns":12.0},{"damage":18,"enemies":"Orb Walker","floor":35,"turns":4},{"damage":0,"enemies":"Mind Bloom Boss Battle","floor":36,"turns":5},{"damage":0,"enemies":"R_Hoarder","floor":40,"turns":1},{"damage":0,"enemies":"3 Darklings","floor":44,"turns":2},{"damage":11,"enemies":"4 Shapes","floor":46,"turns":2},{"damage":0,"enemies":"Transient","floor":47,"turns":1},{"damage":19,"enemies":"Writhing Mass","floor":48,"turns":3},{"damage":3,"enemies":"infinitespire:MassOfShapes","floor":50,"turns":1}],"seed_played":"355764223639043273","potions_obtained":[{"floor":1.0,"key":"Energy Potion"},{"floor":8.0,"key":"ColorlessPotion"},{"floor":13.0,"key":"FocusPotion"},{"floor":19.0,"key":"Dexterity Potion"},{"floor":29.0,"key":"GamblersBrew"},{"floor":30.0,"key":"Energy Potion"},{"floor":33.0,"key":"Fruit Juice"},{"floor":35,"key":"LiquidMemories"}],"is_trial":false,"path_per_floor":["M","$","M","M","?","R","?","M","T","$","?","?","M","M","R","B",null,"M","M","$","M","?","R","AVR","M","T","R","E","M","M","M","R","B",null,"M","?","?","?","$","E","AVR","?","T","M","T","M","M","M","R","B",null],"character_chosen":"DEFECT","items_purchased":["Ball Lightning+1","Loop+1","Electrodynamics","Streamline+1"],"campfire_rested":5,"item_purchase_floors":[2,10,20,39],"current_hp_per_floor":[62,62,58,58,47,47,47,38,38,38,38,38,38,7,28,7,55,49,30,30,21,15,36,36,30,30,51,14,12,9,9,30,22,63,45,70,70,50,50,50,50,50,50,50,50,39,39,20,41,63],"gold":381,"neow_bonus":"TRANSFORM_CARD","is_daily":false,"chose_seed":false,"campfire_upgraded":1,"win_rate":0.0,"timestamp":1607989598,"path_taken":["M","$","M","M","?","R","?","?","T","$","?","?","M","M","R","BOSS","M","M","$","M","?","R","AVR","M","T","R","E","M","?","M","R","BOSS","M","?","?","?","?","E","AVR","?","T","M","?","M","M","M","R","BOSS"],"items_purchased_type":["Card","Card","Card","Card"],"build_version":"2020-12-13","purchased_purges":2,"victory":true,"max_hp_per_floor":[71,71,71,71,71,71,71,71,71,71,71,71,71,71,71,71,71,71,71,71,71,71,71,71,71,71,71,71,71,71,71,71,76,76,76,76,76,76,76,76,76,72,72,72,72,72,72,72,72,72],"relic_stats":{"counters":[24,82],"Pantograph":75,"obtain_stats":[{"ReplayTheSpireMod:Ninjato":5,"Oddly Smooth Stone":9,"aspiration:PoetsPen_weak":34,"infinitespire:Lucky Rock":45,"conspire:TopHat":40,"Pet Ghost":43,"CaptainsWheel":7,"hubris:Icosahedron":11,"Pantograph":26,"conspire:DecoderRing":28,"hubris:ScarierMask":17,"hubris:FunFungus":36,"Replay:Antivirus Software":24,"Cracked Core":0,"aspiration:HatOfInfinitePower":41},{"ReplayTheSpireMod:Ninjato":3,"Oddly Smooth Stone":4,"aspiration:PoetsPen_weak":16,"infinitespire:Lucky Rock":20,"conspire:TopHat":19,"Pet Ghost":19,"CaptainsWheel":3,"hubris:Icosahedron":4,"Pantograph":11,"conspire:DecoderRing":12,"hubris:ScarierMask":7,"hubris:FunFungus":18,"Replay:Antivirus Software":10,"Cracked Core":0,"aspiration:HatOfInfinitePower":19},{"ReplayTheSpireMod:Ninjato":6,"Oddly Smooth Stone":9,"aspiration:PoetsPen_weak":64,"infinitespire:Lucky Rock":75,"conspire:TopHat":73,"Pet Ghost":73,"CaptainsWheel":6,"hubris:Icosahedron":9,"Pantograph":37,"conspire:DecoderRing":43,"hubris:ScarierMask":22,"hubris:FunFungus":72,"Replay:Antivirus Software":34,"Cracked Core":0,"aspiration:HatOfInfinitePower":73}]},"card_choices":[{"not_picked":["Leap","Sweeping Beam","Time Bomb"],"picked":"SKIP","floor":1.0},{"not_picked":["Consume","Force Field","Fusion"],"picked":"SKIP","floor":3.0},{"not_picked":["Redo","Turbo"],"picked":"White Noise","floor":4.0},{"not_picked":["Go for the Eyes","Barrage","Compile Driver"],"picked":"SKIP","floor":8.0},{"not_picked":["Coolheaded","Static Discharge","Panic Button"],"picked":"SKIP","floor":13.0},{"not_picked":["Hologram","Go for the Eyes"],"picked":"Conserve Battery","floor":14.0},{"not_picked":["Chill","ReplaySort","Redo"],"picked":"SKIP","floor":18.0},{"not_picked":["Compile Driver","ReplayTheSpireMod:Reroute Power+1","ReplayTheSpireMod:System Scan"],"picked":"SKIP","floor":19.0},{"not_picked":["Aggregate","Steam","Double Energy"],"picked":"SKIP","floor":21.0},{"not_picked":["Time Bomb","Doom and Gloom","Hologram"],"picked":"SKIP","floor":25.0},{"not_picked":["Streamline","Sweeping Beam+1"],"picked":"hubris:PowerSurge","floor":28.0},{"not_picked":["Compile Driver","Beam Cell"],"picked":"Conserve Battery+1","floor":29.0},{"not_picked":["ReplayTheSpireMod:System Scan","Hologram","Streamline"],"picked":"SKIP","floor":30.0},{"not_picked":["Beam Cell","ReplayTheSpireMod:Omega Cannon","Rebound"],"picked":"SKIP","floor":31.0},{"not_picked":["BasicCrystalCard","Reprogram+1"],"picked":"Streamline","floor":35},{"not_picked":["ReplayTheSpireMod:Echoes of Time","infinitespire:FutureSight"],"picked":"hubris:Fate","floor":38},{"not_picked":["Heatsinks","Panic Button","Beam Cell"],"picked":"SKIP","floor":40},{"not_picked":["Heatsinks","Panic Button"],"picked":"Beam Cell","floor":40},{"not_picked":["Compile Driver+1","BasicCrystalCard","Melter"],"picked":"SKIP","floor":44},{"not_picked":["Panic Button","Doom and Gloom","Barrage"],"picked":"SKIP","floor":46},{"not_picked":["ReplayTheSpireMod:Calculation Training","Coolheaded"],"picked":"FIFO Queue","floor":47},{"not_picked":["Rip and Tear","FIFO Queue"],"picked":"Beam Cell+1","floor":48}],"player_experience":840242,"relics_obtained":[{"floor":9.0,"key":"Oddly Smooth Stone"},{"floor":26.0,"key":"Pantograph"},{"floor":28.0,"key":"conspire:DecoderRing"},{"floor":36,"key":"hubris:FunFungus"},{"floor":40,"key":"conspire:TopHat"},{"floor":43,"key":"Pet Ghost"},{"floor":45,"key":"infinitespire:Lucky Rock"}],"event_choices":[{"damage_healed":0.0,"max_hp_gain":0.0,"max_hp_loss":0.0,"gold_gain":0.0,"event_name":"Scrap Ooze","player_choice":"Success","floor":5.0,"gold_loss":0.0,"damage_taken":11.0,"relics_obtained":["ReplayTheSpireMod:Ninjato"]},{"damage_healed":0.0,"max_hp_gain":0.0,"max_hp_loss":0.0,"gold_gain":0.0,"event_name":"WeMeetAgain","player_choice":"Gave Potion","floor":7.0,"gold_loss":0.0,"damage_taken":0.0,"relics_obtained":["CaptainsWheel"]},{"damage_healed":0.0,"max_hp_gain":0.0,"max_hp_loss":0.0,"gold_gain":0.0,"event_name":"Liars Game","player_choice":"Ignored","floor":12.0,"gold_loss":0.0,"damage_taken":0.0},{"damage_healed":0.0,"max_hp_gain":0.0,"max_hp_loss":0.0,"gold_gain":0.0,"event_name":"Knowing Skull","player_choice":"","floor":22.0,"potions_obtained":[],"gold_loss":0.0,"damage_taken":6.0,"cards_obtained":[]},{"damage_healed":0,"gold_gain":0,"player_choice":"Fight","damage_taken":0,"max_hp_gain":0,"max_hp_loss":0,"event_name":"MindBloom","floor":36,"gold_loss":0},{"cards_removed":["Strike_B"],"damage_healed":0,"gold_gain":0,"player_choice":"Removed Attack","damage_taken":0,"max_hp_gain":0,"max_hp_loss":0,"event_name":"Falling","floor":37,"gold_loss":0},{"damage_healed":0,"gold_gain":0,"player_choice":"Max HP","damage_taken":0,"max_hp_gain":0,"max_hp_loss":4,"event_name":"Winding Halls","floor":42,"gold_loss":0}],"is_beta":false,"boss_relics":[{"not_picked":["Honey Jar","aspiration:IroncladSkillbook"],"picked":"hubris:ScarierMask"},{"not_picked":["Pandora\u0027s Box","FrozenCore"],"picked":"aspiration:PoetsPen_weak"}],"items_purged_floors":[24,41],"is_endless":false,"potions_floor_spawned":[1,8,13,19,29,30,33,35,44,47],"ascension_level":18}}