{"host":"swphzoo6hmc78epl","time":1607916629,"event":{"mods":["BaseMod","Highlight Path","Minty Spire (QoL Compilation)","Quick Restart"],"gold_per_floor":[109,121,133,144,419,433,433,451,451,469,469,489,501,520,520,617,617,631,649,677,551,466,466,494,494,544,469,479,506,521,521,521,621,621,638,656,656,669,14,48,58,58,58,81,110,155,55,66,66,66,66,66,66,91,91],"floor_reached":56,"playtime":2968,"items_purged":["Strike_P","Defend_P"],"score":1522,"play_id":"e395454f-b02b-47f5-afee-78dcda864b26","local_time":"20201213223029","is_ascension_mode":true,"campfire_choices":[{"data":"Eruption","floor":7,"key":"SMITH"},{"data":"Vault","floor":15,"key":"SMITH"},{"floor":23,"key":"REST"},{"data":"DevaForm","floor":25,"key":"SMITH"},{"data":"LessonLearned","floor":32,"key":"SMITH"},{"floor":42,"key":"RECALL"},{"data":"Tantrum","floor":49,"key":"SMITH"},{"data":"Swivel","floor":52,"key":"SMITH"}],"circlet_count":0,"master_deck":["Strike_P+1","Defend_P+1","Defend_P+1","Defend_P","Eruption+1","Vigilance","Weave+1","Tantrum+1","FollowUp","WindmillStrike","Nirvana","Meditate","JustLucky+1","Vault+1","Swivel+1","DevaForm+1","Fasting2+1","SandsOfTime","DeusExMachina","LessonLearned+1","WheelKick","Vault","Collect+1","CutThroughFate","Establishment+1"],"relics":["PureWater","NeowsBlessing","Shuriken","Snecko Eye","Red Mask","Question Card","Tiny Chest","PreservedInsect","Pantograph","Busted Crown","Matryoshka","Ornamental Fan","Blood Vial","Centennial Puzzle","Akabeko","Vajra","Bird Faced Urn","Turnip","Bottled Tornado"],"acts_visited":["Exordium","TheCity","TheBeyond","TheEnding"],"potions_floor_usage":[4,8,16,24,24,28,29,30,45,50,55,55],"damage_taken":[{"damage":0,"enemies":"2 Louse","floor":1,"turns":1},{"damage":0,"enemies":"Cultist","floor":2,"turns":1},{"damage":0,"enemies":"Small Slimes","floor":3,"turns":1},{"damage":8,"enemies":"Exordium Thugs","floor":4,"turns":5},{"damage":0,"enemies":"Blue Slaver","floor":6,"turns":2},{"damage":8,"enemies":"Looter","floor":8,"turns":2},{"damage":11,"enemies":"Exordium Wildlife","floor":10,"turns":2},{"damage":0,"enemies":"Lots of Slimes","floor":12,"turns":3},{"damage":0,"enemies":"Large Slime","floor":13,"turns":3},{"damage":3,"enemies":"Blue Slaver","floor":14,"turns":3},{"damage":5,"enemies":"The Guardian","floor":16,"turns":9},{"damage":10,"enemies":"3 Byrds","floor":18,"turns":4},{"damage":22,"enemies":"2 Thieves","floor":19,"turns":3},{"damage":24,"enemies":"Masked Bandits","floor":20,"turns":3},{"damage":12,"enemies":"Slavers","floor":24,"turns":4},{"damage":17,"enemies":"Snake Plant","floor":28,"turns":4},{"damage":4,"enemies":"Book of Stabbing","floor":29,"turns":3},{"damage":0,"enemies":"Snecko","floor":30,"turns":3},{"damage":0,"enemies":"Champ","floor":33,"turns":4},{"damage":0,"enemies":"Orb Walker","floor":35,"turns":3},{"damage":0,"enemies":"3 Shapes","floor":36,"turns":2},{"damage":0,"enemies":"Sphere and 2 Shapes","floor":38,"turns":2},{"damage":0,"enemies":"Giant Head","floor":40,"turns":5},{"damage":0,"enemies":"3 Darklings","floor":41,"turns":4},{"damage":26,"enemies":"Nemesis","floor":45,"turns":4},{"damage":12,"enemies":"2 Orb Walkers","floor":46,"turns":3},{"damage":0,"enemies":"Maw","floor":48,"turns":3},{"damage":12,"enemies":"Donu and Deca","floor":50,"turns":6},{"damage":0,"enemies":"Shield and Spear","floor":54,"turns":3},{"damage":51,"enemies":"The Heart","floor":55,"turns":6}],"seed_played":"3243340194440247017","potions_obtained":[{"floor":1,"key":"SkillPotion"},{"floor":6,"key":"DuplicationPotion"},{"floor":10,"key":"Block Potion"},{"floor":13,"key":"FearPotion"},{"floor":20,"key":"FearPotion"},{"floor":24,"key":"FearPotion"},{"floor":28,"key":"Fruit Juice"},{"floor":30,"key":"FearPotion"},{"floor":40,"key":"LiquidBronze"},{"floor":46,"key":"BlessingOfTheForge"},{"floor":48,"key":"DistilledChaos"}],"is_trial":false,"path_per_floor":["M","M","M","M","?","M","R","M","T","M","?","M","M","M","R","B",null,"M","M","?","$","?","R","E","R","T","?","M","E","M","?","R","B",null,"M","M","?","M","$","E","M","R","T","T","E","?","$","M","R","B",null,"R","$","E","B",null],"character_chosen":"WATCHER","items_purchased":["PowerPotion","Establishment","Matryoshka","Ornamental Fan"],"campfire_rested":1,"item_purchase_floors":[21,39,39,39],"current_hp_per_floor":[72,72,72,64,64,64,64,56,56,45,38,38,38,35,35,30,72,62,40,16,16,16,37,25,25,25,25,13,9,9,9,9,34,77,77,77,77,77,77,77,77,77,77,77,51,41,41,51,51,73,77,77,77,77,26],"gold":91,"neow_bonus":"THREE_ENEMY_KILL","is_daily":false,"chose_seed":false,"campfire_upgraded":6,"win_rate":0.0,"timestamp":1607916629,"path_taken":["M","M","M","M","?","?","R","M","T","M","?","M","M","M","R","BOSS","M","M","?","$","?","R","E","R","T","?","M","E","M","?","R","BOSS","M","M","?","M","$","E","M","R","T","?","E","?","?","M","R","BOSS","R","$","E","BOSS"],"items_purchased_type":["Potion","Card","Relic","Relic"],"build_version":"2020-12-13","purchased_purges":2,"victory":true,"max_hp_per_floor":[72,72,72,72,72,72,72,72,72,72,72,72,72,72,72,72,72,72,72,72,72,72,72,72,72,72,72,77,77,77,77,77,77,77,77,77,77,77,77,77,77,77,77,77,77,77,77,77,77,77,77,77,77,77,77],"card_choices":[{"not_picked":["Study","Halt"],"picked":"Weave","floor":1},{"not_picked":["Consecrate","Adaptation"],"picked":"Tantrum","floor":2},{"not_picked":["Collect","Evaluate"],"picked":"FollowUp","floor":3},{"not_picked":["ThirdEye","CrushJoints"],"picked":"WindmillStrike","floor":4},{"not_picked":["Fasting2","Crescendo"],"picked":"Nirvana","floor":6},{"not_picked":["Adaptation","Protect"],"picked":"Meditate","floor":8},{"not_picked":["ReachHeaven","Protect"],"picked":"JustLucky","floor":10},{"not_picked":["EmptyBody","Prostrate","WindmillStrike"],"picked":"SKIP","floor":12},{"not_picked":["CrushJoints","Halt"],"picked":"Vault","floor":13},{"not_picked":["Protect","PathToVictory"],"picked":"Swivel","floor":14},{"not_picked":["ConjureBlade","SpiritShield"],"picked":"DevaForm","floor":16},{"not_picked":["Protect+1","LikeWater+1"],"picked":"Fasting2+1","floor":18},{"not_picked":["SashWhip+1","JustLucky","ThirdEye"],"picked":"SKIP","floor":19},{"not_picked":["Prostrate","JustLucky"],"picked":"SandsOfTime","floor":20},{"not_picked":["InnerPeace","EmptyFist+1","Sanctity"],"picked":"DeusExMachina","floor":24},{"not_picked":["Protect","CrushJoints","ClearTheMind","Adaptation"],"picked":"SKIP","floor":28},{"not_picked":["Vengeance+1","Perseverance","Indignation"],"picked":"LessonLearned","floor":29},{"not_picked":["Halt+1","SandsOfTime+1","Meditate"],"picked":"WheelKick","floor":30},{"not_picked":["ConjureBlade","Scrawl","Blasphemy"],"picked":"Vault","floor":33},{"not_picked":["ClearTheMind"],"picked":"Collect","floor":35},{"not_picked":["FlyingSleeves+1"],"picked":"CutThroughFate","floor":36},{"not_picked":["ThirdEye+1","Halt+1"],"picked":"SKIP","floor":38},{"not_picked":["SignatureMove","Weave"],"picked":"SKIP","floor":40},{"not_picked":["Wireheading+1","FlyingSleeves+1"],"picked":"SKIP","floor":41},{"not_picked":["Wireheading+1","FlyingSleeves+1"],"picked":"SKIP","floor":41},{"not_picked":["SignatureMove+1","Evaluate"],"picked":"SKIP","floor":45},{"not_picked":["FlyingSleeves","Nirvana+1"],"picked":"SKIP","floor":48},{"not_picked":["FlurryOfBlows","CrushJoints"],"picked":"SKIP","floor":54}],"player_experience":734810,"relics_obtained":[{"floor":9,"key":"Shuriken"},{"floor":20,"key":"Red Mask"},{"floor":24,"key":"Tiny Chest"},{"floor":26,"key":"PreservedInsect"},{"floor":29,"key":"Pantograph"},{"floor":40,"key":"Blood Vial"},{"floor":43,"key":"Centennial Puzzle"},{"floor":44,"key":"Akabeko"},{"floor":44,"key":"Vajra"},{"floor":45,"key":"Bird Faced Urn"},{"floor":46,"key":"Turnip"},{"floor":54,"key":"Bottled Tornado"}],"event_choices":[{"damage_healed":0,"gold_gain":275,"player_choice":"Desecrate","damage_taken":0,"max_hp_gain":0,"max_hp_loss":0,"event_name":"Golden Shrine","floor":5,"gold_loss":0,"cards_obtained":["Regret"]},{"cards_removed":["Regret"],"damage_healed":0,"gold_gain":0,"player_choice":"Card Removal","damage_taken":7,"max_hp_gain":0,"max_hp_loss":0,"event_name":"Golden Wing","floor":11,"gold_loss":0},{"damage_healed":0,"gold_gain":0,"player_choice":"Fought Bandits","damage_taken":0,"max_hp_gain":0,"max_hp_loss":0,"event_name":"Masked Bandits","floor":20,"gold_loss":0},{"damage_healed":0,"gold_gain":0,"player_choice":"Obtained Relic","damage_taken":0,"relics_obtained":["Question Card"],"max_hp_gain":0,"max_hp_loss":0,"event_name":"Addict","floor":22,"gold_loss":85},{"cards_removed":["Strike_P"],"damage_healed":0,"gold_gain":0,"player_choice":"Gave Gold","damage_taken":0,"max_hp_gain":0,"max_hp_loss":0,"event_name":"Beggar","floor":27,"gold_loss":75},{"cards_removed":["Strike_P"],"damage_healed":0,"gold_gain":0,"player_choice":"Elegance","damage_taken":0,"max_hp_gain":0,"max_hp_loss":0,"event_name":"Back to Basics","floor":31,"gold_loss":0},{"damage_healed":0,"gold_gain":0,"player_choice":"Forge","damage_taken":0,"max_hp_gain":0,"max_hp_loss":0,"event_name":"Accursed Blacksmith","floor":37,"gold_loss":0,"cards_upgraded":["Collect"]},{"damage_healed":0,"gold_gain":0,"player_choice":"Fight","damage_taken":0,"max_hp_gain":0,"max_hp_loss":0,"event_name":"Mysterious Sphere","floor":46,"gold_loss":0}],"is_beta":false,"boss_relics":[{"not_picked":["Empty Cage","Black Star"],"picked":"Snecko Eye"},{"not_picked":["SlaversCollar","Runic Pyramid"],"picked":"Busted Crown"}],"items_purged_floors":[21,47],"is_endless":false,"potions_floor_spawned":[1,6,10,13,20,24,28,30,40,46,48],"ascension_level":4}}