{"host":"kntpungskobv1jqb","time":1607958352,"event":{"mods":["BaseMod","Minty Spire (QoL Compilation)","Replay The Spire","StSLib","SuperFastMode"],"gold_per_floor":[219,219,229,229,244,275,292,292,292,338,638,319,338,351,351,351,351],"floor_reached":16,"playtime":386,"items_purged":["Regret"],"score":173,"play_id":"b8f3bcdb-bfd3-44c2-a495-de6b77d092b8","local_time":"20201214230552","is_ascension_mode":true,"campfire_choices":[{"floor":8,"key":"REST"},{"floor":15,"key":"REST"}],"circlet_count":0,"master_deck":["AscendersBane","Strike_R","Strike_R","Strike_R","Strike_R","Strike_R","Defend_R","Defend_R","Defend_R","Bash","ReplayTheSpireMod:LeadingStrike","Rage","ReplayTheSpireMod:Stacked","Offering","Pommel Strike","Flex","Spot Weakness","Rage","Life Link"],"relics":["Burning Blood","Dream Catcher","Replay:WaspNest","Boot","Old Coin","Membership Card","Darkstone Periapt"],"acts_visited":["Exordium"],"potions_floor_usage":[6,6,13,14,14,16],"damage_taken":[{"damage":0,"enemies":"Small Slimes","floor":1,"turns":4},{"damage":9,"enemies":"2 Louse","floor":3,"turns":3},{"damage":7,"enemies":"Jaw Worm","floor":5,"turns":4},{"damage":13,"enemies":"Gremlin Nob","floor":6,"turns":4},{"damage":11,"enemies":"Looter","floor":7,"turns":3},{"damage":37,"enemies":"Exordium Thugs","floor":13,"turns":4},{"damage":19,"enemies":"Large Slime","floor":14,"turns":6},{"damage":36,"enemies":"The Guardian","floor":16,"turns":7}],"seed_played":"946400916196270341","potions_obtained":[{"floor":1,"key":"Block Potion"},{"floor":3,"key":"FearPotion"},{"floor":10,"key":"EntropicBrew"},{"floor":14,"key":"AttackPotion"}],"is_trial":false,"path_per_floor":["M","?","M","$","M","E","M","R","T","?","?","$","M","M","R","B"],"character_chosen":"IRONCLAD","items_purchased":["Membership Card","Darkstone Periapt"],"campfire_rested":2,"item_purchase_floors":[12,12],"current_hp_per_floor":[74,67,64,64,63,56,51,73,73,43,43,43,12,14,36,0,0],"gold":351,"neow_bonus":"HUNDRED_GOLD","is_daily":false,"chose_seed":false,"campfire_upgraded":0,"win_rate":0.0,"timestamp":1607958352,"path_taken":["M","?","M","$","M","E","M","R","T","?","?","$","M","M","R","BOSS"],"items_purchased_type":["Relic","Relic"],"build_version":"2020-11-30","purchased_purges":1,"victory":false,"max_hp_per_floor":[75,75,75,75,75,75,75,75,75,75,75,75,75,75,75,75,75],"card_choices":[{"not_picked":["Power Through","Wild Strike"],"picked":"ReplayTheSpireMod:LeadingStrike","floor":1},{"not_picked":["True Grit","Heavy Blade"],"picked":"Rage","floor":3},{"not_picked":["Thunderclap","Warcry","Iron Wave"],"picked":"SKIP","floor":5},{"not_picked":["True Grit","Thunderclap"],"picked":"ReplayTheSpireMod:Stacked","floor":6},{"not_picked":["Disarm","Rampage","Rupture"],"picked":"SKIP","floor":7},{"not_picked":["Run Through","Abandon"],"picked":"Offering","floor":8},{"not_picked":["ReplayTheSpireMod:Corrosion Curse","Dark Embrace"],"picked":"Pommel Strike","floor":10},{"not_picked":["Second Wind","Heavy Blade"],"picked":"Flex","floor":10},{"not_picked":["Iron Wave","Sentinel"],"picked":"Spot Weakness","floor":13},{"not_picked":["Warcry","Run Through"],"picked":"Rage","floor":14},{"not_picked":["Pommel Strike","Abandon"],"picked":"Life Link","floor":15}],"player_experience":462121,"relics_obtained":[{"floor":6,"key":"Dream Catcher"},{"floor":9,"key":"Replay:WaspNest"},{"floor":10,"key":"Boot"}],"event_choices":[{"cards_removed":["Defend_R"],"damage_healed":0,"gold_gain":0,"player_choice":"Card Removal","damage_taken":7,"max_hp_gain":0,"max_hp_loss":0,"event_name":"Golden Wing","floor":2,"gold_loss":0},{"damage_healed":0,"gold_gain":0,"player_choice":"Box","damage_taken":0,"relics_obtained":["Old Coin"],"max_hp_gain":0,"max_hp_loss":0,"event_name":"Big Fish","floor":11,"gold_loss":0,"cards_obtained":["Regret"]}],"is_beta":false,"boss_relics":[],"items_purged_floors":[12],"is_endless":false,"potions_floor_spawned":[1,3,14],"killed_by":"The Guardian","ascension_level":14}}