{"host":"cd25ms2o8pjhjp7m","time":1607956651,"event":{"mods":["AchievementEnabler","Act Like it!","Aspiration","BaseMod","Better Note","Better Third Choice","BetterRewards","Friendly Minions","FruityMod","GifTheSpireLib","Hubris","Infinite Spire","Marisa????????","Minty Spire (QoL Compilation)","Rare Cards Sparkle","Relic Stats","Replay The Spire","Say the Spire","Shade Mod","Shedinja","Somnambulant","StSLib","The Exalted","Uncapped"],"gold_per_floor":[113,113,127,138,152,152,177,177,177,177,177,177,193,190,190,293,293,308,308,321,321,321,321],"floor_reached":22,"playtime":865,"items_purged":["ReplayTheSpireMod:Splinters","Spreading Infection"],"score":184,"play_id":"277d1da4-23a8-4c8f-9676-954971f3dc92","local_time":"20201214153731","is_ascension_mode":false,"campfire_choices":[{"floor":6.0,"key":"REST"},{"floor":8.0,"key":"REST"},{"floor":10.0,"key":"REST"},{"floor":15.0,"key":"REST"}],"circlet_count":0,"master_deck":["somnambulantmod: SomnambulantStrike+1","somnambulantmod: SomnambulantStrike+1","somnambulantmod: SomnambulantStrike","somnambulantmod: SomnambulantStrike","somnambulantmod: SomnambulantStrike","somnambulantmod: Defend_Somnambulant","somnambulantmod: Defend_Somnambulant+1","somnambulantmod: Defend_Somnambulant","somnambulantmod: Defend_Somnambulant","somnambulantmod: Defend_Somnambulant","somnambulantmod: QuickNap","somnambulantmod: PrimingPunch","somnambulantmod: ShimmeringVeil","Injury","somnambulantmod: BadIdea+1","somnambulantmod: UnthoughtKnown","somnambulantmod: PillowFort","somnambulantmod: LoseForm+1","somnambulantmod: ViralIdea","somnambulantmod: Blink","somnambulantmod: LightSleeper+1","somnambulantmod: Narcolepsy","somnambulantmod: SleepingBody+1","somnambulantmod: Unmake","somnambulantmod: ShowerThought"],"relics":["somnambulantmod: DreamJournal","Unceasing Top","Frozen Egg 2","infinitespire:Satchel","hubris:AstralHammer","Shedinja:EnergyLoss","ReplayTheSpireMod:CursedCoin","Philosopher\u0027s Stone","infinitespire:Magic Flask","hubris:Backtick","Dead Branch"],"acts_visited":[],"potions_floor_usage":[],"damage_taken":[{"damage":0.0,"enemies":"2 Louse","floor":1.0,"turns":3.0},{"damage":0.0,"enemies":"Small Slimes","floor":3.0,"turns":5.0},{"damage":2.0,"enemies":"Cultist","floor":4.0,"turns":6.0},{"damage":7.0,"enemies":"Large Slime","floor":5.0,"turns":7.0},{"damage":31.0,"enemies":"3 Sentries","floor":7.0,"turns":10.0},{"damage":8.0,"enemies":"2 Fungi Beasts","floor":13.0,"turns":4.0},{"damage":25.0,"enemies":"Slime Boss","floor":16.0,"turns":8.0},{"damage":35.0,"enemies":"2 Thieves","floor":18.0,"turns":3.0},{"damage":14,"enemies":"Shell Parasite","floor":20,"turns":6},{"damage":29,"enemies":"Snake Plant","floor":22,"turns":4}],"seed_played":"4814831977536262516","potions_obtained":[{"floor":1.0,"key":"DistilledChaos"},{"floor":5.0,"key":"Weak Potion"}],"is_trial":false,"path_per_floor":["M","?","M","M","M","R","E","R","T","R","?","?","M","$","R","B",null,"M","?","M","AVR","M"],"character_chosen":"THE_SOMNAMBULANT","items_purchased":["ReplayTheSpireMod:CursedCoin","somnambulantmod: LightSleeper+1"],"campfire_rested":4,"item_purchase_floors":[14,14],"current_hp_per_floor":[63,63,63,61,54,65,34,55,55,69,69,69,61,61,71,46,71,36,36,22,22,0,0],"gold":321,"neow_bonus":"ONE_RARE_RELIC","is_daily":false,"chose_seed":false,"campfire_upgraded":0,"win_rate":0.0,"timestamp":1607956651,"path_taken":["M","?","M","M","M","R","E","R","T","R","?","?","?","$","R","BOSS","M","?","M","AVR","M"],"items_purchased_type":["Relic","Card"],"build_version":"2020-12-13","purchased_purges":2,"victory":false,"max_hp_per_floor":[63,63,63,63,63,65,65,67,67,69,69,69,69,69,71,71,71,71,71,71,71,71,71],"relic_stats":{"counters":[10,56],"Dead Branch":[3],"obtain_stats":[{"hubris:Backtick":21,"hubris:AstralHammer":9,"ReplayTheSpireMod:CursedCoin":14,"Dead Branch":21,"infinitespire:Satchel":7,"somnambulantmod: DreamJournal":0,"Shedinja:EnergyLoss":11,"Philosopher\u0027s Stone":17,"infinitespire:Magic Flask":21,"Frozen Egg 2":2,"Unceasing Top":0},{"hubris:Backtick":9,"hubris:AstralHammer":5,"ReplayTheSpireMod:CursedCoin":6,"Dead Branch":9,"infinitespire:Satchel":5,"somnambulantmod: DreamJournal":0,"Shedinja:EnergyLoss":5,"Philosopher\u0027s Stone":7,"infinitespire:Magic Flask":9,"Frozen Egg 2":1,"Unceasing Top":0},{"hubris:Backtick":52,"hubris:AstralHammer":31,"ReplayTheSpireMod:CursedCoin":35,"Dead Branch":52,"infinitespire:Satchel":31,"somnambulantmod: DreamJournal":0,"Shedinja:EnergyLoss":31,"Philosopher\u0027s Stone":43,"infinitespire:Magic Flask":52,"Frozen Egg 2":3,"Unceasing Top":0}],"Unceasing Top":[1]},"card_choices":[{"not_picked":["somnambulantmod: MindWave","somnambulantmod: Bruise"],"picked":"somnambulantmod: ShimmeringVeil","floor":1.0},{"not_picked":["somnambulantmod: Bloom","somnambulantmod: Bruise"],"picked":"somnambulantmod: BadIdea","floor":3.0},{"not_picked":["somnambulantmod: Sleepyhead","somnambulantmod: Stumble"],"picked":"somnambulantmod: UnthoughtKnown","floor":4.0},{"not_picked":["somnambulantmod: PourItOut","somnambulantmod: HappyThoughts"],"picked":"somnambulantmod: PillowFort","floor":5.0},{"not_picked":["somnambulantmod: NightmareFuel","somnambulantmod: SleepingBody+1"],"picked":"somnambulantmod: LoseForm+1","floor":7.0},{"not_picked":["somnambulantmod: LightSleeper+1","somnambulantmod: MuscleMemory"],"picked":"somnambulantmod: Blink","floor":13.0},{"not_picked":["somnambulantmod: SleepParalysis","somnambulantmod: Unburden"],"picked":"somnambulantmod: Narcolepsy","floor":16.0},{"not_picked":["somnambulantmod: HorrificThought","somnambulantmod: Unmake"],"picked":"somnambulantmod: SleepingBody+1","floor":18.0},{"not_picked":["somnambulantmod: HorrificThought","somnambulantmod: Nosebleed+1"],"picked":"somnambulantmod: ShowerThought","floor":20}],"player_experience":579060,"relics_obtained":[{"floor":7.0,"key":"infinitespire:Satchel"},{"floor":9.0,"key":"hubris:AstralHammer"}],"event_choices":[{"damage_healed":0.0,"max_hp_gain":0.0,"max_hp_loss":0.0,"gold_gain":0.0,"cards_transformed":["Shedinja:AerialAce"],"event_name":"Transmorgrifier","player_choice":"Transformed","floor":12.0,"gold_loss":0.0,"damage_taken":0.0,"cards_obtained":["somnambulantmod: ViralIdea"]},{"damage_healed":0.0,"max_hp_gain":0.0,"max_hp_loss":0.0,"gold_gain":0.0,"event_name":"Match and Keep!","player_choice":"2 cards matched","floor":19.0,"gold_loss":0.0,"damage_taken":0.0,"cards_obtained":["somnambulantmod: Unmake","Spreading Infection"]}],"is_beta":false,"boss_relics":[{"not_picked":["Sozu","hubris:GrandSneckoEye"],"picked":"Philosopher\u0027s Stone"}],"items_purged_floors":[14,21],"is_endless":false,"potions_floor_spawned":[1,5],"killed_by":"Snake Plant","ascension_level":0}}