{"host":"b5mzvg96njlg7ry9","time":1607946929,"event":{"mods":["AlwaysNeverKeys","Aspiration","BaseMod","Better Note","Better Third Choice","BetterRewards","Colored Map","Colored Powertips","Downfall","Highlight Path","Hubris","Infinite Spire","Minty Spire (QoL Compilation)","Quick Restart","Relic Sorter","Replay The Spire","Shop Mod","StSLib","SuperFastMode"],"gold_per_floor":[24,56,56,90,90,90,90,117,137,62,162,72,65,119,142,142,142],"floor_reached":16,"playtime":1096,"items_purged":["hexamod:Defend"],"score":180,"play_id":"6579177a-394a-4d34-a913-f3a2fee6503f","local_time":"20201214125529","is_ascension_mode":true,"campfire_choices":[{"data":"hexamod:Float","floor":1.0,"key":"SMITH"},{"data":"hexamod:Again","floor":10.0,"key":"SMITH"}],"circlet_count":0,"master_deck":["hexamod:Strike","hexamod:Strike","hexamod:Strike","hexamod:Defend","hexamod:Defend","hexamod:Defend","hexamod:Sear+1","hexamod:Float+1","hexamod:FifthSeal","hexamod:Again+1","hexamod:SecondSeal","hexamod:TimeWarp","hexamod:ThirdSeal","hexamod:FastForward","hexamod:SuperheatedStrike","hexamod:FirstSeal","hexamod:GhostOfSpirePast"],"relics":["hexamod:SpiritBrand","downfall:HeartsMalice","downfall:HeartBlessingBlue","Nunchaku","aspiration:HiddenCompartment","aspiration:DSix","Blue Candle","downfall:HeartBlessingGreen","Toy Ornithopter","Potion Belt"],"acts_visited":["Exordium"],"potions_floor_usage":[12],"damage_taken":[{"damage":0.0,"enemies":"Lagavulin","floor":2.0,"turns":1.0},{"damage":0.0,"enemies":"Gremlin Nob","floor":4.0,"turns":1.0},{"damage":0.0,"enemies":"Cultist","floor":6.0,"turns":1.0},{"damage":23.0,"enemies":"3 Sentries","floor":8.0,"turns":13.0},{"damage":10.0,"enemies":"Small Slimes","floor":9.0,"turns":3.0},{"damage":20.0,"enemies":"downfall:LadyInBlue","floor":11.0,"turns":9.0},{"damage":4,"enemies":"downfall:FleeingMerchant","floor":12,"turns":4},{"damage":3,"enemies":"downfall:FleeingMerchant","floor":13,"turns":4},{"damage":13,"enemies":"Jaw Worm","floor":15,"turns":4},{"damage":14,"enemies":"downfall:Watcher","floor":16,"turns":4}],"seed_played":"3262547318653434684","potions_obtained":[{"floor":4.0,"key":"PowerPotion"},{"floor":8.0,"key":"DistilledChaos"},{"floor":11.0,"key":"Strength Potion"},{"floor":11.0,"key":"Ancient Potion"},{"floor":11.0,"key":"LiquidBronze"},{"floor":15,"key":"ColorlessPotion"}],"is_trial":false,"path_per_floor":["R","E","?","E","?","M","T","E","M","R","?","$","$","T","M","B"],"character_chosen":"THE_SPIRIT","items_purchased":[],"campfire_rested":0,"item_purchase_floors":[],"current_hp_per_floor":[80,80,80,80,80,80,80,57,47,47,27,28,25,25,12,0,0],"gold":142,"neow_bonus":"THREE_ENEMY_KILL","is_daily":false,"chose_seed":false,"campfire_upgraded":2,"win_rate":0.0,"timestamp":1607946929,"path_taken":["R","E","?","E","?","M","T","E","?","R","?","$","$","?","M","BOSS"],"items_purchased_type":[],"build_version":"2020-12-13","purchased_purges":1,"victory":false,"max_hp_per_floor":[80,80,80,80,80,80,80,80,80,80,80,80,80,80,80,80,80],"card_choices":[{"not_picked":["hexamod:ThermalTransfer","hexamod:NightmareStrike","hexamod:Firestarter"],"picked":"SKIP","floor":2.0},{"not_picked":["hexamod:SpectersWail","hexamod:HauntingEcho"],"picked":"hexamod:FifthSeal","floor":4.0},{"not_picked":["hexamod:AdvancingGuard","hexamod:StepThrough"],"picked":"hexamod:Again","floor":6.0},{"not_picked":["hexamod:InspiringFlames","hexamod:BurningTouch","hexamod:ThermalTransfer"],"picked":"SKIP","floor":8.0},{"not_picked":["hexamod:FirstSeal","hexamod:ThirdSeal"],"picked":"hexamod:SecondSeal","floor":9.0},{"not_picked":["hexamod:AdvancingGuard","hexamod:InspiringFlames"],"picked":"hexamod:TimeWarp","floor":9.0},{"not_picked":["hexamod:FourthSeal","hexamod:SecondSeal"],"picked":"hexamod:ThirdSeal","floor":11.0},{"not_picked":["hexamod:HauntingEcho","hexamod:Hexaguard"],"picked":"hexamod:FastForward","floor":11.0},{"not_picked":["hexamod:ApocalypticArmor","hexamod:Firestarter","hexamod:SpectersWail"],"picked":"SKIP","floor":12},{"not_picked":["hexamod:Hexaguard","hexamod:BacktrackSmack"],"picked":"hexamod:SuperheatedStrike","floor":13},{"not_picked":["hexamod:SecondSeal","hexamod:FourthSeal"],"picked":"hexamod:FirstSeal","floor":15},{"not_picked":["hexamod:Hexaguard","hexamod:InspiringFlames"],"picked":"hexamod:GhostOfSpirePast","floor":15},{"not_picked":["hexamod:UnlimitedPower","hexamod:DynamicBlow","hexamod:ThermalTransfer"],"picked":"SKIP","floor":15}],"player_experience":772657,"relics_obtained":[{"floor":2.0,"key":"Nunchaku"},{"floor":4.0,"key":"aspiration:HiddenCompartment"},{"floor":7.0,"key":"aspiration:DSix"},{"floor":8.0,"key":"Blue Candle"},{"floor":11.0,"key":"Toy Ornithopter"},{"floor":14,"key":"Potion Belt"}],"event_choices":[{"cards_removed":["hexamod:Strike"],"damage_healed":0.0,"max_hp_gain":0.0,"max_hp_loss":0.0,"gold_gain":0.0,"event_name":"Bonfire Elementals","player_choice":"Offered Basic","floor":5.0,"gold_loss":0.0,"damage_taken":0.0}],"is_beta":false,"boss_relics":[],"items_purged_floors":[12],"is_endless":false,"potions_floor_spawned":[4,8,15],"killed_by":"downfall:Watcher","ascension_level":2}}