{"host":"sav7uxregyirlf69","time":1607943314,"event":{"mods":["AchievementEnabler","BaseMod","Colored Map","DeckTracker","Keyboard Shortcuts","Minty Spire (QoL Compilation)","READ ME - Guardian Mod","StSLib","SuperFastMode"],"gold_per_floor":[114,129,144,159,57,57,87,99,136,163,175,202,244,271,283,395,407,434,446,197,197,212,212,242,272,297,327,342,67,97,206,206,324,324,348,130,148,103,103,103,127,142,176,206,230,254,293,293,293,293],"floor_reached":51,"playtime":1209,"items_purged":["Defend_B","Decay","Normality"],"score":920,"play_id":"ea5c49c1-a819-4772-8694-2b6b2b1723a9","local_time":"20201214195514","daily_mods":["Cursed Run","Diverse","DeadlyEvents"],"is_ascension_mode":false,"campfire_choices":[{"data":"Pommel Strike","floor":6.0,"key":"SMITH"},{"floor":15.0,"key":"REST"},{"data":"Scrawl","floor":23.0,"key":"SMITH"},{"floor":32,"key":"REST"},{"data":"Apotheosis","floor":40,"key":"SMITH"},{"data":"After Image","floor":49,"key":"SMITH"}],"circlet_count":0,"master_deck":["Defend_B","Defend_B+1","Defend_B","Zap+1","Dualcast","Pommel Strike+1","Conserve Battery","Streamline+1","Noxious Fumes","Twin Strike","Cold Snap","Doubt","Compile Driver","Die Die Die","Scrawl+1","CurseOfTheBell","True Grit","Bite","Bite","Bite","Bite","Bite","After Image","Undo","Calculated Gamble+1","After Image+1","Defragment","Injury","Offering","Armaments+1","Flash of Steel","Limit Break","Apotheosis+1","Panacea","Turbo","Ball Lightning+1","Doubt","Inflame+1","Stack+1","Defragment"],"relics":["Cursed Key","Darkstone Periapt","Du-Vu Doll","MawBank","Regal Pillow","Boot","Nunchaku","Calling Bell","InkBottle","Mango","War Paint","Vajra","Orichalcum","CeramicFish","Cables","OrangePellets","Symbiotic Virus","Thread and Needle","Question Card","Coffee Dripper","Happy Flower","Toy Ornithopter","Omamori","MealTicket"],"acts_visited":["Exordium","TheCity","TheBeyond"],"potions_floor_usage":[30,31,42,50,50,50],"damage_taken":[{"damage":1.0,"enemies":"Cultist","floor":1.0,"turns":4.0},{"damage":5.0,"enemies":"Small Slimes","floor":2.0,"turns":4.0},{"damage":2.0,"enemies":"2 Louse","floor":3.0,"turns":2.0},{"damage":21.0,"enemies":"Gremlin Gang","floor":4.0,"turns":4.0},{"damage":20.0,"enemies":"Gremlin Nob","floor":7.0,"turns":4.0},{"damage":8.0,"enemies":"2 Fungi Beasts","floor":10.0,"turns":3.0},{"damage":0.0,"enemies":"Blue Slaver","floor":12.0,"turns":3.0},{"damage":13.0,"enemies":"Lagavulin","floor":13.0,"turns":6.0},{"damage":0.0,"enemies":"3 Louse","floor":14.0,"turns":2.0},{"damage":16.0,"enemies":"Slime Boss","floor":16.0,"turns":8.0},{"damage":9.0,"enemies":"3 Byrds","floor":18.0,"turns":4.0},{"damage":15.0,"enemies":"Shell Parasite","floor":22.0,"turns":4.0},{"damage":7.0,"enemies":"Gremlin Leader","floor":24.0,"turns":6.0},{"damage":16.0,"enemies":"Slavers","floor":25.0,"turns":4.0},{"damage":42.0,"enemies":"Book of Stabbing","floor":27.0,"turns":6.0},{"damage":7.0,"enemies":"Cultist and Chosen","floor":28.0,"turns":7.0},{"damage":24,"enemies":"Slavers","floor":30,"turns":6},{"damage":20,"enemies":"Colosseum Slavers","floor":31,"turns":2},{"damage":16,"enemies":"Colosseum Nobs","floor":31,"turns":4},{"damage":14,"enemies":"Collector","floor":33,"turns":8},{"damage":6,"enemies":"3 Darklings","floor":35,"turns":2},{"damage":6,"enemies":"Orb Walker","floor":41,"turns":2},{"damage":2,"enemies":"Jaw Worm Horde","floor":42,"turns":3},{"damage":42,"enemies":"Nemesis","floor":44,"turns":5},{"damage":6,"enemies":"3 Darklings","floor":45,"turns":4},{"damage":8,"enemies":"Transient","floor":46,"turns":5},{"damage":19,"enemies":"Reptomancer","floor":47,"turns":5},{"damage":82,"enemies":"Time Eater","floor":50,"turns":10}],"seed_played":"1880613833527945180","potions_obtained":[{"floor":2.0,"key":"AttackPotion"},{"floor":3.0,"key":"BlessingOfTheForge"},{"floor":12.0,"key":"DistilledChaos"},{"floor":13.0,"key":"GamblersBrew"},{"floor":18.0,"key":"SkillPotion"},{"floor":22.0,"key":"Explosive Potion"},{"floor":27.0,"key":"Dexterity Potion"},{"floor":31,"key":"GamblersBrew"},{"floor":41,"key":"LiquidMemories"},{"floor":44,"key":"Fire Potion"},{"floor":47,"key":"SkillPotion"}],"is_trial":false,"path_per_floor":["M","M","M","M","$","R","E","?","T","M","T","M","E","M","R","B",null,"M","?","$","?","M","R","E","E","T","E","M","$","E","?","R","B",null,"M","$","?","$","?","R","M","M","T","E","M","M","E","T","R","B",null],"character_chosen":"DEFECT","items_purchased":["Twin Strike","After Image","OrangePellets","Flash of Steel","Limit Break","Turbo"],"campfire_rested":2,"item_purchase_floors":[5,20,29,36,36,38],"current_hp_per_floor":[74,69,67,46,46,46,26,11,17,9,15,15,2,2,43,33,113,104,79,79,79,70,70,79,75,81,49,54,54,42,21,61,75,91,87,87,82,82,82,82,91,89,95,64,68,74,64,64,64,32],"gold":293,"neow_bonus":"","is_daily":true,"chose_seed":false,"campfire_upgraded":4,"win_rate":0.0,"timestamp":1607943314,"path_taken":["M","M","M","M","?","R","E","?","T","?","?","M","?","M","R","BOSS","M","?","?","?","M","R","E","?","T","E","M","$","E","?","R","BOSS","M","$","?","?","?","R","M","M","T","E","M","M","?","?","R","BOSS"],"items_purchased_type":["Card","Card","Relic","Card","Card","Card"],"build_version":"2020-11-30","purchased_purges":3,"victory":true,"max_hp_per_floor":[75,75,75,75,75,75,75,75,81,81,87,87,87,87,87,93,113,113,79,79,79,79,79,79,79,85,85,85,85,85,85,85,91,91,91,91,91,91,91,91,91,91,97,97,97,97,97,97,97,97],"card_choices":[{"not_picked":["Thunderclap","Heavy Blade"],"picked":"Pommel Strike","floor":1.0},{"not_picked":["Battle Trance","DeceiveReality"],"picked":"Conserve Battery","floor":2.0},{"not_picked":["Crescendo","Loop"],"picked":"Streamline","floor":3.0},{"not_picked":["Redo","Auto Shields"],"picked":"Noxious Fumes","floor":4.0},{"not_picked":["Collect","Deflect","Force Field"],"picked":"SKIP","floor":7.0},{"not_picked":["White Noise","Quick Slash"],"picked":"Cold Snap","floor":10.0},{"not_picked":["Reflex","Entrench"],"picked":"Compile Driver","floor":12.0},{"not_picked":["Second Wind","Pommel Strike"],"picked":"Die Die Die","floor":13.0},{"not_picked":["Havoc","Crescendo","CutThroughFate"],"picked":"SKIP","floor":14.0},{"not_picked":["Impervious","Brilliance"],"picked":"Scrawl","floor":16.0},{"not_picked":["Perfected Strike+1","Redo+1"],"picked":"True Grit","floor":18.0},{"not_picked":["FlurryOfBlows","Compile Driver"],"picked":"Undo","floor":22.0},{"not_picked":["Weave","Adaptation"],"picked":"Calculated Gamble+1","floor":24.0},{"not_picked":["SandsOfTime","Skim+1"],"picked":"After Image","floor":25.0},{"not_picked":["ClearTheMind+1","Acrobatics","Rebound"],"picked":"SKIP","floor":27.0},{"not_picked":["WindmillStrike","Bouncing Flask","Consecrate"],"picked":"SKIP","floor":28.0},{"not_picked":["Brilliance","Rip and Tear+1","Iron Wave"],"picked":"SKIP","floor":30},{"not_picked":["Armaments","Capacitor+1"],"picked":"Defragment","floor":31},{"not_picked":["Die Die Die","A Thousand Cuts","Bullet Time"],"picked":"Offering","floor":33},{"not_picked":["Dark Embrace","Force Field+1","Vengeance+1"],"picked":"Armaments+1","floor":35},{"not_picked":["Panacea","Jack Of All Trades","Finesse"],"picked":"Apotheosis","floor":37},{"not_picked":["Thinking Ahead","Enlightenment","Secret Weapon"],"picked":"Panacea","floor":37},{"not_picked":["FollowUp+1","Reinforced Body+1","White Noise+1"],"picked":"Ball Lightning+1","floor":41},{"not_picked":["JustLucky+1","Havoc+1","Accuracy+1","Clash+1"],"picked":"SKIP","floor":42},{"not_picked":["Heavy Blade","Twin Strike","Warcry","Rip and Tear+1"],"picked":"SKIP","floor":44},{"not_picked":["Loop+1","BowlingBash+1","Steam+1"],"picked":"Inflame+1","floor":45},{"not_picked":["Scrawl","Bloodletting","Headbutt"],"picked":"Stack+1","floor":46},{"not_picked":["Dash","Wireheading","Flex+1"],"picked":"Defragment","floor":47}],"player_experience":906572,"relics_obtained":[{"floor":7.0,"key":"MawBank"},{"floor":9.0,"key":"Regal Pillow"},{"floor":11.0,"key":"Boot"},{"floor":13.0,"key":"Nunchaku"},{"floor":17.0,"key":"InkBottle"},{"floor":17.0,"key":"Mango"},{"floor":17.0,"key":"War Paint"},{"floor":24.0,"key":"Vajra"},{"floor":25.0,"key":"Orichalcum"},{"floor":26.0,"key":"CeramicFish"},{"floor":27.0,"key":"Cables"},{"floor":30,"key":"Symbiotic Virus"},{"floor":31,"key":"Thread and Needle"},{"floor":31,"key":"Question Card"},{"floor":43,"key":"Happy Flower"},{"floor":44,"key":"Toy Ornithopter"},{"floor":47,"key":"Omamori"},{"floor":48,"key":"MealTicket"}],"event_choices":[{"damage_healed":0.0,"max_hp_gain":0.0,"max_hp_loss":0.0,"gold_gain":0.0,"event_name":"Shining Light","player_choice":"Entered Light","floor":8.0,"gold_loss":0.0,"damage_taken":15.0,"cards_upgraded":["Strike_B","Streamline"]},{"damage_healed":0.0,"max_hp_gain":0.0,"max_hp_loss":34.0,"gold_gain":0.0,"event_name":"Vampires","player_choice":"Became a vampire","floor":19.0,"gold_loss":0.0,"damage_taken":0.0,"cards_obtained":["Bite","Bite","Bite","Bite","Bite"]},{"cards_removed":["Shame"],"damage_healed":0.0,"max_hp_gain":0.0,"max_hp_loss":0.0,"gold_gain":0.0,"event_name":"Purifier","player_choice":"Purged","floor":21.0,"gold_loss":0.0,"damage_taken":0.0},{"damage_healed":0,"gold_gain":0,"player_choice":"Fight","damage_taken":0,"max_hp_gain":0,"max_hp_loss":0,"event_name":"Colosseum","floor":31,"gold_loss":0},{"damage_healed":0,"gold_gain":0,"player_choice":"Fought Nobs","damage_taken":0,"max_hp_gain":0,"max_hp_loss":0,"event_name":"Colosseum","floor":31,"gold_loss":0},{"damage_healed":0,"gold_gain":0,"player_choice":"Memory 2","damage_taken":5,"max_hp_gain":0,"max_hp_loss":0,"event_name":"SensoryStone","floor":37,"gold_loss":0},{"damage_healed":0,"gold_gain":0,"player_choice":"Ignored","damage_taken":0,"max_hp_gain":0,"max_hp_loss":0,"event_name":"SecretPortal","floor":39,"gold_loss":0}],"is_beta":false,"boss_relics":[{"not_picked":["Fusion Hammer","Inserter"],"picked":"Calling Bell"},{"not_picked":["Runic Dome","Pandora\u0027s Box"],"picked":"Coffee Dripper"}],"items_purged_floors":[5,20,29],"is_endless":false,"potions_floor_spawned":[2,3,12,13,18,22,27,31,41,44,47],"ascension_level":0}}