{"host":"5gc11emcm5chfr5t","time":1607978331,"event":{"mods":["2.2 Compatiblity","AchievementEnabler","BaseMod","Bestiary","Better Note","Colored Map","Colored Powertips","Downfall","Googly Eyes","Minty Spire (QoL Compilation)","Rare Cards Sparkle","Say the Spire","StSLib"],"gold_per_floor":[112,123,123,123,123,123,140,167,167,167,167,192,192,223,235,347,359,386,408,420,38,52,52,151,168,240,240,269,269,269,299,299,396,396,413,413,35,51,71,71,71,71,71,71,81,101,101,101,101,101,101],"floor_reached":50,"playtime":4394,"items_purged":["sneckomod:Bewildered"],"score":640,"play_id":"666821c7-bd71-48f6-8519-2baef686e47f","local_time":"20201214153851","is_ascension_mode":true,"campfire_choices":[{"floor":6,"key":"REST"},{"data":"sneckomod:SerpentIdol","floor":11,"key":"SMITH"},{"floor":15,"key":"REST"},{"floor":23,"key":"REST"},{"data":"sneckomod:UnknownRarePower","floor":27,"key":"SMITH"},{"data":"sneckomod:TailWhip","floor":30,"key":"SMITH"},{"data":"sneckomod:DiceBoulder","floor":32,"key":"SMITH"},{"data":"sneckomod:DiceBoulder+1","floor":40,"key":"SMITH"},{"data":"sneckomod:DiceBoulder+2","floor":42,"key":"SMITH"},{"data":"sneckomod:DiceBoulder+3","floor":44,"key":"SMITH"},{"data":"sneckomod:DiceBoulder+4","floor":47,"key":"SMITH"},{"data":"sneckomod:DiceBoulder+5","floor":49,"key":"SMITH"}],"circlet_count":0,"master_deck":["sneckomod:Strike","sneckomod:Strike","sneckomod:Strike+1","sneckomod:Defend","sneckomod:Defend","sneckomod:Defend+1","sneckomod:TailWhip+1","sneckomod:SnekBite","sneckomod:Unknown","sneckomod:Unknown","sneckomod:DefensiveFlair","sneckomod:Unknown0Cost","sneckomod:SerpentIdol+1","sneckomod:Unknown0Cost+1","sneckomod:UnknownColorless+1","sneckomod:Unknown1Cost+1","sneckomod:Restock+1","sneckomod:UnknownVulnerable+1","sneckomod:QuickMove+1","sneckomod:Bewildered","sneckomod:Unknown3Cost+1","sneckomod:UnknownStrength+1","sneckomod:UnknownRarePower+1","sneckomod:UnknownUncommonSkill+1","Ghostly+1","Ghostly+1","Ghostly+1","Ghostly+1","Ghostly+1","sneckomod:DiceBoulder+6","sneckomod:UnknownRareSkill+1","sneckomod:SlitherStrike","Madness+1","Madness+1","sneckomod:MasterEye","sneckomod:SoulRoll+1","sneckomod:UnknownDexterity+1","sneckomod:PureSnecko+1","sneckomod:UnknownCommonAttack+1","sneckomod:GlitteringGambit+1","Panacea+1"],"relics":["sneckomod:SneckoSoul","TungstenRod","Ice Cream","Toxic Egg 2","Letter Opener","Art of War","MawBank","SacredBark","sneckomod:BabySnecko","Matryoshka","Pear","Eternal Feather","Ornamental Fan","Lantern","Sozu","Question Card","Orichalcum"],"acts_visited":["Exordium","TheCity","TheBeyond"],"potions_floor_usage":[2,8,12,16,18,28,50],"damage_taken":[{"damage":0,"enemies":"2 Louse","floor":1,"turns":2},{"damage":15,"enemies":"Jaw Worm","floor":2,"turns":4},{"damage":6,"enemies":"Small Slimes","floor":7,"turns":3},{"damage":11,"enemies":"Gremlin Nob","floor":8,"turns":4},{"damage":31,"enemies":"Lagavulin","floor":12,"turns":7},{"damage":0,"enemies":"2 Fungi Beasts","floor":14,"turns":2},{"damage":41,"enemies":"Hexaghost","floor":16,"turns":11},{"damage":20,"enemies":"2 Thieves","floor":18,"turns":4},{"damage":14,"enemies":"Chosen","floor":19,"turns":6},{"damage":9,"enemies":"Shelled Parasite and Fungi","floor":22,"turns":3},{"damage":0,"enemies":"3 Cultists","floor":25,"turns":2},{"damage":0,"enemies":"Slavers","floor":28,"turns":4},{"damage":9,"enemies":"Gremlin Leader","floor":31,"turns":11},{"damage":39,"enemies":"Champ","floor":33,"turns":11},{"damage":12,"enemies":"3 Darklings","floor":35,"turns":6},{"damage":0,"enemies":"Orb Walker","floor":38,"turns":1},{"damage":0,"enemies":"Maw","floor":39,"turns":8},{"damage":0,"enemies":"Jaw Worm Horde","floor":45,"turns":4},{"damage":0,"enemies":"Sphere and 2 Shapes","floor":46,"turns":4},{"damage":69,"enemies":"Time Eater","floor":50,"turns":10}],"seed_played":"-8861695043253241938","potions_obtained":[{"floor":1,"key":"sneckomod:MuddlingPotion"},{"floor":2,"key":"Energy Potion"},{"floor":7,"key":"Weak Potion"},{"floor":14,"key":"Dexterity Potion"},{"floor":16,"key":"sneckomod:DiceRollPotion"},{"floor":25,"key":"sneckomod:MuddlingPotion"},{"floor":33,"key":"SpeedPotion"}],"is_trial":false,"path_per_floor":["M","M","?","$","?","R","M","E","T","?","R","E","?","M","R","B",null,"M","M","?","$","M","R","?","M","T","R","E","?","R","E","R","B",null,"M","?","$","M","M","R","$","R","T","R","M","M","R","?","R","B"],"character_chosen":"THE_SNECKO","items_purchased":["Matryoshka","sneckomod:Unknown3Cost+1","Question Card","sneckomod:MasterEye","sneckomod:SoulRoll+1"],"campfire_rested":3,"item_purchase_floors":[21,21,37,37,37],"current_hp_per_floor":[90,76,59,59,45,72,66,56,56,56,56,26,26,27,55,20,94,75,63,63,64,56,85,85,86,96,108,109,54,54,45,54,16,55,43,37,37,38,38,56,56,56,56,56,57,57,57,57,57,0,0],"gold":101,"neow_bonus":"ONE_RARE_RELIC","is_daily":false,"chose_seed":false,"campfire_upgraded":9,"win_rate":0.0,"timestamp":1607978331,"path_taken":["M","M","?","$","?","R","M","E","T","?","R","E","?","M","R","BOSS","M","M","?","$","M","R","?","M","T","R","E","?","R","E","R","BOSS","M","?","$","M","M","R","$","R","T","R","M","M","R","?","R","BOSS"],"items_purchased_type":["Relic","Card","Relic","Card","Card"],"build_version":"2020-12-13","purchased_purges":1,"victory":false,"max_hp_per_floor":[90,91,91,91,91,91,91,92,92,92,92,93,93,94,94,94,94,95,95,95,96,97,97,97,98,108,108,109,54,54,54,54,55,55,55,55,55,56,56,56,56,56,56,56,57,57,57,57,57,57,57],"card_choices":[{"not_picked":["sneckomod:UnknownCommonAttack","sneckomod:UnknownClassHEXA_GHOST_PURPLE"],"picked":"sneckomod:DefensiveFlair","floor":1},{"not_picked":["sneckomod:UnknownCommonSkill","sneckomod:DiceBlock"],"picked":"sneckomod:Unknown0Cost","floor":2},{"not_picked":["sneckomod:UnknownStrike","sneckomod:SoulRoll"],"picked":"sneckomod:SerpentIdol","floor":7},{"not_picked":["sneckomod:SerpentIdol+1","sneckomod:RainOfDice"],"picked":"sneckomod:Unknown0Cost+1","floor":8},{"not_picked":["sneckomod:UnknownClassTHE_CHAMP_GRAY+1","sneckomod:SnakeSap"],"picked":"sneckomod:UnknownColorless+1","floor":12},{"not_picked":["sneckomod:UnknownCommonSkill+1","sneckomod:UnknownStrike"],"picked":"sneckomod:Unknown1Cost+1","floor":14},{"not_picked":["sneckomod:UnlimitedRolls","sneckomod:Transmogrify+1"],"picked":"sneckomod:Restock+1","floor":16},{"not_picked":["sneckomod:CheapStock","sneckomod:IronFang"],"picked":"sneckomod:UnknownVulnerable+1","floor":18},{"not_picked":["sneckomod:PureSnecko+1","sneckomod:DefensiveFlair+1"],"picked":"sneckomod:QuickMove+1","floor":19},{"not_picked":["sneckomod:UnknownCommonAttack","sneckomod:QuickMove+1"],"picked":"sneckomod:UnknownStrength+1","floor":22},{"not_picked":["sneckomod:SnekBeam+1","sneckomod:SoulDraw+1"],"picked":"sneckomod:UnknownRarePower","floor":25},{"not_picked":["sneckomod:UnknownClassHEXA_GHOST_PURPLE+1","sneckomod:ImprovisedAttack"],"picked":"sneckomod:UnknownUncommonSkill+1","floor":28},{"not_picked":["sneckomod:Nope+1","sneckomod:Restock+1"],"picked":"sneckomod:DiceBoulder","floor":31},{"not_picked":["sneckomod:UnknownColorless+1","sneckomod:UnlimitedRolls"],"picked":"sneckomod:UnknownRareSkill+1","floor":33},{"not_picked":["sneckomod:ImprovisedGuard+1","sneckomod:UnknownClassPURPLE+1"],"picked":"sneckomod:SlitherStrike","floor":35},{"not_picked":["sneckomod:UnknownWeak+1","sneckomod:UnknownStrike","sneckomod:DiceBlock+1"],"picked":"sneckomod:UnknownDexterity+1","floor":38},{"not_picked":["sneckomod:UnknownUncommonPower+1","sneckomod:UnknownX+1","sneckomod:UnknownEthereal+1"],"picked":"sneckomod:PureSnecko+1","floor":39},{"not_picked":["sneckomod:DiceCrush+1","sneckomod:DiceBlock+1","sneckomod:Unknown1Cost+1"],"picked":"sneckomod:UnknownCommonAttack+1","floor":45},{"not_picked":["sneckomod:UnknownCommonAttack+1","sneckomod:WideSting+1","sneckomod:DiceBoulder"],"picked":"sneckomod:GlitteringGambit+1","floor":46},{"not_picked":["Master of Strategy+1","expansioncontent:Flail","expansioncontent:GuardianWhirl"],"picked":"Panacea+1","floor":48}],"player_experience":355697,"relics_obtained":[{"floor":8,"key":"Toxic Egg 2"},{"floor":9,"key":"Letter Opener"},{"floor":12,"key":"Art of War"},{"floor":26,"key":"Pear"},{"floor":26,"key":"Eternal Feather"},{"floor":28,"key":"Ornamental Fan"},{"floor":31,"key":"Lantern"},{"floor":43,"key":"Orichalcum"}],"event_choices":[{"damage_healed":0,"gold_gain":0,"player_choice":"Entered Light","damage_taken":18,"max_hp_gain":0,"max_hp_loss":0,"event_name":"Shining Light","floor":3,"gold_loss":0,"cards_upgraded":["sneckomod:Strike","sneckomod:Defend"]},{"damage_healed":0,"gold_gain":0,"player_choice":"Success","damage_taken":18,"relics_obtained":["Ice Cream"],"max_hp_gain":0,"max_hp_loss":0,"event_name":"Scrap Ooze","floor":5,"gold_loss":0},{"cards_removed":["Pain"],"damage_healed":0,"gold_gain":0,"player_choice":"Forget","damage_taken":0,"max_hp_gain":0,"max_hp_loss":0,"event_name":"Living Wall","floor":10,"gold_loss":0},{"damage_healed":0,"gold_gain":99,"player_choice":"Stole From Cult","damage_taken":0,"max_hp_gain":0,"max_hp_loss":0,"event_name":"Nest","floor":24,"gold_loss":0},{"damage_healed":0,"gold_gain":0,"player_choice":"Became a Ghost","damage_taken":0,"max_hp_gain":0,"max_hp_loss":55,"event_name":"Ghosts","floor":29,"gold_loss":0,"cards_obtained":["Ghostly","Ghostly","Ghostly","Ghostly","Ghostly"]},{"damage_healed":0,"gold_gain":0,"player_choice":"Embrace Madness","damage_taken":7,"max_hp_gain":0,"max_hp_loss":0,"event_name":"Winding Halls","floor":36,"gold_loss":0,"cards_obtained":["Madness","Madness"]},{"damage_healed":0,"gold_gain":0,"player_choice":"Memory 1","damage_taken":0,"max_hp_gain":0,"max_hp_loss":0,"event_name":"SensoryStone","floor":48,"gold_loss":0}],"is_beta":false,"boss_relics":[{"not_picked":["Philosopher\u0027s Stone","Empty Cage"],"picked":"SacredBark"},{"not_picked":["Fusion Hammer","Cursed Key"],"picked":"Sozu"}],"items_purged_floors":[21],"is_endless":false,"potions_floor_spawned":[1,2,7,14,16,25,33,35],"killed_by":"Time Eater","ascension_level":2}}