{"host":"iy58fyt9wsbv4cf1","time":1607976231,"event":{"mods":["BaseMod","Better Altar","Better Match","Better Skull","Better Third Choice","BetterRewards","Conspire","Custom Start","Defuse TimeMaze Blight","Hubris","Minty Spire (QoL Compilation)","Permanent Neow","Quick Restart","Spicy Shops","StSLib"],"gold_per_floor":[110,129,129,129,25,55,55,80,107,107,68,80,80,93,93,189,189,207,10,26,26,125,157,157,167,167,167,367,400,400,426,426,527,527,542,265,285,303,322,357,357,357,357,383,383,412,412,412,412,412,412,412,105,139,139],"floor_reached":56,"playtime":1717,"items_purged":["Defend_R","Strike_R","Strike_R","Strike_R"],"score":1852,"play_id":"9293b9c8-7837-4348-8ae7-e1fd5700d675","local_time":"20201214150351","is_ascension_mode":false,"campfire_choices":[{"data":"Body Slam","floor":7,"key":"SMITH"},{"data":"Bash","floor":10,"key":"SMITH"},{"floor":15,"key":"RECALL"},{"data":"Body Slam","floor":27,"key":"SMITH"},{"data":"Body Slam","floor":30,"key":"SMITH"},{"floor":32,"key":"REST"},{"data":"Defend_R","floor":49,"key":"SMITH"},{"data":"Defend_R","floor":52,"key":"SMITH"}],"circlet_count":0,"master_deck":["Defend_R+1","Defend_R+1","Bash+1","Clothesline","Defend_R+1","Shrug It Off+1","Body Slam+1","Entrench+1","Offering+1","Thunderclap","Trip+1","hubris:DuctTapeCard","Battle Trance+1","Body Slam+1","Body Slam+1"],"relics":["Burning Blood","Toxic Egg 2","Question Card","Oddly Smooth Stone","Lantern","Kunai","Juzu Bracelet","Gremlin Horn","Happy Flower","Runic Dome","hubris:DuctTape","Regal Pillow","Nunchaku","hubris:Backtick","Bottled Lightning","Anchor","Letter Opener","hubris:TenFootPole","Bag of Preparation","hubris:MedicalManual","Strawberry","War Paint"],"acts_visited":["Exordium","TheCity","TheBeyond","TheEnding"],"potions_floor_usage":[6,16,55,55,55],"damage_taken":[{"damage":0,"enemies":"2 Louse","floor":1,"turns":3},{"damage":0,"enemies":"Jaw Worm","floor":2,"turns":2},{"damage":0,"enemies":"Gremlin Nob","floor":6,"turns":5},{"damage":0,"enemies":"3 Sentries","floor":8,"turns":10},{"damage":0,"enemies":"Cultist","floor":12,"turns":1},{"damage":0,"enemies":"Exordium Wildlife","floor":14,"turns":2},{"damage":22,"enemies":"Hexaghost","floor":16,"turns":10},{"damage":6,"enemies":"2 Thieves","floor":18,"turns":2},{"damage":6,"enemies":"3 Byrds","floor":20,"turns":3},{"damage":6,"enemies":"conspire:Head Lice","floor":23,"turns":2},{"damage":16,"enemies":"Cultist and Chosen","floor":25,"turns":3},{"damage":21,"enemies":"conspire:MimicChest","floor":29,"turns":7},{"damage":6,"enemies":"Gremlin Leader","floor":31,"turns":1},{"damage":6,"enemies":"Automaton","floor":33,"turns":2},{"damage":6,"enemies":"3 Darklings","floor":35,"turns":1},{"damage":6,"enemies":"Orb Walker","floor":37,"turns":1},{"damage":6,"enemies":"Writhing Mass","floor":38,"turns":1},{"damage":6,"enemies":"Transient","floor":39,"turns":5},{"damage":6,"enemies":"Giant Head","floor":40,"turns":1},{"damage":6,"enemies":"Reptomancer","floor":44,"turns":1},{"damage":6,"enemies":"Giant Head","floor":46,"turns":1},{"damage":6,"enemies":"conspire:OrnateMirror","floor":50,"turns":3},{"damage":6,"enemies":"Shield and Spear","floor":54,"turns":1},{"damage":34,"enemies":"The Heart","floor":55,"turns":5}],"seed_played":"-8153655244887395703","potions_obtained":[{"floor":1,"key":"FearPotion"},{"floor":12,"key":"EssenceOfSteel"},{"floor":14,"key":"Dexterity Potion"},{"floor":16,"key":"Weak Potion"},{"floor":25,"key":"EssenceOfSteel"},{"floor":48,"key":"Block Potion"}],"is_trial":false,"path_per_floor":["M","M","?","?","$","E","R","E","T","R","$","M","?","M","R","B",null,"M","$","M","?","?","E","?","M","T","R","?","?","R","E","R","B",null,"M","$","M","M","M","E","?","?","T","E","?","E","?","?","R","B",null,"R","$","E","B",null],"character_chosen":"IRONCLAD","items_purchased":["Clothesline","Toxic Egg 2","Question Card","Shrug It Off+1","Oddly Smooth Stone","Lantern","Kunai","Shrug It Off+1","Entrench+1","Trip+1","Anchor","Strawberry"],"campfire_rested":1,"item_purchase_floors":[0,0,0,0,0,0,0,5,11,19,36,53],"current_hp_per_floor":[40,46,51,51,51,57,57,63,63,63,63,69,69,75,75,59,85,85,85,85,85,85,85,85,75,75,75,75,60,60,60,85,85,85,85,85,85,85,85,85,85,81,81,81,81,81,81,81,81,81,81,81,88,88,60],"gold":139,"neow_bonus":"","is_daily":false,"chose_seed":false,"campfire_upgraded":6,"win_rate":0.0,"timestamp":1607976231,"path_taken":["M","M","?","?","$","E","R","E","T","R","$","M","?","M","R","BOSS","M","?","M","?","?","E","?","M","T","R","?","?","R","E","R","BOSS","M","$","M","M","M","E","?","?","T","E","?","E","?","?","R","BOSS","R","$","E","BOSS"],"items_purchased_type":["Card","Relic","Relic","Card","Relic","Relic","Relic","Card","Card","Card","Relic","Relic"],"build_version":"2020-12-13","purchased_purges":4,"victory":true,"max_hp_per_floor":[80,80,85,85,85,85,85,85,85,85,85,85,85,85,85,85,85,85,85,85,85,85,85,85,85,85,85,85,85,85,85,85,85,85,85,85,85,85,85,85,85,81,81,81,81,81,81,81,81,81,81,81,88,88,88],"card_choices":[{"not_picked":["Dual Wield+1","Power Through+1","Clothesline"],"picked":"Shrug It Off+1","floor":1},{"not_picked":["Rupture","Shrug It Off+1","Cleave","Wild Strike"],"picked":"SKIP","floor":2},{"not_picked":["Infernal Blade+1","hubris:ReadiedAction+1","Anger"],"picked":"Body Slam","floor":6},{"not_picked":["Anger","Uppercut","Havoc+1","Exhume+1"],"picked":"SKIP","floor":8},{"not_picked":["Flame Barrier+1","Pommel Strike","Sword Boomerang","Headbutt"],"picked":"SKIP","floor":12},{"not_picked":["Wild Strike","Intimidate+1","Cleave","conspire:ExplosiveBarrier+1"],"picked":"SKIP","floor":14},{"not_picked":["Exhume+1","Demon Form","Reaper"],"picked":"Offering+1","floor":16},{"not_picked":["Armaments+1","Rage+1","Clothesline"],"picked":"Thunderclap","floor":18},{"not_picked":["Iron Wave","Pummel+1","Intimidate+1","Pommel Strike+1"],"picked":"SKIP","floor":20},{"not_picked":["Demon Form","Wild Strike","Combust"],"picked":"Battle Trance+1","floor":23},{"not_picked":["Dual Wield+1","Clash","Twin Strike","Infernal Blade+1"],"picked":"SKIP","floor":25},{"not_picked":["Twin Strike+1","Cleave","Thunderclap+1"],"picked":"Body Slam","floor":29},{"not_picked":["Flame Barrier+1","Battle Trance+1","Havoc+1","Twin Strike"],"picked":"SKIP","floor":31},{"not_picked":["Thunderclap","Seeing Red+1","Flame Barrier+1","Heavy Blade+1"],"picked":"SKIP","floor":35},{"not_picked":["Warcry+1","hubris:ReadiedAction+1","Headbutt+1","Cleave"],"picked":"SKIP","floor":37},{"not_picked":["Combust","Pommel Strike+1","Flame Barrier+1","Heavy Blade+1"],"picked":"SKIP","floor":38},{"not_picked":["Searing Blow","Shockwave+1","Clothesline+1","hubris:CleavingFinish+1"],"picked":"SKIP","floor":39},{"not_picked":["Immolate","Headbutt+1","Cleave+1","Pummel+1"],"picked":"SKIP","floor":40},{"not_picked":["Headbutt","True Grit+1","conspire:Charge","Carnage"],"picked":"SKIP","floor":44},{"not_picked":["Warcry+1","hubris:SharpeningStone+1","Ghostly Armor+1","Uppercut+1"],"picked":"SKIP","floor":46},{"not_picked":["Spot Weakness+1","Sword Boomerang+1","Twin Strike","Headbutt"],"picked":"SKIP","floor":54}],"player_experience":69062,"relics_obtained":[{"floor":6,"key":"Juzu Bracelet"},{"floor":8,"key":"Gremlin Horn"},{"floor":9,"key":"Happy Flower"},{"floor":23,"key":"hubris:DuctTape"},{"floor":29,"key":"Regal Pillow"},{"floor":31,"key":"Nunchaku"},{"floor":40,"key":"Letter Opener"},{"floor":43,"key":"hubris:TenFootPole"},{"floor":44,"key":"Bag of Preparation"},{"floor":46,"key":"hubris:MedicalManual"},{"floor":54,"key":"War Paint"}],"event_choices":[{"damage_healed":0,"gold_gain":0,"player_choice":"Donut","damage_taken":0,"max_hp_gain":5,"max_hp_loss":0,"event_name":"Big Fish","floor":3,"gold_loss":0},{"cards_removed":["Defend_R"],"damage_healed":0,"gold_gain":0,"player_choice":"Took Card","damage_taken":0,"max_hp_gain":0,"max_hp_loss":0,"event_name":"NoteForYourself","floor":4,"gold_loss":0,"cards_obtained":["Defend_R"]},{"damage_healed":0,"gold_gain":0,"cards_transformed":["Strike_R"],"player_choice":"Transformed","damage_taken":0,"max_hp_gain":0,"max_hp_loss":0,"event_name":"Transmorgrifier","floor":13,"gold_loss":0,"cards_obtained":["Anger"]},{"damage_healed":0,"gold_gain":0,"player_choice":"Ignored","damage_taken":0,"max_hp_gain":0,"max_hp_loss":0,"event_name":"Vampires","floor":21,"gold_loss":0},{"damage_healed":0,"gold_gain":99,"player_choice":"Steal","damage_taken":0,"max_hp_gain":0,"max_hp_loss":0,"event_name":"betterThird:BetterNest","floor":22,"gold_loss":0},{"damage_healed":0,"gold_gain":250,"player_choice":"Bet on Owner","damage_taken":0,"max_hp_gain":0,"max_hp_loss":0,"event_name":"The Joust","floor":28,"gold_loss":50},{"cards_removed":["Anger"],"damage_healed":0,"gold_gain":0,"player_choice":"Removed Attack","damage_taken":0,"max_hp_gain":0,"max_hp_loss":0,"event_name":"Falling","floor":41,"gold_loss":0},{"damage_healed":0,"gold_gain":0,"player_choice":"Max HP","damage_taken":0,"max_hp_gain":0,"max_hp_loss":4,"event_name":"Winding Halls","floor":42,"gold_loss":0},{"cards_removed":["Strike_R"],"damage_healed":0,"gold_gain":0,"player_choice":"Purged","damage_taken":0,"max_hp_gain":0,"max_hp_loss":0,"event_name":"Purifier","floor":45,"gold_loss":0},{"damage_healed":0,"gold_gain":0,"player_choice":"Got Potions","damage_taken":0,"max_hp_gain":0,"max_hp_loss":0,"event_name":"Lab","floor":48,"gold_loss":0}],"is_beta":false,"boss_relics":[{"not_picked":["Snecko Eye","conspire:SpecialSausage"],"picked":"Runic Dome"},{"not_picked":["hubris:GrandSneckoEye","Coffee Dripper"],"picked":"hubris:Backtick"}],"items_purged_floors":[5,19,36,53],"is_endless":false,"potions_floor_spawned":[1,12,14,16,25,29,35,38,39,46],"ascension_level":0}}