{"host":"cz3p2o9n3b1gdmkz","time":1607950399,"event":{"mods":["AchievementEnabler","BaseMod","CapriCore","GungeonMod","Hermit","Lobotomy","Minty Spire (QoL Compilation)","Replay The Spire","Shop Mod","StSLib","SuperFastMode","The Cursed","The Dragon Tamer","The Gatherer","The Jungle","The Poker Player","The Runesmith"],"gold_per_floor":[20,20,20,20,40,40,68,68,68,96,96,96,111,130,130,233,233,245,245,245,256,76,76,24,40,40,40,70,0,0,18,18,120,120,140,155,186,236,63,63,76,89,115,115,115,115],"floor_reached":45,"playtime":1633,"items_purged":[],"score":609,"play_id":"214c5758-0ce2-4bec-8c2a-24f0552aff4e","local_time":"20201214215319","is_ascension_mode":true,"campfire_choices":[{"data":"Runesmith:ChargedHammer","floor":6,"key":"SMITH"},{"floor":12,"key":"REST"},{"data":"Runesmith:GrandSlam","floor":15,"key":"SMITH"},{"data":"DemoMod:Invincible","floor":23,"key":"SMITH"},{"floor":32,"key":"REST"},{"floor":40,"key":"RECALL"}],"circlet_count":0,"master_deck":["Runesmith:Defend_RS","Runesmith:Defend_RS","Runesmith:Defend_RS+1","Runesmith:CraftFirestone+1","Runesmith:Fortify","Runesmith:ChargedHammer+1","Runesmith:PerfectChisel","Runesmith:RuneHurl+1","Runesmith:LithiumIon","Runesmith:GrandSlam+1","Runesmith:CreatorForm","Runesmith:LithiumIon","Runesmith:RunicBlueprint","Runesmith:LithiumIon","DemoMod:Invincible+1","Runesmith:LithiumIon","Runesmith:LithiumIon","Runesmith:CraftMagma+1","Runesmith:PoweredAnvil","Runesmith:RunicBlueprint","Runesmith:ReplicatingBarrier+1","Runesmith:CraftMagma+1","Runesmith:Firestorm","Runesmith:UnlimitedPower","DemoMod:Invincible","Runesmith:LithiumIon+1","Runesmith:PoweredAnvil+1"],"relics":["Runesmith:BrokenRuby","Mummified Hand","Happy Flower","Replay:WaspNest","Ice Cream","Prayer Wheel","Snecko Heart","Quantum Egg","Smiling Mask","Ring of Chaos","Runesmith:Locket","DemoMod:Orange"],"acts_visited":["Exordium","TheCity","TheBeyond"],"potions_floor_usage":[10,20,20,28,31,35,35,36],"damage_taken":[{"damage":0,"enemies":"2 Louse","floor":1,"turns":4},{"damage":6,"enemies":"Jaw Worm","floor":5,"turns":2},{"damage":0,"enemies":"Lagavulin","floor":7,"turns":5},{"damage":16,"enemies":"Gremlin Nob","floor":10,"turns":3},{"damage":1,"enemies":"Small Slimes","floor":13,"turns":2},{"damage":6,"enemies":"Red Slaver","floor":14,"turns":2},{"damage":25,"enemies":"Hexaghost","floor":16,"turns":5},{"damage":1,"enemies":"Shell Parasite","floor":18,"turns":4},{"damage":0,"enemies":"Chosen","floor":21,"turns":3},{"damage":22,"enemies":"Snecko","floor":25,"turns":4},{"damage":22,"enemies":"Book of Stabbing","floor":28,"turns":4},{"damage":11,"enemies":"Cultist and Chosen","floor":31,"turns":4},{"damage":10,"enemies":"Automaton","floor":33,"turns":6},{"damage":14,"enemies":"3 Shapes","floor":35,"turns":3},{"damage":22,"enemies":"3 Darklings","floor":36,"turns":6},{"damage":3,"enemies":"Mind Bloom Boss Battle","floor":38,"turns":5},{"damage":25,"enemies":"Writhing Mass","floor":41,"turns":4},{"damage":14,"enemies":"Sphere and 2 Shapes","floor":42,"turns":5},{"damage":16,"enemies":"Jaw Worm Horde","floor":45,"turns":1}],"seed_played":"2331027946632357459","potions_obtained":[{"floor":1,"key":"Fruit Juice"},{"floor":7,"key":"Adrenaline Potion"},{"floor":16,"key":"DistilledChaos"},{"floor":18,"key":"GamblersBrew"},{"floor":20,"key":"Fruit Juice"},{"floor":20,"key":"BlessingOfTheForge"},{"floor":20,"key":"Toxic Potion"},{"floor":33,"key":"AttackPotion"},{"floor":35,"key":"SkillPotion"},{"floor":36,"key":"Milkshake"}],"is_trial":false,"path_per_floor":["M","?","?","?","M","R","E","?","T","E","T","R","M","M","R","B",null,"M","?","?","M","$","R","$","M","T","$","E","$","?","M","R","B",null,"M","M","?","?","$","R","M","M","T","?","M"],"character_chosen":"RUNESMITH_CLASS","items_purchased":["DemoMod:Invincible","Runesmith:LithiumIon","Runesmith:PoweredAnvil","DemoMod:Invincible"],"campfire_rested":2,"item_purchase_floors":[22,24,29,39],"current_hp_per_floor":[70,56,56,56,50,50,50,43,43,27,27,48,47,41,41,16,70,69,69,79,79,79,79,79,57,57,57,35,35,35,24,48,38,80,66,44,44,53,53,53,28,14,14,14,0,0],"gold":115,"neow_bonus":"TRANSFORM_TWO_CARDS","is_daily":false,"chose_seed":false,"campfire_upgraded":3,"win_rate":0.0,"timestamp":1607950399,"path_taken":["M","?","?","?","?","R","E","?","T","E","?","R","M","M","R","BOSS","M","?","?","?","?","R","?","M","T","$","E","$","?","M","R","BOSS","M","M","?","?","$","R","M","M","T","?","M"],"items_purchased_type":["Card","Card","Card","Card"],"build_version":"2020-12-13","purchased_purges":0,"victory":false,"max_hp_per_floor":[70,70,70,70,70,70,70,70,70,70,70,70,70,70,70,70,70,70,70,80,80,80,80,80,80,80,80,80,80,80,80,80,80,80,80,80,80,92,92,92,92,92,92,92,92,92],"card_choices":[{"not_picked":["Runesmith:Repurpose","Runesmith:RuneHurl","Runesmith:Overpower"],"picked":"SKIP","floor":1},{"not_picked":["Runesmith:MakeshiftArmor","Runesmith:Superposition","Runesmith:Retool"],"picked":"SKIP","floor":5},{"not_picked":["Runesmith:CraftPrismatica","Runesmith:CraftProtectio"],"picked":"Runesmith:LithiumIon","floor":7},{"not_picked":["Runesmith:CraftVitae","Runesmith:CraftProtectio","Runesmith:MakeshiftArmor"],"picked":"SKIP","floor":10},{"not_picked":["Runesmith:CraftSpiculum","Runesmith:Empowerment","Runesmith:Repurpose"],"picked":"SKIP","floor":13},{"not_picked":["Runesmith:Overpower","Runesmith:CraftObretio","Runesmith:Refine"],"picked":"SKIP","floor":13},{"not_picked":["Runesmith:WhiteBalance","Runesmith:HammerTime"],"picked":"Runesmith:GrandSlam","floor":14},{"not_picked":["Runesmith:Retool","Runesmith:EnergizedChisel","Runesmith:Repurpose"],"picked":"SKIP","floor":14},{"not_picked":["Runesmith:ArcReactor","Runesmith:CraftPrismatica"],"picked":"Runesmith:CreatorForm","floor":16},{"not_picked":["Runesmith:StaticCage+1","Runesmith:Discharge","Runesmith:Overpower+1"],"picked":"SKIP","floor":18},{"not_picked":["Runesmith:Repurpose","Runesmith:PerfectChisel","Runesmith:NegativeSpace"],"picked":"SKIP","floor":18},{"not_picked":["Runesmith:Permafrost","Runesmith:ChargedHammer"],"picked":"Runesmith:RunicBlueprint","floor":21},{"not_picked":["Runesmith:CraftMagma","Runesmith:ChiselStab"],"picked":"Runesmith:LithiumIon","floor":21},{"not_picked":["Runesmith:StaticCage+1","Runesmith:HammerThrow"],"picked":"Runesmith:CraftMagma+1","floor":25},{"not_picked":["Runesmith:Firewall","Runesmith:EnergizedChisel","Runesmith:Terraform"],"picked":"SKIP","floor":25},{"not_picked":["Runesmith:HammerTime","Runesmith:CraftProtectio+1","Runesmith:HeatExchange"],"picked":"SKIP","floor":28},{"not_picked":["Runesmith:MakeshiftArmor+1","Runesmith:EarthShield"],"picked":"Runesmith:RunicBlueprint","floor":31},{"not_picked":["Runesmith:StaticCage","Runesmith:CraftReservo","Runesmith:NanitesCloud"],"picked":"SKIP","floor":31},{"not_picked":["Runesmith:ArcReactor","Runesmith:LightningRod"],"picked":"Runesmith:ReplicatingBarrier","floor":33},{"not_picked":["Runesmith:ChargedHammer","Runesmith:BackupBattery"],"picked":"Runesmith:CraftMagma+1","floor":35},{"not_picked":["Runesmith:CraftObretio","Runesmith:Repurpose"],"picked":"Runesmith:Firestorm","floor":35},{"not_picked":["Runesmith:CraftProtectio","Runesmith:HeatedChisel","Runesmith:Retool+1"],"picked":"SKIP","floor":36},{"not_picked":["Runesmith:HammerAndChisel","Runesmith:EnergizedChisel","Runesmith:StaticCage"],"picked":"SKIP","floor":36},{"not_picked":["Runesmith:StaticCage","Runesmith:HammerTime+1"],"picked":"Runesmith:UnlimitedPower","floor":38},{"not_picked":["Runesmith:EnergizedChisel+1","Runesmith:RunicBlueprint+1"],"picked":"Runesmith:LithiumIon+1","floor":41},{"not_picked":["Runesmith:ChiselStab","Runesmith:Augment+1","Runesmith:NegativeSpace+1"],"picked":"SKIP","floor":41},{"not_picked":["Runesmith:MakeshiftArmor+1","Runesmith:Prism"],"picked":"Runesmith:PoweredAnvil+1","floor":42},{"not_picked":["Runesmith:ElementalConversion+1","Runesmith:Repurpose","Runesmith:RuneHurl"],"picked":"SKIP","floor":42}],"player_experience":928286,"relics_obtained":[{"floor":7,"key":"Mummified Hand"},{"floor":9,"key":"Replay:WaspNest"},{"floor":10,"key":"Ice Cream"},{"floor":11,"key":"Prayer Wheel"},{"floor":26,"key":"Quantum Egg"},{"floor":28,"key":"Smiling Mask"},{"floor":37,"key":"Runesmith:Locket"},{"floor":38,"key":"DemoMod:Orange"}],"event_choices":[{"damage_healed":0,"gold_gain":0,"player_choice":"Entered Light","damage_taken":14,"max_hp_gain":0,"max_hp_loss":0,"event_name":"Shining Light","floor":2,"gold_loss":0,"cards_upgraded":["Runesmith:Defend_RS","Runesmith:CraftFirestone"]},{"cards_removed":["Runesmith:Defend_RS"],"damage_healed":0,"gold_gain":0,"player_choice":"Offered Basic","damage_taken":0,"max_hp_gain":0,"max_hp_loss":0,"event_name":"Bonfire Elementals","floor":4,"gold_loss":0},{"damage_healed":0,"gold_gain":0,"player_choice":"Success","damage_taken":7,"relics_obtained":["Happy Flower"],"max_hp_gain":0,"max_hp_loss":0,"event_name":"Scrap Ooze","floor":8,"gold_loss":0},{"damage_healed":0,"gold_gain":0,"player_choice":"Read","damage_taken":0,"max_hp_gain":0,"max_hp_loss":0,"event_name":"The Library","floor":19,"gold_loss":0,"cards_obtained":["Runesmith:LithiumIon"]},{"damage_healed":0,"gold_gain":0,"player_choice":"Got Potions","damage_taken":0,"max_hp_gain":0,"max_hp_loss":0,"event_name":"Lab","floor":20,"gold_loss":0},{"cards_removed":["Runesmith:Strike_RS"],"damage_healed":0,"gold_gain":0,"player_choice":"Elegance","damage_taken":0,"max_hp_gain":0,"max_hp_loss":0,"event_name":"Back to Basics","floor":30,"gold_loss":0},{"damage_healed":0,"gold_gain":0,"player_choice":"Fight","damage_taken":0,"max_hp_gain":0,"max_hp_loss":0,"event_name":"MindBloom","floor":38,"gold_loss":0},{"damage_healed":0,"gold_gain":0,"player_choice":"Forge","damage_taken":0,"max_hp_gain":0,"max_hp_loss":0,"event_name":"Accursed Blacksmith","floor":44,"gold_loss":0,"cards_upgraded":["Runesmith:ReplicatingBarrier"]}],"is_beta":false,"boss_relics":[{"not_picked":["Tiny House","Sozu"],"picked":"Snecko Heart"},{"not_picked":["Runesmith:UraniumAnvil","ReplayTheSpireMod:DimensionalGlitch"],"picked":"Ring of Chaos"}],"items_purged_floors":[],"is_endless":false,"potions_floor_spawned":[1,7,16,18,21,33,35,36],"killed_by":"Jaw Worm Horde","ascension_level":3}}