{"host":"ugz4vp1q9h8kwbfq","time":1607980568,"event":{"mods":["2.2 Compatiblity","Act Like it!","Aspiration","BaseMod","Better Altar","Better Match","Better Note","Better Sensory Stone","Better Skull","Better Synergies","Better Third Choice","Better Vampires","Block Reminder","Colored Map","Colored Powertips","Colorless Booster Pack","Downfall","Energized Spire","GifTheSpireLib","Googly Eyes","Hubris","Infinite Spire","Jedi Mod","Minty Spire (QoL Compilation)","Potion Indicator Mod","Replay The Spire","SacredBarkPlus","Shop Mod","Spikes Relics","StSLib","Stuff the Spire","The Awakened One except there are too many feathers","The IronCluck","Trackpad","everything is the same but u backflip on backflip","slay the spire mod where everything is the same but ironclad has a cowboy hat","vexMod"],"gold_per_floor":[99,129,129,56,56,56],"floor_reached":5,"playtime":120,"items_purged":[],"score":63,"play_id":"1c753c06-79bb-4cbb-b50f-de0d7d2e22bc","local_time":"20201214151608","is_ascension_mode":true,"campfire_choices":[],"circlet_count":0,"master_deck":["hexamod:Strike","hexamod:Strike","hexamod:Strike","hexamod:Strike","hexamod:Defend","hexamod:Defend","hexamod:Defend","hexamod:Defend","hexamod:Sear","hexamod:Float","hexamod:PhantomFireball","hexamod:Firestarter","hexamod:EtherealExpedition","hexamod:ExtraCrispy"],"relics":["hexamod:SpiritBrand","downfall:HeartsMalice","trackpad:CultistFigurine","hubris:ToyBattleship","ReplayTheSpireMod:Lightbulb","Darkstone Periapt"],"acts_visited":["Exordium"],"potions_floor_usage":[],"damage_taken":[{"damage":0,"enemies":"Replay:BlueRogue","floor":2,"turns":1},{"damage":0,"enemies":"infinitespire:Voidling","floor":3,"turns":1},{"damage":0,"enemies":"downfall:FleeingMerchant","floor":4,"turns":1},{"damage":20,"enemies":"Gremlin Nob","floor":5,"turns":3}],"seed_played":"-1412738214160783583","potions_obtained":[],"is_trial":false,"path_per_floor":["R_BF","E","M","$","E"],"character_chosen":"THE_SPIRIT","items_purchased":["hexamod:ExtraCrispy"],"campfire_rested":0,"item_purchase_floors":[4],"current_hp_per_floor":[18,18,18,18,0,0],"gold":56,"neow_bonus":"THREE_ENEMY_KILL","is_daily":false,"chose_seed":false,"campfire_upgraded":0,"win_rate":0.0,"timestamp":1607980568,"path_taken":["R_BF","E","M","$","E"],"items_purchased_type":["Card"],"build_version":"2020-11-30","purchased_purges":0,"victory":false,"max_hp_per_floor":[70,70,70,70,70,70],"card_choices":[{"not_picked":["hexamod:SecondSeal","hexamod:EtherealExpedition"],"picked":"hexamod:PhantomFireball","floor":2},{"not_picked":["hexamod:EtherealExpedition","hexamod:RadiantFlame"],"picked":"hexamod:Firestarter","floor":3},{"not_picked":["hexamod:NightmareGuise","hexamod:Hexaguard"],"picked":"hexamod:EtherealExpedition","floor":4}],"player_experience":427998,"relics_obtained":[{"floor":2,"key":"Darkstone Periapt"}],"event_choices":[{"damage_healed":0,"gold_gain":0,"player_choice":"RE RE RE ","damage_taken":58,"relics_obtained":["trackpad:CultistFigurine","hubris:ToyBattleship","ReplayTheSpireMod:Lightbulb"],"max_hp_gain":0,"max_hp_loss":0,"event_name":"betterSkull:BetterSkull","floor":1,"gold_loss":0,"cards_upgraded":[]}],"is_beta":false,"boss_relics":[],"items_purged_floors":[],"is_endless":false,"potions_floor_spawned":[],"killed_by":"Gremlin Nob","ascension_level":1}}