{"host":"i9o21tdcc8l3o4rw","time":1607968352,"event":{"mods":["2.2 Compatiblity","Act Like it!","BaseMod","BetterRewards","Colored Map","Colored Powertips","Hermit","Hubris","Marisa????????","Menagerie","Minty Spire (QoL Compilation)","Replay The Spire","Shop Mod","StSLib","The Disciple","The Necromancer"],"gold_per_floor":[111,131,131,36,47,47,66,94,94,124,144,174,146,146,146,251,251,262,5,23,23,23,23,56,69,69,69,69,86,86,86,86],"floor_reached":31,"playtime":12854,"items_purged":[],"score":323,"play_id":"9e79bf43-19e5-4462-9b56-a54de7ec530b","local_time":"20201214185232","is_ascension_mode":false,"campfire_choices":[{"data":"HandsUpC","floor":6.0,"key":"SMITH"},{"floor":15,"key":"REST"},{"floor":23,"key":"REST"}],"circlet_count":0,"master_deck":["Strike_Br","Strike_Br","Strike_Br","Defend_Br","Defend_Br","Defend_Br","Defend_Br","SecondHand","PatternShift","HandsUpC+1","HandsUpB","SlimeSpray","PrimeTime","BlueShift","BlueShift","LockedWarPaint","BiteCommand","ReapSow","LockedOrichalcum","RageCommand","CrunchTime","Backlash","Crow Ritual","LockedBlood","LockedScales+1","Echonomics","WindUp","Engulf+1"],"relics":["Chronometer","NeowsBlessing","Counterbalance","Replay:Bottled Flurry","Incense Burner","Paper Turtyl","Painkiller Herb","Bag of Preparation","Snack Pack"],"acts_visited":["Exordium","TheCity"],"potions_floor_usage":[11],"damage_taken":[{"damage":0.0,"enemies":"2 Louse","floor":1.0,"turns":1.0},{"damage":0.0,"enemies":"Cultist","floor":2.0,"turns":2.0},{"damage":0.0,"enemies":"Small Slimes","floor":5.0,"turns":1.0},{"damage":0,"enemies":"Blue Slaver","floor":7,"turns":6},{"damage":5,"enemies":"Replay:BlueRogue","floor":8,"turns":9},{"damage":0,"enemies":"Lagavulin","floor":10,"turns":9},{"damage":24,"enemies":"Lots of Slimes","floor":11,"turns":7},{"damage":0,"enemies":"Replay:BlueRogue","floor":12,"turns":7},{"damage":24,"enemies":"Fading Forest","floor":16,"turns":10},{"damage":2,"enemies":"Shell Parasite","floor":18,"turns":8},{"damage":20,"enemies":"2 Thieves","floor":20,"turns":4},{"damage":26,"enemies":"Replay:Snechameleon","floor":24,"turns":8},{"damage":15,"enemies":"Snake Plant","floor":25,"turns":6},{"damage":16,"enemies":"Cultist and Chosen","floor":29,"turns":8},{"damage":41,"enemies":"Snecko","floor":31,"turns":5}],"seed_played":"3364182585461580361","potions_obtained":[{"floor":1.0,"key":"AttackPotion"},{"floor":8,"key":"ColorlessPotion"},{"floor":10,"key":"Fruit Juice"},{"floor":11,"key":"Strength Potion"}],"is_trial":false,"path_per_floor":["M","M","?","$","M","R","M","E","T","E","M","E","?","?","R","B",null,"?","T","?","T","?","T","E","?","T","T","?","?","T","?"],"character_chosen":"CHRONO_CLASS","items_purchased":["SlimeSpray","PrimeTime","Backlash","Crow Ritual","LockedBlood"],"campfire_rested":2,"item_purchase_floors":[4,4,19,19,19],"current_hp_per_floor":[65,65,65,65,65,65,65,60,60,60,41,41,41,41,62,52,70,68,68,48,48,48,69,49,40,40,40,40,30,30,0,0],"gold":86,"neow_bonus":"THREE_ENEMY_KILL","is_daily":false,"chose_seed":false,"campfire_upgraded":1,"win_rate":0.0,"timestamp":1607968352,"path_taken":["M","M","?","$","M","R","M","E","T","E","?","E","?","?","R","BOSS","?","?","?","T","?","T","E","?","T","T","?","?","T","?"],"items_purchased_type":["Card","Card","Card","Card","Card"],"build_version":"2020-11-29","purchased_purges":0,"victory":false,"max_hp_per_floor":[65,65,65,65,65,65,65,65,65,65,70,70,70,70,70,70,70,70,70,70,70,70,70,70,70,70,70,70,70,70,70,70],"card_choices":[{"not_picked":["Recurrance","BiteCommand"],"picked":"HandsUpC","floor":1.0},{"not_picked":["Break","BiteCommand"],"picked":"HandsUpB","floor":2.0},{"not_picked":["AlternateTimeline","ReapSow"],"picked":"BlueShift","floor":5.0},{"not_picked":["Analog","Cuckoo"],"picked":"BlueShift","floor":7},{"not_picked":["LockedMawBank","Break"],"picked":"LockedWarPaint","floor":8},{"not_picked":["Echoward","LockedPlans"],"picked":"BiteCommand","floor":10},{"not_picked":["LockedMawBank","Tempo"],"picked":"ReapSow","floor":11},{"not_picked":["ReapSow","ExoVibe"],"picked":"LockedOrichalcum","floor":12},{"not_picked":["LockedFlame","BackFourSeconds"],"picked":"RageCommand","floor":16},{"not_picked":["ShortSighted","PrimeTime"],"picked":"CrunchTime","floor":18},{"not_picked":["BlueShift","Break"],"picked":"LockedScales+1","floor":20},{"not_picked":["CrunchTime","Backlash"],"picked":"Echonomics","floor":24},{"not_picked":["Keepsakes","Tempo+1"],"picked":"WindUp","floor":25},{"not_picked":["WindUp","Parity"],"picked":"Engulf+1","floor":29}],"player_experience":33192,"relics_obtained":[{"floor":8,"key":"Counterbalance"},{"floor":9,"key":"Replay:Bottled Flurry"},{"floor":10,"key":"Incense Burner"},{"floor":12,"key":"Paper Turtyl"},{"floor":24,"key":"Bag of Preparation"},{"floor":26,"key":"Snack Pack"}],"event_choices":[{"cards_removed":["Strike_Br"],"damage_healed":0.0,"max_hp_gain":0.0,"max_hp_loss":0.0,"gold_gain":0.0,"event_name":"Bonfire Elementals","player_choice":"Offered Basic","floor":3.0,"gold_loss":0.0,"damage_taken":0.0},{"damage_healed":0,"gold_gain":0,"player_choice":"Left Gold","damage_taken":0,"max_hp_gain":0,"max_hp_loss":0,"event_name":"World of Goop","floor":13,"gold_loss":28},{"damage_healed":0,"gold_gain":0,"player_choice":"Leave","damage_taken":0,"max_hp_gain":0,"max_hp_loss":0,"event_name":"FaceTrader","floor":14,"gold_loss":0},{"damage_healed":0,"gold_gain":0,"player_choice":"Ignored","damage_taken":0,"max_hp_gain":0,"max_hp_loss":0,"event_name":"Cursed Tome","floor":28,"gold_loss":0}],"is_beta":false,"boss_relics":[{"not_picked":["SlaversCollar","Empty Cage"],"picked":"Painkiller Herb"}],"items_purged_floors":[],"is_endless":false,"potions_floor_spawned":[1,8,10,11,16,25,29],"killed_by":"Snecko","ascension_level":0}}