{"host":"nug5xkek4sujf8as","time":1607979225,"event":{"mods":["Act Like it!","Aspiration","BaseMod","Booster Modes","CapriCore","Colored Powertips","Conspire","Gensokyo","Minty Spire (QoL Compilation)","Permanent Neow","Quick Restart","Replay The Spire","Shop Mod","Spicy Shops","StSLib","vexMod","【功能Mod】混沌之环修复补丁","【遗物卡牌】REMEMod","篝火指南"],"gold_per_floor":[111,111,129,129,54,80,80,80,80],"floor_reached":8,"playtime":204,"items_purged":["Strike_G"],"score":142,"play_id":"07e10762-74d3-4c4f-b747-1668d1ac06cf","local_time":"20201215045345","is_ascension_mode":true,"campfire_choices":[{"data":"Neutralize","floor":7,"key":"SMITH"}],"circlet_count":0,"master_deck":["AscendersBane","Strike_G","Strike_G","Strike_G","Defend_G","Defend_G","Defend_G","Defend_G","Defend_G","Survivor","Neutralize+1","Hello World","Backflip","Infinite Blades","conspire:DoublingDagger"],"relics":["Ring of the Snake","REME_ComplimentaryCards","NeowsBlessing","Blue Doll","Toxic Egg 2"],"acts_visited":["Exordium"],"potions_floor_usage":[],"damage_taken":[{"damage":0,"enemies":"Cultist","floor":1,"turns":2},{"damage":0,"enemies":"2 Louse","floor":3,"turns":1},{"damage":0,"enemies":"3 Sentries","floor":6,"turns":2},{"damage":4,"enemies":"Lagavulin","floor":8,"turns":7}],"seed_played":"1481824820006510543","potions_obtained":[{"floor":3,"key":"Venom Potion"}],"is_trial":false,"path_per_floor":["M","T","M","?","$","E","R","E"],"character_chosen":"THE_SILENT","items_purchased":[],"campfire_rested":0,"item_purchase_floors":[],"current_hp_per_floor":[59,59,59,59,59,59,59,55,55],"gold":80,"neow_bonus":"THREE_ENEMY_KILL","is_daily":false,"chose_seed":false,"campfire_upgraded":1,"win_rate":0.0,"timestamp":1607979225,"path_taken":["M","?","?","?","?","E","R","E"],"items_purchased_type":[],"build_version":"2020-12-13","purchased_purges":1,"victory":false,"max_hp_per_floor":[66,66,66,66,66,66,66,66,66],"card_choices":[{"not_picked":["Prepared","Draining Mist"],"picked":"Backflip","floor":1},{"not_picked":["Blade Dance","Hidden Blade"],"picked":"Infinite Blades","floor":3},{"not_picked":["Poisoned Stab","Eviscerate","Heel Hook"],"picked":"SKIP","floor":6}],"player_experience":678488,"relics_obtained":[{"floor":2,"key":"Blue Doll"},{"floor":6,"key":"Toxic Egg 2"}],"event_choices":[{"damage_healed":0,"gold_gain":0,"cards_transformed":["Strike_G"],"player_choice":"Transformed","damage_taken":0,"max_hp_gain":0,"max_hp_loss":0,"event_name":"Transmorgrifier","floor":4,"gold_loss":0,"cards_obtained":["conspire:DoublingDagger"]}],"is_beta":false,"boss_relics":[],"items_purged_floors":[5],"is_endless":false,"potions_floor_spawned":[3],"killed_by":"Lagavulin","ascension_level":16}}