{"host":"o3so5oxo9aakc7d5","time":1607909691,"event":{"mods":["BaseMod","Better Altar","Better Match","Better Sensory Stone","Better Skull","Better Third Choice","Block Reminder","CapriCore","Challenge The Spire","Googly Eyes","Jorbs\u0027s Wanderer Trilogy","Minty Spire (QoL Compilation)","Rare Cards Sparkle","Spicy Shops","StSLib"],"gold_per_floor":[117,292,303,317,337,337,365,365,365,365,365,385,406,436,436,436,436],"floor_reached":16,"playtime":712,"items_purged":[],"score":116,"play_id":"e81166be-fd1a-4649-9123-bfd3836b968c","local_time":"20201213183451","is_ascension_mode":true,"campfire_choices":[{"data":"Poisoned Stab","floor":6,"key":"SMITH"},{"floor":8,"key":"REST"},{"data":"Dark Shackles","floor":11,"key":"SMITH"},{"floor":15,"key":"REST"}],"circlet_count":0,"master_deck":["Strike_G","Strike_G","Strike_G","Strike_G","Strike_G","Defend_G","Defend_G","Defend_G","Defend_G","Defend_G","Survivor","Neutralize+1","Poisoned Stab+1","Doubt","Sucker Punch","Expertise","Quick Slash","Crippling Poison","Dark Shackles+1"],"relics":["Ring of the Snake","The Specimen","Bird Faced Urn","Odd Mushroom","Frozen Egg 2"],"acts_visited":["Exordium"],"potions_floor_usage":[7,14,14,16],"damage_taken":[{"damage":2,"enemies":"2 Louse","floor":1,"turns":3},{"damage":2,"enemies":"Small Slimes","floor":3,"turns":3},{"damage":3,"enemies":"Jaw Worm","floor":4,"turns":3},{"damage":10,"enemies":"3 Louse","floor":5,"turns":3},{"damage":15,"enemies":"3 Sentries","floor":7,"turns":12},{"damage":2,"enemies":"Looter","floor":12,"turns":3},{"damage":14,"enemies":"The Mushroom Lair","floor":13,"turns":4},{"damage":4,"enemies":"Gremlin Nob","floor":14,"turns":3},{"damage":63,"enemies":"Slime Boss","floor":16,"turns":12}],"seed_played":"-5139281103859750628","potions_obtained":[{"floor":3,"key":"EssenceOfSteel"},{"floor":4,"key":"SteroidPotion"},{"floor":12,"key":"SneckoOil"},{"floor":13,"key":"CunningPotion"}],"is_trial":false,"path_per_floor":["M","?","M","M","M","R","E","R","T","?","R","M","?","E","R","B"],"character_chosen":"THE_SILENT","items_purchased":[],"campfire_rested":2,"item_purchase_floors":[],"current_hp_per_floor":[68,68,66,63,53,53,38,59,59,59,59,57,43,39,60,0,0],"gold":436,"neow_bonus":"UPGRADE_CARD","is_daily":false,"chose_seed":false,"campfire_upgraded":2,"win_rate":0.0,"timestamp":1607909691,"path_taken":["M","?","M","M","M","R","E","R","T","?","R","M","?","E","R","BOSS"],"items_purchased_type":[],"build_version":"2020-12-13","purchased_purges":0,"victory":false,"max_hp_per_floor":[70,70,70,70,70,70,70,70,70,70,70,70,70,70,70,70,70],"card_choices":[{"not_picked":["PiercingWail","Backflip"],"picked":"Poisoned Stab","floor":1},{"not_picked":["Underhanded Strike","PiercingWail"],"picked":"Sucker Punch","floor":3},{"not_picked":["Terror","Skewer"],"picked":"Expertise","floor":4},{"not_picked":["Backflip","Riddle With Holes"],"picked":"Quick Slash","floor":5},{"not_picked":["Acrobatics","Cloak And Dagger"],"picked":"Crippling Poison","floor":7},{"not_picked":["Finesse","Blind"],"picked":"Dark Shackles","floor":10},{"not_picked":["Dodge and Roll","Heel Hook","Grand Finale"],"picked":"SKIP","floor":12},{"not_picked":["Acrobatics","Dash","Infinite Blades+1"],"picked":"SKIP","floor":14}],"player_experience":509751,"relics_obtained":[{"floor":7,"key":"The Specimen"},{"floor":9,"key":"Bird Faced Urn"},{"floor":13,"key":"Odd Mushroom"},{"floor":14,"key":"Frozen Egg 2"}],"event_choices":[{"damage_healed":0,"gold_gain":175,"player_choice":"AGREE","damage_taken":117,"max_hp_gain":0,"max_hp_loss":0,"event_name":"betterThird:BetterSerpent","floor":2,"gold_loss":0},{"damage_healed":0,"gold_gain":1,"player_choice":"1","damage_taken":0,"max_hp_gain":0,"max_hp_loss":0,"event_name":"betterStone:BetterStone","floor":10,"gold_loss":0},{"damage_healed":0,"gold_gain":0,"player_choice":"Fought Mushrooms","damage_taken":0,"max_hp_gain":0,"max_hp_loss":0,"event_name":"Mushrooms","floor":13,"gold_loss":0}],"is_beta":false,"boss_relics":[],"items_purged_floors":[],"is_endless":false,"potions_floor_spawned":[3,4,12,13],"killed_by":"Slime Boss","ascension_level":1}}