{"host":"mn5ze3eyhx81nlo2","time":1607955938,"event":{"mods":["BaseMod","Block Reminder","Challenge The Spire","Downfall","Hermit","Hubris","Infinite Spire","Minty Spire (QoL Compilation)","Quick Restart","Replay The Spire","Shade Mod","StSLib","The Cursed","The Druid","The Hierophant","The Runesmith","Unceasing Turn Reminder"],"gold_per_floor":[99,99,30,30,57,57,57,89,89,89,0,0,14,0,11,109,109,109,109,139,168,192,204,242,279,291,331,405,412,422,180,92,188,238,238,293,293,340,340,340,408,462,462,462,504,229,229,274,323,357],"floor_reached":51,"playtime":3921,"items_purged":["ReplayTheSpireMod:Splinters","Guardian:Strike_Guardian","Guardian:Strike_Guardian"],"score":914,"play_id":"4589fada-5424-44da-80b8-9339be42f914","local_time":"20201214142538","is_ascension_mode":true,"campfire_choices":[{"data":"Guardian:SentryBeam","floor":6,"key":"SMITH"},{"data":"Guardian:PrimingBeam","floor":10,"key":"SMITH"},{"floor":18,"key":"DIG"},{"floor":23,"key":"DIG"},{"floor":26,"key":"DIG"},{"floor":35,"key":"DIG"},{"floor":37,"key":"DIG"},{"data":"Guardian:MultiBeam","floor":40,"key":"SMITH"},{"data":"Guardian:Suspension","floor":44,"key":"SMITH"}],"circlet_count":0,"master_deck":["Guardian:Strike_Guardian","Guardian:Strike_Guardian","Guardian:Defend_Guardian","Guardian:Defend_Guardian","Guardian:Defend_Guardian","Guardian:Defend_Guardian","Guardian:CurlUp","Guardian:TwinSlam","Guardian:PrimingBeam+1","Guardian:SentryBeam+1","Guardian:BronzeOrb","Guardian:MultiBeam+1","Guardian:Gem_Synthetic","Guardian:RefractedBeam","CurseOfTheBell","Guardian:Gem_Cyan","Guardian:Gem_White","Guardian:Gem_Crimson","Guardian:Suspension+1","Guardian:CrystalBeam","Guardian:ShieldCharger+1","Guardian:ChargeCore+1","Guardian:PrismaticBeam","Guardian:FloatingOrbs","Guardian:Gem_Lightblue","Guardian:Gem_Purple","Guardian:SentryBeam"],"relics":["Guardian:ModeShifter","downfall:HeartsMalice","Art of War","Blood Vial","Pet Ghost","InkBottle","Calling Bell","Gremlin Food","hubris:Reverence","Shovel","Meat on the Bone","MawBank","Letter Opener","ReplayTheSpireMod:TigerMarble","Simple Rune","Ginger","Boot","infinitespire:Lucky Rock","Mirror","Regal Pillow","Oddly Smooth Stone","ReplayTheSpireMod:CursedCoin","Tiny House","Replay:Bandana","infinitespire:WardingShard","Happy Flower","Pear","infinitespire:Midas Blood","hubris:Icosahedron"],"acts_visited":["Exordium","TheCity","TheBeyond"],"potions_floor_usage":[11,14,16,29,33,33,33,36,42,48,50],"damage_taken":[{"damage":0,"enemies":"downfall:FleeingMerchant","floor":3,"turns":1},{"damage":0,"enemies":"Cultist","floor":4,"turns":1},{"damage":0,"enemies":"Gremlin Nob","floor":5,"turns":1},{"damage":10,"enemies":"3 Sentries","floor":8,"turns":8},{"damage":0,"enemies":"downfall:FleeingMerchant","floor":11,"turns":5},{"damage":0,"enemies":"2 Louse","floor":13,"turns":2},{"damage":15,"enemies":"downfall:FleeingMerchant","floor":14,"turns":4},{"damage":0,"enemies":"Jaw Worm","floor":15,"turns":2},{"damage":22,"enemies":"downfall:Ironclad","floor":16,"turns":8},{"damage":22,"enemies":"Replay:Snechameleon","floor":20,"turns":7},{"damage":1,"enemies":"Spheric Guardian","floor":21,"turns":3},{"damage":4,"enemies":"Shell Parasite","floor":22,"turns":4},{"damage":18,"enemies":"Slavers","floor":25,"turns":3},{"damage":39,"enemies":"Gremlin Leader","floor":27,"turns":9},{"damage":6,"enemies":"downfall:FleeingMerchant","floor":29,"turns":4},{"damage":1,"enemies":"Sentry and Sphere","floor":30,"turns":4},{"damage":0,"enemies":"3 Cultists","floor":32,"turns":3},{"damage":33,"enemies":"downfall:Silent","floor":33,"turns":7},{"damage":3,"enemies":"Giant Head","floor":36,"turns":7},{"damage":0,"enemies":"3 Darklings","floor":38,"turns":2},{"damage":6,"enemies":"Nemesis","floor":42,"turns":7},{"damage":0,"enemies":"Orb Walker","floor":45,"turns":2},{"damage":4,"enemies":"Transient","floor":48,"turns":5},{"damage":21,"enemies":"Maw","floor":49,"turns":6},{"damage":4,"enemies":"downfall:Watcher","floor":50,"turns":7}],"seed_played":"3169675765005496493","potions_obtained":[{"floor":1,"key":"FairyPotion"},{"floor":1,"key":"Flashbang"},{"floor":1,"key":"SteroidPotion"},{"floor":15,"key":"Strength Potion"},{"floor":20,"key":"champ:CounterPotion"},{"floor":28,"key":"BlessingOfTheForge"},{"floor":30,"key":"PowerPotion"},{"floor":32,"key":"Energy Potion"},{"floor":34,"key":"Weak Potion"},{"floor":36,"key":"SkillPotion"},{"floor":42,"key":"Weak Potion"},{"floor":49,"key":"Swift Potion"}],"is_trial":false,"path_per_floor":["R","?","$","M","E","R","T","E","?","R","$","?","M","$","M","B",null,"R","AVR","E","M","M","R","T","E","R","E","?","$","M","$","M","B",null,"R","E","R","M","?","R","T","E","?","R","M","$","?","M","M","B",null],"character_chosen":"GUARDIAN","items_purchased":["Guardian:SentryBeam","Guardian:MultiBeam","Mirror","Regal Pillow","Oddly Smooth Stone","ReplayTheSpireMod:CursedCoin","Guardian:PrismaticBeam","Guardian:FloatingOrbs"],"campfire_rested":0,"item_purchase_floors":[3,11,29,31,31,31,46,46],"current_hp_per_floor":[80,80,80,80,80,80,80,70,70,70,72,72,74,61,63,43,80,80,80,58,59,57,57,57,41,41,16,16,24,37,37,51,32,85,85,82,82,84,84,84,94,89,89,89,91,91,91,89,70,68],"gold":357,"neow_bonus":"THREE_ENEMY_KILL","is_daily":false,"chose_seed":false,"campfire_upgraded":4,"win_rate":0.0,"timestamp":1607955938,"path_taken":["R","?","$","M","E","R","T","E","?","R","?","?","M","$","M","BOSS","R","AVR","E","M","M","R","T","E","R","E","?","$","?","$","M","BOSS","R","E","R","M","?","R","T","E","?","R","M","$","?","M","M","BOSS"],"items_purchased_type":["Card","Card","Relic","Relic","Relic","Relic","Card","Card"],"build_version":"2020-12-13","purchased_purges":3,"victory":true,"max_hp_per_floor":[80,80,80,80,80,80,80,80,80,80,80,80,80,80,80,80,80,80,80,80,80,80,80,80,80,80,80,80,80,80,80,80,80,85,85,85,85,85,85,85,95,95,95,95,95,95,95,95,95,95],"card_choices":[{"not_picked":["Guardian:Gem_Crimson","Guardian:Suspension"],"picked":"Guardian:PrimingBeam","floor":3},{"not_picked":["Guardian:Planning","Guardian:ConstructionForm"],"picked":"Guardian:Gem_Green","floor":4},{"not_picked":["Guardian:PiercingHide","Guardian:PrimingBeam","Guardian:PrismaticBarrier"],"picked":"SKIP","floor":5},{"not_picked":["Guardian:BronzeArmor","Guardian:Incinerate"],"picked":"Guardian:Gem_Lightblue","floor":8},{"not_picked":["Guardian:Incinerate","Guardian:DonusPower"],"picked":"Guardian:BronzeOrb","floor":11},{"not_picked":["Guardian:EvasiveProtocol","Guardian:Repulse","Guardian:BronzeOrb"],"picked":"SKIP","floor":13},{"not_picked":["Guardian:Planning","Guardian:Gem_Cyan"],"picked":"Guardian:RefractedBeam","floor":14},{"not_picked":["Guardian:PiercingHide","Guardian:TimeBomb","Guardian:EvasiveProtocol"],"picked":"SKIP","floor":15},{"not_picked":["Guardian:TemporalShield","Guardian:Clone+1","Guardian:WalkerClaw+1"],"picked":"SKIP","floor":20},{"not_picked":["Guardian:PiercingHide","Guardian:TemporalShield","Guardian:PrimingBeam"],"picked":"SKIP","floor":21},{"not_picked":["Guardian:Gem_Green","Guardian:Gem_Lightblue"],"picked":"Guardian:Gem_Cyan","floor":22},{"not_picked":["Guardian:Emergency+1","Guardian:VentSteam","Guardian:EvasiveProtocol+1"],"picked":"SKIP","floor":25},{"not_picked":["Guardian:BronzeOrb","Guardian:DecasProtection"],"picked":"Guardian:Gem_White","floor":27},{"not_picked":["Guardian:Planning+1","Guardian:Emergency+1"],"picked":"Guardian:Gem_Crimson","floor":28},{"not_picked":["Guardian:TemporalStrike","Guardian:TemporalShield"],"picked":"Guardian:Suspension","floor":29},{"not_picked":["Guardian:DonusPower","Guardian:SpikerProtocol","Guardian:ShieldSpikes"],"picked":"SKIP","floor":30},{"not_picked":["Guardian:RefractedBeam","Guardian:Preprogram","Guardian:Gem_Cyan"],"picked":"SKIP","floor":32},{"not_picked":["Guardian:ShieldCharger","Guardian:Clone"],"picked":"Guardian:CrystalBeam","floor":34},{"not_picked":["Guardian:BronzeArmor","Guardian:PrimingBeam+1","Guardian:Gem_Lightblue"],"picked":"SKIP","floor":36},{"not_picked":["Guardian:Recover","Guardian:Planning+1"],"picked":"Guardian:ShieldCharger+1","floor":38},{"not_picked":["Guardian:Gem_Green","Guardian:SpikerProtocol"],"picked":"Guardian:ChargeCore+1","floor":42},{"not_picked":["Guardian:Gem_Cyan","Guardian:VentSteam+1","Guardian:SpikerProtocol+1"],"picked":"SKIP","floor":45},{"not_picked":["Guardian:Gem_Cyan","Guardian:Reroute+1"],"picked":"Guardian:SentryBeam","floor":48},{"not_picked":["Guardian:SpikerProtocol+1","Guardian:CrystalBeam","Guardian:DonusPower+1"],"picked":"SKIP","floor":49}],"player_experience":867506,"relics_obtained":[{"floor":5,"key":"Art of War"},{"floor":7,"key":"Blood Vial"},{"floor":8,"key":"Pet Ghost"},{"floor":9,"key":"InkBottle"},{"floor":17,"key":"Gremlin Food"},{"floor":17,"key":"hubris:Reverence"},{"floor":17,"key":"Shovel"},{"floor":18,"key":"Meat on the Bone"},{"floor":20,"key":"MawBank"},{"floor":23,"key":"Letter Opener"},{"floor":24,"key":"ReplayTheSpireMod:TigerMarble"},{"floor":25,"key":"Simple Rune"},{"floor":26,"key":"Ginger"},{"floor":27,"key":"Boot"},{"floor":28,"key":"infinitespire:Lucky Rock"},{"floor":35,"key":"Replay:Bandana"},{"floor":36,"key":"infinitespire:WardingShard"},{"floor":37,"key":"Happy Flower"},{"floor":41,"key":"Pear"},{"floor":42,"key":"infinitespire:Midas Blood"}],"event_choices":[{"damage_healed":0,"gold_gain":0,"player_choice":"Got Potions","damage_taken":0,"max_hp_gain":0,"max_hp_loss":0,"event_name":"Lab","floor":1,"gold_loss":0}],"is_beta":false,"boss_relics":[{"not_picked":["SacredBark","Kintsugi"],"picked":"Calling Bell"},{"not_picked":["Cursed Key","Runic Pyramid"],"picked":"Tiny House"}],"items_purged_floors":[29,31,46],"is_endless":false,"potions_floor_spawned":[5,8,15,20,30,32,36,42,49],"ascension_level":2}}