{"host":"0285y92tozoijo7k","time":1607954258,"event":{"mods":["AchievementEnabler","Act Like it!","BaseMod","Colored Map","DeckTracker","Keyboard Shortcuts","Minty Spire (QoL Compilation)","Permanent Neow","StSLib","SuperFastMode"],"gold_per_floor":[109,119,44,59,134,134,166,166,166,182,182,1,1,18,18,116,116,132,7,7,7,34,34,34],"floor_reached":23,"playtime":551,"items_purged":["Strike_B","Strike_B","Strike_B"],"score":299,"play_id":"80a1bd4c-276f-48f0-9670-35bdea6320a0","local_time":"20201214225738","is_ascension_mode":true,"campfire_choices":[{"floor":6,"key":"REST"},{"floor":8,"key":"REST"},{"data":"Chaos","floor":11,"key":"SMITH"},{"floor":15,"key":"REST"}],"circlet_count":0,"master_deck":["AscendersBane","Strike_B+1","Defend_B","Defend_B","Defend_B","Defend_B","Zap","Dualcast","Master of Strategy","Genetic Algorithm","Gash+1","Ball Lightning","Chaos+1","Recycle","White Noise","Capacitor","Capacitor","Electrodynamics","Coolheaded+1","Writhe"],"relics":["Cracked Core","Dream Catcher","Letter Opener","Philosopher\u0027s Stone","Gambling Chip","Nilry\u0027s Codex","Whetstone"],"acts_visited":["Exordium","TheCity"],"potions_floor_usage":[7,16,23,23],"damage_taken":[{"damage":4,"enemies":"2 Louse","floor":1,"turns":2},{"damage":16,"enemies":"Small Slimes","floor":2,"turns":4},{"damage":8,"enemies":"Jaw Worm","floor":4,"turns":4},{"damage":30,"enemies":"Lagavulin","floor":7,"turns":6},{"damage":9,"enemies":"Blue Slaver","floor":10,"turns":3},{"damage":11,"enemies":"Large Slime","floor":14,"turns":5},{"damage":18,"enemies":"Hexaghost","floor":16,"turns":9},{"damage":33,"enemies":"Shell Parasite","floor":18,"turns":6},{"damage":12,"enemies":"Slavers","floor":23,"turns":2}],"seed_played":"-8431901291200101806","potions_obtained":[{"floor":2,"key":"Fire Potion"},{"floor":4,"key":"FearPotion"},{"floor":14,"key":"DistilledChaos"},{"floor":16,"key":"DuplicationPotion"}],"is_trial":false,"path_per_floor":["M","M","$","M","?","R","E","R","T","M","R","$","?","M","R","B",null,"M","$","?","?","T","E"],"character_chosen":"DEFECT","items_purchased":["Capacitor"],"campfire_rested":3,"item_purchase_floors":[12],"current_hp_per_floor":[46,30,30,22,11,33,3,25,25,16,16,16,16,5,27,9,59,26,26,26,10,10,0,0],"gold":34,"neow_bonus":"RANDOM_COLORLESS_2","is_daily":false,"chose_seed":false,"campfire_upgraded":1,"win_rate":0.0,"timestamp":1607954258,"path_taken":["M","M","$","M","?","R","E","R","T","M","R","$","?","M","R","BOSS","M","$","?","?","?","E"],"items_purchased_type":["Card"],"build_version":"2020-12-13","purchased_purges":3,"victory":false,"max_hp_per_floor":[75,75,75,75,75,75,75,75,75,75,75,75,75,75,75,75,75,75,75,75,75,75,75,75],"card_choices":[{"not_picked":["Mayhem","Thinking Ahead"],"picked":"Master of Strategy","floor":0},{"not_picked":["Ball Lightning","Reprogram"],"picked":"Genetic Algorithm","floor":1},{"not_picked":["Hologram","Aggregate"],"picked":"Gash","floor":2},{"not_picked":["Skim","Cold Snap"],"picked":"Ball Lightning","floor":4},{"not_picked":["Rebound","Hologram"],"picked":"Chaos","floor":7},{"not_picked":["Cold Snap","Barrage"],"picked":"Recycle","floor":8},{"not_picked":["Conserve Battery","Rebound"],"picked":"White Noise","floor":10},{"not_picked":["Rip and Tear","Sweeping Beam","Static Discharge"],"picked":"SKIP","floor":14},{"not_picked":["Hello World","Rebound"],"picked":"Capacitor","floor":15},{"not_picked":["Amplify","All For One"],"picked":"Electrodynamics","floor":16},{"not_picked":["Streamline","Ball Lightning"],"picked":"Coolheaded+1","floor":18}],"player_experience":370991,"relics_obtained":[{"floor":7,"key":"Dream Catcher"},{"floor":9,"key":"Letter Opener"},{"floor":21,"key":"Nilry\u0027s Codex"},{"floor":22,"key":"Whetstone"}],"event_choices":[{"damage_healed":0,"gold_gain":75,"player_choice":"Gather Gold","damage_taken":11,"max_hp_gain":0,"max_hp_loss":0,"event_name":"World of Goop","floor":5,"gold_loss":0},{"damage_healed":0,"gold_gain":0,"player_choice":"Ignored","damage_taken":0,"max_hp_gain":0,"max_hp_loss":0,"event_name":"Liars Game","floor":13,"gold_loss":0},{"damage_healed":0,"gold_gain":0,"player_choice":"Opened","damage_taken":0,"relics_obtained":["Gambling Chip"],"max_hp_gain":0,"max_hp_loss":0,"event_name":"The Mausoleum","floor":20,"gold_loss":0,"cards_obtained":["Writhe"]},{"damage_healed":0,"gold_gain":0,"player_choice":"Obtained Book","damage_taken":16,"max_hp_gain":0,"max_hp_loss":0,"event_name":"Cursed Tome","floor":21,"gold_loss":0}],"is_beta":false,"boss_relics":[{"not_picked":["Fusion Hammer","Ectoplasm"],"picked":"Philosopher\u0027s Stone"}],"items_purged_floors":[3,12,19],"is_endless":false,"potions_floor_spawned":[2,4,14,16,18],"killed_by":"Slavers","ascension_level":12}}