{"host":"p7j7o00jacnw7qzt","time":1607930050,"event":{"mods":["BaseMod","Colored Map","Colored Powertips","DeckTracker","Highlight Path","Minty Spire (QoL Compilation)","Relic Stats"],"gold_per_floor":[111,111,69,82,101,101,101,117,117,117,135,135,171,191,191,284,284,309,309,265,180,180,180],"floor_reached":22,"playtime":1059,"items_purged":[],"score":372,"play_id":"ac5507bd-5a35-45c7-a42e-fb924f0d89d3","local_time":"20201214021410","is_ascension_mode":true,"campfire_choices":[{"data":"Prepared","floor":6.0,"key":"SMITH"},{"data":"Blade Dance","floor":10.0,"key":"SMITH"},{"data":"Calculated Gamble","floor":15.0,"key":"SMITH"}],"circlet_count":0,"master_deck":["AscendersBane","Strike_G","Strike_G","Strike_G","Defend_G","Defend_G","Defend_G","Defend_G","Defend_G","Survivor","Neutralize","Blade Dance+1","Poisoned Stab","Reflex","Prepared+1","Well Laid Plans","Tactician","Calculated Gamble+1","CurseOfTheBell"],"relics":["Ring of the Snake","NeowsBlessing","Golden Idol","Pantograph","Calling Bell","Boot","Molten Egg 2","Peace Pipe","Strawberry"],"acts_visited":["Exordium","TheCity"],"potions_floor_usage":[20],"damage_taken":[{"damage":0.0,"enemies":"Small Slimes","floor":1.0,"turns":1.0},{"damage":0.0,"enemies":"Cultist","floor":4.0,"turns":1.0},{"damage":0.0,"enemies":"2 Louse","floor":5.0,"turns":1.0},{"damage":13.0,"enemies":"Blue Slaver","floor":8.0,"turns":5.0},{"damage":0.0,"enemies":"Lots of Slimes","floor":11.0,"turns":9.0},{"damage":29.0,"enemies":"3 Sentries","floor":13.0,"turns":10.0},{"damage":0.0,"enemies":"2 Fungi Beasts","floor":14.0,"turns":4.0},{"damage":61.0,"enemies":"Slime Boss","floor":16.0,"turns":10.0},{"damage":5,"enemies":"3 Byrds","floor":18,"turns":6},{"damage":27,"enemies":"2 Thieves","floor":20,"turns":5},{"damage":0,"enemies":"3 Cultists","floor":22,"turns":1}],"seed_played":"3437947833399381466","potions_obtained":[{"floor":4.0,"key":"Regen Potion"},{"floor":8.0,"key":"FearPotion"},{"floor":13.0,"key":"Regen Potion"},{"floor":16.0,"key":"SkillPotion"},{"floor":20,"key":"Weak Potion"}],"is_trial":false,"path_per_floor":["M","?","$","M","M","R","?","M","T","R","M","?","E","M","R","B",null,"M","?","M","?","M"],"character_chosen":"THE_SILENT","items_purchased":["Reflex"],"campfire_rested":0,"item_purchase_floors":[3],"current_hp_per_floor":[59,59,59,59,59,59,59,46,46,46,60,65,36,36,36,15,53,48,48,21,28,28,28],"gold":180,"neow_bonus":"THREE_ENEMY_KILL","is_daily":false,"chose_seed":false,"campfire_upgraded":3,"win_rate":0.0,"timestamp":1607930050,"path_taken":["M","?","$","M","?","R","?","M","T","R","M","?","E","M","R","BOSS","M","?","?","?","M"],"items_purchased_type":["Card"],"build_version":"2020-12-13","purchased_purges":0,"victory":false,"max_hp_per_floor":[66,66,66,66,66,66,60,60,60,60,60,65,65,65,65,65,65,65,65,65,72,72,72],"relic_stats":{"Peace Pipe":0,"counters":[11,53],"Golden Idol":45,"Pantograph":25,"Boot":[52],"obtain_stats":[{"Calling Bell":17,"Peace Pipe":17,"NeowsBlessing":0,"Golden Idol":7,"Pantograph":13,"Strawberry":21,"Molten Egg 2":17,"Boot":17,"Ring of the Snake":0},{"Calling Bell":8,"Peace Pipe":8,"NeowsBlessing":0,"Golden Idol":3,"Pantograph":6,"Strawberry":10,"Molten Egg 2":8,"Boot":8,"Ring of the Snake":0},{"Calling Bell":41,"Peace Pipe":41,"NeowsBlessing":0,"Golden Idol":3,"Pantograph":27,"Strawberry":52,"Molten Egg 2":41,"Boot":41,"Ring of the Snake":0}],"Ring of the Snake":[22]},"card_choices":[{"not_picked":["Cloak And Dagger","Concentrate"],"picked":"Blade Dance","floor":1.0},{"not_picked":["Sucker Punch","PiercingWail","Bouncing Flask"],"picked":"SKIP","floor":4.0},{"not_picked":["Skewer","Poisoned Stab"],"picked":"Prepared","floor":5.0},{"not_picked":["Dash","Poisoned Stab"],"picked":"Well Laid Plans","floor":8.0},{"not_picked":["Distraction","Dash","Predator"],"picked":"SKIP","floor":11.0},{"not_picked":["Sucker Punch","Blade Dance"],"picked":"Tactician","floor":13.0},{"not_picked":["Distraction","Poisoned Stab"],"picked":"Calculated Gamble","floor":14.0},{"not_picked":["Prepared","Backstab+1","Slice+1"],"picked":"SKIP","floor":18},{"not_picked":["Caltrops","Slice+1","Outmaneuver"],"picked":"SKIP","floor":20}],"player_experience":852033,"relics_obtained":[{"floor":13.0,"key":"Pantograph"},{"floor":17,"key":"Boot"},{"floor":17,"key":"Molten Egg 2"},{"floor":17,"key":"Peace Pipe"}],"event_choices":[{"damage_healed":0.0,"max_hp_gain":0.0,"max_hp_loss":0.0,"gold_gain":0.0,"cards_transformed":["Strike_G"],"event_name":"Transmorgrifier","player_choice":"Transformed","floor":2.0,"gold_loss":0.0,"damage_taken":0.0,"cards_obtained":["Poisoned Stab"]},{"damage_healed":0.0,"max_hp_gain":0.0,"max_hp_loss":6.0,"gold_gain":0.0,"event_name":"Golden Idol","player_choice":"Lose Max HP","floor":7.0,"gold_loss":0.0,"damage_taken":0.0,"relics_obtained":["Golden Idol"]},{"damage_healed":0.0,"max_hp_gain":5.0,"max_hp_loss":0.0,"gold_gain":0.0,"event_name":"Big Fish","player_choice":"Donut","floor":12.0,"gold_loss":0.0,"damage_taken":0.0},{"cards_removed":["Strike_G"],"damage_healed":0,"gold_gain":0,"player_choice":"Purged","damage_taken":0,"max_hp_gain":0,"max_hp_loss":0,"event_name":"Purifier","floor":19,"gold_loss":0},{"damage_healed":0,"gold_gain":0,"player_choice":"Obtained Relic","damage_taken":0,"relics_obtained":["Strawberry"],"max_hp_gain":0,"max_hp_loss":0,"event_name":"Addict","floor":21,"gold_loss":85}],"is_beta":false,"boss_relics":[{"not_picked":["Pandora\u0027s Box","Snecko Eye"],"picked":"Calling Bell"}],"items_purged_floors":[],"is_endless":false,"potions_floor_spawned":[4,8,13,16,20],"killed_by":"3 Cultists","ascension_level":20}}