{"host":"5uvzo7moqy5vd63g","time":1607964270,"event":{"mods":["Aspiration","BaseMod","Conspire","Dio Mod","Downfall","Hermit","Hubris","Jedi Mod","Jorbs\u0027s Wanderer Trilogy","Mimic Mod","Minty Spire (QoL Compilation)","Replay The Spire","StSLib","The Animator","Wandering Minibosses"],"gold_per_floor":[99,99,128,128,167,45,84,0,0,41,73,73,92,92,104,104,104],"floor_reached":16,"playtime":1026,"items_purged":["Injury"],"score":208,"play_id":"6b4665da-2670-450d-a86f-59ebb3527e6b","local_time":"20201214114430","is_ascension_mode":true,"campfire_choices":[{"data":"animator:Shalltear","floor":9,"key":"SMITH"}],"circlet_count":0,"master_deck":["animator:Strike_Overlord","animator:Defend_Overlord","animator:Strike","animator:Defend","animator:Defend","animator:Defend","animator:Cocytus","animator:Demiurge","animator:LeleiLaLalena","animator:Witch","animator:Evileye+1","animator:Entoma+2","animator:Shalltear+1","animator:Melzalgald","animator:Ainz","animator:DolaStephanie+1","animator:Yoichi+1","animator:Sebas+1","animator:HiiragiShinya+1"],"relics":["animator:TheMissingPiece","animator:PurgingStone","downfall:HeartsMalice","Ring of Fury","ReplayTheSpireMod:Ring of Collecting","Boot","Toxic Egg 2","aspiration:ChemicalBlood","Ring of Searing","Replay:Rubber Ducky","Regal Pillow","CultistMask"],"acts_visited":["Exordium"],"potions_floor_usage":[10,10,10,16],"damage_taken":[{"damage":0.0,"enemies":"Lagavulin","floor":3.0,"turns":1.0},{"damage":0.0,"enemies":"3 Sentries","floor":5.0,"turns":1.0},{"damage":0.0,"enemies":"downfall:FleeingMerchant","floor":6.0,"turns":1.0},{"damage":4.0,"enemies":"conspire:RoseBush","floor":7.0,"turns":8.0},{"damage":16.0,"enemies":"downfall:FleeingMerchant","floor":8.0,"turns":5.0},{"damage":5,"enemies":"Replay:BlueRogue","floor":10,"turns":4},{"damage":0,"enemies":"conspire:RoseBush","floor":11,"turns":3},{"damage":6,"enemies":"2 Louse","floor":13,"turns":2},{"damage":0,"enemies":"Cultist","floor":15,"turns":3},{"damage":7,"enemies":"downfall:Watcher","floor":16,"turns":5}],"seed_played":"7416421377754374835","potions_obtained":[{"floor":5.0,"key":"SkillPotion"},{"floor":13,"key":"Elixir"},{"floor":15,"key":"SteroidPotion"}],"is_trial":false,"path_per_floor":["R","?","E","?","E","$","MIM","$","R","E","M","?","M","?","M","B"],"character_chosen":"THE_ANIMATOR","items_purchased":["animator:Entoma","animator:Melzalgald"],"campfire_rested":0,"item_purchase_floors":[6,8],"current_hp_per_floor":[66,66,66,66,66,66,62,47,47,42,44,44,41,41,41,34,34],"gold":104,"neow_bonus":"THREE_ENEMY_KILL","is_daily":false,"chose_seed":false,"campfire_upgraded":1,"win_rate":0.0,"timestamp":1607964270,"path_taken":["R","?","E","?","E","?","MIM","$","R","E","?","?","?","?","M","BOSS"],"items_purchased_type":["Card","Card"],"build_version":"2020-12-13","purchased_purges":1,"victory":false,"max_hp_per_floor":[66,66,66,66,66,66,66,67,67,67,69,69,72,72,72,72,72],"card_choices":[{"not_picked":["animator:Kaijin","animator:Tet"],"picked":"animator:Witch","floor":3.0},{"not_picked":["animator:Tyuule+1","animator:Bozes"],"picked":"animator:Evileye+1","floor":5.0},{"not_picked":["animator:CowGirl+1","animator:SilverFang+1","animator:Spearman"],"picked":"SKIP","floor":6.0},{"not_picked":["animator:Entoma","animator:NarberalGamma+1"],"picked":"animator:Shalltear","floor":8.0},{"not_picked":["animator:Shinoa+1","animator:NarberalGamma+1"],"picked":"animator:Ainz","floor":10},{"not_picked":["animator:Priestess+1","animator:Yuuichirou"],"picked":"animator:DolaStephanie+1","floor":11},{"not_picked":["animator:Aisha","animator:Ain"],"picked":"animator:Sebas+1","floor":13},{"not_picked":["animator:Yoichi+1","animator:Mikaela"],"picked":"animator:HiiragiShinya+1","floor":15}],"player_experience":1296900,"relics_obtained":[{"floor":2.0,"key":"Ring of Fury"},{"floor":2.0,"key":"ReplayTheSpireMod:Ring of Collecting"},{"floor":3.0,"key":"Boot"},{"floor":5.0,"key":"aspiration:ChemicalBlood"},{"floor":7.0,"key":"Ring of Searing"},{"floor":7.0,"key":"Replay:Rubber Ducky"},{"floor":10,"key":"Regal Pillow"}],"event_choices":[{"damage_healed":0,"gold_gain":0,"cards_transformed":["animator:Strike"],"player_choice":"Transformed","damage_taken":0,"max_hp_gain":0,"max_hp_loss":0,"event_name":"Transmorgrifier","floor":12,"gold_loss":0,"cards_obtained":["animator:Yoichi"]},{"damage_healed":0,"gold_gain":0,"player_choice":"Trade","damage_taken":0,"relics_obtained":["CultistMask"],"max_hp_gain":0,"max_hp_loss":0,"event_name":"FaceTrader","floor":14,"gold_loss":0}],"is_beta":false,"boss_relics":[],"items_purged_floors":[6],"is_endless":false,"potions_floor_spawned":[5,13,15],"killed_by":"downfall:Watcher","ascension_level":5}}