{"host":"l2821e3dgmq4sghh","time":1607976990,"event":{"mods":["BaseMod","Colored Powertips","Minty Spire (QoL Compilation)","StSLib"],"gold_per_floor":[13,13,13,38,38,79,79,97,97,97,97],"floor_reached":10,"playtime":721,"items_purged":[],"score":129,"play_id":"20d8d921-1378-43d1-a246-2ee4eb3420c1","local_time":"20201214211630","is_ascension_mode":true,"campfire_choices":[{"data":"Sucker Punch","floor":7,"key":"SMITH"}],"circlet_count":0,"master_deck":["AscendersBane","Strike_G","Strike_G","Strike_G","Strike_G","Defend_G","Defend_G","Defend_G","Defend_G","Defend_G","Survivor","Neutralize","Sucker Punch+1","Sucker Punch","Heel Hook","Well Laid Plans","Footwork"],"relics":["Ring of the Snake","Dead Branch","Golden Idol","Eternal Feather","Mummified Hand"],"acts_visited":["Exordium"],"potions_floor_usage":[6],"damage_taken":[{"damage":2.0,"enemies":"Jaw Worm","floor":1.0,"turns":3.0},{"damage":7,"enemies":"Small Slimes","floor":4,"turns":3},{"damage":10,"enemies":"Gremlin Nob","floor":6,"turns":6},{"damage":0,"enemies":"Cultist","floor":8,"turns":4},{"damage":26,"enemies":"Lagavulin","floor":10,"turns":9}],"seed_played":"-6722303913152184118","potions_obtained":[{"floor":4,"key":"LiquidMemories"}],"is_trial":false,"path_per_floor":["M","?","?","M","?","E","R","M","T","E"],"character_chosen":"THE_SILENT","items_purchased":[],"campfire_rested":0,"item_purchase_floors":[],"current_hp_per_floor":[57,57,34,27,27,17,26,26,26,0,0],"gold":97,"neow_bonus":"ONE_RARE_RELIC","is_daily":false,"chose_seed":false,"campfire_upgraded":1,"win_rate":0.0,"timestamp":1607976990,"path_taken":["M","?","?","M","?","E","R","M","T","E"],"items_purchased_type":[],"build_version":"2020-12-13","purchased_purges":0,"victory":false,"max_hp_per_floor":[66,66,66,66,66,66,66,66,66,66,66],"card_choices":[{"not_picked":["Deadly Poison","Underhanded Strike"],"picked":"Sucker Punch","floor":1.0},{"not_picked":["Dodge and Roll","Terror"],"picked":"Sucker Punch","floor":4},{"not_picked":["Quick Slash","Burst"],"picked":"Well Laid Plans","floor":6},{"not_picked":["Acrobatics","Underhanded Strike"],"picked":"Footwork","floor":8}],"player_experience":5311526,"relics_obtained":[{"floor":6,"key":"Eternal Feather"},{"floor":9,"key":"Mummified Hand"}],"event_choices":[{"cards_removed":["Strike_G"],"damage_healed":0,"gold_gain":0,"player_choice":"Forget","damage_taken":0,"max_hp_gain":0,"max_hp_loss":0,"event_name":"Living Wall","floor":2,"gold_loss":0},{"damage_healed":0,"gold_gain":0,"player_choice":"Take Damage","damage_taken":23,"relics_obtained":["Golden Idol"],"max_hp_gain":0,"max_hp_loss":0,"event_name":"Golden Idol","floor":3,"gold_loss":0},{"damage_healed":0,"gold_gain":0,"player_choice":"1 cards matched","damage_taken":0,"max_hp_gain":0,"max_hp_loss":0,"event_name":"Match and Keep!","floor":5,"gold_loss":0,"cards_obtained":["Heel Hook"]}],"is_beta":false,"boss_relics":[],"items_purged_floors":[],"is_endless":false,"potions_floor_spawned":[4],"killed_by":"Lagavulin","ascension_level":19}}