{"host":"kiehjq3lc4w5t4uc","time":1607962377,"event":{"mods":["AchievementEnabler","BaseMod","BetterRewards","Colored Map","Colored Powertips","DeckTracker","Minty Spire (QoL Compilation)","Quick Restart","Rare Cards Sparkle","Relic Stats","Shop Mod","Spicy Shops","StSLib","SuperFastMode","The Poker Player"],"gold_per_floor":[17,17,40,40,63,99,119,153,153,186,199,199,18,62,62,187,187,208,123,46,46,46,80,80,111,111,36,80,80,121,142,142,271,271,295,315,331,345,258,299,299,342,342,375,375,411,436,346,346,346,346],"floor_reached":50,"playtime":5053,"items_purged":["Defend_G+1"],"score":1251,"play_id":"b27fc3e5-d705-4b2d-9534-92b33a35d5c8","local_time":"20201215011257","is_ascension_mode":true,"campfire_choices":[{"floor":12,"key":"REST"},{"floor":15,"key":"RECALL"},{"data":"1","floor":24,"key":"LIFT"},{"data":"2","floor":29,"key":"LIFT"},{"data":"3","floor":32,"key":"LIFT"}],"circlet_count":0,"master_deck":["Defend_G+1","Defend_G+1","Defend_G+1","Strike_G+1","Strike_G+1","Strike_G+1","Strike_G+1","Strike_G+1","Neutralize+1","Survivor+1","Master of Strategy+1","Deflect+1","Backflip+1","Heel Hook+1","Dagger Spray+1","Sucker Punch+1","Footwork+1","PiercingWail+1","Tactician+1","After Image+1","Phantasmal Killer+1","Quick Slash+1","Ghostly+1","Ghostly+1","Ghostly+1","Ghostly+1","Ghostly+1","Calculated Gamble+1","Sucker Punch+1","Quick Slash+1","Tools of the Trade+1","Quick Slash+1","Cloak And Dagger+1","Heel Hook+1","Prepared+1","Sucker Punch+1","Heel Hook+1","Quick Slash+1","Backstab+1","Predator+1"],"relics":["Ring of the Snake","Toxic Egg 2","Molten Egg 2","Frozen Egg 2","Golden Idol","FossilizedHelix","Whetstone","MealTicket","Odd Mushroom","Membership Card","Eternal Feather","Coffee Dripper","War Paint","Sling","Girya","Nunchaku","Meat on the Bone","Prayer Wheel","Anchor","Kunai","Cursed Key","Pen Nib","Mummified Hand","Frozen Egg 2","Mango","Molten Egg 2"],"acts_visited":["Exordium","TheCity","TheBeyond"],"potions_floor_usage":[31],"damage_taken":[{"damage":3,"enemies":"2 Louse","floor":1,"turns":3},{"damage":0,"enemies":"Small Slimes","floor":3,"turns":3},{"damage":0,"enemies":"Cultist","floor":5,"turns":3},{"damage":6,"enemies":"Gremlin Nob","floor":6,"turns":6},{"damage":0,"enemies":"3 Louse","floor":7,"turns":1},{"damage":2,"enemies":"3 Sentries","floor":8,"turns":6},{"damage":0,"enemies":"The Mushroom Lair","floor":10,"turns":3},{"damage":0,"enemies":"Exordium Wildlife","floor":11,"turns":2},{"damage":0,"enemies":"Gremlin Nob","floor":14,"turns":4},{"damage":0,"enemies":"Slime Boss","floor":16,"turns":12},{"damage":0,"enemies":"Chosen","floor":18,"turns":3},{"damage":0,"enemies":"Book of Stabbing","floor":23,"turns":6},{"damage":0,"enemies":"Slavers","floor":25,"turns":6},{"damage":0,"enemies":"Book of Stabbing","floor":28,"turns":5},{"damage":0,"enemies":"Gremlin Leader","floor":30,"turns":4},{"damage":0,"enemies":"2 Thieves","floor":31,"turns":4},{"damage":0,"enemies":"Automaton","floor":33,"turns":8},{"damage":9,"enemies":"3 Darklings","floor":35,"turns":4},{"damage":0,"enemies":"Orb Walker","floor":36,"turns":3},{"damage":0,"enemies":"Writhing Mass","floor":37,"turns":5},{"damage":0,"enemies":"Maw","floor":38,"turns":7},{"damage":0,"enemies":"Reptomancer","floor":40,"turns":5},{"damage":0,"enemies":"Giant Head","floor":42,"turns":6},{"damage":0,"enemies":"Reptomancer","floor":44,"turns":4},{"damage":0,"enemies":"Giant Head","floor":46,"turns":6},{"damage":0,"enemies":"Sphere and 2 Shapes","floor":47,"turns":3},{"damage":55,"enemies":"Donu and Deca","floor":50,"turns":6}],"seed_played":"-8763469291932136844","potions_obtained":[{"floor":3,"key":"DuplicationPotion"},{"floor":6,"key":"DuplicationPotion"},{"floor":10,"key":"CunningPotion"},{"floor":31,"key":"Fruit Juice"},{"floor":35,"key":"FearPotion"}],"is_trial":false,"path_per_floor":["M","?","M","?","M","E","M","E","T","?","M","R","$","E","R","B",null,"M","?","$","?","$","E","R","E","T","$","E","R","E","M","R","B",null,"M","M","M","M","$","E","R","E","T","E","R","E","M","?","R","B"],"character_chosen":"THE_SILENT","items_purchased":["Membership Card","Sling","Prayer Wheel","Pen Nib","Quick Slash+1"],"campfire_rested":1,"item_purchase_floors":[13,20,27,39,39],"current_hp_per_floor":[67,50,50,50,50,44,44,42,42,42,42,63,70,70,70,70,70,70,70,70,35,35,35,35,35,35,35,35,35,35,40,40,40,40,31,31,31,31,40,40,40,40,40,54,54,54,54,54,54,0,0],"gold":346,"neow_bonus":"RANDOM_COLORLESS_2","is_daily":false,"chose_seed":false,"campfire_upgraded":0,"win_rate":0.0,"timestamp":1607962377,"path_taken":["M","?","M","?","M","E","?","E","T","?","M","R","$","E","R","BOSS","M","?","$","?","?","E","R","E","T","$","E","R","E","M","R","BOSS","M","M","M","M","$","E","R","E","T","E","R","E","M","?","R","BOSS"],"items_purchased_type":["Relic","Relic","Relic","Relic","Card"],"build_version":"2020-12-13","purchased_purges":1,"victory":false,"max_hp_per_floor":[70,70,70,70,70,70,70,70,70,70,70,70,70,70,70,70,70,70,70,70,35,35,35,35,35,35,35,35,35,35,40,40,40,40,40,40,40,40,40,40,40,40,40,54,54,54,54,54,54,54,54],"relic_stats":{"counters":[27,128],"Golden Idol":187,"Eternal Feather":0,"Pen Nib":[11],"Whetstone":[],"War Paint":[],"Cursed Key":0,"Nunchaku":[23],"Mummified Hand":[11],"MealTicket":16,"Prayer Wheel":6,"Kunai":[49],"obtain_stats":[{"Girya":23,"Golden Idol":2,"Eternal Feather":14,"Mango":44,"Pen Nib":39,"Whetstone":8,"Frozen Egg 2":0,"Odd Mushroom":10,"War Paint":19,"Sling":20,"Cursed Key":34,"Nunchaku":25,"Anchor":28,"Mummified Hand":40,"Molten Egg 2":0,"MealTicket":9,"Prayer Wheel":27,"Coffee Dripper":17,"Membership Card":13,"Kunai":30,"Toxic Egg 2":0,"FossilizedHelix":6,"Ring of the Snake":0,"Meat on the Bone":26},{"Girya":12,"Golden Idol":1,"Eternal Feather":9,"Mango":24,"Pen Nib":21,"Whetstone":6,"Frozen Egg 2":0,"Odd Mushroom":7,"War Paint":11,"Sling":11,"Cursed Key":17,"Nunchaku":13,"Anchor":14,"Mummified Hand":22,"Molten Egg 2":0,"MealTicket":6,"Prayer Wheel":13,"Coffee Dripper":10,"Membership Card":8,"Kunai":15,"Toxic Egg 2":0,"FossilizedHelix":4,"Ring of the Snake":0,"Meat on the Bone":13},{"Girya":52,"Golden Idol":3,"Eternal Feather":31,"Mango":113,"Pen Nib":98,"Whetstone":22,"Frozen Egg 2":0,"Odd Mushroom":25,"War Paint":46,"Sling":46,"Cursed Key":79,"Nunchaku":58,"Anchor":63,"Mummified Hand":103,"Molten Egg 2":0,"MealTicket":22,"Prayer Wheel":58,"Coffee Dripper":43,"Membership Card":27,"Kunai":67,"Toxic Egg 2":0,"FossilizedHelix":15,"Ring of the Snake":0,"Meat on the Bone":58}],"Ring of the Snake":[54],"Meat on the Bone":0},"card_choices":[{"not_picked":["Thinking Ahead","Magnetism"],"picked":"Master of Strategy","floor":0},{"not_picked":["Prepared+1","Blade Dance+1"],"picked":"Deflect+1","floor":1},{"not_picked":["Slice+1","Dagger Spray+1"],"picked":"Backflip+1","floor":3},{"not_picked":["Caltrops+1","Deadly Poison+1"],"picked":"Heel Hook+1","floor":5},{"not_picked":["Flying Knee+1","Caltrops+1"],"picked":"Dagger Spray+1","floor":6},{"not_picked":["Quick Slash+1","Underhanded Strike+1"],"picked":"Sucker Punch+1","floor":7},{"not_picked":["Skewer+1","All Out Attack+1"],"picked":"Footwork+1","floor":8},{"not_picked":["Concentrate+1","Dagger Spray+1"],"picked":"PiercingWail+1","floor":10},{"not_picked":["Escape Plan+1","Slice+1"],"picked":"Tactician+1","floor":11},{"not_picked":["Well Laid Plans+1","Cloak And Dagger+1"],"picked":"After Image+1","floor":14},{"not_picked":["Grand Finale+1","Glass Knife+1"],"picked":"Phantasmal Killer+1","floor":16},{"not_picked":["Underhanded Strike+1","Deflect+1"],"picked":"Quick Slash+1","floor":18},{"not_picked":["Prepared+1","Outmaneuver+1","Deadly Poison+1"],"picked":"SKIP","floor":23},{"not_picked":["Riddle With Holes+1","Acrobatics+1"],"picked":"Calculated Gamble+1","floor":25},{"not_picked":["Dodge and Roll+1","All Out Attack+1","Bane+1"],"picked":"SKIP","floor":28},{"not_picked":["Slice+1","Concentrate+1"],"picked":"Sucker Punch+1","floor":30},{"not_picked":["Accuracy+1","Riddle With Holes+1"],"picked":"Quick Slash+1","floor":31},{"not_picked":["PiercingWail+1","Concentrate+1","Underhanded Strike+1"],"picked":"SKIP","floor":31},{"not_picked":["Doppelganger+1","After Image+1"],"picked":"Tools of the Trade+1","floor":33},{"not_picked":["Poisoned Stab+1","Deflect+1"],"picked":"Quick Slash+1","floor":35},{"not_picked":["Slice+1","Flechettes+1"],"picked":"Cloak And Dagger+1","floor":35},{"not_picked":["Terror+1","Sucker Punch+1"],"picked":"Heel Hook+1","floor":36},{"not_picked":["Underhanded Strike+1","Eviscerate+1"],"picked":"Prepared+1","floor":36},{"not_picked":["Distraction+1","Infinite Blades+1"],"picked":"Sucker Punch+1","floor":37},{"not_picked":["Noxious Fumes+1","Deadly Poison+1","Cloak And Dagger+1"],"picked":"SKIP","floor":37},{"not_picked":["PiercingWail+1","Poisoned Stab+1"],"picked":"Heel Hook+1","floor":38},{"not_picked":["Endless Agony+1","Deflect+1","Tools of the Trade+1"],"picked":"SKIP","floor":38},{"not_picked":["Outmaneuver+1","Leg Sweep+1","Masterful Stab+1"],"picked":"SKIP","floor":40},{"not_picked":["Masterful Stab+1","Dagger Spray+1","Slice+1"],"picked":"SKIP","floor":42},{"not_picked":["Terror+1","Noxious Fumes+1"],"picked":"Backstab+1","floor":44},{"not_picked":["Skewer+1","Accuracy+1","Caltrops+1"],"picked":"SKIP","floor":46},{"not_picked":["Sucker Punch+1","Well Laid Plans+1"],"picked":"Predator+1","floor":47},{"not_picked":["Sucker Punch+1","Distraction+1","Slice+1"],"picked":"SKIP","floor":47}],"player_experience":91840,"relics_obtained":[{"floor":6,"key":"FossilizedHelix"},{"floor":8,"key":"Whetstone"},{"floor":9,"key":"MealTicket"},{"floor":10,"key":"Odd Mushroom"},{"floor":14,"key":"Eternal Feather"},{"floor":23,"key":"Girya"},{"floor":25,"key":"Nunchaku"},{"floor":26,"key":"Meat on the Bone"},{"floor":28,"key":"Anchor"},{"floor":30,"key":"Kunai"},{"floor":40,"key":"Mummified Hand"},{"floor":42,"key":"Frozen Egg 2"},{"floor":44,"key":"Mango"},{"floor":46,"key":"Molten Egg 2"}],"event_choices":[{"damage_healed":0,"gold_gain":0,"player_choice":"Take Damage","damage_taken":17,"relics_obtained":["Golden Idol"],"max_hp_gain":0,"max_hp_loss":0,"event_name":"Golden Idol","floor":2,"gold_loss":0},{"damage_healed":0,"gold_gain":0,"player_choice":"Ignored","damage_taken":0,"max_hp_gain":0,"max_hp_loss":0,"event_name":"Upgrade Shrine","floor":4,"gold_loss":0},{"damage_healed":0,"gold_gain":0,"player_choice":"Fought Mushrooms","damage_taken":0,"max_hp_gain":0,"max_hp_loss":0,"event_name":"Mushrooms","floor":10,"gold_loss":0},{"damage_healed":0,"gold_gain":0,"player_choice":"Obtained Relic","damage_taken":0,"relics_obtained":["War Paint"],"max_hp_gain":0,"max_hp_loss":0,"event_name":"Addict","floor":19,"gold_loss":85},{"damage_healed":0,"gold_gain":0,"player_choice":"Became a Ghost","damage_taken":0,"max_hp_gain":0,"max_hp_loss":35,"event_name":"Ghosts","floor":21,"gold_loss":0,"cards_obtained":["Ghostly","Ghostly","Ghostly","Ghostly","Ghostly"]},{"cards_removed":["Defend_G"],"damage_healed":0,"gold_gain":0,"player_choice":"Removal","damage_taken":0,"max_hp_gain":0,"max_hp_loss":0,"event_name":"Designer","floor":48,"gold_loss":90}],"is_beta":false,"boss_relics":[{"not_picked":["Velvet Choker","Ring of the Serpent"],"picked":"Coffee Dripper"},{"not_picked":["Snecko Eye","SacredBark"],"picked":"Cursed Key"}],"items_purged_floors":[13],"is_endless":false,"potions_floor_spawned":[3,6,10,11,23,25,30,31,35,38,40],"killed_by":"Donu and Deca","ascension_level":3}}