{"host":"jm9833yuloeli2yd","time":1607988811,"event":{"mods":["AchievementEnabler","BaseMod","Better Altar","Better Match","Better Note","Better Sensory Stone","Better Skull","Better Vampires","Colored Map","Colored Powertips","DeckTracker","Minty Spire (QoL Compilation)","Permanent Neow","Quick Restart","Replay The Spire","StSLib","SuperFastMode"],"gold_per_floor":[115,135,155,252,127,161,161,161,187,187,199,216,216,246,246,374,374,399,414,414,66,66,109,109,145,221,236,11,52,71,91,91,91,91],"floor_reached":33,"playtime":1121,"items_purged":["ReplayTheSpireMod:Splinters","Strike_R"],"score":577,"play_id":"074b831a-33a5-4aac-a82a-e5babd81145a","local_time":"20201214183331","is_ascension_mode":true,"campfire_choices":[{"floor":8.0,"key":"REST"},{"data":"Flame Barrier","floor":10.0,"key":"SMITH"},{"data":"Flame Barrier","floor":24.0,"key":"SMITH"},{"floor":32.0,"key":"DIG"}],"circlet_count":0,"master_deck":["AscendersBane","Strike_R+1","Strike_R","Defend_R","Defend_R","Defend_R","Defend_R","Bash","Impatience","Clothesline","Cleave","Flame Barrier+1","Perfected Strike","Perfected Strike","Armaments","Bludgeon+1","Bandage Up","Disarm","Perfected Strike","Feed","Shockwave","RitualDagger","Demonic Infusion","Flame Barrier+1","Dropkick","Perfected Strike","ReplayTheSpireMod:Stacked","Evolve","Seeing Red","Disarm"],"relics":["Burning Blood","Replay:Mystery Machine","Whetstone","Lantern","Anchor","Golden Idol","Replay:Bronze Core","Kunai","Replay:Kaleidoscope","Durian","Blue Candle","Sling","Replay:Multitool","WingedGreaves"],"acts_visited":["Exordium","TheCity"],"potions_floor_usage":[33,33],"damage_taken":[{"damage":8.0,"enemies":"2 Louse","floor":1.0,"turns":4.0},{"damage":10.0,"enemies":"Jaw Worm","floor":2.0,"turns":4.0},{"damage":6.0,"enemies":"Cultist","floor":3.0,"turns":5.0},{"damage":45.0,"enemies":"Replay:BlueRogue","floor":6.0,"turns":7.0},{"damage":8.0,"enemies":"Large Slime","floor":11.0,"turns":5.0},{"damage":10.0,"enemies":"3 Louse","floor":12.0,"turns":3.0},{"damage":0.0,"enemies":"Lagavulin","floor":14.0,"turns":2.0},{"damage":11.0,"enemies":"The Guardian","floor":16.0,"turns":16.0},{"damage":22.0,"enemies":"3 Byrds","floor":18.0,"turns":5.0},{"damage":0.0,"enemies":"2 Thieves","floor":19.0,"turns":4.0},{"damage":31.0,"enemies":"Slavers","floor":23.0,"turns":11.0},{"damage":17.0,"enemies":"Replay:Snechameleon","floor":25.0,"turns":5.0},{"damage":9.0,"enemies":"Snake Plant","floor":27.0,"turns":3.0},{"damage":22.0,"enemies":"Book of Stabbing","floor":29.0,"turns":7.0},{"damage":0.0,"enemies":"Cultist and Chosen","floor":30.0,"turns":6.0},{"damage":19.0,"enemies":"Centurion and Healer","floor":31.0,"turns":13.0},{"damage":72,"enemies":"Collector","floor":33,"turns":13}],"seed_played":"8717243404223248943","potions_obtained":[{"floor":3.0,"key":"FearPotion"},{"floor":6.0,"key":"Fire Potion"},{"floor":14.0,"key":"Energy Potion"},{"floor":27.0,"key":"EntropicBrew"},{"floor":29.0,"key":"Strength Potion"},{"floor":31.0,"key":"HeartOfIron"}],"is_trial":false,"path_per_floor":["M","M","M","?","$","E","?","R","T","R","M","M","?","E","R_BF","B",null,"M","M","?","$","?","E","R","E","T","M","$","E","M","M","R","B"],"character_chosen":"IRONCLAD","items_purchased":["Armaments","Kunai","Evolve","Sling"],"campfire_rested":1,"item_purchase_floors":[5,21,28,28],"current_hp_per_floor":[70,66,66,66,66,27,27,51,51,51,53,53,58,64,43,42,74,66,76,70,70,70,52,52,50,50,47,47,35,45,59,59,0,0],"gold":91,"neow_bonus":"RANDOM_COLORLESS","is_daily":false,"chose_seed":false,"campfire_upgraded":2,"win_rate":0.0,"timestamp":1607988811,"path_taken":["M","M","M","?","$","E","?","R","T","R","M","?","?","E","R_BF","BOSS","M","M","?","$","?","E","R","E","T","?","$","E","M","M","R","BOSS"],"items_purchased_type":["Card","Relic","Card","Relic"],"build_version":"2020-12-13","purchased_purges":2,"victory":false,"max_hp_per_floor":[80,80,80,80,80,80,80,80,80,80,80,80,85,85,85,85,85,89,89,89,89,89,92,92,97,97,97,97,97,97,100,100,100,100],"card_choices":[{"not_picked":["Dramatic Entrance","Specialist"],"picked":"Impatience","floor":0.0},{"not_picked":["Second Wind","Clash"],"picked":"Clothesline","floor":1.0},{"not_picked":["Wild Strike","Bloodletting"],"picked":"Cleave","floor":2.0},{"not_picked":["ReplayTheSpireMod:Strike From Hell","Evolve"],"picked":"Flame Barrier","floor":3.0},{"not_picked":["Shrug It Off","Run Through"],"picked":"Perfected Strike","floor":4.0},{"not_picked":["Barricade","Anger"],"picked":"Perfected Strike","floor":4.0},{"not_picked":["Replay:Undeath\u0027s Touch","Flex"],"picked":"Bludgeon","floor":6.0},{"not_picked":["Dramatic Entrance","Mayhem"],"picked":"Bandage Up","floor":7.0},{"not_picked":["Rampage","Pommel Strike"],"picked":"Disarm","floor":11.0},{"not_picked":["Pommel Strike","Flex"],"picked":"Perfected Strike","floor":12.0},{"not_picked":["Sentinel","Headbutt","Rupture"],"picked":"SKIP","floor":14.0},{"not_picked":["Bludgeon","Brutality"],"picked":"Feed","floor":16.0},{"not_picked":["Inflame","Heavy Blade","Clash"],"picked":"SKIP","floor":18.0},{"not_picked":["Life Link","Ghostly Armor"],"picked":"Shockwave","floor":19.0},{"not_picked":["Warcry","ReplayReversal"],"picked":"Dropkick","floor":23.0},{"not_picked":["Feel No Pain+1","ReplayTheSpireMod:Strike From Hell"],"picked":"Perfected Strike","floor":25.0},{"not_picked":["Sword Boomerang+1","Thunderclap+1"],"picked":"ReplayTheSpireMod:Stacked","floor":27.0},{"not_picked":["Seeing Red","Feel No Pain","ReplayTheSpireMod:Strike From Hell"],"picked":"SKIP","floor":29.0},{"not_picked":["Feel No Pain","ReplayTheSpireMod:Strike From Hell"],"picked":"Seeing Red","floor":29.0},{"not_picked":["Evolve","Heavy Blade"],"picked":"Disarm","floor":30.0},{"not_picked":["Thunderclap","Intimidate","Anger"],"picked":"SKIP","floor":31.0}],"player_experience":1068503,"relics_obtained":[{"floor":4.0,"key":"Replay:Mystery Machine"},{"floor":6.0,"key":"Whetstone"},{"floor":9.0,"key":"Lantern"},{"floor":14.0,"key":"Anchor"},{"floor":23.0,"key":"Replay:Kaleidoscope"},{"floor":25.0,"key":"Durian"},{"floor":26.0,"key":"Blue Candle"},{"floor":29.0,"key":"Replay:Multitool"},{"floor":32.0,"key":"WingedGreaves"}],"event_choices":[{"damage_healed":0.0,"max_hp_gain":0.0,"max_hp_loss":0.0,"gold_gain":1.0,"event_name":"betterStone:BetterStone","player_choice":"1","floor":7.0,"gold_loss":0.0,"damage_taken":0.0},{"damage_healed":0.0,"max_hp_gain":5.0,"max_hp_loss":0.0,"gold_gain":0.0,"event_name":"Big Fish","player_choice":"Donut","floor":13.0,"gold_loss":0.0,"damage_taken":0.0},{"damage_healed":0.0,"max_hp_gain":0.0,"max_hp_loss":0.0,"gold_gain":0.0,"event_name":"Golden Idol","player_choice":"Take Damage","floor":15.0,"gold_loss":0.0,"damage_taken":21.0,"relics_obtained":["Golden Idol"]},{"damage_healed":0.0,"max_hp_gain":0.0,"max_hp_loss":0.0,"gold_gain":0.0,"event_name":"Nest","player_choice":"Joined the Cult","floor":20.0,"gold_loss":0.0,"damage_taken":6.0,"cards_obtained":["RitualDagger"]},{"damage_healed":0.0,"max_hp_gain":0.0,"max_hp_loss":0.0,"gold_gain":0.0,"cards_transformed":["Strike_R","Strike_R"],"event_name":"Drug Dealer","player_choice":"Became Test Subject","floor":22.0,"gold_loss":0.0,"damage_taken":0.0,"cards_obtained":["Demonic Infusion","Flame Barrier"]}],"is_beta":false,"boss_relics":[{"not_picked":["Busted Crown","Replay:Ancient Bell"],"picked":"Replay:Bronze Core"}],"items_purged_floors":[5,21],"is_endless":false,"potions_floor_spawned":[3,6,14,16,19,27,29,31],"killed_by":"Collector","ascension_level":11}}