{"host":"ifd7sfhtlbe34qll","time":1607928920,"event":{"mods":["2.2 Compatiblity","BaseMod","Block Reminder","Colored Map","Downfall","Highlight Path","Minty Spire (QoL Compilation)","Potion Indicator Mod","Quick Restart","Random Character Button","Relic Stats","StSLib"],"gold_per_floor":[99,127,127,158,158,171,171,190,201,126,139,150,169,7,19,122,122,122,122,172,207,207,207,230,155,12,38,95,110,229,242,296,394,394,394,394,427,487,154,238,309,378,393,318,327,112,179,234,300,300,300,349,51,51,51],"floor_reached":56,"playtime":4588,"items_purged":["Guardian:Strike_Guardian","Guardian:Strike_Guardian","Guardian:Strike_Guardian","Guardian:Aged"],"score":1651,"play_id":"d48ecdb9-c16e-435d-9f67-c2f5c4e12072","local_time":"20201214005520","is_ascension_mode":true,"campfire_choices":[{"data":"Guardian:TwinSlam","floor":1.0,"key":"SMITH"},{"floor":5.0,"key":"RECALL"},{"floor":10.0,"key":"REST"},{"data":"Guardian:ExploitGems","floor":18.0,"key":"SMITH"},{"floor":23.0,"key":"REST"},{"data":"Guardian:FloatingOrbs","floor":25.0,"key":"SMITH"},{"data":"Guardian:CompilePackage","floor":35.0,"key":"SMITH"},{"data":"Guardian:CompilePackage","floor":44.0,"key":"SMITH"},{"data":"Guardian:SpikerProtocol","floor":54,"key":"SMITH"}],"circlet_count":0,"master_deck":["Guardian:Strike_Guardian","Guardian:Defend_Guardian","Guardian:Defend_Guardian","Guardian:Defend_Guardian","Guardian:Defend_Guardian","Guardian:CurlUp","Guardian:TwinSlam+1","Guardian:ExploitGems+1","Guardian:PrismaticBeam","Guardian:Reroute","Guardian:PrimingBeam","Guardian:RollAttack","Guardian:CrystalBeam","Guardian:BronzeArmor","Guardian:FloatingOrbs+1","Guardian:ChargeCore","Guardian:ChargeCore","Guardian:GatlingBeam","Guardian:SpikerProtocol+1","Guardian:FuturePlans","Guardian:TemporalShield+1","Guardian:TemporalStrike+1","Guardian:CompilePackage+1","Guardian:VentSteam","Guardian:TimeBomb+1","Guardian:AncientConstruct","Guardian:FuturePlans+1","Guardian:CompilePackage+1","Guardian:TemporalShield+1","Guardian:MultiBeam+1","Guardian:DonusPower+1","Guardian:ExploitGems+1","Guardian:FuturePlans"],"relics":["Guardian:ModeShifter","Bag of Preparation","PreservedInsect","Dream Catcher","downfall:HeartBlessingRed","Black Star","downfall:KnowingSkull","Du-Vu Doll","InkBottle","downfall:HeartBlessingBlue","Eternal Feather","Sundial","Philosopher\u0027s Stone","Mummified Hand","Molten Egg 2","CeramicFish","Anchor","Art of War","Pear","downfall:HeartBlessingGreen","Guardian:StasisEgg","Boot","DollysMirror","Vajra"],"acts_visited":["Exordium","TheCity","TheBeyond","TheEnding"],"potions_floor_usage":[52,52,52,52,52,55,55],"damage_taken":[{"damage":10.0,"enemies":"3 Sentries","floor":2.0,"turns":5.0},{"damage":30.0,"enemies":"Lagavulin","floor":4.0,"turns":8.0},{"damage":0.0,"enemies":"2 Louse","floor":6.0,"turns":2.0},{"damage":2.0,"enemies":"Cultist","floor":8.0,"turns":4.0},{"damage":2.0,"enemies":"Small Slimes","floor":9.0,"turns":2.0},{"damage":1.0,"enemies":"Red Slaver","floor":11.0,"turns":3.0},{"damage":0.0,"enemies":"3 Louse","floor":12.0,"turns":3.0},{"damage":0.0,"enemies":"Gremlin Gang","floor":13.0,"turns":1.0},{"damage":5.0,"enemies":"downfall:FleeingMerchant","floor":14.0,"turns":4.0},{"damage":4.0,"enemies":"2 Fungi Beasts","floor":15.0,"turns":3.0},{"damage":11.0,"enemies":"downfall:Watcher","floor":16.0,"turns":9.0},{"damage":16.0,"enemies":"Shell Parasite","floor":20.0,"turns":5.0},{"damage":16.0,"enemies":"Slavers","floor":21.0,"turns":4.0},{"damage":5.0,"enemies":"downfall:FleeingMerchant","floor":26.0,"turns":4.0},{"damage":10.0,"enemies":"Gremlin Leader","floor":27.0,"turns":4.0},{"damage":4.0,"enemies":"Chosen and Byrds","floor":28.0,"turns":5.0},{"damage":1.0,"enemies":"Cultist and Chosen","floor":29.0,"turns":3.0},{"damage":3.0,"enemies":"downfall:FleeingMerchant","floor":30.0,"turns":2.0},{"damage":11.0,"enemies":"Snake Plant","floor":31.0,"turns":3.0},{"damage":11.0,"enemies":"Centurion and Healer","floor":32.0,"turns":4.0},{"damage":1.0,"enemies":"downfall:Defect","floor":33.0,"turns":6.0},{"damage":15.0,"enemies":"Reptomancer","floor":37.0,"turns":4.0},{"damage":3.0,"enemies":"3 Shapes","floor":38.0,"turns":5.0},{"damage":12.0,"enemies":"Nemesis","floor":40.0,"turns":5.0},{"damage":3.0,"enemies":"Orb Walker","floor":42.0,"turns":2.0},{"damage":5.0,"enemies":"Jaw Worm Horde","floor":43.0,"turns":2.0},{"damage":13.0,"enemies":"Sphere and 2 Shapes","floor":47.0,"turns":4.0},{"damage":3,"enemies":"Writhing Mass","floor":48,"turns":5},{"damage":3,"enemies":"3 Darklings","floor":49,"turns":2},{"damage":27,"enemies":"downfall:Silent","floor":50,"turns":8},{"damage":17,"enemies":"downfall:CharBossMerchant","floor":52,"turns":4},{"damage":11,"enemies":"downfall:NeowBoss","floor":55,"turns":13}],"seed_played":"1364022776933439009","potions_obtained":[{"floor":0.0,"key":"Guardian:StasisDiscoveryPotion"},{"floor":0.0,"key":"DistilledChaos"},{"floor":0.0,"key":"ColorlessPotion"},{"floor":2.0,"key":"DuplicationPotion"},{"floor":6.0,"key":"Fire Potion"},{"floor":15.0,"key":"Weak Potion"},{"floor":16.0,"key":"Guardian:BlockOnCardUsePotion"},{"floor":28.0,"key":"FairyPotion"},{"floor":31.0,"key":"AttackPotion"},{"floor":32.0,"key":"Fruit Juice"},{"floor":42.0,"key":"Block Potion"},{"floor":43.0,"key":"EntropicBrew"}],"is_trial":false,"path_per_floor":["R","E","?","E","R","M","T","M","M","R","M","M","M","$","M","B",null,"R","?","M","E","?","R","T","R","$","E","M","M","$","M","M","B",null,"R","?","E","M","?","E","T","M","M","R","?","$","M","M","M","B",null,"E","$","R","B",null],"character_chosen":"GUARDIAN","items_purchased":["Guardian:FloatingOrbs","Guardian:SpikerProtocol","Guardian:CompilePackage","Guardian:VentSteam","Guardian:MultiBeam+1","Vajra","GamblersBrew","Guardian:FuturePlans"],"campfire_rested":2,"item_purchase_floors":[14,26,30,30,46,53,53,53],"current_hp_per_floor":[80,70,70,40,40,40,40,38,36,60,59,59,59,54,50,39,70,70,62,46,30,30,54,54,64,59,49,45,44,41,30,19,23,77,92,92,77,88,107,95,105,102,97,112,112,112,99,96,93,66,104,87,87,108,97],"gold":51,"neow_bonus":"THREE_SMALL_POTIONS","is_daily":false,"chose_seed":false,"campfire_upgraded":6,"win_rate":0.0,"timestamp":1607928920,"path_taken":["R","E","?","E","R","M","T","M","M","R","M","M","?","?","M","BOSS","R","?","?","E","?","R","T","R","$","E","M","?","$","M","M","BOSS","R","?","E","M","?","E","T","M","M","R","?","$","M","M","M","BOSS","E","$","R","BOSS"],"items_purchased_type":["Card","Card","Card","Card","Card","Relic","Potion","Card"],"build_version":"2020-12-13","purchased_purges":4,"victory":true,"max_hp_per_floor":[80,80,80,80,80,80,80,80,80,80,80,80,80,80,80,80,80,80,80,80,80,80,80,80,90,90,90,90,90,90,90,90,95,95,95,95,95,95,107,107,117,117,117,117,117,117,117,117,117,117,117,117,117,117,117],"relic_stats":{"counters":[32,136],"CeramicFish":90,"Eternal Feather":51,"PreservedInsect":406,"Bag of Preparation":[62],"Boot":[6],"Dream Catcher":2,"Sundial":[10],"Mummified Hand":[68],"Black Star":5,"Art of War":[0],"obtain_stats":[{"Pear":41,"downfall:HeartBlessingRed":10,"Guardian:StasisEgg":45,"CeramicFish":37,"Guardian:ModeShifter":0,"Vajra":53,"Eternal Feather":27,"downfall:HeartBlessingGreen":44,"PreservedInsect":4,"Bag of Preparation":2,"Boot":52,"Du-Vu Doll":21,"Dream Catcher":7,"Anchor":40,"downfall:HeartBlessingBlue":25,"Sundial":27,"Mummified Hand":36,"DollysMirror":52,"downfall:KnowingSkull":19,"Philosopher\u0027s Stone":34,"Molten Egg 2":37,"Black Star":17,"Art of War":40,"InkBottle":21},{"Pear":24,"downfall:HeartBlessingRed":5,"Guardian:StasisEgg":26,"CeramicFish":22,"Guardian:ModeShifter":0,"Vajra":31,"Eternal Feather":15,"downfall:HeartBlessingGreen":26,"PreservedInsect":2,"Bag of Preparation":1,"Boot":31,"Du-Vu Doll":13,"Dream Catcher":3,"Anchor":24,"downfall:HeartBlessingBlue":13,"Sundial":15,"Mummified Hand":21,"DollysMirror":31,"downfall:KnowingSkull":11,"Philosopher\u0027s Stone":21,"Molten Egg 2":22,"Black Star":11,"Art of War":24,"InkBottle":13},{"Pear":98,"downfall:HeartBlessingRed":21,"Guardian:StasisEgg":102,"CeramicFish":88,"Guardian:ModeShifter":0,"Vajra":123,"Eternal Feather":61,"downfall:HeartBlessingGreen":102,"PreservedInsect":13,"Bag of Preparation":5,"Boot":123,"Du-Vu Doll":53,"Dream Catcher":15,"Anchor":98,"downfall:HeartBlessingBlue":53,"Sundial":61,"Mummified Hand":84,"DollysMirror":123,"downfall:KnowingSkull":44,"Philosopher\u0027s Stone":84,"Molten Egg 2":88,"Black Star":44,"Art of War":98,"InkBottle":53}],"InkBottle":[61]},"card_choices":[{"not_picked":["Guardian:Reroute","Guardian:Gem_Cyan"],"picked":"Guardian:ExploitGems","floor":2.0},{"not_picked":["Guardian:Incinerate","Guardian:Planning"],"picked":"Guardian:Gem_Blue","floor":4.0},{"not_picked":["Guardian:Gem_Red","Guardian:Orbwalk"],"picked":"Guardian:PrismaticBeam","floor":6.0},{"not_picked":["Guardian:BronzeOrb","Guardian:Suspension"],"picked":"Guardian:Reroute","floor":8.0},{"not_picked":["Guardian:Recover","Guardian:PiercingHide","Guardian:Repulse"],"picked":"SKIP","floor":9.0},{"not_picked":["Guardian:TemporalStrike","Guardian:Gem_Red"],"picked":"Guardian:PrimingBeam","floor":10.0},{"not_picked":["Guardian:Orbwalk","Guardian:EvasiveProtocol"],"picked":"Guardian:RollAttack","floor":11.0},{"not_picked":["Guardian:TemporalShield","Guardian:Repulse"],"picked":"Guardian:Gem_Green","floor":12.0},{"not_picked":["Guardian:ShieldCharger","Guardian:EvasiveProtocol"],"picked":"Guardian:CrystalBeam","floor":13.0},{"not_picked":["Guardian:Reroute","Guardian:RollAttack"],"picked":"Guardian:BronzeArmor","floor":14.0},{"not_picked":["Guardian:Gem_Green","Guardian:Reroute"],"picked":"Guardian:ChargeCore","floor":15.0},{"not_picked":["Guardian:BaubleBeam","Guardian:GemFire"],"picked":"Guardian:Gem_Orange","floor":16.0},{"not_picked":["Guardian:WalkerClaw","Guardian:Gem_Green"],"picked":"Guardian:Gem_Cyan","floor":20.0},{"not_picked":["Guardian:PrismaticBeam","Guardian:Incinerate"],"picked":"Guardian:Gem_Green","floor":21.0},{"not_picked":["Guardian:Planning","Guardian:PiercingHide"],"picked":"Guardian:ChargeCore","floor":23.0},{"not_picked":["Guardian:Orbwalk","Guardian:GemFinder"],"picked":"Guardian:GatlingBeam","floor":26.0},{"not_picked":["Guardian:Suspension+1","Guardian:Gem_Fragmented"],"picked":"Guardian:FuturePlans","floor":27.0},{"not_picked":["Guardian:WalkerClaw","Guardian:VentSteam"],"picked":"Guardian:Gem_Red","floor":28.0},{"not_picked":["Guardian:Gem_Red","Guardian:BronzeOrb+1"],"picked":"Guardian:TemporalShield+1","floor":29.0},{"not_picked":["Guardian:PrismaticBeam","Guardian:Gem_Red"],"picked":"Guardian:TemporalStrike+1","floor":30.0},{"not_picked":["Guardian:Gem_Lightblue","Guardian:WalkerClaw"],"picked":"Guardian:Gem_White","floor":31.0},{"not_picked":["Guardian:TimeCapacitor","Guardian:RollAttack"],"picked":"Guardian:TimeBomb+1","floor":32.0},{"not_picked":["Guardian:ExploitGems","Guardian:GemFire"],"picked":"Guardian:AncientConstruct","floor":33.0},{"not_picked":["Guardian:PiercingHide","Guardian:Gem_Green","Guardian:BronzeOrb+1"],"picked":"SKIP","floor":37.0},{"not_picked":["Guardian:Incinerate+1","Guardian:Reroute+1"],"picked":"Guardian:FuturePlans+1","floor":38.0},{"not_picked":["Guardian:Recover","Guardian:Harden"],"picked":"Guardian:CompilePackage","floor":40.0},{"not_picked":["Guardian:Suspension+1","Guardian:PrimingBeam+1"],"picked":"Guardian:TemporalShield+1","floor":42.0},{"not_picked":["Guardian:Incinerate+1","Guardian:WalkerClaw+1","Guardian:PrimingBeam+1"],"picked":"SKIP","floor":43.0},{"not_picked":["Guardian:Incinerate+1","Guardian:CompilePackage"],"picked":"Guardian:Gem_Blue","floor":47.0},{"not_picked":["Guardian:Gem_Red","Guardian:TimeBomb+1","Guardian:Gem_Crimson"],"picked":"SKIP","floor":48},{"not_picked":["Guardian:CrystalBeam+1","Guardian:Recover+1"],"picked":"Guardian:DonusPower+1","floor":49},{"not_picked":["Guardian:TemporalShield+1","Guardian:TemporalStrike+1"],"picked":"Guardian:Gem_Yellow","floor":52}],"player_experience":1540978,"relics_obtained":[{"floor":2.0,"key":"Bag of Preparation"},{"floor":4.0,"key":"PreservedInsect"},{"floor":7.0,"key":"Dream Catcher"},{"floor":21.0,"key":"Du-Vu Doll"},{"floor":21.0,"key":"InkBottle"},{"floor":27.0,"key":"Eternal Feather"},{"floor":27.0,"key":"Sundial"},{"floor":36.0,"key":"Mummified Hand"},{"floor":37.0,"key":"Molten Egg 2"},{"floor":37.0,"key":"CeramicFish"},{"floor":40.0,"key":"Anchor"},{"floor":40.0,"key":"Art of War"},{"floor":41.0,"key":"Pear"},{"floor":52,"key":"Boot"},{"floor":52,"key":"DollysMirror"}],"event_choices":[],"is_beta":false,"boss_relics":[{"not_picked":["Snecko Eye","SlaversCollar"],"picked":"Black Star"},{"not_picked":["sneckomod:SneckoTalon","Velvet Choker"],"picked":"Philosopher\u0027s Stone"}],"items_purged_floors":[14,26,30,46],"is_endless":false,"potions_floor_spawned":[2,6,8,11,15,16,28,31,32,42,43,47],"ascension_level":5}}