{"host":"1a32ffxog1zcqoh0","time":1607973242,"event":{"mods":["BaseMod","Block Reminder","Colored Map","Colored Powertips","Googly Eyes","Minty Spire (QoL Compilation)","Quick Restart","Rare Cards Sparkle","Relic Stats","StSLib","Unceasing Turn Reminder","everything is the same but u backflip on backflip","slay the spire mod where everything is the same but ironclad has a cowboy hat"],"gold_per_floor":[117,137,137,137,155,155,182,182,206,206,206,221,254,266,266,368,368,351,450,450,58,70,99,117,117,117,136,136,163,182,182,182],"floor_reached":31,"playtime":1816,"items_purged":["Strike_G"],"score":356,"play_id":"68d5159e-5c6e-4b4b-aa6f-f7b701ac63f2","local_time":"20201214141402","is_ascension_mode":true,"campfire_choices":[{"floor":6,"key":"REST"},{"data":"Dagger Spray","floor":8,"key":"SMITH"},{"data":"Dash","floor":11,"key":"SMITH"},{"data":"Blade Dance","floor":15,"key":"SMITH"},{"floor":25,"key":"REST"},{"floor":28,"key":"REST"}],"circlet_count":0,"master_deck":["Strike_G","Strike_G+1","Strike_G","Defend_G","Defend_G","Defend_G","Defend_G","Defend_G","Survivor","Neutralize","Flash of Steel","Dash+1","Dagger Spray+1","Slice+1","Dagger Spray","Backflip","Dash","Blade Dance+1","Storm of Steel","Prepared+1","Dagger Spray","Blur","Dodge and Roll","Phantasmal Killer","Cloak And Dagger","Quick Slash+1","Endless Agony","Sucker Punch","Reflex+1","Footwork"],"relics":["Ring of the Serpent","Dream Catcher","Smiling Mask","Nunchaku","The Specimen","Letter Opener","Kunai","Shuriken","Whetstone"],"acts_visited":["Exordium","TheCity"],"potions_floor_usage":[7,16,16,23],"damage_taken":[{"damage":0,"enemies":"2 Louse","floor":1,"turns":2},{"damage":0,"enemies":"Cultist","floor":2,"turns":3},{"damage":2,"enemies":"Small Slimes","floor":5,"turns":2},{"damage":7,"enemies":"3 Sentries","floor":7,"turns":4},{"damage":1,"enemies":"2 Fungi Beasts","floor":12,"turns":3},{"damage":12,"enemies":"Lagavulin","floor":13,"turns":7},{"damage":0,"enemies":"Exordium Wildlife","floor":14,"turns":3},{"damage":29,"enemies":"The Guardian","floor":16,"turns":12},{"damage":10,"enemies":"2 Thieves","floor":18,"turns":4},{"damage":9,"enemies":"Spheric Guardian","floor":22,"turns":4},{"damage":30,"enemies":"Slavers","floor":23,"turns":4},{"damage":0,"enemies":"Snecko","floor":24,"turns":4},{"damage":5,"enemies":"Centurion and Healer","floor":27,"turns":4},{"damage":24,"enemies":"Book of Stabbing","floor":29,"turns":5},{"damage":6,"enemies":"Sentry and Sphere","floor":30,"turns":4},{"damage":35,"enemies":"Gremlin Leader","floor":31,"turns":4}],"seed_played":"6874364917944593825","potions_obtained":[{"floor":2,"key":"DuplicationPotion"},{"floor":5,"key":"SteroidPotion"},{"floor":12,"key":"FairyPotion"},{"floor":13,"key":"DuplicationPotion"},{"floor":14,"key":"SkillPotion"},{"floor":22,"key":"Weak Potion"}],"is_trial":false,"path_per_floor":["M","M","?","?","M","R","E","R","T","?","R","M","E","M","R","B",null,"M","?","?","$","M","E","M","R","T","M","R","E","M","E"],"character_chosen":"THE_SILENT","items_purchased":["Letter Opener","Dagger Spray","Blur"],"campfire_rested":3,"item_purchase_floors":[21,21,21],"current_hp_per_floor":[70,70,58,51,49,70,63,63,63,70,70,69,57,57,57,28,60,50,50,37,37,28,22,22,44,44,39,61,37,31,0,0],"gold":182,"neow_bonus":"RANDOM_COLORLESS","is_daily":false,"chose_seed":false,"campfire_upgraded":3,"win_rate":0.0,"timestamp":1607973242,"path_taken":["M","M","?","?","M","R","E","R","T","?","R","?","E","M","R","BOSS","M","?","?","?","?","E","M","R","T","M","R","E","M","E"],"items_purchased_type":["Relic","Card","Card"],"build_version":"2020-12-13","purchased_purges":1,"victory":false,"max_hp_per_floor":[70,70,70,70,70,70,70,70,70,70,70,70,70,70,70,70,70,70,70,75,75,75,75,75,75,75,75,75,75,75,75,75],"relic_stats":{"Dream Catcher":3,"Nunchaku":[20],"counters":[16,69],"Shuriken":[16],"Letter Opener":[27],"Kunai":[20],"Whetstone":["Slice","Strike_G"],"Smiling Mask":25,"obtain_stats":[{"Dream Catcher":3,"Nunchaku":9,"The Specimen":13,"Shuriken":26,"Letter Opener":21,"Kunai":23,"Whetstone":29,"Smiling Mask":7,"Ring of the Serpent":17,"Ring of the Snake":0},{"Dream Catcher":2,"Nunchaku":4,"The Specimen":6,"Shuriken":12,"Letter Opener":9,"Kunai":11,"Whetstone":14,"Smiling Mask":4,"Ring of the Serpent":8,"Ring of the Snake":0},{"Dream Catcher":5,"Nunchaku":11,"The Specimen":21,"Shuriken":52,"Letter Opener":40,"Kunai":48,"Whetstone":61,"Smiling Mask":11,"Ring of the Serpent":36,"Ring of the Snake":0}]},"card_choices":[{"not_picked":["Blind","Discovery"],"picked":"Flash of Steel","floor":0},{"not_picked":["Flechettes","Deflect"],"picked":"Dash","floor":1},{"not_picked":["Distraction","Finisher"],"picked":"Dagger Spray","floor":2},{"not_picked":["Blade Dance","Riddle With Holes"],"picked":"Slice","floor":5},{"not_picked":["Underhanded Strike","Slice"],"picked":"Dagger Spray","floor":6},{"not_picked":["Crippling Poison","Bane"],"picked":"Riddle With Holes","floor":7},{"not_picked":["Cloak And Dagger","Adrenaline"],"picked":"Backflip","floor":12},{"not_picked":["Poisoned Stab","Underhanded Strike"],"picked":"Dash","floor":13},{"not_picked":["Backstab","Outmaneuver"],"picked":"Blade Dance","floor":14},{"not_picked":["Doppelganger","Wraith Form v2"],"picked":"Storm of Steel","floor":16},{"not_picked":["Deadly Poison","Deflect+1"],"picked":"Prepared+1","floor":18},{"not_picked":["Poisoned Stab","Well Laid Plans"],"picked":"Dodge and Roll","floor":22},{"not_picked":["Endless Agony","Underhanded Strike"],"picked":"Phantasmal Killer","floor":23},{"not_picked":["Terror","Reflex"],"picked":"Cloak And Dagger","floor":24},{"not_picked":["Riddle With Holes","Distraction"],"picked":"Quick Slash+1","floor":25},{"not_picked":["Outmaneuver","Crippling Poison+1"],"picked":"Endless Agony","floor":27},{"not_picked":["Eviscerate","Slice"],"picked":"Sucker Punch","floor":28},{"not_picked":["Calculated Gamble","Blur"],"picked":"Reflex+1","floor":29},{"not_picked":["Bouncing Flask+1","Flying Knee"],"picked":"Footwork","floor":30}],"player_experience":227858,"relics_obtained":[{"floor":7,"key":"Smiling Mask"},{"floor":9,"key":"Nunchaku"},{"floor":13,"key":"The Specimen"},{"floor":23,"key":"Kunai"},{"floor":26,"key":"Shuriken"},{"floor":29,"key":"Whetstone"}],"event_choices":[{"damage_healed":0,"gold_gain":0,"player_choice":"Success","damage_taken":12,"relics_obtained":["Dream Catcher"],"max_hp_gain":0,"max_hp_loss":0,"event_name":"Scrap Ooze","floor":3,"gold_loss":0},{"cards_removed":["Strike_G"],"damage_healed":0,"gold_gain":0,"player_choice":"Card Removal","damage_taken":7,"max_hp_gain":0,"max_hp_loss":0,"event_name":"Golden Wing","floor":4,"gold_loss":0},{"cards_removed":["Riddle With Holes"],"damage_healed":7,"gold_gain":0,"player_choice":"Offered Uncommon","damage_taken":0,"max_hp_gain":0,"max_hp_loss":0,"event_name":"Bonfire Elementals","floor":10,"gold_loss":0},{"damage_healed":0,"gold_gain":99,"player_choice":"Stole From Cult","damage_taken":0,"max_hp_gain":0,"max_hp_loss":0,"event_name":"Nest","floor":19,"gold_loss":0},{"damage_healed":0,"gold_gain":0,"player_choice":"Shed Blood","damage_taken":18,"max_hp_gain":5,"max_hp_loss":0,"event_name":"Forgotten Altar","floor":20,"gold_loss":0}],"is_beta":false,"boss_relics":[{"not_picked":["Empty Cage","Runic Pyramid"],"picked":"Ring of the Serpent"}],"items_purged_floors":[21],"is_endless":false,"potions_floor_spawned":[2,5,12,13,14,22],"killed_by":"Gremlin Leader","ascension_level":5}}