{"host":"63sioh49uueqzogg","time":1607906386,"event":{"mods":["BaseMod","Card Forge","Colored Map","Colored Powertips","Minty Spire (QoL Compilation)","StSLib","The Animator"],"gold_per_floor":[127,144,157,157,179,179,205,205,255,255,273,319,27,59,59,59,59],"floor_reached":16,"playtime":618,"items_purged":[],"score":138,"play_id":"1cc089c0-7172-4474-b0da-89277647b824","local_time":"20201213163946","is_ascension_mode":true,"campfire_choices":[{"data":"animator:DolaStephanie","floor":6,"key":"SMITH"},{"data":"animator:DolaSchwi","floor":8,"key":"SMITH"},{"floor":10,"key":"RECALL"},{"floor":15,"key":"REST"}],"circlet_count":0,"master_deck":["animator:Strike_NoGameNoLife","animator:Strike","animator:Strike","animator:Strike","animator:Defend","animator:Defend","animator:Defend","animator:DolaSchwi+1","animator:DolaCouronne","animator:FielNirvalen","animator:Benimaru","animator:Jibril","Pain","animator:DolaStephanie+1","animator:Shuna","animator:IzunaHatsuse","animator:ElricEdward"],"relics":["animator:LivingPicture","animator:TheMissingPiece","Hammer of Thor","Seething Fire","Anvil of the Gods","NeowsBlessing","WarpedTongs","Tiny Chest","Blood Vial","ClockworkSouvenir"],"acts_visited":["Exordium"],"potions_floor_usage":[7,7],"damage_taken":[{"damage":0,"enemies":"Cultist","floor":1,"turns":1},{"damage":0,"enemies":"Jaw Worm","floor":2,"turns":1},{"damage":0,"enemies":"Small Slimes","floor":3,"turns":1},{"damage":14,"enemies":"Exordium Wildlife","floor":5,"turns":4},{"damage":29,"enemies":"Gremlin Nob","floor":7,"turns":5},{"damage":12,"enemies":"Large Slime","floor":11,"turns":4},{"damage":8,"enemies":"Blue Slaver","floor":14,"turns":3},{"damage":39,"enemies":"Hexaghost","floor":16,"turns":7}],"seed_played":"-8747351506279978054","potions_obtained":[{"floor":1,"key":"Energy Potion"},{"floor":2,"key":"AttackPotion"},{"floor":5,"key":"animator:FalseLifePotion"},{"floor":7,"key":"FearPotion"}],"is_trial":false,"path_per_floor":["M","M","M","?","M","R","E","R","T","R","M","?","$","M","R","B"],"character_chosen":"THE_ANIMATOR","items_purchased":["Blood Vial","ClockworkSouvenir"],"campfire_rested":1,"item_purchase_floors":[13,13],"current_hp_per_floor":[59,59,60,60,46,46,17,17,17,17,6,6,6,6,26,0,0],"gold":59,"neow_bonus":"THREE_ENEMY_KILL","is_daily":false,"chose_seed":false,"campfire_upgraded":2,"win_rate":0.0,"timestamp":1607906386,"path_taken":["M","M","?","?","?","R","E","R","T","R","M","?","?","?","R","BOSS"],"items_purchased_type":["Relic","Relic"],"build_version":"2020-12-13","purchased_purges":0,"victory":false,"max_hp_per_floor":[66,66,67,67,67,67,67,67,67,67,68,68,68,68,68,68,68],"card_choices":[{"not_picked":["animator:Geryuganshoop","animator:TsurugaMeisai"],"picked":"animator:FielNirvalen","floor":1},{"not_picked":["animator:Nanami","animator:MetalKnight"],"picked":"animator:Benimaru","floor":2},{"not_picked":["animator:Cocytus","animator:Alexander"],"picked":"animator:Jibril","floor":3},{"not_picked":["animator:DolaRiku","animator:Jibril"],"picked":"animator:DolaStephanie","floor":5},{"not_picked":["animator:MetalKnight","animator:Archer"],"picked":"animator:Shuna","floor":7},{"not_picked":["animator:Shalltear","animator:Shion"],"picked":"animator:IzunaHatsuse","floor":11},{"not_picked":["animator:Assassin","animator:Cocytus"],"picked":"animator:ElricEdward","floor":14}],"player_experience":560464,"relics_obtained":[{"floor":7,"key":"Tiny Chest"}],"event_choices":[{"damage_healed":0,"gold_gain":0,"player_choice":"Rummage","damage_taken":0,"relics_obtained":["WarpedTongs"],"max_hp_gain":0,"max_hp_loss":0,"event_name":"Accursed Blacksmith","floor":4,"gold_loss":0,"cards_obtained":["Pain"]}],"is_beta":false,"boss_relics":[],"items_purged_floors":[],"is_endless":false,"potions_floor_spawned":[1,2,5,7],"killed_by":"Hexaghost","ascension_level":7}}