{"host":"4c7oxphrh4ok8x7u","time":1607960943,"event":{"mods":["2.2 Compatiblity","Act Like it!","Aspiration","BaseMod","Better Skull","Better Vampires","BetterRewards","Challenge The Spire","Conjunction","Conspire","Custom Start","Dota2Spire","Friendly Minions","FruityMod","GifTheSpireLib","Halation","Hermit","HololiveMod","Hubris","Hyrulean Relics","Jedi Mod","Kratos Character Expansion","Minty Spire (QoL Compilation)","MostiFishMod","Permanent Neow","Prisma Mod","Quarter Circle Forward PUNCH!","RatMod","Replay The Spire","Robot Space Explorer","SCP261 Mod","Shade Mod","Slay the Relics Exporter","Small Relic Pack","Spicy Shops","Spikes Relics","Spires And Sneckos","StSLib","Stuff the Spire","The Animator","The Blue Laboratory","The Death Knight","The Edgeheg","The Exalted","The Fake Hero","The Trickster","TheWitcher","Wandering Minibosses"],"gold_per_floor":[117,117,117,127,137,169,169,179,254,265,278,278,305,317,317,420,420,431,447,463,474,485,510,526,537,537,553,553,570,570,582,582,687,687,698,321,348,366,366,377,411,427,427,446,446,466,492,506,506,506,506,506,217,245,245],"floor_reached":56,"playtime":2162,"items_purged":["theTrickster:Defend_Brown","theTrickster:Strike_Brown"],"score":1678,"play_id":"bc863045-9089-44da-ae29-d27d65f84237","local_time":"20201214184903","is_ascension_mode":false,"campfire_choices":[{"data":"theTrickster:DaringSlash","floor":7,"key":"SMITH"},{"data":"Hololive_CallArtia","floor":12,"key":"SMITH"},{"floor":15,"key":"RECALL"},{"data":"Hololive_CallAZKi","floor":28,"key":"SMITH"},{"data":"FIFO Queue","floor":30,"key":"SMITH"},{"data":"DeathKnight:Hysteria","floor":45,"key":"SMITH"},{"data":"Inflame","floor":49,"key":"SMITH"},{"data":"theTrickster:BackStep","floor":52,"key":"SMITH"}],"circlet_count":0,"master_deck":["theTrickster:Strike_Brown","theTrickster:Strike_Brown+1","theTrickster:Defend_Brown","theTrickster:Defend_Brown","theTrickster:DaringSlash+1","theTrickster:BackStep+1","theTrickster:Practice+1","SnafuTest:SpellChainLightning+1","luka_mod:BladeOfRagingFire+1","theEdgeheg:BetterDodge","Backstab+1","Hololive_CallArtia+1","theTrickster:DivingSlice+1","FIFO Queue+1","Bromod:ThermiteRounds+1","Clash+1","animator:YuiTsuruno+1","Hololive_CallAZKi+1","Inflame+1","theTrickster:Volley+1","PrismaMod:IllyaInstallRider","animator:Entoma+4","RobotSpaceExplorer:MiniDrones+1","Consecrate+1","DeathKnight:Hysteria+1","hermit:Determination"],"relics":["theTrickster:OpticalIllusionRelic","DaveBox","PatriotShield","Question Card","PrismaticShard","Molten Egg 2","Vajra","hubris:DisguiseKit","Ornamental Fan","ImportantClient","hubris:VirtuousBlindfold","wanderingMiniBosses:CarrionFlame","Pen Nib","Replay:Drink Me","halation:Toothbrush","Whetstone","qcfpunch:Red_Headband","hubris:Towel","hubris:Metronome","qcfpunch:Green_Leotard","Potion Belt","Quantum Egg","ImprovedEquipment"],"acts_visited":["Exordium","TheCity","TheBeyond","TheEnding"],"potions_floor_usage":[55,55,55,55],"damage_taken":[{"damage":0,"enemies":"Jaw Worm","floor":1,"turns":2},{"damage":0,"enemies":"Small Slimes","floor":4,"turns":1},{"damage":0,"enemies":"Cultist","floor":5,"turns":1},{"damage":0,"enemies":"Gremlin Nob","floor":6,"turns":2},{"damage":0,"enemies":"Gremlin Gang","floor":8,"turns":3},{"damage":0,"enemies":"Blue Slaver","floor":10,"turns":1},{"damage":0,"enemies":"Looter","floor":11,"turns":1},{"damage":0,"enemies":"Replay:BlueRogue","floor":13,"turns":1},{"damage":0,"enemies":"Exordium Wildlife","floor":14,"turns":2},{"damage":0,"enemies":"Hexaghost","floor":16,"turns":5},{"damage":0,"enemies":"Shell Parasite","floor":18,"turns":1},{"damage":0,"enemies":"Spheric Guardian","floor":19,"turns":1},{"damage":0,"enemies":"Centurion and Healer","floor":20,"turns":1},{"damage":0,"enemies":"conspire:HollyBat","floor":21,"turns":7},{"damage":0,"enemies":"Snecko","floor":22,"turns":1},{"damage":0,"enemies":"Gremlin Leader","floor":23,"turns":1},{"damage":0,"enemies":"Shelled Parasite and Fungi","floor":24,"turns":1},{"damage":0,"enemies":"Snake Plant","floor":25,"turns":1},{"damage":0,"enemies":"3 Cultists","floor":27,"turns":2},{"damage":0,"enemies":"Centurion and Healer","floor":29,"turns":2},{"damage":0,"enemies":"Sentry and Sphere","floor":31,"turns":2},{"damage":0,"enemies":"hubris:MusketHawk","floor":33,"turns":3},{"damage":0,"enemies":"Orb Walker","floor":35,"turns":1},{"damage":0,"enemies":"conspire:MimicChest","floor":37,"turns":1},{"damage":0,"enemies":"3 Shapes","floor":38,"turns":4},{"damage":0,"enemies":"Jaw Worm Horde","floor":40,"turns":2},{"damage":0,"enemies":"Nemesis","floor":41,"turns":7},{"damage":0,"enemies":"Transient","floor":42,"turns":5},{"damage":0,"enemies":"Writhing Mass","floor":44,"turns":1},{"damage":0,"enemies":"Maw","floor":46,"turns":4},{"damage":0,"enemies":"Reptomancer","floor":47,"turns":4},{"damage":0,"enemies":"Transient","floor":48,"turns":5},{"damage":0,"enemies":"hubris:GrandSnecko","floor":50,"turns":4},{"damage":0,"enemies":"Shield and Spear","floor":54,"turns":1},{"damage":0,"enemies":"The Heart","floor":55,"turns":5}],"seed_played":"3392989392978933472","potions_obtained":[{"floor":5,"key":"blueLaboratory:ExaltedPotion"},{"floor":8,"key":"blueLaboratory:FrostheartPotion"},{"floor":23,"key":"blueLaboratory:ArtificerPotion"},{"floor":48,"key":"Conjunction:LightningMarble"}],"is_trial":false,"path_per_floor":["M","?","?","M","M","E","R","M","T","M","M","R","E","M","R","B",null,"M","M","M","M","M","E","M","M","T","M","R","M","R","M","R","B",null,"M","$","?","M","?","M","E","M","T","M","R","M","E","M","R","B",null,"R","$","E","B",null],"character_chosen":"THE_TRICKSTER","items_purchased":["halation:Toothbrush","Whetstone","Quantum Egg"],"campfire_rested":0,"item_purchase_floors":[36,36,53],"current_hp_per_floor":[75,75,75,75,75,75,75,75,75,75,75,75,75,75,75,75,75,75,75,75,75,75,75,75,75,75,75,75,75,75,75,75,75,57,57,57,57,57,57,57,59,59,59,59,59,59,61,63,63,63,63,63,66,66,66],"gold":245,"neow_bonus":"REMOVE_CARD","is_daily":false,"chose_seed":false,"campfire_upgraded":7,"win_rate":0.0,"timestamp":1607960943,"path_taken":["M","?","?","M","M","E","R","M","T","M","M","R","E","?","R","BOSS","M","?","M","M","M","E","M","M","T","M","R","?","R","M","R","BOSS","M","$","?","M","?","M","E","?","T","M","R","M","E","M","R","BOSS","R","$","E","BOSS"],"items_purchased_type":["Relic","Relic","Relic"],"build_version":"2020-12-13","purchased_purges":2,"victory":true,"max_hp_per_floor":[75,75,75,75,75,75,75,75,75,75,75,75,75,75,75,75,75,75,75,75,75,75,75,75,75,75,75,75,75,75,75,75,75,57,57,57,57,57,57,57,59,59,59,59,59,59,61,63,63,63,63,63,66,66,66],"card_choices":[{"not_picked":["theTrickster:Repetition","theTrickster:BattlePlan","theTrickster:PlayingWithFire"],"picked":"SKIP","floor":1},{"not_picked":["Pommel Strike+1","PrismaMod:IllyaBerserCAR+1","animator:ChaikaBohdan+1"],"picked":"SnafuTest:SpellChainLightning+1","floor":4},{"not_picked":["StuffTheSpire:RockThrow+1","animator:Vesta","luka_mod:Request"],"picked":"luka_mod:BladeOfRagingFire+1","floor":5},{"not_picked":["jedi:BurstFrost","Corruption","PrismaMod:MiyuUncommonPlate"],"picked":"theEdgeheg:BetterDodge","floor":6},{"not_picked":["theEdgeheg:ChaosEnergyKatana","SnafuTest:DesperateRemediation","Shade:ClawBack+1"],"picked":"Backstab+1","floor":8},{"not_picked":["theTrickster:TrickyDefend","Cleave+1","hermit:BigShot","hermit:Manifest"],"picked":"Hololive_CallArtia","floor":10},{"not_picked":["PrismaMod:MiyuCheapEvoke","Echo","Shade:BoneShards+1","hermit:LowProfile"],"picked":"theTrickster:DivingSlice+1","floor":11},{"not_picked":["Cleave+1","Whirlwind+1","SnafuTest:BombMoonDust","hermit:HoleUp"],"picked":"FIFO Queue","floor":13},{"not_picked":["SnafuTest:BombSamum+1","Bromod:OrganShatter+1","luka_mod:Struggle","Shade:Brains","hermit:BodyArmor"],"picked":"SKIP","floor":14},{"not_picked":["jedi:harder","Scrawl","Replay:AllIn","hermit:Reprieve"],"picked":"Bromod:ThermiteRounds+1","floor":16},{"not_picked":["EmptyBody","rat:ArgentInfusion","SnafuTest:MCMockAndRun+1","hermit:Roulette"],"picked":"Clash+1","floor":18},{"not_picked":["animator:Spearman+1","animator:DolaRiku","animator:Shuna","Predator+1","hermit:TakeAim"],"picked":"SKIP","floor":19},{"not_picked":["DeathKnight:Parry","FollowUp+1","RobotSpaceExplorer:SwiftStep","hermit:FinalCanter"],"picked":"animator:YuiTsuruno+1","floor":20},{"not_picked":["Hololive_HuntDinosaur","PrismaMod:IllyaCommonEvoke+1","Corpse Explosion","theTrickster:IntrepidRush+1","hermit:Dive"],"picked":"SKIP","floor":21},{"not_picked":["RobotSpaceExplorer:MiniDrones+1","Twin Strike+1","luka_mod:HeroicStrike+1","hermit:SprayPray"],"picked":"Hololive_CallAZKi","floor":22},{"not_picked":["Bromod:KillingBlow+1","hermit:Feint","PrismaMod:IllyaUpgradeOrbs+1","SnafuTest:MCSuccubusSeduction+1","hermit:Vantage"],"picked":"SKIP","floor":23},{"not_picked":["PrismaMod:IllyaRubysPotion","KratosMod:Roll","RobotSpaceExplorer:ImprovisedAttack+1","PrismaMod:IllyaUncommonAOEAttack+1","hermit:Snipe"],"picked":"SKIP","floor":24},{"not_picked":["DeathKnight:ShatteringStrikes+1","DeathKnight:BloodPact","Hololive_CallOzoraSubaru","hermit:Coalescence"],"picked":"Inflame","floor":25},{"not_picked":["theEdgeheg:Birthday+1","animator:PandorasActor","PrismaMod:ChloeCheapDefend","theEdgeheg:SkateboardTrick","hermit:Virtue"],"picked":"SKIP","floor":27},{"not_picked":["DeathKnight:BloodPact","theEdgeheg:DualPistols+1","MostiFishMod:PreservedThorns","Footwork","hermit:WideOpen"],"picked":"SKIP","floor":29},{"not_picked":["Replay:Hum","animator:Demiurge","theTrickster:Volley+1","SnafuTest:MilitaryReview","hermit:ShadowCloak"],"picked":"SKIP","floor":31},{"not_picked":["Nexus","Malaise","luka_mod:Sensitive","hermit:Roughhouse"],"picked":"PrismaMod:IllyaInstallRider","floor":33},{"not_picked":["StuffTheSpire:LoadUp","PhaseCoil+1","animator:Tyuule+1","hermit:Snipe"],"picked":"animator:Entoma+1","floor":35},{"not_picked":["WheelKick+1","luka_mod:EndlessGuard","animator:Chung","hermit:Headshot"],"picked":"RobotSpaceExplorer:MiniDrones+1","floor":37},{"not_picked":["Rebound+1","Bromod:PointStrike+1","jedi:suffering+1","hermit:BodyArmor"],"picked":"Consecrate+1","floor":38},{"not_picked":["KratosMod:Tempor","SnafuTest:DesperateRemediation","PrismaMod:IllyaFriendMaker+1","DeathKnight:ShatteringStrikes+1","hermit:Roulette"],"picked":"SKIP","floor":40},{"not_picked":["PrismaMod:MiyuEvokeCheapAttack+1","PrismaMod:IllyaRubysPotion+1","animator:Megumin+1","hermit:Misfire"],"picked":"DeathKnight:Hysteria","floor":41},{"not_picked":["luka_mod:ThunderThrust+1","RobotSpaceExplorer:Arsenal","DeathKnight:HornOfWinter+1","luka_mod:FlashKill+1","hermit:Feint"],"picked":"SKIP","floor":42},{"not_picked":["animator:Illya","StuffTheSpire:BumpUp+1","DeathKnight:Runesurge","ReplayTheSpireMod:Private Reserves","hermit:Coalescence"],"picked":"SKIP","floor":44},{"not_picked":["Rip and Tear+1","Vortex+1","animator:Nanami","VoidRay+1","hermit:Showdown"],"picked":"SKIP","floor":46},{"not_picked":["Rip and Tear+1","Vortex+1","animator:Nanami","VoidRay+1","hermit:Showdown"],"picked":"SKIP","floor":46},{"not_picked":["Replay:AtTheReady+1","luka_mod:BegIlias","PrismaMod:ChloeDiscardRecovery","Hololive_CallOmaruPolka"],"picked":"hermit:Determination","floor":47},{"not_picked":["SnafuTest:DesperateRemediation","Shade:RitualOffering","Armaments","hermit:Deadeye+1","hermit:Maintenance"],"picked":"SKIP","floor":48},{"not_picked":["PrismaMod:ChloeAnyRareTrace","Reckless Charge+1","SnafuTest:MCPlayGwent+1","jedi:collectorstrike+1","hermit:GoldenBullet"],"picked":"SKIP","floor":54}],"player_experience":612729,"relics_obtained":[{"floor":1,"key":"Question Card"},{"floor":1,"key":"PrismaticShard"},{"floor":6,"key":"Vajra"},{"floor":9,"key":"hubris:DisguiseKit"},{"floor":13,"key":"Ornamental Fan"},{"floor":16,"key":"ImportantClient"},{"floor":21,"key":"wanderingMiniBosses:CarrionFlame"},{"floor":23,"key":"Pen Nib"},{"floor":37,"key":"qcfpunch:Red_Headband"},{"floor":41,"key":"hubris:Metronome"},{"floor":43,"key":"qcfpunch:Green_Leotard"},{"floor":47,"key":"Potion Belt"},{"floor":54,"key":"ImprovedEquipment"}],"event_choices":[{"damage_healed":0,"gold_gain":0,"player_choice":"1 cards matched","damage_taken":0,"max_hp_gain":0,"max_hp_loss":0,"event_name":"Match and Keep!","floor":3,"gold_loss":0,"cards_obtained":["theTrickster:Practice"]}],"is_beta":false,"boss_relics":[{"not_picked":["Pandora\u0027s Box","conspire:SeveredTorchhead"],"picked":"hubris:VirtuousBlindfold"},{"not_picked":["SacredBark","hubris:Stopwatch"],"picked":"Replay:Drink Me"}],"items_purged_floors":[36,53],"is_endless":false,"potions_floor_spawned":[1,5,8,14,18,22,23,25,29,35,37,38,42,46,48],"ascension_level":0}}