{"host":"migkglet3gdlgm9g","time":1607974240,"event":{"mods":["BaseMod","Colored Map","Highlight Path","Minty Spire (QoL Compilation)","Quick Restart","StSLib","SuperFastMode"],"gold_per_floor":[113,113,113,61,80,80,99,135,162,162,224,264,264,307,307,406,406,425,443,443,458,458,458,297,335,362,382,382,332,71,110,110,110,110],"floor_reached":33,"playtime":1383,"items_purged":["Strike_G","Defend_G"],"score":648,"play_id":"7a3dd1bb-03a9-4549-9d6c-5d57da6e1c55","local_time":"20201214203040","is_ascension_mode":true,"campfire_choices":[{"data":"Neutralize","floor":6,"key":"SMITH"},{"data":"Dagger Throw","floor":10,"key":"SMITH"},{"floor":13,"key":"REST"},{"data":"Malaise","floor":15,"key":"SMITH"},{"floor":23,"key":"REST"},{"data":"Burst","floor":28,"key":"SMITH"},{"floor":32,"key":"REST"}],"circlet_count":0,"master_deck":["AscendersBane","Strike_G+1","Defend_G","Defend_G+1","Defend_G","Defend_G","Survivor","Neutralize+1","Dagger Spray+1","Sucker Punch+1","Dagger Throw+1","Malaise+1","Corpse Explosion","Dash+1","Bouncing Flask+1","Crippling Poison+1","All Out Attack","Caltrops+1","RitualDagger","Burst+1","Catalyst","Malaise+1"],"relics":["Ring of the Snake","Golden Idol","Boot","Bag of Preparation","WingedGreaves","Strawberry","Astrolabe","Lizard Tail","Whetstone","DollysMirror","Anchor"],"acts_visited":["Exordium","TheCity"],"potions_floor_usage":[8,8,18,27],"damage_taken":[{"damage":4,"enemies":"Jaw Worm","floor":1,"turns":6},{"damage":4,"enemies":"Small Slimes","floor":5,"turns":3},{"damage":3,"enemies":"Cultist","floor":7,"turns":4},{"damage":0,"enemies":"Gremlin Nob","floor":8,"turns":3},{"damage":33,"enemies":"Lagavulin","floor":12,"turns":7},{"damage":12,"enemies":"3 Sentries","floor":14,"turns":6},{"damage":25,"enemies":"The Guardian","floor":16,"turns":19},{"damage":1,"enemies":"3 Byrds","floor":18,"turns":2},{"damage":23,"enemies":"Shell Parasite","floor":19,"turns":9},{"damage":6,"enemies":"3 Cultists","floor":21,"turns":3},{"damage":33,"enemies":"Book of Stabbing","floor":25,"turns":5},{"damage":7,"enemies":"Snecko","floor":27,"turns":4},{"damage":30,"enemies":"Gremlin Leader","floor":31,"turns":7},{"damage":43,"enemies":"Automaton","floor":33,"turns":6}],"seed_played":"-4372733266338376948","potions_obtained":[{"floor":0,"key":"CultistPotion"},{"floor":0,"key":"LiquidMemories"},{"floor":16,"key":"LiquidBronze"},{"floor":19,"key":"SteroidPotion"},{"floor":27,"key":"Fruit Juice"}],"is_trial":false,"path_per_floor":["M","?","?","?","M","R","M","E","T","R","?","E","R","E","R","B",null,"M","M","?","M","?","R","$","E","T","M","R","?","$","E","R","B"],"character_chosen":"THE_SILENT","items_purchased":["Burst","DollysMirror"],"campfire_rested":3,"item_purchase_floors":[24,30],"current_hp_per_floor":[55,55,55,55,51,51,48,48,48,48,48,15,33,28,28,3,51,50,27,27,21,15,35,35,2,2,38,38,38,38,8,29,0,0],"gold":110,"neow_bonus":"THREE_SMALL_POTIONS","is_daily":false,"chose_seed":false,"campfire_upgraded":4,"win_rate":0.0,"timestamp":1607974240,"path_taken":["M","?","?","?","M","R","M","E","T","R","?","E","R","E","R","BOSS","M","M","?","M","?","R","$","E","T","M","R","?","$","E","R","BOSS"],"items_purchased_type":["Card","Relic"],"build_version":"2020-12-13","purchased_purges":2,"victory":false,"max_hp_per_floor":[66,66,60,60,60,60,60,60,60,60,60,60,60,67,67,67,67,67,67,67,67,67,67,67,67,67,72,72,72,72,72,72,72,72],"card_choices":[{"not_picked":["Expertise","Footwork"],"picked":"Dagger Spray","floor":1},{"not_picked":["Underhanded Strike","Eviscerate","Prepared"],"picked":"SKIP","floor":5},{"not_picked":["Bane","Outmaneuver"],"picked":"Sucker Punch","floor":7},{"not_picked":["Blur","Phantasmal Killer"],"picked":"Dagger Throw","floor":8},{"not_picked":["Slice","Accuracy","Well Laid Plans"],"picked":"SKIP","floor":12},{"not_picked":["Underhanded Strike","Blade Dance"],"picked":"Malaise","floor":14},{"not_picked":["Phantasmal Killer","Glass Knife"],"picked":"Corpse Explosion","floor":16},{"not_picked":["Backflip","Cloak And Dagger"],"picked":"All Out Attack","floor":18},{"not_picked":["Dagger Throw","Dagger Spray"],"picked":"Caltrops","floor":19},{"not_picked":["Bane","Slice","Deflect"],"picked":"SKIP","floor":21},{"not_picked":["Dagger Spray+1","Flechettes"],"picked":"Catalyst","floor":25},{"not_picked":["Blade Dance","Acrobatics+1","Cloak And Dagger"],"picked":"SKIP","floor":27},{"not_picked":["Dagger Throw","Outmaneuver","Dodge and Roll"],"picked":"SKIP","floor":31}],"player_experience":2056036,"relics_obtained":[{"floor":8,"key":"Boot"},{"floor":9,"key":"Bag of Preparation"},{"floor":12,"key":"WingedGreaves"},{"floor":14,"key":"Strawberry"},{"floor":25,"key":"Lizard Tail"},{"floor":26,"key":"Whetstone"},{"floor":31,"key":"Anchor"}],"event_choices":[{"damage_healed":0,"gold_gain":0,"player_choice":"Grow","damage_taken":0,"max_hp_gain":0,"max_hp_loss":0,"event_name":"Living Wall","floor":2,"gold_loss":0,"cards_upgraded":["Dagger Spray"]},{"damage_healed":0,"gold_gain":0,"player_choice":"Lose Max HP","damage_taken":0,"relics_obtained":["Golden Idol"],"max_hp_gain":0,"max_hp_loss":6,"event_name":"Golden Idol","floor":3,"gold_loss":0},{"damage_healed":0,"gold_gain":0,"player_choice":"Left Gold","damage_taken":0,"max_hp_gain":0,"max_hp_loss":0,"event_name":"World of Goop","floor":4,"gold_loss":52},{"damage_healed":0,"gold_gain":62,"player_choice":"Gained Gold","damage_taken":0,"max_hp_gain":0,"max_hp_loss":0,"event_name":"Golden Wing","floor":11,"gold_loss":0},{"damage_healed":0,"gold_gain":0,"player_choice":"Ignored","damage_taken":0,"max_hp_gain":0,"max_hp_loss":0,"event_name":"Cursed Tome","floor":20,"gold_loss":0},{"damage_healed":0,"gold_gain":0,"player_choice":"Joined the Cult","damage_taken":6,"max_hp_gain":0,"max_hp_loss":0,"event_name":"Nest","floor":22,"gold_loss":0,"cards_obtained":["RitualDagger"]},{"damage_healed":0,"gold_gain":0,"player_choice":"Upgraded Two","damage_taken":0,"max_hp_gain":0,"max_hp_loss":0,"event_name":"Designer","floor":29,"gold_loss":50,"cards_upgraded":["Caltrops","Defend_G"]}],"is_beta":false,"boss_relics":[{"not_picked":["Calling Bell","Ring of the Serpent"],"picked":"Astrolabe"}],"items_purged_floors":[24,30],"is_endless":false,"potions_floor_spawned":[1,5,16,19,27],"killed_by":"Automaton","ascension_level":20}}