{"host":"z7byfb4bpt09dh7e","time":1607961560,"event":{"mods":["Aspiration","BaseMod","BetterRewards","Displayed Cursed Tome","Downfall","Infinite Spire","Minty Spire (QoL Compilation)","StSLib","The Blue Laboratory","Uncapped"],"gold_per_floor":[153,207,267,49,97,97,187,283,364,463,550,592,685,742,742,1051,1051,1090,627,686,740,213,222,231,285,285,294,333,444,498,543,543,834,897,942,978,1023,622,772,772,390,474,474,474,474,474,534,600,600,600],"floor_reached":51,"playtime":2234,"items_purged":["Strike_B"],"score":1091,"play_id":"dc8c76f3-ed68-41c0-a71b-b81f598787f0","local_time":"20201214105920","daily_mods":["Vintage","Allstar","Diverse","Colorless Cards","Heirloom","Time Dilation","Flight","Elite Swarm","Midas","Terminal","Binary"],"is_ascension_mode":false,"campfire_choices":[{"floor":6,"key":"REST"},{"floor":15,"key":"REST"},{"floor":23,"key":"REST"},{"floor":27,"key":"REST"},{"floor":32,"key":"REST"},{"floor":40,"key":"REST"},{"floor":44,"key":"REST"},{"data":"Auto Shields","floor":44,"key":"PURGE"},{"floor":45,"key":"REST"},{"data":"Skewer","floor":45,"key":"PURGE"},{"floor":46,"key":"REST"},{"floor":49,"key":"REST"}],"circlet_count":0,"master_deck":["Zap+1","Dualcast","Mayhem+1","Secret Weapon","Trip","expansioncontent:DashGenerateEvil+1","Violence","Dark Embrace+1","expansioncontent:DashGenerateEvil+1","Slice","Masterful Stab","Guardian:Recover","Transmutation","Panache+1","Guardian:ArmoredProtocol","Cleave","Dramatic Entrance","Streamline","infinitespire:FinalStrike","Juggernaut+1","Guardian:Preprogram","Die Die Die+1","Slimebound:Replication","Disarm","Anger","hexamod:Haunt","Master of Strategy+1","Metallicize","hexamod:SpectersWail"],"relics":["Cracked Core","Busted Crown","TungstenRod","Smiling Mask","hexamod:BolsterEngine","Lantern","Runic Capacitor","Kunai","Centennial Puzzle","Boot","Blue Candle","Ornamental Fan","aspiration:DSix","Mummified Hand","infinitespire:Golems Mask","Question Card","Fusion Hammer","CeramicFish","DollysMirror","FossilizedHelix","Dream Catcher","Membership Card","StoneCalendar","aspiration:Lifesprig","champ:Barbells","Mercury Hourglass","Oddly Smooth Stone","Singing Bowl","Sundial","Pear","Letter Opener","Pandora\u0027s Box","infinitespire:Magic Flask","Akabeko","sneckomod:BlankCard","Strange Spoon","StrikeDummy","infinitespire:Midas Blood","Torii","Medical Kit","Toxic Egg 2","Peace Pipe","Du-Vu Doll","Whetstone","Bag of Preparation","Ginger"],"acts_visited":["Exordium","TheCity","TheBeyond"],"potions_floor_usage":[3,50],"damage_taken":[{"damage":0,"enemies":"Cultist","floor":1,"turns":2},{"damage":0,"enemies":"Jaw Worm","floor":2,"turns":2},{"damage":0,"enemies":"Small Slimes","floor":3,"turns":3},{"damage":0,"enemies":"Looter","floor":5,"turns":3},{"damage":0,"enemies":"Lagavulin","floor":7,"turns":3},{"damage":0,"enemies":"Gremlin Nob","floor":8,"turns":1},{"damage":2,"enemies":"3 Sentries","floor":10,"turns":5},{"damage":5,"enemies":"Lagavulin","floor":11,"turns":2},{"damage":0,"enemies":"3 Louse","floor":12,"turns":2},{"damage":5,"enemies":"Gremlin Nob","floor":13,"turns":1},{"damage":0,"enemies":"Gremlin Gang","floor":14,"turns":4},{"damage":2,"enemies":"Slime Boss","floor":16,"turns":7},{"damage":0,"enemies":"Spheric Guardian","floor":18,"turns":3},{"damage":0,"enemies":"2 Thieves","floor":20,"turns":2},{"damage":0,"enemies":"3 Cultists","floor":21,"turns":3},{"damage":0,"enemies":"Snecko","floor":25,"turns":3},{"damage":0,"enemies":"Cultist and Chosen","floor":28,"turns":3},{"damage":0,"enemies":"Gremlin Leader","floor":29,"turns":3},{"damage":0,"enemies":"Centurion and Healer","floor":30,"turns":2},{"damage":0,"enemies":"Shelled Parasite and Fungi","floor":31,"turns":3},{"damage":0,"enemies":"Champ","floor":33,"turns":4},{"damage":0,"enemies":"3 Shapes","floor":35,"turns":1},{"damage":0,"enemies":"Orb Walker","floor":36,"turns":1},{"damage":0,"enemies":"Maw","floor":37,"turns":3},{"damage":0,"enemies":"Mind Bloom Boss Battle","floor":39,"turns":3},{"damage":0,"enemies":"Giant Head","floor":42,"turns":4},{"damage":0,"enemies":"Sphere and 2 Shapes","floor":47,"turns":2},{"damage":6,"enemies":"4 Shapes","floor":48,"turns":1},{"damage":0,"enemies":"Time Eater","floor":50,"turns":6}],"seed_played":"-8900295309506568207","potions_obtained":[{"floor":1,"key":"Ancient Potion"},{"floor":3,"key":"Fruit Juice"},{"floor":7,"key":"blueLaboratory:FrostheartPotion"},{"floor":12,"key":"Swift Potion"},{"floor":14,"key":"blueLaboratory:TrueEctoplasm"},{"floor":21,"key":"blueLaboratory:TeslaPotion"},{"floor":29,"key":"blueLaboratory:TeslaPotion"},{"floor":37,"key":"blueLaboratory:BottleOfVodka"}],"is_trial":true,"path_per_floor":["M","M","M","$","M","R","E","E","T","E","E","M","E","M","R","B",null,"M","$","M","M","$","R","AVR","M","T","R","M","E","M","M","R","B",null,"M","M","M","$","?","R","$","E","T","R","R","R","M","M","R","B",null],"character_chosen":"DEFECT","items_purchased":["Runic Capacitor","Dark Embrace","DollysMirror","Slice","Masterful Stab","Guardian:Recover","Transmutation","Membership Card","StoneCalendar","aspiration:Lifesprig","Panache","Guardian:ArmoredProtocol","Cleave","Dramatic Entrance","Strange Spoon","StrikeDummy","infinitespire:Midas Blood","Master of Strategy","Medical Kit","Toxic Egg 2","Peace Pipe","Metallicize","hexamod:SpectersWail"],"campfire_rested":10,"item_purchase_floors":[4,4,19,19,19,19,19,22,22,22,22,22,22,22,38,38,38,38,41,41,41,41,41],"current_hp_per_floor":[73,72,76,75,74,73,72,71,70,68,63,63,58,58,64,62,62,61,60,59,58,57,56,55,54,53,52,51,50,59,58,59,60,59,58,57,56,55,56,57,56,57,56,57,58,59,58,52,58,57],"gold":600,"neow_bonus":"","is_daily":false,"chose_seed":false,"campfire_upgraded":0,"win_rate":0.0,"timestamp":1607961560,"path_taken":["M","M","M","$","M","R","E","E","T","E","E","M","E","M","R","BOSS","M","$","M","M","$","R","AVR","M","T","R","M","E","M","M","R","BOSS","M","M","M","$","?","R","$","E","T","R","R","R","M","M","R","BOSS"],"items_purchased_type":["Relic","Card","Relic","Card","Card","Card","Card","Relic","Relic","Relic","Card","Card","Card","Card","Relic","Relic","Relic","Card","Relic","Relic","Relic","Card","Card"],"build_version":"2020-12-13","purchased_purges":1,"victory":true,"max_hp_per_floor":[73,72,76,75,74,73,72,71,70,69,68,67,66,65,64,63,62,61,60,59,58,57,56,55,54,53,52,51,50,59,58,59,60,59,58,57,56,55,56,57,56,57,56,57,58,59,58,57,58,57],"card_choices":[{"not_picked":[],"picked":"Streamline","floor":23},{"not_picked":[],"picked":"Auto Shields","floor":27},{"not_picked":[],"picked":"Juggernaut","floor":29},{"not_picked":["Prepared"],"picked":"Singing Bowl","floor":32},{"not_picked":["Corpse Explosion"],"picked":"Singing Bowl","floor":33},{"not_picked":["sneckomod:DiceCrush+1"],"picked":"Singing Bowl","floor":39},{"not_picked":["Stack"],"picked":"Singing Bowl","floor":40},{"not_picked":["hexamod:TurnItUp+1"],"picked":"Singing Bowl","floor":42},{"not_picked":["Reflex+1"],"picked":"Singing Bowl","floor":44},{"not_picked":["Bane+1"],"picked":"Singing Bowl","floor":45},{"not_picked":["Blizzard"],"picked":"Singing Bowl","floor":46},{"not_picked":["Havoc+1"],"picked":"Singing Bowl","floor":49}],"player_experience":258717,"relics_obtained":[{"floor":1,"key":"Smiling Mask"},{"floor":2,"key":"hexamod:BolsterEngine"},{"floor":3,"key":"Lantern"},{"floor":5,"key":"Kunai"},{"floor":7,"key":"Centennial Puzzle"},{"floor":8,"key":"Boot"},{"floor":9,"key":"Blue Candle"},{"floor":10,"key":"Ornamental Fan"},{"floor":11,"key":"aspiration:DSix"},{"floor":12,"key":"Mummified Hand"},{"floor":13,"key":"infinitespire:Golems Mask"},{"floor":14,"key":"Question Card"},{"floor":18,"key":"CeramicFish"},{"floor":20,"key":"FossilizedHelix"},{"floor":21,"key":"Dream Catcher"},{"floor":25,"key":"Mercury Hourglass"},{"floor":26,"key":"Oddly Smooth Stone"},{"floor":28,"key":"Singing Bowl"},{"floor":29,"key":"Sundial"},{"floor":30,"key":"Pear"},{"floor":31,"key":"Letter Opener"},{"floor":35,"key":"infinitespire:Magic Flask"},{"floor":36,"key":"Akabeko"},{"floor":37,"key":"sneckomod:BlankCard"},{"floor":39,"key":"Torii"},{"floor":42,"key":"Du-Vu Doll"},{"floor":43,"key":"Whetstone"},{"floor":47,"key":"Bag of Preparation"},{"floor":48,"key":"Ginger"}],"event_choices":[{"damage_healed":0,"gold_gain":0,"player_choice":"Fight","damage_taken":0,"max_hp_gain":0,"max_hp_loss":0,"event_name":"MindBloom","floor":39,"gold_loss":0}],"is_beta":false,"boss_relics":[{"not_picked":["aspiration:WatcherSkillbook","Velvet Choker"],"picked":"Fusion Hammer"},{"not_picked":["sneckomod:SneckoTalon","aspiration:Stellarator"],"picked":"Pandora\u0027s Box"}],"items_purged_floors":[19],"is_endless":false,"potions_floor_spawned":[1,3,7,12,14,20,21,29,30,37,42],"ascension_level":0}}