{"host":"15dd7v8o90xso62x","time":1607927359,"event":{"mods":["BaseMod","Minty Spire (QoL Compilation)","Quick Restart","StSLib"],"gold_per_floor":[116,116,116,116,116,116,126,151,151,151,166,184,216,230,230,304,304,321,335,355,192,207,238,238,266,266,292,207,207,235,235,235,313,313,325,225,225,225,242,267,267,300,300,300,312,312,347,347,347,347,347,347,347,7,38,38],"floor_reached":57,"playtime":2110,"items_purged":["Pray","Judgement","Judgement"],"score":3398,"play_id":"157b0f02-e1cc-4a27-894a-59cac9d1c411","local_time":"20201214152919","is_ascension_mode":true,"campfire_choices":[{"data":"ClearTheMind","floor":6.0,"key":"SMITH"},{"data":"WheelKick","floor":15.0,"key":"SMITH"},{"data":"Adaptation","floor":24.0,"key":"SMITH"},{"data":"Vault","floor":32.0,"key":"SMITH"},{"data":"MentalFortress","floor":41.0,"key":"SMITH"},{"data":"MentalFortress","floor":44.0,"key":"SMITH"},{"data":"Vault","floor":46.0,"key":"SMITH"},{"floor":49.0,"key":"RECALL"},{"data":"InnerPeace","floor":53.0,"key":"SMITH"}],"circlet_count":0,"master_deck":["AscendersBane","Eruption+1","Vigilance","ClearTheMind+1","Tantrum+1","DeusExMachina","WheelKick+1","Vault+1","DeusExMachina","MasterReality","Adaptation+1","Wallop+1","InnerPeace+1","MentalFortress+1","WheelKick","Vault+1","MentalFortress+1"],"relics":["PureWater","NeowsBlessing","Letter Opener","StrikeDummy","Gremlin Horn","Pandora\u0027s Box","Kunai","Question Card","Sundial","FossilizedHelix","Du-Vu Doll","PreservedInsect","Busted Crown","Singing Bowl","Thread and Needle","CaptainsWheel","Medical Kit","Mercury Hourglass"],"acts_visited":["Exordium","TheCity","TheBeyond","TheEnding"],"potions_floor_usage":[55,56],"damage_taken":[{"damage":0.0,"enemies":"Jaw Worm","floor":1.0,"turns":1.0},{"damage":0.0,"enemies":"Small Slimes","floor":7.0,"turns":1.0},{"damage":0.0,"enemies":"Lagavulin","floor":8.0,"turns":1.0},{"damage":0.0,"enemies":"Cultist","floor":11.0,"turns":1.0},{"damage":0.0,"enemies":"Blue Slaver","floor":12.0,"turns":1.0},{"damage":12.0,"enemies":"3 Sentries","floor":13.0,"turns":4.0},{"damage":0.0,"enemies":"3 Louse","floor":14.0,"turns":3.0},{"damage":16.0,"enemies":"The Guardian","floor":16.0,"turns":9.0},{"damage":9.0,"enemies":"Shell Parasite","floor":18.0,"turns":3.0},{"damage":0.0,"enemies":"Chosen","floor":19.0,"turns":3.0},{"damage":7.0,"enemies":"Centurion and Healer","floor":20.0,"turns":2.0},{"damage":0.0,"enemies":"Snecko","floor":22.0,"turns":4.0},{"damage":0.0,"enemies":"Gremlin Leader","floor":23.0,"turns":3.0},{"damage":5.0,"enemies":"Book of Stabbing","floor":25.0,"turns":4.0},{"damage":0.0,"enemies":"Slavers","floor":27.0,"turns":3.0},{"damage":0.0,"enemies":"Book of Stabbing","floor":30.0,"turns":4.0},{"damage":8.0,"enemies":"Champ","floor":33.0,"turns":5.0},{"damage":0.0,"enemies":"3 Darklings","floor":35.0,"turns":3.0},{"damage":0.0,"enemies":"Orb Walker","floor":39.0,"turns":2.0},{"damage":0.0,"enemies":"Giant Head","floor":40.0,"turns":3.0},{"damage":0.0,"enemies":"Nemesis","floor":42.0,"turns":2.0},{"damage":0.0,"enemies":"Maw","floor":45.0,"turns":4.0},{"damage":0.0,"enemies":"Giant Head","floor":47.0,"turns":3.0},{"damage":0.0,"enemies":"Donu and Deca","floor":50.0,"turns":4.0},{"damage":0.0,"enemies":"Awakened One","floor":51.0,"turns":5.0},{"damage":12,"enemies":"Shield and Spear","floor":55,"turns":3},{"damage":4,"enemies":"The Heart","floor":56,"turns":7}],"seed_played":"-1744141644320721327","potions_obtained":[{"floor":7.0,"key":"SteroidPotion"},{"floor":16.0,"key":"SpeedPotion"},{"floor":20.0,"key":"PowerPotion"},{"floor":35.0,"key":"Fire Potion"},{"floor":40.0,"key":"DuplicationPotion"},{"floor":45.0,"key":"LiquidMemories"}],"is_trial":false,"path_per_floor":["M","?","?","?","?","R","M","E","T","?","M","M","E","M","R","B",null,"M","M","M","$","M","E","R","E","T","E","?","?","E","?","R","B",null,"M","$","?","?","M","E","R","E","T","R","M","R","E","?","R","B","B",null,"R","$","E","B",null],"character_chosen":"WATCHER","items_purchased":["MentalFortress","Medical Kit","PowerPotion"],"campfire_rested":0,"item_purchase_floors":[21,54,54],"current_hp_per_floor":[61,66,44,44,44,44,44,44,44,44,44,44,32,32,32,16,59,50,50,43,43,43,43,43,38,38,38,38,38,38,38,38,30,62,62,62,62,62,62,64,64,66,66,66,68,68,70,70,70,70,70,78,78,78,68,64],"gold":38,"neow_bonus":"THREE_ENEMY_KILL","is_daily":false,"chose_seed":false,"campfire_upgraded":8,"win_rate":0.0,"timestamp":1607927359,"path_taken":["M","?","?","?","?","R","M","E","T","?","M","M","E","M","R","BOSS","M","?","M","$","M","E","R","E","T","E","?","?","E","?","R","BOSS","M","$","?","?","?","E","R","E","T","R","M","R","E","?","R","BOSS","BOSS","R","$","E","BOSS"],"items_purchased_type":["Card","Relic","Potion"],"build_version":"2020-12-13","purchased_purges":3,"victory":true,"max_hp_per_floor":[68,73,73,73,73,73,73,73,73,73,73,73,73,73,73,73,73,73,73,73,73,73,73,73,73,73,73,73,73,73,73,73,73,73,73,73,73,73,73,75,75,77,77,77,79,79,81,81,81,81,81,81,81,81,83,83],"card_choices":[{"not_picked":["FlurryOfBlows","ForeignInfluence"],"picked":"ClearTheMind","floor":1.0},{"not_picked":["EmptyBody","FlurryOfBlows","ClearTheMind"],"picked":"SKIP","floor":7.0},{"not_picked":["Evaluate","Protect","MasterReality"],"picked":"SKIP","floor":8.0},{"not_picked":["FlurryOfBlows","Consecrate","Wireheading"],"picked":"SKIP","floor":11.0},{"not_picked":["FlurryOfBlows","Consecrate","Wireheading"],"picked":"SKIP","floor":11.0},{"not_picked":["Protect","Evaluate","WreathOfFlame"],"picked":"SKIP","floor":12.0},{"not_picked":["Crescendo","PathToVictory"],"picked":"DeusExMachina","floor":13.0},{"not_picked":["Evaluate","FollowUp"],"picked":"WheelKick","floor":14.0},{"not_picked":["Blasphemy","Brilliance"],"picked":"Vault","floor":16.0},{"not_picked":["Halt","Indignation+1"],"picked":"Wallop+1","floor":18.0},{"not_picked":["FlurryOfBlows","CutThroughFate"],"picked":"InnerPeace","floor":19.0},{"not_picked":["Crescendo","EmptyBody","LikeWater"],"picked":"SKIP","floor":20.0},{"not_picked":["EmptyFist","EmptyBody","SashWhip"],"picked":"SKIP","floor":22.0},{"not_picked":["SashWhip","SandsOfTime","Wish"],"picked":"SKIP","floor":23.0},{"not_picked":["InnerPeace","ThirdEye","Halt"],"picked":"SKIP","floor":25.0},{"not_picked":["TalkToTheHand+1","CutThroughFate","FollowUp","Evaluate"],"picked":"SKIP","floor":27.0},{"not_picked":["Fasting2","WindmillStrike","CarveReality","WreathOfFlame"],"picked":"SKIP","floor":30.0},{"not_picked":["Judgement","MasterReality","DeusExMachina"],"picked":"Vault","floor":33.0},{"not_picked":["EmptyFist+1","FollowUp"],"picked":"SKIP","floor":35.0},{"not_picked":["Halt","Nirvana"],"picked":"SKIP","floor":39.0},{"not_picked":["Alpha","Weave"],"picked":"Singing Bowl","floor":40.0},{"not_picked":["ClearTheMind","EmptyFist"],"picked":"Singing Bowl","floor":42.0},{"not_picked":["ForeignInfluence+1","EmptyBody"],"picked":"Singing Bowl","floor":45.0},{"not_picked":["CrushJoints+1","FlurryOfBlows"],"picked":"Singing Bowl","floor":47.0},{"not_picked":["EmptyFist","Perseverance"],"picked":"Singing Bowl","floor":55}],"player_experience":898824,"relics_obtained":[{"floor":8.0,"key":"Letter Opener"},{"floor":9.0,"key":"StrikeDummy"},{"floor":13.0,"key":"Gremlin Horn"},{"floor":23.0,"key":"Kunai"},{"floor":25.0,"key":"Question Card"},{"floor":26.0,"key":"Sundial"},{"floor":27.0,"key":"FossilizedHelix"},{"floor":30.0,"key":"PreservedInsect"},{"floor":40.0,"key":"Singing Bowl"},{"floor":42.0,"key":"Thread and Needle"},{"floor":47.0,"key":"CaptainsWheel"},{"floor":55,"key":"Mercury Hourglass"}],"event_choices":[{"damage_healed":0.0,"max_hp_gain":5.0,"max_hp_loss":0.0,"gold_gain":0.0,"event_name":"Big Fish","player_choice":"Donut","floor":2.0,"gold_loss":0.0,"damage_taken":0.0},{"damage_healed":0.0,"max_hp_gain":0.0,"max_hp_loss":0.0,"gold_gain":0.0,"event_name":"Shining Light","player_choice":"Entered Light","floor":3.0,"gold_loss":0.0,"damage_taken":22.0,"cards_upgraded":["Eruption","Strike_P"]},{"damage_healed":0.0,"max_hp_gain":0.0,"max_hp_loss":0.0,"gold_gain":0.0,"cards_transformed":["Strike_P"],"event_name":"Living Wall","player_choice":"Change","floor":4.0,"gold_loss":0.0,"damage_taken":0.0,"cards_obtained":["Tantrum"]},{"damage_healed":0.0,"max_hp_gain":0.0,"max_hp_loss":0.0,"gold_gain":0.0,"event_name":"Liars Game","player_choice":"Ignored","floor":5.0,"gold_loss":0.0,"damage_taken":0.0},{"damage_healed":0.0,"max_hp_gain":0.0,"max_hp_loss":0.0,"gold_gain":0.0,"event_name":"Accursed Blacksmith","player_choice":"Forge","floor":10.0,"gold_loss":0.0,"damage_taken":0.0,"cards_upgraded":["Tantrum"]},{"damage_healed":0.0,"max_hp_gain":0.0,"max_hp_loss":0.0,"gold_gain":0.0,"event_name":"Addict","player_choice":"Obtained Relic","floor":28.0,"gold_loss":85.0,"damage_taken":0.0,"relics_obtained":["Du-Vu Doll"]},{"damage_healed":0.0,"max_hp_gain":0.0,"max_hp_loss":0.0,"gold_gain":0.0,"event_name":"Vampires","player_choice":"Ignored","floor":29.0,"gold_loss":0.0,"damage_taken":0.0},{"damage_healed":0.0,"max_hp_gain":0.0,"max_hp_loss":0.0,"gold_gain":0.0,"cards_transformed":["EmptyBody","Protect"],"event_name":"Drug Dealer","player_choice":"Became Test Subject","floor":31.0,"gold_loss":0.0,"damage_taken":0.0,"cards_obtained":["WheelKick","Judgement"]},{"damage_healed":0.0,"max_hp_gain":0.0,"max_hp_loss":0.0,"gold_gain":0.0,"event_name":"SensoryStone","player_choice":"Memory 1","floor":37.0,"gold_loss":0.0,"damage_taken":0.0},{"damage_healed":0.0,"max_hp_gain":0.0,"max_hp_loss":0.0,"gold_gain":0.0,"event_name":"Duplicator","player_choice":"Copied","floor":38.0,"gold_loss":0.0,"damage_taken":0.0,"cards_obtained":["MentalFortress"]},{"damage_healed":0.0,"max_hp_gain":0.0,"max_hp_loss":0.0,"gold_gain":0.0,"event_name":"Lab","player_choice":"Got Potions","floor":48.0,"gold_loss":0.0,"damage_taken":0.0}],"is_beta":false,"boss_relics":[{"not_picked":["Fusion Hammer","HolyWater"],"picked":"Pandora\u0027s Box"},{"not_picked":["Black Star","Velvet Choker"],"picked":"Busted Crown"}],"items_purged_floors":[21,36,54],"is_endless":false,"potions_floor_spawned":[7,16,20,22,23,35,40,45],"ascension_level":20}}