{"host":"c2vrdknshfutmcsq","time":1607968872,"event":{"mods":["BaseMod","Minty Spire (QoL Compilation)"],"gold_per_floor":[18,18,32,43,58,87,162,178,202,83,106,106,145,167,167,280,280,308,337,262,288,288,288,329,329,329,369,394,394,403,427,427,537,537,566,566,625,625,650,689,689,721,810,810,834,59,100,124,133,133],"floor_reached":51,"playtime":6294,"items_purged":["Strike_B","Clumsy"],"score":1242,"play_id":"b4c9d6ec-9278-42e2-b4c8-d05429c4093a","local_time":"20201214190112","is_ascension_mode":true,"campfire_choices":[{"data":"Zap","floor":12.0,"key":"SMITH"},{"floor":15.0,"key":"REST"},{"data":"Biased Cognition","floor":23.0,"key":"SMITH"},{"floor":25.0,"key":"REST"},{"floor":29.0,"key":"REST"},{"data":"Core Surge","floor":32.0,"key":"SMITH"},{"data":"Buffer","floor":41.0,"key":"SMITH"},{"data":"Fission","floor":44.0,"key":"SMITH"},{"floor":49.0,"key":"REST"}],"circlet_count":0,"master_deck":["AscendersBane","Strike_B","Defend_B","Defend_B","Defend_B","Zap+1","Dualcast+1","Rip and Tear","BootSequence","Stack","Doom and Gloom","Melter","Cold Snap+1","Ball Lightning+1","Core Surge+1","Reinforced Body","Hello World","Biased Cognition+1","Stack","Reboot","Conserve Battery+1","Rip and Tear+1","Sunder+1","Go for the Eyes+1","Stack+1","Buffer+1","Hologram+1","Glacier+1","Ball Lightning+1","Fission+1","Fusion+1","Auto Shields","Beam Cell+1","Leap+1","Undo","Capacitor+1"],"relics":["Cracked Core","Happy Flower","CeramicFish","Akabeko","Black Star","MutagenicStrength","Pen Nib","Potion Belt","HornCleat","Molten Egg 2","Blood Vial","The Courier","Cursed Key","Ginger","Anchor","MealTicket","Dream Catcher","Darkstone Periapt","Sundial","Whetstone","Regal Pillow","TheAbacus","Gambling Chip","Ancient Tea Set","FossilizedHelix"],"acts_visited":["Exordium","TheCity","TheBeyond"],"potions_floor_usage":[50,50,50,50,50,50,50,50],"damage_taken":[{"damage":6.0,"enemies":"Small Slimes","floor":1.0,"turns":4.0},{"damage":7.0,"enemies":"Jaw Worm","floor":3.0,"turns":2.0},{"damage":0.0,"enemies":"Cultist","floor":4.0,"turns":2.0},{"damage":2.0,"enemies":"Blue Slaver","floor":5.0,"turns":3.0},{"damage":1.0,"enemies":"Lagavulin","floor":6.0,"turns":7.0},{"damage":0.0,"enemies":"2 Fungi Beasts","floor":8.0,"turns":3.0},{"damage":0.0,"enemies":"Large Slime","floor":11.0,"turns":5.0},{"damage":16.0,"enemies":"Gremlin Nob","floor":13.0,"turns":3.0},{"damage":2.0,"enemies":"Exordium Wildlife","floor":14.0,"turns":2.0},{"damage":15.0,"enemies":"Hexaghost","floor":16.0,"turns":8.0},{"damage":0.0,"enemies":"Chosen","floor":18.0,"turns":4.0},{"damage":0.0,"enemies":"2 Thieves","floor":19.0,"turns":2.0},{"damage":7.0,"enemies":"Snecko","floor":21.0,"turns":4.0},{"damage":25.0,"enemies":"Slavers","floor":24.0,"turns":5.0},{"damage":18.0,"enemies":"Book of Stabbing","floor":27.0,"turns":5.0},{"damage":1.0,"enemies":"Shelled Parasite and Fungi","floor":28.0,"turns":4.0},{"damage":1.0,"enemies":"Centurion and Healer","floor":31.0,"turns":6.0},{"damage":58.0,"enemies":"Champ","floor":33.0,"turns":14.0},{"damage":2.0,"enemies":"Orb Walker","floor":35.0,"turns":4.0},{"damage":1.0,"enemies":"Mind Bloom Boss Battle","floor":37.0,"turns":10.0},{"damage":4.0,"enemies":"3 Shapes","floor":39.0,"turns":2.0},{"damage":9.0,"enemies":"Reptomancer","floor":40.0,"turns":7.0},{"damage":14.0,"enemies":"Giant Head","floor":42.0,"turns":8.0},{"damage":6.0,"enemies":"Spire Growth","floor":45.0,"turns":6.0},{"damage":28.0,"enemies":"Reptomancer","floor":47.0,"turns":8.0},{"damage":0.0,"enemies":"Writhing Mass","floor":48.0,"turns":4.0},{"damage":75,"enemies":"Donu and Deca","floor":50,"turns":16}],"seed_played":"-4774710054322324162","potions_obtained":[{"floor":1.0,"key":"Fruit Juice"},{"floor":3.0,"key":"Dexterity Potion"},{"floor":4.0,"key":"Weak Potion"},{"floor":13.0,"key":"DistilledChaos"},{"floor":14.0,"key":"PotionOfCapacity"},{"floor":27.0,"key":"EntropicBrew"},{"floor":31.0,"key":"LiquidMemories"},{"floor":33.0,"key":"DuplicationPotion"}],"is_trial":false,"path_per_floor":["M","?","M","M","M","E","?","M","T","$","M","R","E","M","R","B",null,"M","M","?","M","?","R","E","R","T","E","M","R","?","M","R","B",null,"M","?","?","?","M","E","R","E","T","R","M","$","E","M","R","B",null],"character_chosen":"DEFECT","items_purchased":["Ball Lightning","Whetstone","Regal Pillow","Auto Shields","TheAbacus","Gambling Chip","Beam Cell+1"],"campfire_rested":4,"item_purchase_floors":[10,46,46,46,46,46,46],"current_hp_per_floor":[67,67,60,60,58,57,46,46,46,46,46,46,30,28,52,37,69,69,69,69,62,62,62,37,61,61,43,44,68,68,69,69,13,63,63,63,64,64,62,55,55,43,49,49,45,60,34,36,76,3],"gold":133,"neow_bonus":"REMOVE_TWO","is_daily":false,"chose_seed":false,"campfire_upgraded":5,"win_rate":0.0,"timestamp":1607968872,"path_taken":["M","?","M","M","M","E","?","M","T","?","?","R","E","M","R","BOSS","M","M","?","M","?","R","E","R","T","E","M","R","?","M","R","BOSS","M","?","?","?","?","E","R","E","T","R","M","$","E","M","R","BOSS"],"items_purchased_type":["Card","Relic","Relic","Card","Relic","Relic","Card"],"build_version":"2020-12-13","purchased_purges":2,"victory":true,"max_hp_per_floor":[80,80,80,80,80,80,80,80,80,80,80,80,80,80,80,80,80,80,80,80,80,80,80,80,80,80,80,80,80,80,80,80,80,80,80,80,80,80,80,80,80,80,86,86,86,86,86,86,86,86],"card_choices":[{"not_picked":["Self Repair","Hologram"],"picked":"Rip and Tear","floor":1.0},{"not_picked":["Rebound","Ball Lightning"],"picked":"BootSequence","floor":3.0},{"not_picked":["Blizzard","Reinforced Body"],"picked":"Stack","floor":4.0},{"not_picked":["Chaos","Recycle"],"picked":"Doom and Gloom","floor":5.0},{"not_picked":["Fusion","Hologram"],"picked":"Melter","floor":6.0},{"not_picked":["Coolheaded","Reprogram"],"picked":"Cold Snap","floor":8.0},{"not_picked":["Redo","Sweeping Beam"],"picked":"Core Surge","floor":11.0},{"not_picked":["Turbo","Compile Driver"],"picked":"Reinforced Body","floor":13.0},{"not_picked":["Skim","Redo"],"picked":"Hello World","floor":14.0},{"not_picked":["Fission","Rainbow"],"picked":"Biased Cognition","floor":16.0},{"not_picked":["Turbo","Sweeping Beam"],"picked":"Stack","floor":18.0},{"not_picked":["Darkness","Barrage+1"],"picked":"Reboot","floor":19.0},{"not_picked":["Consume+1","Static Discharge"],"picked":"Conserve Battery+1","floor":21.0},{"not_picked":["Doom and Gloom","Steam"],"picked":"Rip and Tear+1","floor":24.0},{"not_picked":["Beam Cell+1","Reboot"],"picked":"Sunder+1","floor":27.0},{"not_picked":["BootSequence","Leap+1"],"picked":"Go for the Eyes+1","floor":28.0},{"not_picked":["Consume+1","Redo"],"picked":"Stack+1","floor":31.0},{"not_picked":["Reboot","Seek"],"picked":"Buffer","floor":33.0},{"not_picked":["Sweeping Beam+1","Gash+1"],"picked":"Hologram+1","floor":35.0},{"not_picked":["Barrage+1","Genetic Algorithm+1"],"picked":"Glacier+1","floor":37.0},{"not_picked":["Stack","Streamline+1"],"picked":"Ball Lightning+1","floor":39.0},{"not_picked":["Force Field","Sweeping Beam+1"],"picked":"Fission","floor":40.0},{"not_picked":["Gash+1","Consume","Conserve Battery"],"picked":"SKIP","floor":42.0},{"not_picked":["Beam Cell+1","Hologram"],"picked":"Fusion+1","floor":45.0},{"not_picked":["Sunder+1","Darkness"],"picked":"Leap+1","floor":47.0},{"not_picked":["Static Discharge+1","Go for the Eyes+1"],"picked":"Undo","floor":48.0},{"not_picked":["Streamline+1","White Noise"],"picked":"Capacitor+1","floor":49.0}],"player_experience":1121156,"relics_obtained":[{"floor":6.0,"key":"Happy Flower"},{"floor":9.0,"key":"CeramicFish"},{"floor":13.0,"key":"Akabeko"},{"floor":24.0,"key":"Pen Nib"},{"floor":24.0,"key":"Potion Belt"},{"floor":26.0,"key":"HornCleat"},{"floor":27.0,"key":"Molten Egg 2"},{"floor":27.0,"key":"Blood Vial"},{"floor":37.0,"key":"Ginger"},{"floor":40.0,"key":"Anchor"},{"floor":40.0,"key":"MealTicket"},{"floor":42.0,"key":"Dream Catcher"},{"floor":42.0,"key":"Darkstone Periapt"},{"floor":43.0,"key":"Sundial"},{"floor":47.0,"key":"Ancient Tea Set"},{"floor":47.0,"key":"FossilizedHelix"}],"event_choices":[{"damage_healed":0.0,"max_hp_gain":0.0,"max_hp_loss":0.0,"gold_gain":0.0,"event_name":"Living Wall","player_choice":"Grow","floor":2.0,"gold_loss":0.0,"damage_taken":0.0,"cards_upgraded":["Dualcast"]},{"damage_healed":0.0,"max_hp_gain":0.0,"max_hp_loss":0.0,"gold_gain":75.0,"event_name":"World of Goop","player_choice":"Gather Gold","floor":7.0,"gold_loss":0.0,"damage_taken":11.0},{"cards_removed":["Strike_B"],"damage_healed":0.0,"max_hp_gain":0.0,"max_hp_loss":0.0,"gold_gain":0.0,"event_name":"Beggar","player_choice":"Gave Gold","floor":20.0,"gold_loss":75.0,"damage_taken":0.0},{"damage_healed":0.0,"max_hp_gain":0.0,"max_hp_loss":0.0,"gold_gain":0.0,"event_name":"Drug Dealer","player_choice":"Inject Mutagens","floor":22.0,"gold_loss":0.0,"damage_taken":0.0,"relics_obtained":["MutagenicStrength"]},{"damage_healed":0.0,"max_hp_gain":0.0,"max_hp_loss":0.0,"gold_gain":0.0,"event_name":"The Mausoleum","player_choice":"Opened","floor":30.0,"gold_loss":0.0,"damage_taken":0.0,"relics_obtained":["The Courier"],"cards_obtained":["Writhe"]},{"damage_healed":0.0,"max_hp_gain":0.0,"max_hp_loss":0.0,"gold_gain":0.0,"event_name":"Tomb of Lord Red Mask","player_choice":"Ignored","floor":36.0,"gold_loss":0.0,"damage_taken":0.0},{"damage_healed":0.0,"max_hp_gain":0.0,"max_hp_loss":0.0,"gold_gain":0.0,"event_name":"MindBloom","player_choice":"Fight","floor":37.0,"gold_loss":0.0,"damage_taken":0.0},{"cards_removed":["Writhe"],"damage_healed":0.0,"max_hp_gain":0.0,"max_hp_loss":0.0,"gold_gain":0.0,"event_name":"Fountain of Cleansing","player_choice":"Removed Curses","floor":38.0,"gold_loss":0.0,"damage_taken":0.0}],"is_beta":false,"boss_relics":[{"not_picked":["Coffee Dripper","Philosopher\u0027s Stone"],"picked":"Black Star"},{"not_picked":["Nuclear Battery","Snecko Eye"],"picked":"Cursed Key"}],"items_purged_floors":[10,46],"is_endless":false,"potions_floor_spawned":[1,3,4,13,14,27,31,33,37,39,40,45,47],"ascension_level":11}}