{"host":"ln38befi3ugo1bsw","time":1607923328,"event":{"mods":["BaseMod","BetterRewards","Colored Map","Colored Powertips","Downfall","Hermit","Jorbs\u0027s Wanderer Trilogy","Lobotomy","Marisa????????","Minty Spire (QoL Compilation)","READ ME - Guardian Mod","READ ME - Snecko Mod","StSLib","SuperFastMode","The Cursed","The Servant 0.9.4"],"gold_per_floor":[118,118,43,55,130,158,169,169,169],"floor_reached":8,"playtime":1609,"items_purged":["Regret"],"score":56,"play_id":"67a17ed0-128a-4580-8b57-6080ed5ccf73","local_time":"20201214002208","is_ascension_mode":false,"campfire_choices":[],"circlet_count":0,"master_deck":["Strike_S","Strike_S","Strike_S","Strike_S","Defend_S","Defend_S","Defend_S","Defend_S","KidneyShot","Exchange","MurderousAura","Rewind","ShatteredReality","Rewind","Replace"],"relics":["Uniform","Darkstone Periapt","Toy Ornithopter"],"acts_visited":["Exordium"],"potions_floor_usage":[],"damage_taken":[{"damage":2,"enemies":"2 Louse","floor":1,"turns":2},{"damage":0,"enemies":"Small Slimes","floor":4,"turns":3},{"damage":34,"enemies":"3 Sentries","floor":6,"turns":10},{"damage":0,"enemies":"Cultist","floor":7,"turns":4},{"damage":24,"enemies":"Gremlin Nob","floor":8,"turns":4}],"seed_played":"5886147736557298135","potions_obtained":[{"floor":6,"key":"Swift Potion"}],"is_trial":false,"path_per_floor":["M","?","$","M","?","E","M","E"],"character_chosen":"THE_SERVANT","items_purchased":[],"campfire_rested":0,"item_purchase_floors":[],"current_hp_per_floor":[63,69,69,69,58,24,24,0,0],"gold":169,"neow_bonus":"ONE_RANDOM_RARE_CARD","is_daily":false,"chose_seed":false,"campfire_upgraded":0,"win_rate":0.0,"timestamp":1607923328,"path_taken":["M","?","$","M","?","E","M","E"],"items_purchased_type":[],"build_version":"2020-12-13","purchased_purges":1,"victory":false,"max_hp_per_floor":[65,71,71,71,71,71,71,71,71],"card_choices":[{"not_picked":["BottledTime","Starlight"],"picked":"Rewind","floor":1},{"not_picked":["Revamp","Potential"],"picked":"ShatteredReality","floor":4},{"not_picked":["DoubleEdge","Rearm"],"picked":"Rewind","floor":6},{"not_picked":["Comet","DoubleEdge"],"picked":"Replace","floor":7}],"player_experience":23561,"relics_obtained":[{"floor":6,"key":"Toy Ornithopter"}],"event_choices":[{"damage_healed":0,"gold_gain":0,"player_choice":"Box","damage_taken":0,"relics_obtained":["Darkstone Periapt"],"max_hp_gain":0,"max_hp_loss":0,"event_name":"Big Fish","floor":2,"gold_loss":0,"cards_obtained":["Regret"]},{"damage_healed":0,"gold_gain":75,"player_choice":"Gather Gold","damage_taken":11,"max_hp_gain":0,"max_hp_loss":0,"event_name":"World of Goop","floor":5,"gold_loss":0}],"is_beta":false,"boss_relics":[],"items_purged_floors":[3],"is_endless":false,"potions_floor_spawned":[6],"killed_by":"Gremlin Nob","ascension_level":0}}