{"host":"s4klbi5zf1bej8mm","time":1607944041,"event":{"mods":["2.2 Compatiblity","Act Like it!","BaseMod","Block Reminder","Colored Map","Colored Powertips","DeckTracker","Downfall","Highlight Path","Jorbs\u0027s Wanderer Trilogy","Minty Spire (QoL Compilation)","Permanent Neow","Quick Restart","Random Character Button","Relic Sorter","Relic Stats","Replay The Spire","Shade Mod","Spicy Shops","StSLib","The Blackbeard","The Cursed","The Hierophant","The Necromancer","Unknown Chances"],"gold_per_floor":[117,127,140,150,150,185,196,207,260,53,69,69,82,82,82,177,177,191,13,13,13,30,30,48,48,95,95,105,33,53,63,63,63,63],"floor_reached":33,"playtime":1824,"items_purged":["Regret","Clumsy"],"score":253,"play_id":"982ae0a6-1209-4492-bd0a-3623f1a3ef74","local_time":"20201214050721","is_ascension_mode":false,"campfire_choices":[{"data":"Bone_Armory","floor":12,"key":"SMITH"},{"floor":15,"key":"REST"},{"data":"Summon_Undead_Army","floor":23,"key":"SMITH"},{"data":"Summon_Undead","floor":25,"key":"SMITH"},{"data":"Skeleton_Dragon","floor":27,"key":"SMITH"},{"data":"Summon_Death_Knight","floor":32,"key":"SMITH"}],"circlet_count":0,"master_deck":["Strike_W","Strike_W","Defend_W","Defend_W","Defend_W","Negative_Energy_Arrows+1","Bone_Wall","Bones_to_Steel","Summon_Undead_Army+1","Bone_Armory+1","Finger_Of_Death","Spectral_Walk","Finger_Of_Death","Negative_Energy_Javelin","Summon_Undead+1","Chill_Blood","Skeleton_Dragon+1","Consume_Illness+1","Finger_Of_Death+1","Blood_Wake+1","Bone_Shift+1","Summon_Undead+1","Summon_Undead_Army+1","Stop_Heart+1","Summon_Death_Knight+1","Summon_Lich","Summon_Undead"],"relics":["Vampire_Amulet","Prayer Wheel","Mummified Hand","Anchor","Replay:Wax Seal","Astrolabe","Strange Spoon","Nloth\u0027s Gift","Happy Flower"],"acts_visited":["Exordium","TheCity"],"potions_floor_usage":[4,16,16,22,31,33],"damage_taken":[{"damage":5,"enemies":"Cultist","floor":1,"turns":4},{"damage":0,"enemies":"Small Slimes","floor":2,"turns":3},{"damage":6,"enemies":"Jaw Worm","floor":3,"turns":3},{"damage":14,"enemies":"Exordium Thugs","floor":4,"turns":3},{"damage":32,"enemies":"Gremlin Nob","floor":6,"turns":5},{"damage":4,"enemies":"3 Louse","floor":7,"turns":3},{"damage":9,"enemies":"2 Fungi Beasts","floor":8,"turns":4},{"damage":10,"enemies":"Looter","floor":11,"turns":3},{"damage":9,"enemies":"Gremlin Gang","floor":13,"turns":4},{"damage":23,"enemies":"Fading Forest","floor":16,"turns":11},{"damage":19,"enemies":"Shell Parasite","floor":18,"turns":5},{"damage":38,"enemies":"2 Thieves","floor":22,"turns":4},{"damage":9,"enemies":"Snecko","floor":24,"turns":4},{"damage":10,"enemies":"Shelled Parasite and Fungi","floor":28,"turns":4},{"damage":9,"enemies":"3 Cultists","floor":30,"turns":3},{"damage":7,"enemies":"Centurion and Healer","floor":31,"turns":6},{"damage":36,"enemies":"Pondfish","floor":33,"turns":4}],"seed_played":"7537267357147450942","potions_obtained":[{"floor":2,"key":"ColorlessPotion"},{"floor":6,"key":"Adrenaline Potion"},{"floor":11,"key":"Elixir"},{"floor":13,"key":"PowerPotion"},{"floor":18,"key":"BlessingOfTheForge"},{"floor":30,"key":"Regen Potion"}],"is_trial":false,"path_per_floor":["M","M","M","M","?","E","M","M","T","$","M","R","M","?","R","B",null,"M","$","?","$","M","R","M","R","T","R","M","$","M","M","R","B"],"character_chosen":"NECROMANCER","items_purchased":["Replay:Wax Seal","Summon_Undead","ReplayTheSpireMod:CursedCoin","Summon_Undead_Army","Strange Spoon","Summon_Lich"],"campfire_rested":1,"item_purchase_floors":[10,10,19,19,19,29],"current_hp_per_floor":[72,75,71,61,61,31,33,28,28,28,20,20,19,19,41,73,75,58,58,58,58,33,33,26,26,26,26,20,20,17,35,35,0,0],"gold":63,"neow_bonus":"UPGRADE_CARD","is_daily":false,"chose_seed":false,"campfire_upgraded":5,"win_rate":0.0,"timestamp":1607944041,"path_taken":["M","M","M","?","?","E","M","M","T","$","M","R","M","?","R","BOSS","M","$","?","?","M","R","M","R","T","R","M","$","M","M","R","BOSS"],"items_purchased_type":["Relic","Card","Relic","Card","Relic","Card"],"build_version":"2020-12-13","purchased_purges":2,"victory":false,"max_hp_per_floor":[75,75,75,75,75,75,75,75,75,75,75,75,75,75,75,75,75,75,75,75,75,75,75,75,75,75,75,75,75,75,75,75,75,75],"relic_stats":{"Strange Spoon":[8],"Happy Flower":[5],"counters":[17,73],"Mummified Hand":[31],"Astrolabe":["Consume_Illness","Finger_Of_Death","Blood_Wake"],"Prayer Wheel":10,"Nloth\u0027s Gift":2,"obtain_stats":[{"Strange Spoon":19,"Anchor":9,"Happy Flower":26,"Mummified Hand":6,"ReplayTheSpireMod:CursedCoin":19,"Astrolabe":17,"Prayer Wheel":5,"Vampire_Amulet":0,"Nloth\u0027s Gift":20,"Replay:Wax Seal":10},{"Strange Spoon":11,"Anchor":7,"Happy Flower":13,"Mummified Hand":5,"ReplayTheSpireMod:CursedCoin":11,"Astrolabe":10,"Prayer Wheel":4,"Vampire_Amulet":0,"Nloth\u0027s Gift":11,"Replay:Wax Seal":7},{"Strange Spoon":48,"Anchor":25,"Happy Flower":56,"Mummified Hand":18,"ReplayTheSpireMod:CursedCoin":48,"Astrolabe":43,"Prayer Wheel":13,"Vampire_Amulet":0,"Nloth\u0027s Gift":48,"Replay:Wax Seal":25}]},"card_choices":[{"not_picked":["Consume_Illness","Blood_Shield"],"picked":"Bones_to_Steel","floor":1},{"not_picked":["Epidemic","Negative_Energy_Javelin"],"picked":"Summon_Undead_Army","floor":2},{"not_picked":["Blood_Curse","Bone_Armor"],"picked":"Bone_Armory","floor":3},{"not_picked":["Toxic_Smoke_Screen","Bone_Shift"],"picked":"Finger_Of_Death","floor":4},{"not_picked":["Corrupt","Shackles_Of_Pain","Negative_Energy_Shield"],"picked":"SKIP","floor":6},{"not_picked":["Death_March_Dance","Bone_Armor"],"picked":"Spectral_Walk","floor":7},{"not_picked":["Bone_Spikes","Negative_Energy_Mist"],"picked":"Finger_Of_Death","floor":7},{"not_picked":["Thousand_Bone_Knives","Negative_Energy_Mist"],"picked":"Negative_Energy_Javelin","floor":8},{"not_picked":["Negative_Energy_Shield","Exploit","Siphon_Strength"],"picked":"SKIP","floor":8},{"not_picked":["Strike_from_Beyond","Consume_Illness","Plague_Bolt"],"picked":"SKIP","floor":11},{"not_picked":["Bone_Spikes","Bone_Bullets","Toxic_Smoke_Screen"],"picked":"SKIP","floor":11},{"not_picked":["Bones_to_Steel","Consume_Illness"],"picked":"Chill_Blood","floor":13},{"not_picked":["Bone_Bullets","Chill_Blood","Life_Tap"],"picked":"SKIP","floor":13},{"not_picked":["Cloudkill","Hellfire"],"picked":"Skeleton_Dragon","floor":16},{"not_picked":["Life_Drain","Vampiric_Strike"],"picked":"Bone_Shift+1","floor":18},{"not_picked":["Bone_Bullets+1","Toxic_Smoke_Screen+1"],"picked":"Summon_Undead+1","floor":18},{"not_picked":["Toxic_Smoke_Screen","Blood_Curse"],"picked":"Stop_Heart+1","floor":22},{"not_picked":["Pandemic","Corrupt","Negative_Energy_Shield"],"picked":"SKIP","floor":22},{"not_picked":["Toxic_Smoke_Screen","Shackles_Of_Pain","Blood_Curse"],"picked":"SKIP","floor":24},{"not_picked":["Bone_Spikes+1","Bone_Shift","Negative_Energy_Shield"],"picked":"SKIP","floor":24},{"not_picked":["Siphon_Strength","Strike_from_Beyond"],"picked":"Summon_Death_Knight","floor":28},{"not_picked":["Chill_Blood+1","Negative_Energy_Javelin","Blood_Curse+1"],"picked":"SKIP","floor":28},{"not_picked":["Detonate_Bones","Whirlwind_of_Bones","Blood_for_Blood"],"picked":"SKIP","floor":30},{"not_picked":["Slay_Living","Bone_Spikes+1","Pandemic"],"picked":"SKIP","floor":30},{"not_picked":["Death_Coil","Whirlwind_of_Bones+1"],"picked":"Summon_Undead","floor":31},{"not_picked":["Slay_Living","Toxic_Smoke_Screen","Bone_Shift"],"picked":"SKIP","floor":31}],"player_experience":124392,"relics_obtained":[{"floor":6,"key":"Mummified Hand"},{"floor":9,"key":"Anchor"},{"floor":26,"key":"Happy Flower"}],"event_choices":[{"damage_healed":0,"gold_gain":0,"player_choice":"Box","damage_taken":0,"relics_obtained":["Prayer Wheel"],"max_hp_gain":0,"max_hp_loss":0,"event_name":"Big Fish","floor":5,"gold_loss":0,"cards_obtained":["Regret"]},{"damage_healed":0,"gold_gain":0,"player_choice":"Forge","damage_taken":0,"max_hp_gain":0,"max_hp_loss":0,"event_name":"Accursed Blacksmith","floor":14,"gold_loss":0,"cards_upgraded":["Summon_Undead_Army"]},{"damage_healed":0,"gold_gain":0,"player_choice":"Traded Relic","damage_taken":0,"relics_obtained":["Nloth\u0027s Gift"],"max_hp_gain":0,"max_hp_loss":0,"event_name":"N\u0027loth","floor":20,"relics_lost":["ReplayTheSpireMod:CursedCoin"],"gold_loss":0}],"is_beta":false,"boss_relics":[{"not_picked":["Replay:Ancient Bell","Replay:Drink Me"],"picked":"Astrolabe"}],"items_purged_floors":[10,19],"is_endless":false,"potions_floor_spawned":[2,6,11,13,18,30],"killed_by":"Pondfish","ascension_level":0}}