{"host":"cz3p2o9n3b1gdmkz","time":1607966499,"event":{"mods":["AchievementEnabler","BaseMod","CapriCore","GungeonMod","Hermit","Lobotomy","Minty Spire (QoL Compilation)","Replay The Spire","Shop Mod","StSLib","SuperFastMode","The Cursed","The Dragon Tamer","The Gatherer","The Jungle","The Poker Player","The Runesmith"],"gold_per_floor":[117,117,20,70,120,120,150,259,259,271,271,345,356,374,374,478,478,496,645,645,664,740,740,790,840,840,854,868,932,432,443,443,443,443],"floor_reached":33,"playtime":1161,"items_purged":[],"score":331,"play_id":"3d3fb7b5-6dae-43ee-b921-cc79f1f2e073","local_time":"20201215022139","is_ascension_mode":true,"campfire_choices":[{"data":"DemoMod:RustySidearm","floor":6,"key":"SMITH"},{"floor":11,"key":"REST"},{"data":"hermit:CursedWeapon","floor":23,"key":"SMITH"},{"floor":32,"key":"REST"}],"circlet_count":0,"master_deck":["hermit:Strike_Hermit","hermit:Strike_Hermit","hermit:Strike_Hermit","hermit:Strike_Hermit","hermit:Defend_Hermit","hermit:Defend_Hermit","hermit:Defend_Hermit","hermit:Snapshot","hermit:Covet","Gatherer:Defend_Gatherer","DemoMod:RustySidearm+1","hermit:FlashPowder+1","hermit:GoldenBullet","hermit:CursedWeapon+1","Pain","hermit:Reprieve","hermit:Dive+1","hermit:Vantage"],"relics":["hermit:ClaspedLocket","Torii","SsserpentHead","Tiny Chest","Onion Ring","Replay:WaspNest","DemoMod:DecoyRelic","Lantern","WarpedTongs","Red Mask","Mummified Hand","Ornamental Fan","Simple Rune","DemoMod:OrangeGuonStone"],"acts_visited":["Exordium","TheCity"],"potions_floor_usage":[31,33,33],"damage_taken":[{"damage":1.0,"enemies":"2 Louse","floor":1.0,"turns":3.0},{"damage":36,"enemies":"Lagavulin","floor":7,"turns":5},{"damage":0,"enemies":"Cultist","floor":10,"turns":3},{"damage":0,"enemies":"Jaw Worm","floor":13,"turns":1},{"damage":0,"enemies":"Blue Slaver","floor":14,"turns":2},{"damage":54,"enemies":"Fading Forest","floor":16,"turns":11},{"damage":15,"enemies":"Chosen","floor":18,"turns":4},{"damage":6,"enemies":"3 Byrds","floor":21,"turns":3},{"damage":9,"enemies":"Masked Bandits","floor":22,"turns":4},{"damage":10,"enemies":"Snake Plant","floor":27,"turns":3},{"damage":19,"enemies":"Cultist and Chosen","floor":28,"turns":8},{"damage":2,"enemies":"Shelled Parasite and Fungi","floor":29,"turns":6},{"damage":2,"enemies":"Snake Plant","floor":31,"turns":3},{"damage":71,"enemies":"Automaton","floor":33,"turns":8}],"seed_played":"-8872175106576917712","potions_obtained":[{"floor":18,"key":"DemoMod:LeadSkinPotion"},{"floor":27,"key":"Ancient Potion"},{"floor":28,"key":"Strength Potion"}],"is_trial":false,"path_per_floor":["M","?","$","?","T","R","E","?","T","M","R","T","M","M","R","B",null,"M","?","$","M","?","R","?","T","T","M","M","M","$","M","R","B"],"character_chosen":"HERMIT","items_purchased":["Tiny Chest","Simple Rune","hermit:Vantage","DemoMod:OrangeGuonStone","CultistPotion"],"campfire_rested":2,"item_purchase_floors":[3,30,30,30,30],"current_hp_per_floor":[74,74,74,74,74,74,38,38,38,38,60,60,60,60,60,14,60,48,48,48,46,39,39,39,39,39,32,23,31,31,33,55,0,0],"gold":443,"neow_bonus":"ONE_RARE_RELIC","is_daily":false,"chose_seed":false,"campfire_upgraded":2,"win_rate":0.0,"timestamp":1607966499,"path_taken":["M","?","?","?","?","R","E","?","T","M","R","?","M","M","R","BOSS","M","?","$","M","?","R","?","?","T","M","M","?","?","M","R","BOSS"],"items_purchased_type":["Relic","Relic","Card","Relic","Potion"],"build_version":"2020-12-13","purchased_purges":0,"victory":false,"max_hp_per_floor":[75,75,75,75,75,75,75,75,75,75,75,75,75,75,75,75,75,75,75,75,75,75,75,75,75,75,75,75,75,75,75,75,75,75],"card_choices":[{"not_picked":["hermit:Glare","hermit:Gestalt","hermit:Roulette"],"picked":"SKIP","floor":1.0},{"not_picked":["hermit:ItchyTrigger","hermit:FullyLoaded","hermit:SprayPray"],"picked":"SKIP","floor":7},{"not_picked":["hermit:Coalescence","hermit:HoleUp"],"picked":"hermit:GoldenBullet","floor":10},{"not_picked":["hermit:TakeAim","hermit:SprayPray","hermit:Misfire"],"picked":"SKIP","floor":13},{"not_picked":["hermit:LoneWolf","hermit:FullyLoaded"],"picked":"hermit:CursedWeapon","floor":14},{"not_picked":["hermit:Adapt","hermit:FromBeyond"],"picked":"hermit:Reprieve","floor":16},{"not_picked":["hermit:SprayPray","hermit:Virtue","hermit:Quickdraw"],"picked":"SKIP","floor":18},{"not_picked":["hermit:Headshot","hermit:FlashPowder"],"picked":"hermit:Dive+1","floor":21},{"not_picked":["hermit:GhostlyPresence","hermit:TakeCover+1","hermit:LowProfile"],"picked":"SKIP","floor":27},{"not_picked":["hermit:FullyLoaded","hermit:Misfire","hermit:Determination"],"picked":"SKIP","floor":28},{"not_picked":["hermit:TrackingShot","hermit:BodyArmor","hermit:Malice+1"],"picked":"SKIP","floor":29},{"not_picked":["hermit:SprayPray+1","hermit:Snipe","hermit:Headshot"],"picked":"SKIP","floor":31}],"player_experience":936367,"relics_obtained":[{"floor":5,"key":"Onion Ring"},{"floor":7,"key":"Replay:WaspNest"},{"floor":9,"key":"DemoMod:DecoyRelic"},{"floor":12,"key":"Lantern"},{"floor":22,"key":"Red Mask"},{"floor":25,"key":"Mummified Hand"},{"floor":26,"key":"Ornamental Fan"}],"event_choices":[{"damage_healed":0.0,"max_hp_gain":0.0,"max_hp_loss":0.0,"gold_gain":0.0,"event_name":"FaceTrader","player_choice":"Trade","floor":2.0,"gold_loss":0.0,"damage_taken":0.0,"relics_obtained":["SsserpentHead"]},{"damage_healed":0,"gold_gain":59,"player_choice":"Gained Gold","damage_taken":0,"max_hp_gain":0,"max_hp_loss":0,"event_name":"Golden Wing","floor":8,"gold_loss":0},{"damage_healed":0,"gold_gain":0,"player_choice":"Rummage","damage_taken":0,"relics_obtained":["WarpedTongs"],"max_hp_gain":0,"max_hp_loss":0,"event_name":"Accursed Blacksmith","floor":15,"gold_loss":0,"cards_obtained":["Pain"]},{"damage_healed":0,"gold_gain":99,"player_choice":"Stole From Cult","damage_taken":0,"max_hp_gain":0,"max_hp_loss":0,"event_name":"Nest","floor":19,"gold_loss":0},{"damage_healed":0,"gold_gain":0,"player_choice":"Fought Bandits","damage_taken":0,"max_hp_gain":0,"max_hp_loss":0,"event_name":"Masked Bandits","floor":22,"gold_loss":0}],"is_beta":false,"boss_relics":[{"not_picked":["ChewingGum","Pandora\u0027s Box"],"picked":"hermit:ClaspedLocket"}],"items_purged_floors":[],"is_endless":false,"potions_floor_spawned":[18,27,28],"killed_by":"Automaton","ascension_level":5}}