{"host":"7ko3s6728yg0qkkn","time":1607928801,"event":{"mods":["2.2 Compatiblity","AchievementEnabler","Act Like it!","Aspiration","BaseMod","Better Altar","Better Match","Better Note","Better Sensory Stone","Better Skull","Better Third Choice","Conspire","Downfall","Fiend Mod","GifTheSpireLib","Hallownest","Hermit","Hubris","Infinite Spire","Marked Mod","Mimic Mod","Minty Spire (QoL Compilation)","Quick Restart","Random Character Button","Replay The Spire","Retaliation","SacredBarkPlus","Spicy Shops","Spikes Relics","StSLib","Stuff the Spire","The Bug Knight","The Construct","The Cursed","The Disciple","The Factory","The Forsaken","The IronCluck","The Jungle","The Runesmith","Trackpad","Wandering Minibosses","vexMod"],"gold_per_floor":[99,131,131,56,56,56,95,114,148,148,148,168,182,182,193,297,297,297,315,334,369,369,369,380,380,380,305,45,45,45,55,73,91,104,205,205,205,44,144,144,156,171,198,224,324,249,264,264,264,264,275,376,376,376,301,321,321,334,334,360,360,285,299,296,296,331,334,343,417,417,417,417,396,396,387,337,337],"floor_reached":76,"playtime":4328,"items_purged":[],"score":1387,"play_id":"3b89423d-93cf-4e5d-b833-d3a5ae728214","local_time":"20201214065321","is_ascension_mode":false,"campfire_choices":[{"floor":1,"key":"RECALL"},{"data":"Guardian:PrismaticBeam","floor":4,"key":"SMITH"},{"data":"ReplayTheSpireMod:??????????????????????","floor":29,"key":"SMITH"},{"data":"Guardian:ExploitGems","floor":37,"key":"SMITH"},{"floor":40,"key":"REST"},{"data":"infinitespire:UltimateForm","floor":46,"key":"SMITH"},{"data":"ReplayTheSpireMod:Book of Names","floor":54,"key":"SMITH"},{"floor":57,"key":"REST"},{"floor":59,"key":"REST"},{"data":"Pot Of Greed","floor":61,"key":"SMITH"}],"circlet_count":0,"master_deck":["Guardian:Strike_Guardian","Guardian:Strike_Guardian","Guardian:Strike_Guardian","Guardian:Strike_Guardian","Guardian:Defend_Guardian","Guardian:Defend_Guardian","Guardian:Defend_Guardian","Guardian:Defend_Guardian","Guardian:CurlUp","Pot Of Greed+1","Guardian:PrismaticBeam+1","Pot Of Greed","Guardian:BronzeArmor","Survivor","Neutralize","Guardian:VentSteam","Guardian:DonusPower","Apotheosis+1","Guardian:PiercingHide","Guardian:MultiBeam+1","Guardian:Suspension","Pot Of Greed","Guardian:FastForward","CloudedMind","hermit:Covet","expansioncontent:DarkVoid+1","ReplayTheSpireMod:??????????????????????+1","Guardian:DecasProtection","Guardian:Harden+1","Pot Of Greed","Guardian:CrystalBeam","Guardian:PrimingBeam","Writhe","StuffTheSpire:Vigor+1","Guardian:ShieldCharger","Guardian:BronzeOrb+1","Guardian:Suspension","Guardian:ExploitGems+1","Guardian:FloatingOrbs","infinitespire:UltimateForm+1","Pot Of Greed","Guardian:TemporalStrike+1","Guardian:Gem_Purple","ReplayTheSpireMod:Book of Names+1","Guardian:ArmoredProtocol","Guardian:FastForward","Guardian:Emergency","Hallownest:skillGreenpathMap","Guardian:Harden","Guardian:RevengeProtocol","theForsaken:PlagueCurse","StuffTheSpire:Vigor","Pot Of Greed","Replay:SS_hec_2+1","Impatience+1","Replay:SS_hec_1+1"],"relics":["Guardian:ModeShifter","downfall:HeartsMalice","Grinning Jar","downfall:HeartBlessingRed","Guardian:PickAxe","trackpad:PetRock","ReplayTheSpireMod:SealedPack","Anchor","Iron Hammer","downfall:HeartBlessingGreen","StuffTheSpire:Saxophone","Pocketwatch","vexMod:ImprovementManual","infinitespire:Lucky Rock","HollowMod:QueensCombRelic","PreservedInsect","downfall:HeartBlessingBlue","MealTicket","aspiration:RitualDagger","StuffTheSpire:Tea","conspire:RoyalGoblet","conspire:DeflatedDodgeball","theForsaken:Lifeblossom","Runesmith:AutoHammer","Art of War","StuffTheSpire:EmeraldSignet","hubris:CrackedHourglass","theForsaken:PlagueMask"],"acts_visited":["Exordium","TheCity","TheBeyond","TheBeyond","Hallownest:Greenpath"],"potions_floor_usage":[9,16,16,19,21,21,28,35,35,38,44,52,52,76,76],"damage_taken":[{"damage":0,"enemies":"Gremlin Nob","floor":2,"turns":1},{"damage":0,"enemies":"Cultist","floor":3,"turns":1},{"damage":0,"enemies":"conspire:RoseBush","floor":5,"turns":1},{"damage":0,"enemies":"2 Louse","floor":7,"turns":7},{"damage":0,"enemies":"2 Louse","floor":8,"turns":2},{"damage":25,"enemies":"3 Sentries","floor":9,"turns":9},{"damage":0,"enemies":"Large Slime","floor":12,"turns":4},{"damage":0,"enemies":"Blue Slaver","floor":13,"turns":3},{"damage":0,"enemies":"Red Slaver","floor":15,"turns":3},{"damage":15,"enemies":"downfall:Defect","floor":16,"turns":6},{"damage":6,"enemies":"conspire:FuzzyDice","floor":19,"turns":4},{"damage":0,"enemies":"3 Byrds","floor":20,"turns":3},{"damage":4,"enemies":"conspire:SneckoGhost","floor":21,"turns":4},{"damage":4,"enemies":"Centurion and Healer","floor":24,"turns":6},{"damage":0,"enemies":"downfall:FleeingMerchant","floor":28,"turns":4},{"damage":0,"enemies":"Sentry and Sphere","floor":31,"turns":3},{"damage":0,"enemies":"conspire:HollyBat","floor":32,"turns":6},{"damage":0,"enemies":"3 Cultists","floor":33,"turns":3},{"damage":15,"enemies":"Snake Plant","floor":34,"turns":3},{"damage":1,"enemies":"downfall:Ironclad","floor":35,"turns":5},{"damage":0,"enemies":"downfall:FleeingMerchant","floor":38,"turns":4},{"damage":8,"enemies":"infinitespire:Three Voidlings","floor":39,"turns":5},{"damage":56,"enemies":"Nightmare_Alpha","floor":39,"turns":7},{"damage":5,"enemies":"3 Darklings","floor":41,"turns":6},{"damage":0,"enemies":"Orb Walker","floor":42,"turns":3},{"damage":0,"enemies":"Nemesis","floor":44,"turns":7},{"damage":0,"enemies":"Spire Growth","floor":47,"turns":5},{"damage":18,"enemies":"Maw","floor":51,"turns":6},{"damage":17,"enemies":"downfall:Silent","floor":52,"turns":8},{"damage":6,"enemies":"Hallownest:eliteMossKnight","floor":56,"turns":2},{"damage":6,"enemies":"Hallownest:monsterHuskWarrior","floor":58,"turns":2},{"damage":6,"enemies":"Hallownest:eliteVengeflyKing","floor":63,"turns":2},{"damage":6,"enemies":"Hallownest:2_MossCreeps","floor":64,"turns":3},{"damage":6,"enemies":"Hallownest:monsterHuskGuard","floor":67,"turns":2},{"damage":6,"enemies":"Hallownest:Wandering_and_Horned","floor":68,"turns":2},{"damage":15,"enemies":"Hallownest:BossBrokenVessel","floor":69,"turns":5},{"damage":22,"enemies":"Hallownest:Guard_and_Sentry","floor":73,"turns":5},{"damage":6,"enemies":"Hallownest:2_Mistakes","floor":75,"turns":5},{"damage":58,"enemies":"Hallownest:eliteWatcherKnight","floor":76,"turns":9}],"seed_played":"-2120205843637489080","potions_obtained":[{"floor":8,"key":"Milkshake"},{"floor":9,"key":"Guardian:BlockOnCardUsePotion"},{"floor":12,"key":"LiquidBronze"},{"floor":15,"key":"Swift Potion"},{"floor":16,"key":"Block Potion"},{"floor":19,"key":"SkillPotion"},{"floor":24,"key":"Languid Potion"},{"floor":31,"key":"BlessingOfTheForge"},{"floor":34,"key":"DistilledChaos"},{"floor":35,"key":"Reflective Coating"},{"floor":41,"key":"Milkshake"},{"floor":42,"key":"SpeedPotion"},{"floor":47,"key":"Venom Potion"},{"floor":52,"key":"Guardian:DefensiveModePotion"},{"floor":58,"key":"Strength Potion"},{"floor":63,"key":"construct:ShiftPotion"},{"floor":69,"key":"LiquidBronze"}],"is_trial":false,"path_per_floor":["R","E","M","R","M","?","MIM","M","E","R","?","M","M","?","M","B",null,"R","M","M","E","PTL","PTL","M","?","T","R","$","R","?","M","M","M","M","B",null,"R","$","?","R","M","M","T","E","?","R","M","AVR","?","?","M","B",null,"R","?","E","R","M","R","T","R","?","E","M","?","?","M","M","B",null,"R","?","M","?","M","E"],"character_chosen":"GUARDIAN","items_purchased":["StuffTheSpire:Saxophone","Guardian:CrystalBeam","Guardian:PrimingBeam","infinitespire:Lucky Rock"],"campfire_rested":3,"item_purchase_floors":[28,28,28,38],"current_hp_per_floor":[80,80,80,80,80,80,80,80,55,55,55,55,55,59,59,44,80,80,74,74,70,70,70,66,66,66,66,66,66,66,66,66,66,51,50,80,80,80,23,38,41,52,52,52,52,62,62,62,62,62,44,31,62,62,62,56,62,56,62,62,62,62,59,61,43,43,44,47,42,62,62,62,46,46,50,0,0],"gold":337,"neow_bonus":"THREE_ENEMY_KILL","is_daily":false,"chose_seed":false,"campfire_upgraded":6,"win_rate":0.0,"timestamp":1607928801,"path_taken":["R","E","?","R","M","?","MIM","M","E","R","?","M","M","?","M","BOSS","R","M","M","E","PTL","PTL","M","?","T","R","$","R","?","M","?","M","M","BOSS","R","?","?","R","M","M","T","E","?","R","?","AVR","?","?","M","BOSS","R","?","E","R","M","R","T","R","?","E","M","?","?","M","M","BOSS","R","?","M","?","M","E"],"items_purchased_type":["Relic","Card","Card","Relic"],"build_version":"2020-12-13","purchased_purges":0,"victory":false,"max_hp_per_floor":[80,80,80,80,80,80,80,80,80,80,80,80,80,80,80,80,80,80,80,80,80,80,80,80,80,80,80,80,80,80,80,80,80,80,80,80,80,80,52,52,52,52,52,52,52,62,62,62,62,62,62,62,62,62,62,62,62,62,62,62,62,62,62,62,62,62,62,62,62,62,62,62,62,62,62,62,62],"card_choices":[{"not_picked":["Guardian:AncientConstruct","Guardian:GuardianWhirl"],"picked":"Guardian:PrismaticBeam","floor":2},{"not_picked":["Guardian:Suspension","Guardian:Repulse"],"picked":"Guardian:Gem_Cyan","floor":3},{"not_picked":["Guardian:WalkerClaw","Guardian:Clone"],"picked":"Guardian:BronzeArmor","floor":5},{"not_picked":["Guardian:Gem_Cyan","Guardian:Recover"],"picked":"Guardian:VentSteam","floor":7},{"not_picked":["Guardian:VentSteam","Guardian:BronzeArmor"],"picked":"Guardian:DonusPower","floor":8},{"not_picked":["Guardian:SpikerProtocol","Guardian:RollAttack"],"picked":"Guardian:Gem_Synthetic","floor":9},{"not_picked":["ReplayTheSpireMod:Necrogeddon","StuffTheSpire:Recharge"],"picked":"Apotheosis","floor":11},{"not_picked":["Guardian:TimeCapacitor","Guardian:RollAttack"],"picked":"Guardian:PiercingHide","floor":12},{"not_picked":["Guardian:PrimingBeam","Guardian:Suspension"],"picked":"Guardian:MultiBeam","floor":13},{"not_picked":["Guardian:Gem_Cyan","Guardian:RefractedBeam"],"picked":"Guardian:Suspension","floor":15},{"not_picked":["Guardian:HyperBeam_Guardian","Guardian:BaubleBeam"],"picked":"Guardian:FastForward","floor":16},{"not_picked":["TheCursedMod:CursedWand","Neutralize"],"picked":"hermit:Covet","floor":17},{"not_picked":["Guardian:StasisStrike","Guardian:SphericShield"],"picked":"Guardian:Gem_Synthetic","floor":17},{"not_picked":["Replay:Parry","StuffTheSpire:FreeRealEstate"],"picked":"expansioncontent:DarkVoid","floor":17},{"not_picked":["ReplayTheSpireMod:Echoes of Time","infinitespire:DeathsTouch"],"picked":"ReplayTheSpireMod:??????????????????????","floor":17},{"not_picked":["Guardian:ArmoredProtocol","Guardian:ChargeCore"],"picked":"Guardian:Gem_Lightblue","floor":19},{"not_picked":["Guardian:CrystalBeam","Guardian:ExploitGems"],"picked":"Guardian:Gem_Green","floor":20},{"not_picked":["Guardian:GuardianWhirl","Guardian:Incinerate+1"],"picked":"Guardian:DecasProtection","floor":21},{"not_picked":["Guardian:ShieldSpikes+1","Guardian:Gem_Lightblue"],"picked":"Guardian:Harden+1","floor":24},{"not_picked":["Guardian:PrimingBeam","Guardian:PiercingHide","Guardian:Gem_Cyan"],"picked":"SKIP","floor":28},{"not_picked":["Guardian:TemporalShield","Guardian:PiercingHide"],"picked":"Guardian:ShieldCharger","floor":31},{"not_picked":["Guardian:Incinerate+1","Guardian:WalkerClaw"],"picked":"Guardian:BronzeOrb","floor":32},{"not_picked":["Guardian:PrismaticBeam","Guardian:Incinerate"],"picked":"Guardian:Suspension","floor":33},{"not_picked":["Guardian:Gem_Cyan","Guardian:Suspension","Guardian:AncientConstruct"],"picked":"SKIP","floor":34},{"not_picked":["Guardian:Gem_Synthetic","Guardian:HyperBeam_Guardian"],"picked":"Guardian:ExploitGems","floor":35},{"not_picked":["Guardian:Suspension+1","Guardian:Planning+1"],"picked":"Guardian:FloatingOrbs","floor":38},{"not_picked":["infinitespire:Oblivion","infinitespire:Gouge"],"picked":"infinitespire:UltimateForm","floor":39},{"not_picked":["Guardian:Gem_Fragmented","Guardian:PrimingBeam"],"picked":"Guardian:Gem_Red","floor":39},{"not_picked":["Guardian:Incinerate","Guardian:TemporalShield+1","Guardian:ConstructionForm"],"picked":"SKIP","floor":41},{"not_picked":["Guardian:PrimingBeam+1","Guardian:RollAttack+1","Guardian:Harden"],"picked":"SKIP","floor":42},{"not_picked":["Guardian:EvasiveProtocol","Guardian:Gem_Lightblue"],"picked":"Guardian:TemporalStrike+1","floor":44},{"not_picked":["Guardian:ChargeUp","Guardian:ChargeCore"],"picked":"Guardian:Gem_Purple","floor":47},{"not_picked":["Guardian:Gem_Lightblue","Guardian:GuardianWhirl","Guardian:Incinerate+1"],"picked":"SKIP","floor":51},{"not_picked":["Guardian:BaubleBeam","Guardian:SphericShield"],"picked":"Guardian:FastForward","floor":52},{"not_picked":["Guardian:WalkerClaw","Guardian:TemporalShield","Guardian:Suspension"],"picked":"SKIP","floor":56},{"not_picked":["Guardian:Gem_Purple","Guardian:Gem_Green"],"picked":"Guardian:Emergency","floor":58},{"not_picked":["Guardian:TemporalShield","Guardian:PrismaticBeam","Guardian:PrimingBeam"],"picked":"SKIP","floor":63},{"not_picked":["Guardian:PiercingHide","Guardian:ShieldCharger","Guardian:Gem_Red"],"picked":"SKIP","floor":64},{"not_picked":["Guardian:Gem_Purple","Guardian:Gem_Lightblue"],"picked":"Guardian:Harden","floor":67},{"not_picked":["Guardian:Suspension","Guardian:Gem_Lightblue","Guardian:ShieldCharger"],"picked":"SKIP","floor":68},{"not_picked":["Guardian:FastForward","Guardian:AncientConstruct"],"picked":"Guardian:RevengeProtocol","floor":69},{"not_picked":["Guardian:Incinerate+1","Guardian:Gem_Red","Guardian:ShieldSpikes"],"picked":"SKIP","floor":73},{"not_picked":["expansioncontent:LastStand+1","expansioncontent:Collect+1"],"picked":"Replay:SS_hec_2+1","floor":74},{"not_picked":["hubris:Ssssneak+1","Jack Of All Trades+1"],"picked":"Impatience+1","floor":74},{"not_picked":["Replay:SS_forest_2+1","Bandage Up+1"],"picked":"Replay:SS_hec_1+1","floor":74},{"not_picked":["Guardian:PiercingHide","Guardian:ShieldCharger","Guardian:PrimingBeam"],"picked":"SKIP","floor":75}],"player_experience":601384,"relics_obtained":[{"floor":2,"key":"Grinning Jar"},{"floor":7,"key":"Guardian:PickAxe"},{"floor":9,"key":"trackpad:PetRock"},{"floor":21,"key":"Anchor"},{"floor":26,"key":"Iron Hammer"},{"floor":39,"key":"HollowMod:QueensCombRelic"},{"floor":44,"key":"PreservedInsect"},{"floor":56,"key":"conspire:DeflatedDodgeball"},{"floor":60,"key":"theForsaken:Lifeblossom"},{"floor":63,"key":"Runesmith:AutoHammer"}],"event_choices":[{"damage_healed":0,"gold_gain":1,"player_choice":"1","damage_taken":0,"max_hp_gain":0,"max_hp_loss":0,"event_name":"betterStone:BetterStone","floor":11,"gold_loss":0},{"damage_healed":4,"gold_gain":0,"player_choice":"LEAVE ","damage_taken":0,"relics_obtained":[],"max_hp_gain":0,"max_hp_loss":0,"event_name":"betterSkull:BetterSkull","floor":14,"gold_loss":0,"cards_upgraded":[]},{"damage_healed":0,"gold_gain":0,"player_choice":"Ignored","damage_taken":0,"max_hp_gain":0,"max_hp_loss":0,"event_name":"betterNote:BetterNote","floor":25,"gold_loss":0,"cards_obtained":["HollowMod:FocusHealStart"]},{"damage_healed":0,"gold_gain":0,"player_choice":"3","damage_taken":0,"max_hp_gain":0,"max_hp_loss":0,"event_name":"betterMatch:BetterMatch","floor":55,"gold_loss":0,"cards_obtained":[]},{"damage_healed":0,"gold_gain":0,"player_choice":"Obtain Plague Curse","damage_taken":0,"max_hp_gain":0,"max_hp_loss":0,"event_name":"Plague Doctor","floor":72,"gold_loss":0,"cards_obtained":["theForsaken:PlagueCurse"]},{"damage_healed":0,"gold_gain":0,"player_choice":"3","damage_taken":0,"max_hp_gain":0,"max_hp_loss":0,"event_name":"betterMatch:BetterMatch","floor":74,"gold_loss":0,"cards_obtained":["betterMatch:ColorlessUncommonCard"]}],"is_beta":false,"boss_relics":[{"not_picked":["Runic Pyramid","Abe\u0027s Treasure"],"picked":"ReplayTheSpireMod:SealedPack"},{"not_picked":["vexMod:CursedCompass","vexMod:BigBerry"],"picked":"vexMod:ImprovementManual"},{"not_picked":["Guardian:StasisSlotReductionRelic","Guardian:ModeShifterPlus"],"picked":"conspire:RoyalGoblet"},{"not_picked":["infinitespire:Cupcake","Philosopher\u0027s Stone"],"picked":"hubris:CrackedHourglass"}],"items_purged_floors":[],"is_endless":true,"potions_floor_spawned":[8,9,12,15,16,19,24,31,34,35,39,41,42,47,52,58,63,69,75],"killed_by":"Hallownest:eliteWatcherKnight","ascension_level":0}}