{"host":"5s7sm4h73jkd9266","time":1607953000,"event":{"mods":["AchievementEnabler","Bartender","BaseMod","Better Match","Better Vampires","BetterRewards","Colored Map","Colored Powertips","Conspire","Downfall","Energized Spire","GifTheSpireLib","Hermit","Hubris","Magitek Elite","Marisa????????","Melee Mod","Minty Spire (QoL Compilation)","Potion Indicator Mod","Rare Cards Sparkle","Relic Stats","Replay The Spire","Robot Space Explorer","Shade Mod","Shop Mod","StSLib","Stuff the Spire","The Bladedancer","The Blue Laboratory","The Cursed","The Disciple","The Dragon Tamer","The Forsaken","The Necromancer","The Servant 0.9.4","The Wild Card","The Witch","Virulent Crown","everything is the same but u backflip on backflip","slay the spire mod where everything is the same but ironclad has a cowboy hat","vexMod"],"gold_per_floor":[144,189,39,39,39,129,129,174,199,26,91,156,156,221,221,546,546,591,636,721,791,1,1,1,1,1,66,111,221,221,266,266,266,266],"floor_reached":33,"playtime":2225,"items_purged":[],"score":346,"play_id":"b4c8da67-381b-4add-bead-1c6f4b81feb0","local_time":"20201214083640","daily_mods":["Cursed Run","Uncertain Future","Midas"],"is_ascension_mode":false,"campfire_choices":[{"floor":7,"key":"REST"},{"floor":13,"key":"REST"},{"floor":15,"key":"REST"},{"floor":23,"key":"REST"},{"floor":25,"key":"REST"},{"floor":32,"key":"REST"}],"circlet_count":0,"master_deck":["Strike_B+1","Strike_B+1","Strike_B+1","Strike_B+1","Defend_B+1","Defend_B+1","Defend_B+1","Defend_B+1","Zap","Dualcast","Ball Lightning","Pain","Core Surge","Hologram","Hallucinations","HandOfGreed","StuffTheSpire:ShieldGenerator","Hello World","White Noise","Forgetful","hubris:DoWhile","Coolheaded","Steam Power","Hologram+1","Barrage","Steam","hubris:PowerSurge","Master of Strategy","Dramatic Entrance","ReplayTheSpireMod:IOU","Pot Of Greed","Pot Of Greed","Pot Of Greed","Turbo","Coolheaded+1","Tempest","Cold Snap"],"relics":["Cursed Key","Darkstone Periapt","Du-Vu Doll","hubris:EmptyBottle","WarpedTongs","Oddly Smooth Stone","Black Star","StrikeDummy","StuffTheSpire:HeavyRock","Grinning Jar","Replay:Antivirus Software","Carrot"],"acts_visited":["Exordium","TheCity"],"potions_floor_usage":[6,16,18,18,18,19,19,20,29,29,33,33],"damage_taken":[{"damage":1,"enemies":"Cultist","floor":1,"turns":4},{"damage":0,"enemies":"conspire:RoseBush","floor":2,"turns":3},{"damage":11,"enemies":"Gremlin Nob","floor":6,"turns":3},{"damage":6,"enemies":"Small Slimes","floor":8,"turns":3},{"damage":0,"enemies":"3 Louse","floor":11,"turns":2},{"damage":5,"enemies":"Gremlin Gang","floor":12,"turns":3},{"damage":4,"enemies":"conspire:2 RoseBushes","floor":14,"turns":5},{"damage":43,"enemies":"The Guardian","floor":16,"turns":8},{"damage":9,"enemies":"3 Byrds","floor":18,"turns":6},{"damage":2,"enemies":"Spheric Guardian","floor":19,"turns":4},{"damage":23,"enemies":"Shelled Parasite and Fungi","floor":20,"turns":7},{"damage":30,"enemies":"conspire:HollyBat","floor":21,"turns":7},{"damage":33,"enemies":"3 Cultists","floor":27,"turns":5},{"damage":0,"enemies":"Centurion and Healer","floor":28,"turns":1},{"damage":41,"enemies":"Gremlin Leader","floor":29,"turns":5},{"damage":11,"enemies":"Snake Plant","floor":31,"turns":3},{"damage":48,"enemies":"hubris:MusketHawk","floor":33,"turns":6}],"seed_played":"1880613833527945180","potions_obtained":[{"floor":2,"key":"blueLaboratory:BubblePotion"},{"floor":6,"key":"BlessingOfTheForge"},{"floor":12,"key":"blueLaboratory:AbyssPotion"},{"floor":16,"key":"LifebloodPotion"},{"floor":18,"key":"Adrenaline Potion"},{"floor":27,"key":"Fire Potion"},{"floor":29,"key":"blueLaboratory:BottleOfRum"},{"floor":31,"key":"SpeedPotion"}],"is_trial":false,"path_per_floor":["M","M","$","?","?","E","R","M","T","$","M","M","R","M","R","B",null,"M","M","M","M","$","R","?","R","T","M","M","E","?","M","R","B"],"character_chosen":"DEFECT","items_purchased":["hubris:EmptyBottle","HandOfGreed","StrikeDummy","Steam","hubris:PowerSurge","StuffTheSpire:HeavyRock","Master of Strategy","Dramatic Entrance"],"campfire_rested":6,"item_purchase_floors":[3,10,22,22,22,22,22,22],"current_hp_per_floor":[74,74,74,74,80,69,81,75,81,81,81,76,87,83,87,50,93,84,82,59,29,29,56,56,83,89,56,56,15,15,4,33,0,0],"gold":266,"neow_bonus":"","is_daily":true,"chose_seed":false,"campfire_upgraded":0,"win_rate":0.0,"timestamp":1607953000,"path_taken":["M","M","?","?","?","E","R","M","T","$","M","M","R","M","R","BOSS","M","M","?","M","$","R","?","R","T","M","M","E","?","M","R","BOSS"],"items_purchased_type":["Relic","Card","Relic","Card","Card","Relic","Card","Card"],"build_version":"2020-12-13","purchased_purges":0,"victory":false,"max_hp_per_floor":[75,75,75,75,81,81,81,81,87,87,87,87,87,87,87,93,93,93,93,93,93,93,93,93,93,99,99,99,99,99,99,99,99,99],"relic_stats":{"Darkstone Periapt":24,"counters":[17,75],"Black Star":1,"Cursed Key":2,"obtain_stats":[{"Darkstone Periapt":0,"Du-Vu Doll":0,"Carrot":29,"StuffTheSpire:HeavyRock":22,"Oddly Smooth Stone":6,"Black Star":17,"hubris:EmptyBottle":3,"Grinning Jar":26,"Replay:Antivirus Software":29,"Cursed Key":0,"StrikeDummy":22,"WarpedTongs":5},{"Darkstone Periapt":0,"Du-Vu Doll":0,"Carrot":15,"StuffTheSpire:HeavyRock":12,"Oddly Smooth Stone":3,"Black Star":8,"hubris:EmptyBottle":2,"Grinning Jar":12,"Replay:Antivirus Software":15,"Cursed Key":0,"StrikeDummy":12,"WarpedTongs":2},{"Darkstone Periapt":0,"Du-Vu Doll":0,"Carrot":66,"StuffTheSpire:HeavyRock":55,"Oddly Smooth Stone":10,"Black Star":31,"hubris:EmptyBottle":7,"Grinning Jar":55,"Replay:Antivirus Software":66,"Cursed Key":0,"StrikeDummy":55,"WarpedTongs":7}],"WarpedTongs":[68]},"card_choices":[{"not_picked":["Stack","Compile Driver"],"picked":"Ball Lightning","floor":1},{"not_picked":["StuffTheSpire:LoadUp","StuffTheSpire:Rend","Skim"],"picked":"SKIP","floor":2},{"not_picked":["ReplayTheSpireMod:Repulse","StuffTheSpire:SnapShoot"],"picked":"Core Surge","floor":6},{"not_picked":["Panic Button","StuffTheSpire:Plugnplay"],"picked":"Hologram","floor":8},{"not_picked":["Panic Button","Cold Snap"],"picked":"StuffTheSpire:ShieldGenerator","floor":11},{"not_picked":["StuffTheSpire:LoadUp","Steam Power"],"picked":"Hello World","floor":12},{"not_picked":["Streamline","Cold Snap"],"picked":"White Noise","floor":14},{"not_picked":["hubris:SpecializedCircuitry","hubris:Prefetch"],"picked":"hubris:DoWhile","floor":16},{"not_picked":["Beam Cell","Redo"],"picked":"Coolheaded","floor":18},{"not_picked":["StuffTheSpire:NuclearReactor","ReplayTheSpireMod:GoodbyeWorld"],"picked":"Steam Power","floor":19},{"not_picked":["StuffTheSpire:LoadUp","Sweeping Beam"],"picked":"Hologram+1","floor":20},{"not_picked":["Hologram","StuffTheSpire:NuclearReactor+1"],"picked":"Barrage","floor":21},{"not_picked":["StuffTheSpire:CleanHardDrive+1","ReplayTheSpireMod:GoodbyeWorld"],"picked":"Turbo","floor":27},{"not_picked":["Recycle+1","Ball Lightning"],"picked":"Coolheaded+1","floor":28},{"not_picked":["Go for the Eyes","Fission"],"picked":"Tempest","floor":29},{"not_picked":["Compile Driver","Scrape+1"],"picked":"Cold Snap","floor":31}],"player_experience":5297069,"relics_obtained":[{"floor":6,"key":"Oddly Smooth Stone"},{"floor":26,"key":"Grinning Jar"},{"floor":29,"key":"Replay:Antivirus Software"},{"floor":29,"key":"Carrot"}],"event_choices":[{"damage_healed":0,"gold_gain":0,"player_choice":"Disagree","damage_taken":0,"max_hp_gain":0,"max_hp_loss":0,"event_name":"conspire:LoneGhost","floor":4,"gold_loss":0},{"damage_healed":0,"gold_gain":0,"player_choice":"Rummage","damage_taken":0,"relics_obtained":["WarpedTongs"],"max_hp_gain":0,"max_hp_loss":0,"event_name":"Accursed Blacksmith","floor":5,"gold_loss":0,"cards_obtained":["Pain"]},{"damage_healed":0,"gold_gain":0,"player_choice":"Simplicity","damage_taken":0,"max_hp_gain":0,"max_hp_loss":0,"event_name":"Back to Basics","floor":30,"gold_loss":0,"cards_upgraded":["Strike_B","Strike_B","Strike_B","Strike_B","Defend_B","Defend_B","Defend_B","Defend_B"]}],"is_beta":false,"boss_relics":[{"not_picked":["Sozu","conspire:SpecialSausage"],"picked":"Black Star"}],"items_purged_floors":[],"is_endless":false,"potions_floor_spawned":[2,6,12,16,18,27,29,31],"killed_by":"hubris:MusketHawk","ascension_level":0}}