{"host":"litgxtbgyxrryuwc","time":1607946505,"event":{"mods":["BaseMod","Card Forge","Colored Map","Downfall","Googly Eyes","Minty Spire (QoL Compilation)","StSLib","SuperFastMode"],"gold_per_floor":[99,129,129,275,302,312,385,413,413,440,540,426,438,458,470,568,568,493,528,546,562,587,587,611,641,657,689,689,702,717,727,741,844,844,844,862,877,912,927,961,1029,1060,1060,1091,1141,1156,1168,1187,1204,1204],"floor_reached":51,"playtime":1327,"items_purged":[],"score":1496,"play_id":"2b9ba622-340c-4544-9482-56c6b6c67521","local_time":"20201214064825","is_ascension_mode":true,"campfire_choices":[{"data":"1","floor":1,"key":"LIFT"},{"data":"2","floor":9,"key":"LIFT"},{"data":"3","floor":18,"key":"LIFT"},{"data":"Guardian:RefractedBeam+2","floor":23,"key":"SMITH"},{"data":"Guardian:RefractedBeam+3","floor":35,"key":"SMITH"}],"circlet_count":0,"master_deck":["Guardian:BaubleBeam+1","Guardian:CrystalBeam+1","Guardian:ExploitGems+1","Guardian:MultiBeam+1","Guardian:PrismaticBeam+1","Guardian:PrismaticBarrier+1","Guardian:PrimingBeam+1","Guardian:Repulse","Guardian:RefractedBeam+4","Guardian:PrismaticBarrier+1","Guardian:PrismaticBeam+1","Guardian:ExploitGems+1"],"relics":["Guardian:ModeShifter","Hammer of Thor","Seething Fire","Anvil of the Gods","Girya","Akabeko","Bronze Scales","Omamori","Unceasing Top","Darkstone Periapt","Lantern","The Courier","downfall:GremlinWheel","Chemical X","Sozu","downfall:HeartBlessingGreen","Turnip","Regal Pillow","Orichalcum","Question Card","Blood Vial","Black Star","Happy Flower","Anchor","Juzu Bracelet","Strawberry","Frozen Egg 2","Meat on the Bone","Guardian:PickAxe","Pocketwatch","Vajra","StoneCalendar"],"acts_visited":["Exordium","TheCity","TheBeyond"],"potions_floor_usage":[],"damage_taken":[{"damage":7,"enemies":"3 Sentries","floor":2,"turns":2},{"damage":0,"enemies":"downfall:FleeingMerchant","floor":4,"turns":4},{"damage":0,"enemies":"Lagavulin","floor":5,"turns":2},{"damage":0,"enemies":"Jaw Worm","floor":6,"turns":1},{"damage":0,"enemies":"3 Sentries","floor":8,"turns":2},{"damage":0,"enemies":"Lagavulin","floor":10,"turns":1},{"damage":0,"enemies":"Lagavulin","floor":11,"turns":1},{"damage":0,"enemies":"Cultist","floor":13,"turns":1},{"damage":0,"enemies":"2 Louse","floor":14,"turns":1},{"damage":0,"enemies":"Lots of Slimes","floor":15,"turns":1},{"damage":0,"enemies":"downfall:Watcher","floor":16,"turns":2},{"damage":0,"enemies":"Book of Stabbing","floor":19,"turns":1},{"damage":0,"enemies":"Chosen","floor":20,"turns":1},{"damage":0,"enemies":"Snecko","floor":21,"turns":1},{"damage":0,"enemies":"Slavers","floor":22,"turns":1},{"damage":0,"enemies":"Book of Stabbing","floor":25,"turns":2},{"damage":0,"enemies":"Centurion and Healer","floor":26,"turns":1},{"damage":0,"enemies":"Slavers","floor":27,"turns":1},{"damage":0,"enemies":"Cultist and Chosen","floor":29,"turns":2},{"damage":0,"enemies":"Snake Plant","floor":30,"turns":1},{"damage":0,"enemies":"Chosen and Byrds","floor":31,"turns":1},{"damage":0,"enemies":"Cultist and Chosen","floor":32,"turns":2},{"damage":0,"enemies":"downfall:Defect","floor":33,"turns":2},{"damage":0,"enemies":"3 Darklings","floor":36,"turns":1},{"damage":0,"enemies":"Orb Walker","floor":37,"turns":1},{"damage":0,"enemies":"Nemesis","floor":38,"turns":1},{"damage":0,"enemies":"Sphere and 2 Shapes","floor":39,"turns":2},{"damage":0,"enemies":"Reptomancer","floor":40,"turns":2},{"damage":0,"enemies":"Giant Head","floor":42,"turns":1},{"damage":0,"enemies":"Reptomancer","floor":44,"turns":1},{"damage":0,"enemies":"Mind Bloom Boss Battle","floor":45,"turns":2},{"damage":0,"enemies":"Spire Growth","floor":46,"turns":1},{"damage":0,"enemies":"3 Darklings","floor":47,"turns":2},{"damage":0,"enemies":"Writhing Mass","floor":48,"turns":1},{"damage":0,"enemies":"Sphere and 2 Shapes","floor":49,"turns":1},{"damage":0,"enemies":"downfall:Ironclad","floor":50,"turns":2}],"seed_played":"-8995250895360623317","potions_obtained":[{"floor":2,"key":"sneckomod:MuddlingPotion"},{"floor":5,"key":"hexamod:EctoCoolerPotion"},{"floor":6,"key":"PowerPotion"},{"floor":15,"key":"Weak Potion"}],"is_trial":false,"path_per_floor":["R","E","?","$","E","M","T","E","R","E","?","$","M","M","M","B",null,"R","E","M","M","E","R","T","E","M","E","?","M","M","M","M","B",null,"R","M","M","E","M","E","T","E","?","E","?","M","M","M","M","B",null],"character_chosen":"GUARDIAN","items_purchased":["Omamori","Chemical X"],"campfire_rested":0,"item_purchase_floors":[4,12],"current_hp_per_floor":[80,73,73,73,73,73,73,73,73,73,73,73,73,73,73,73,80,80,80,80,80,80,80,80,80,80,80,80,80,80,80,80,80,80,80,80,80,80,80,87,87,87,87,87,87,87,87,87,87,87],"gold":1204,"neow_bonus":"ONE_RARE_RELIC","is_daily":false,"chose_seed":false,"campfire_upgraded":2,"win_rate":0.0,"timestamp":1607946505,"path_taken":["R","E","?","$","E","M","T","E","R","E","?","$","?","M","M","BOSS","R","E","M","M","E","R","T","E","M","E","?","?","M","M","M","BOSS","R","M","M","E","M","E","T","E","?","E","?","M","M","M","M","BOSS"],"items_purchased_type":["Relic","Relic"],"build_version":"2020-12-13","purchased_purges":0,"victory":true,"max_hp_per_floor":[80,80,80,80,80,80,80,80,80,80,80,80,80,80,80,80,80,80,80,80,80,80,80,80,80,80,80,80,80,80,80,80,80,80,80,80,80,80,80,87,87,87,87,87,87,87,87,87,87,87],"card_choices":[{"not_picked":["Guardian:PrismaticBeam","Guardian:CrystalBeam","Guardian:Gem_White"],"picked":"SKIP","floor":2},{"not_picked":["Guardian:Recover","Guardian:StasisField","Guardian:MultiBeam"],"picked":"SKIP","floor":4},{"not_picked":["Guardian:WalkerClaw","Guardian:Reroute","Guardian:Recover"],"picked":"SKIP","floor":5},{"not_picked":["Guardian:HyperBeam_Guardian","Guardian:Gem_Cyan","Guardian:Gem_Green"],"picked":"SKIP","floor":6},{"not_picked":["Guardian:Planning","Guardian:Emergency","Guardian:RefractedBeam"],"picked":"SKIP","floor":8},{"not_picked":["Guardian:Gem_Red","Guardian:BaubleBeam","Guardian:RefractedBeam"],"picked":"SKIP","floor":10},{"not_picked":["Guardian:Clone","Guardian:PiercingHide","Guardian:MultiBeam"],"picked":"SKIP","floor":13},{"not_picked":["Guardian:VentSteam","Guardian:PrimingBeam","Guardian:FuturePlans"],"picked":"SKIP","floor":14},{"not_picked":["Guardian:VentSteam","Guardian:ChargeCore","Guardian:RollAttack"],"picked":"SKIP","floor":15},{"not_picked":["Guardian:PiercingHide+1","Guardian:Gem_Lightblue","Guardian:SphericShield"],"picked":"SKIP","floor":19},{"not_picked":["Guardian:RefractedBeam+1","Guardian:BronzeArmor+1","Guardian:Incinerate+1"],"picked":"SKIP","floor":20},{"not_picked":["Guardian:Emergency","Guardian:VentSteam","Guardian:SpikerProtocol"],"picked":"SKIP","floor":21},{"not_picked":["Guardian:ShieldCharger","Guardian:Suspension+1","Guardian:Emergency"],"picked":"SKIP","floor":22},{"not_picked":["Guardian:GuardianWhirl","Guardian:Gem_Red","Guardian:Repulse"],"picked":"SKIP","floor":25},{"not_picked":["Guardian:ChargeCore","Guardian:Planning","Guardian:Gem_Fragmented","Guardian:TemporalStrike+1"],"picked":"SKIP","floor":26},{"not_picked":["Guardian:PrismaticBarrier","Guardian:GuardianWhirl+1","Guardian:EvasiveProtocol","Guardian:TemporalShield"],"picked":"SKIP","floor":27},{"not_picked":["Guardian:Reroute","Guardian:GemFire","Guardian:WalkerClaw","Guardian:VentSteam+1"],"picked":"SKIP","floor":29},{"not_picked":["Guardian:TemporalStrike","Guardian:TimeBomb+1","Guardian:PolyBeam+1","Guardian:ChargeUp+1"],"picked":"SKIP","floor":30},{"not_picked":["Guardian:ShieldCharger","Guardian:Clone","Guardian:Gem_Red","Guardian:WalkerClaw"],"picked":"SKIP","floor":31},{"not_picked":["Guardian:PrismaticBarrier","Guardian:BronzeOrb","Guardian:TemporalShield","Guardian:ShieldCharger"],"picked":"SKIP","floor":32},{"not_picked":["Guardian:ArmoredProtocol","Guardian:RefractedBeam","Guardian:ChargeUp+1","Guardian:RollAttack"],"picked":"SKIP","floor":36},{"not_picked":["Guardian:ChargeCore+1","Guardian:Recover","Guardian:TimeCapacitor","Guardian:ShieldCharger"],"picked":"SKIP","floor":37},{"not_picked":["Guardian:VentSteam","Guardian:GuardianWhirl+1","Guardian:Gem_Fragmented","Guardian:TemporalShield"],"picked":"SKIP","floor":38},{"not_picked":["Guardian:Gem_Lightblue","Guardian:BronzeArmor","Guardian:ShieldCharger","Guardian:Reroute"],"picked":"SKIP","floor":39},{"not_picked":["Guardian:Preprogram","Guardian:CrystalBeam+1","Guardian:PolyBeam+1","Guardian:CompilePackage"],"picked":"SKIP","floor":40},{"not_picked":["Guardian:Gem_Blue","Guardian:PolyBeam+1","Guardian:Gem_Crimson","Guardian:FuturePlans+1"],"picked":"SKIP","floor":42},{"not_picked":["Guardian:PiercingHide+1","Guardian:PolyBeam+1","Guardian:Orbwalk+1","Guardian:Gem_Lightblue"],"picked":"SKIP","floor":44},{"not_picked":["Guardian:FloatingOrbs+1","Guardian:ShieldCharger+1","Guardian:PiercingHide+1","Guardian:CrystalBeam"],"picked":"SKIP","floor":46},{"not_picked":["Guardian:GemFinder+1","Guardian:CrystalBeam+1","Guardian:WalkerClaw+1","Guardian:Gem_White"],"picked":"SKIP","floor":47},{"not_picked":["Guardian:Planning","Guardian:Gem_White","Guardian:WalkerClaw+1","Guardian:TemporalShield+1"],"picked":"SKIP","floor":48},{"not_picked":["Guardian:MultiBeam+1","Guardian:EvasiveProtocol+1","Guardian:Repulse+1","Guardian:Orbwalk+1"],"picked":"SKIP","floor":49}],"player_experience":612199,"relics_obtained":[{"floor":2,"key":"Akabeko"},{"floor":5,"key":"Unceasing Top"},{"floor":7,"key":"Darkstone Periapt"},{"floor":8,"key":"Lantern"},{"floor":10,"key":"The Courier"},{"floor":11,"key":"downfall:GremlinWheel"},{"floor":19,"key":"Turnip"},{"floor":22,"key":"Regal Pillow"},{"floor":24,"key":"Orichalcum"},{"floor":25,"key":"Question Card"},{"floor":27,"key":"Blood Vial"},{"floor":35,"key":"Happy Flower"},{"floor":38,"key":"Anchor"},{"floor":38,"key":"Juzu Bracelet"},{"floor":40,"key":"Strawberry"},{"floor":40,"key":"Frozen Egg 2"},{"floor":41,"key":"Meat on the Bone"},{"floor":42,"key":"Guardian:PickAxe"},{"floor":42,"key":"Pocketwatch"},{"floor":44,"key":"Vajra"},{"floor":45,"key":"StoneCalendar"}],"event_choices":[{"damage_healed":0,"gold_gain":0,"player_choice":"Box","damage_taken":0,"relics_obtained":["Bronze Scales"],"max_hp_gain":0,"max_hp_loss":0,"event_name":"Big Fish","floor":3,"gold_loss":0,"cards_obtained":["Regret"]},{"damage_healed":0,"gold_gain":0,"player_choice":"Copied","damage_taken":0,"max_hp_gain":0,"max_hp_loss":0,"event_name":"Duplicator","floor":28,"gold_loss":0,"cards_obtained":["Guardian:ExploitGems"]},{"damage_healed":0,"gold_gain":0,"player_choice":"Relic","damage_taken":0,"max_hp_gain":0,"max_hp_loss":0,"event_name":"Wheel of Change","floor":35,"gold_loss":0}],"is_beta":false,"boss_relics":[{"not_picked":["SacredBark","Astrolabe"],"picked":"Sozu"},{"not_picked":["Guardian:StasisSlotReductionRelic","Runic Dome"],"picked":"Black Star"}],"items_purged_floors":[],"is_endless":false,"potions_floor_spawned":[2,5,6,15,19,20,25,26,27,32,37,40,42,44,48],"ascension_level":1}}