{"host":"fqb3xj84igex5en3","time":1607918532,"event":{"mods":["AchievementEnabler","Act Like it!","Alarm Clock","BaseMod","CapriCore","Chen","Colored Powertips","GifTheSpireLib","Marisa（F雨　魔理沙）","Minty Spire (QoL Compilation)","Quick Restart","Reimu（博丽灵梦）","Remilia（蕾米莉亚）","Replay The Spire","RumiaBox-露米娅的神秘盒子","StSLib","The Administrix","The Immortal","The Servant 0.9.4","Youmu（魂魄妖梦）","Yuyuko","【东方二次创作】八云紫mod","【功能Mod】混沌之环修复补丁"],"gold_per_floor":[118,132,132,132,152,152,166,116,170,170,170,183,209,259,259,360,360,376,393,393,353,47,47,61,61,61],"floor_reached":25,"playtime":1333,"items_purged":[],"score":251,"play_id":"7a0a0728-bac7-453c-a832-e05850c30880","local_time":"20201214120212","is_ascension_mode":false,"campfire_choices":[{"data":"Burning Pact","floor":6,"key":"SMITH"},{"data":"Clash","floor":10,"key":"SMITH"},{"data":"Anger","floor":15,"key":"SMITH"},{"data":"Armaments","floor":23,"key":"SMITH"}],"circlet_count":0,"master_deck":["Strike_R","Strike_R+1","Strike_R","Strike_R","Defend_R+1","Defend_R","Defend_R","Defend_R","Bash+1","Rage","Armaments+1","Clash+1","Fiend Fire+1","Anger+1","Corruption","Clash"],"relics":["Burning Blood","NeowsBlessing","Pet Ghost","Pen Nib","ReplayTheSpireMod:DimensionalGlitch","ReplayTheSpireMod:Ring of Collecting","ZunR:ReiMu","Pantograph","Baka2"],"acts_visited":["Exordium","TheCity"],"potions_floor_usage":[16],"damage_taken":[{"damage":0,"enemies":"Jaw Worm","floor":1,"turns":1},{"damage":0,"enemies":"2 Louse","floor":2,"turns":1},{"damage":0,"enemies":"Small Slimes","floor":5,"turns":1},{"damage":0,"enemies":"3 Louse","floor":7,"turns":3},{"damage":0,"enemies":"Large Slime","floor":12,"turns":4},{"damage":8,"enemies":"Lagavulin","floor":13,"turns":5},{"damage":0,"enemies":"Hexaghost","floor":16,"turns":9},{"damage":10,"enemies":"Shell Parasite","floor":18,"turns":5},{"damage":0,"enemies":"Spheric Guardian","floor":19,"turns":2},{"damage":0,"enemies":"3 Cultists","floor":24,"turns":5},{"damage":0,"enemies":"Cultist and Chosen","floor":25,"turns":1}],"seed_played":"3155135428177536643","potions_obtained":[{"floor":1,"key":"Doom Potion"},{"floor":12,"key":"SkillPotion"},{"floor":13,"key":"SpeedPotion"},{"floor":24,"key":"SteroidPotion"}],"is_trial":false,"path_per_floor":["M","M","?","?","M","R","M","?","T","R","?","M","E","T","R","B",null,"M","M","?","?","$","R","M","M"],"character_chosen":"IRONCLAD","items_purchased":["Clash","Pantograph"],"campfire_rested":0,"item_purchase_floors":[22,22],"current_hp_per_floor":[40,40,40,32,38,38,40,40,40,40,40,40,40,40,40,40,40,37,40,40,40,40,40,40,40,40],"gold":61,"neow_bonus":"THREE_ENEMY_KILL","is_daily":false,"chose_seed":false,"campfire_upgraded":4,"win_rate":0.0,"timestamp":1607918532,"path_taken":["M","M","?","?","M","R","M","?","T","R","?","M","E","?","R","BOSS","M","M","?","?","$","R","M","M"],"items_purchased_type":["Card","Relic"],"build_version":"2020-12-13","purchased_purges":0,"victory":false,"max_hp_per_floor":[40,40,40,40,40,40,40,40,40,40,40,40,40,40,40,40,40,40,40,40,40,40,40,40,40,40],"card_choices":[{"not_picked":["Armaments","Warcry"],"picked":"Rage","floor":1},{"not_picked":["Sword Boomerang","Spot Weakness"],"picked":"Armaments","floor":2},{"not_picked":["Warcry","Sword Boomerang"],"picked":"Burning Pact","floor":5},{"not_picked":["Second Wind","Reckless Charge"],"picked":"Clash","floor":7},{"not_picked":["Headbutt","Replay:Undeath\u0027s Touch"],"picked":"Anger","floor":12},{"not_picked":["Hemokinesis","Sever Soul","Intimidate"],"picked":"SKIP","floor":13},{"not_picked":["Juggernaut","Hemogenesis"],"picked":"Corruption","floor":16},{"not_picked":["Cleave","Combust"],"picked":"Battle Trance","floor":18},{"not_picked":["Armaments","Hemokinesis","Thunderclap"],"picked":"SKIP","floor":19},{"not_picked":["Pummel","Run Through+1","Clothesline+1"],"picked":"SKIP","floor":24}],"player_experience":52631,"relics_obtained":[{"floor":1,"key":"Baka"},{"floor":13,"key":"Pet Ghost"},{"floor":14,"key":"Pen Nib"},{"floor":20,"key":"ReplayTheSpireMod:Ring of Collecting"},{"floor":24,"key":"Baka2"}],"event_choices":[{"damage_healed":0,"gold_gain":0,"player_choice":"Entered Light","damage_taken":8,"max_hp_gain":0,"max_hp_loss":0,"event_name":"Shining Light","floor":4,"gold_loss":0,"cards_upgraded":["Defend_R","Strike_R"]},{"cards_removed":["Strike_R"],"damage_healed":0,"gold_gain":0,"player_choice":"Card Removal","damage_taken":0,"max_hp_gain":0,"max_hp_loss":0,"event_name":"The Cleric","floor":8,"gold_loss":50},{"damage_healed":0,"gold_gain":0,"player_choice":"购买神酒","damage_taken":0,"relics_obtained":["ZunR:ReiMu"],"max_hp_gain":0,"max_hp_loss":0,"event_name":"ZunEvent","floor":21,"gold_loss":40}],"is_beta":false,"boss_relics":[{"not_picked":["Velvet Choker","Empty Cage"],"picked":"ReplayTheSpireMod:DimensionalGlitch"}],"items_purged_floors":[],"is_endless":false,"potions_floor_spawned":[1,12,13,24],"killed_by":"Cultist and Chosen","ascension_level":0}}