{"host":"ic9317ukwhbfzb3y","time":1607984257,"event":{"mods":["BaseMod","Colored Powertips","Downfall","Highlight Path","Minty Spire (QoL Compilation)","StSLib"],"gold_per_floor":[199,199,199,219,112,131,131,131,147,147,164,184,200,210,225,225,225],"floor_reached":16,"playtime":1098,"items_purged":[],"score":96,"play_id":"b6885579-ec26-4280-950a-61c61a038a4f","local_time":"20201214221737","is_ascension_mode":false,"campfire_choices":[{"floor":1,"key":"RECALL"},{"data":"Slimebound:Split","floor":8,"key":"SMITH"},{"data":"Dramatic Entrance","floor":10,"key":"SMITH"}],"circlet_count":0,"master_deck":["Slimebound:Strike_Slimebound","Slimebound:Strike_Slimebound","Slimebound:Tackle","Slimebound:Defend_Slimebound","Slimebound:Defend_Slimebound","Slimebound:Defend_Slimebound","Slimebound:Defend_Slimebound","Slimebound:Split+1","Slimebound:CorrosiveSpit","Iron Wave","Slimebound:ComboTackle","Slimebound:Repurpose","Dramatic Entrance+1","Slimebound:Nibble","Slimebound:LevelUp","Slimebound:Prepare","Slimebound:Equalize","Slimebound:Equalize","Slimebound:GoopSpray"],"relics":["Slimebound:AbsorbEndCombat"],"acts_visited":["Exordium"],"potions_floor_usage":[15,16,16],"damage_taken":[{"damage":8,"enemies":"2 Louse","floor":4,"turns":3},{"damage":24,"enemies":"downfall:FleeingMerchant","floor":5,"turns":4},{"damage":4,"enemies":"Cultist","floor":6,"turns":3},{"damage":8,"enemies":"Jaw Worm","floor":9,"turns":2},{"damage":11,"enemies":"3 Louse","floor":11,"turns":2},{"damage":27,"enemies":"Exordium Wildlife","floor":12,"turns":5},{"damage":15,"enemies":"Blue Slaver","floor":13,"turns":4},{"damage":0,"enemies":"Lots of Slimes","floor":14,"turns":1},{"damage":14,"enemies":"Large Slime","floor":15,"turns":5},{"damage":54,"enemies":"downfall:Defect","floor":16,"turns":4}],"seed_played":"-6690373704311574857","potions_obtained":[{"floor":4,"key":"GamblersBrew"},{"floor":9,"key":"Weak Potion"},{"floor":11,"key":"SteroidPotion"},{"floor":15,"key":"BlessingOfTheForge"}],"is_trial":false,"path_per_floor":["R","?","?","M","$","M","T","R","M","R","M","M","M","M","M","B"],"character_chosen":"SLIMEBOUND","items_purchased":["Dramatic Entrance"],"campfire_rested":0,"item_purchase_floors":[5],"current_hp_per_floor":[60,60,60,58,42,44,44,44,48,48,47,34,29,29,35,0,0],"gold":225,"neow_bonus":"HUNDRED_GOLD","is_daily":false,"chose_seed":false,"campfire_upgraded":2,"win_rate":0.0,"timestamp":1607984257,"path_taken":["R","?","?","M","$","M","T","R","?","R","M","M","M","M","M","BOSS"],"items_purchased_type":["Card"],"build_version":"2020-12-13","purchased_purges":0,"victory":false,"max_hp_per_floor":[60,60,60,60,60,60,60,60,60,60,60,60,60,60,60,60,60],"card_choices":[{"not_picked":["Slimebound:ProtectTheBoss","Slimebound:FlameTackle"],"picked":"Slimebound:ComboTackle","floor":4},{"not_picked":["Slimebound:LeechingTouch","Slimebound:Teamwork"],"picked":"Slimebound:Repurpose","floor":5},{"not_picked":["Slimebound:BestDefense","Slimebound:LivingWall"],"picked":"Slimebound:Nibble","floor":6},{"not_picked":["Slimebound:SplitBruiser","Slimebound:PressTheAttack"],"picked":"Slimebound:LevelUp","floor":9},{"not_picked":["Slimebound:LeechingTouch","Slimebound:ItLooksTasty"],"picked":"Slimebound:Prepare","floor":11},{"not_picked":["Slimebound:SplitLeeching","Slimebound:ProtectTheBoss"],"picked":"Slimebound:Equalize","floor":12},{"not_picked":["Slimebound:SplitMire","Slimebound:LivingWall","Slimebound:TongueLash"],"picked":"SKIP","floor":13},{"not_picked":["Slimebound:GoopSpray","Slimebound:PressTheAttack"],"picked":"Slimebound:Equalize","floor":14},{"not_picked":["Slimebound:MegaLick","Slimebound:ViciousTackle"],"picked":"Slimebound:GoopSpray","floor":15}],"player_experience":51560,"relics_obtained":[],"event_choices":[{"cards_removed":["Slimebound:Strike_Slimebound"],"damage_healed":0,"gold_gain":0,"player_choice":"Took Card","damage_taken":0,"max_hp_gain":0,"max_hp_loss":0,"event_name":"NoteForYourself","floor":3,"gold_loss":0,"cards_obtained":["Iron Wave"]}],"is_beta":false,"boss_relics":[],"items_purged_floors":[],"is_endless":false,"potions_floor_spawned":[4,9,11,15],"killed_by":"downfall:Defect","ascension_level":0}}