{"host":"swphzoo6hmc78epl","time":1607917349,"event":{"mods":["BaseMod","Highlight Path","Minty Spire (QoL Compilation)","Quick Restart"],"gold_per_floor":[110,128,143,318,333,333,303,322,401,415,17,17,30,44,44,44,44],"floor_reached":16,"playtime":717,"items_purged":["Doubt"],"score":115,"play_id":"2ac12435-9e44-49bb-ab25-a21d9d8ca3ef","local_time":"20201213224229","is_ascension_mode":true,"campfire_choices":[{"data":"Collect","floor":6,"key":"SMITH"},{"floor":15,"key":"REST"}],"circlet_count":0,"master_deck":["Strike_P","Strike_P","Strike_P","Strike_P","Defend_P","Defend_P","Defend_P","Defend_P","Eruption","Vigilance","Consecrate","Halt","Wallop","Collect+1","SandsOfTime","FollowUp","BowlingBash","Crescendo","Indignation"],"relics":["VioletLotus","Shuriken","Matryoshka"],"acts_visited":["Exordium"],"potions_floor_usage":[7,13,14,14,16],"damage_taken":[{"damage":5,"enemies":"Cultist","floor":1,"turns":5},{"damage":0,"enemies":"Jaw Worm","floor":2,"turns":3},{"damage":5,"enemies":"Small Slimes","floor":3,"turns":3},{"damage":8,"enemies":"3 Louse","floor":5,"turns":4},{"damage":0,"enemies":"Looter","floor":7,"turns":4},{"damage":35,"enemies":"Exordium Thugs","floor":8,"turns":4},{"damage":11,"enemies":"Blue Slaver","floor":10,"turns":4},{"damage":0,"enemies":"Exordium Wildlife","floor":13,"turns":2},{"damage":3,"enemies":"Gremlin Gang","floor":14,"turns":3},{"damage":37,"enemies":"Hexaghost","floor":16,"turns":4}],"seed_played":"8382445866713510703","potions_obtained":[{"floor":2,"key":"Ancient Potion"},{"floor":5,"key":"PowerPotion"},{"floor":10,"key":"EssenceOfSteel"},{"floor":13,"key":"ColorlessPotion"},{"floor":14,"key":"Swift Potion"}],"is_trial":false,"path_per_floor":["M","M","M","?","M","R","M","M","T","M","$","?","M","M","R","B"],"character_chosen":"WATCHER","items_purchased":["Matryoshka","Regen Potion"],"campfire_rested":1,"item_purchase_floors":[11,11],"current_hp_per_floor":[67,67,62,62,54,54,54,19,19,8,8,8,13,10,31,0,0],"gold":44,"neow_bonus":"BOSS_RELIC","is_daily":false,"chose_seed":false,"campfire_upgraded":1,"win_rate":0.0,"timestamp":1607917349,"path_taken":["M","M","M","?","M","R","M","M","T","M","$","?","M","?","R","BOSS"],"items_purchased_type":["Relic","Potion"],"build_version":"2020-12-13","purchased_purges":1,"victory":false,"max_hp_per_floor":[72,72,72,72,72,72,72,72,72,72,72,72,72,72,72,72,72],"card_choices":[{"not_picked":["EmptyFist","Crescendo"],"picked":"Consecrate","floor":1},{"not_picked":["CrushJoints","Protect"],"picked":"Halt","floor":2},{"not_picked":["Protect","Consecrate"],"picked":"Wallop","floor":3},{"not_picked":["Halt","Evaluate"],"picked":"Collect","floor":5},{"not_picked":["BowlingBash","SpiritShield"],"picked":"SandsOfTime","floor":7},{"not_picked":["SashWhip","FlyingSleeves"],"picked":"FollowUp","floor":8},{"not_picked":["PathToVictory","ClearTheMind"],"picked":"BowlingBash","floor":10},{"not_picked":["Nirvana","BowlingBash"],"picked":"Crescendo","floor":13},{"not_picked":["Weave","Worship"],"picked":"Indignation","floor":14}],"player_experience":734810,"relics_obtained":[{"floor":9,"key":"Shuriken"}],"event_choices":[{"damage_healed":0,"gold_gain":175,"player_choice":"AGREE","damage_taken":0,"max_hp_gain":0,"max_hp_loss":0,"event_name":"Liars Game","floor":4,"gold_loss":0,"cards_obtained":["Doubt"]},{"damage_healed":0,"gold_gain":0,"player_choice":"Ignored","damage_taken":0,"max_hp_gain":0,"max_hp_loss":0,"event_name":"NoteForYourself","floor":12,"gold_loss":0}],"is_beta":false,"boss_relics":[],"items_purged_floors":[11],"is_endless":false,"potions_floor_spawned":[2,5,10,13,14],"killed_by":"Hexaghost","ascension_level":4}}