{"host":"o3so5oxo9aakc7d5","time":1607911903,"event":{"mods":["BaseMod","Better Altar","Better Match","Better Sensory Stone","Better Skull","Better Third Choice","Block Reminder","CapriCore","Challenge The Spire","Googly Eyes","Jorbs\u0027s Wanderer Trilogy","Minty Spire (QoL Compilation)","Rare Cards Sparkle","Spicy Shops","StSLib"],"gold_per_floor":[118,118,128,141,155,185,203,203,203,203,278,289,289,299,299,397,397,397,23,23,23,23,23,23,23,23,23,23,23,23,23,23,23,23,23,23,23,23,23,23,23,23],"floor_reached":41,"playtime":1342,"items_purged":["Strike_G"],"score":463,"play_id":"e44a2ba6-bc52-4c85-8ec8-342074b68e53","local_time":"20201213191143","is_ascension_mode":true,"campfire_choices":[{"data":"Predator","floor":8,"key":"SMITH"},{"data":"Dagger Spray","floor":10,"key":"SMITH"},{"data":"Blade Dance","floor":13,"key":"SMITH"},{"floor":15,"key":"REST"},{"floor":23,"key":"DIG"},{"floor":27,"key":"DIG"},{"floor":32,"key":"REST"},{"floor":40,"key":"REST"}],"circlet_count":0,"master_deck":["Strike_G","Strike_G","Strike_G","Strike_G","Defend_G","Defend_G","Defend_G","Defend_G","Defend_G","Survivor","Neutralize","Noxious Fumes","All Out Attack","Dagger Spray+1","Predator+1","Quick Slash","Blade Dance+1","Flying Knee","Phantasmal Killer","Quick Slash","Quick Slash","Footwork","Blade Dance","Predator","Sucker Punch","Glass Knife","Skewer+1","Flying Knee+1"],"relics":["Runic Dome","Ornamental Fan","Ectoplasm","Shovel","Lizard Tail","Letter Opener","Sundial","Boot","Anchor","Black Star"],"acts_visited":["Exordium","TheCity","TheBeyond"],"potions_floor_usage":[16,33,33,33],"damage_taken":[{"damage":5,"enemies":"Small Slimes","floor":1,"turns":3},{"damage":0,"enemies":"Cultist","floor":3,"turns":5},{"damage":0,"enemies":"Jaw Worm","floor":4,"turns":4},{"damage":3,"enemies":"Blue Slaver","floor":5,"turns":4},{"damage":14,"enemies":"Lagavulin","floor":6,"turns":8},{"damage":3,"enemies":"Gremlin Gang","floor":7,"turns":2},{"damage":0,"enemies":"3 Louse","floor":12,"turns":1},{"damage":0,"enemies":"Blue Slaver","floor":14,"turns":3},{"damage":22,"enemies":"Hexaghost","floor":16,"turns":9},{"damage":0,"enemies":"Spheric Guardian","floor":18,"turns":3},{"damage":1,"enemies":"Chosen","floor":20,"turns":3},{"damage":11,"enemies":"Centurion and Healer","floor":21,"turns":5},{"damage":11,"enemies":"Snecko","floor":22,"turns":4},{"damage":4,"enemies":"Shelled Parasite and Fungi","floor":24,"turns":5},{"damage":10,"enemies":"Centurion and Healer","floor":28,"turns":4},{"damage":19,"enemies":"Slavers","floor":29,"turns":3},{"damage":2,"enemies":"3 Cultists","floor":30,"turns":3},{"damage":4,"enemies":"Gremlin Leader","floor":31,"turns":4},{"damage":38,"enemies":"Champ","floor":33,"turns":7},{"damage":5,"enemies":"Orb Walker","floor":35,"turns":3},{"damage":1,"enemies":"3 Shapes","floor":36,"turns":6},{"damage":38,"enemies":"Spire Growth","floor":38,"turns":4},{"damage":26,"enemies":"Transient","floor":39,"turns":5},{"damage":79,"enemies":"Reptomancer","floor":41,"turns":4}],"seed_played":"-1016446925611348517","potions_obtained":[{"floor":3,"key":"Block Potion"},{"floor":6,"key":"ColorlessPotion"},{"floor":12,"key":"ColorlessPotion"},{"floor":20,"key":"DistilledChaos"},{"floor":24,"key":"EssenceOfSteel"},{"floor":25,"key":"CultistPotion"},{"floor":25,"key":"Dexterity Potion"},{"floor":31,"key":"Regen Potion"},{"floor":39,"key":"Poison Potion"}],"is_trial":false,"path_per_floor":["M","?","M","M","M","E","M","R","T","R","?","M","R","M","R","B",null,"M","$","M","M","M","R","M","?","T","R","M","E","M","E","R","B",null,"M","M","?","M","M","R","E"],"character_chosen":"THE_SILENT","items_purchased":["Shovel"],"campfire_rested":3,"item_purchase_floors":[19],"current_hp_per_floor":[65,70,70,70,67,53,50,50,50,50,39,39,39,39,60,38,70,70,70,69,58,47,47,43,43,43,43,33,14,12,8,29,6,70,65,64,64,26,33,52,0,0],"gold":23,"neow_bonus":"BOSS_RELIC","is_daily":false,"chose_seed":false,"campfire_upgraded":3,"win_rate":0.0,"timestamp":1607911903,"path_taken":["M","?","?","M","M","E","M","R","T","R","?","M","R","M","R","BOSS","M","$","M","M","M","R","M","?","T","R","M","E","?","E","R","BOSS","M","M","?","M","M","R","E"],"items_purchased_type":["Relic"],"build_version":"2020-12-13","purchased_purges":1,"victory":false,"max_hp_per_floor":[70,70,70,70,70,70,70,70,70,70,70,70,70,70,70,70,70,70,70,70,70,70,70,70,70,70,70,70,70,70,70,70,70,70,70,70,66,66,66,66,66,66],"card_choices":[{"not_picked":["Poisoned Stab","Concentrate"],"picked":"Prepared","floor":1},{"not_picked":["Acrobatics","Catalyst"],"picked":"Noxious Fumes","floor":3},{"not_picked":["Underhanded Strike","Accuracy"],"picked":"All Out Attack","floor":4},{"not_picked":["Blade Dance","Quick Slash"],"picked":"Dagger Spray","floor":5},{"not_picked":["Catalyst","Choke"],"picked":"Predator","floor":6},{"not_picked":["Deflect","Prepared"],"picked":"Quick Slash","floor":7},{"not_picked":["Bane","All Out Attack"],"picked":"Blade Dance","floor":12},{"not_picked":["Skewer","Outmaneuver"],"picked":"Flying Knee","floor":14},{"not_picked":["Malaise","Glass Knife"],"picked":"Phantasmal Killer","floor":16},{"not_picked":["Underhanded Strike","Dodge and Roll"],"picked":"Quick Slash","floor":18},{"not_picked":["Prepared","Dagger Spray"],"picked":"Quick Slash","floor":20},{"not_picked":["Choke","Accuracy"],"picked":"Footwork","floor":21},{"not_picked":["Eviscerate","Leg Sweep","Prepared+1"],"picked":"SKIP","floor":22},{"not_picked":["PiercingWail","Sucker Punch","Dodge and Roll+1"],"picked":"SKIP","floor":24},{"not_picked":["Backflip","Malaise"],"picked":"Blade Dance","floor":28},{"not_picked":["Backflip","Underhanded Strike"],"picked":"Predator","floor":29},{"not_picked":["Prepared","Slice"],"picked":"Sucker Punch","floor":30},{"not_picked":["Bane+1","Dagger Throw"],"picked":"Glass Knife","floor":31},{"not_picked":["Underhanded Strike","Flechettes"],"picked":"Skewer+1","floor":35},{"not_picked":["Setup","Deadly Poison","Underhanded Strike+1"],"picked":"SKIP","floor":36},{"not_picked":["Cloak And Dagger+1","Well Laid Plans"],"picked":"Flying Knee+1","floor":38},{"not_picked":["Outmaneuver","Bane","PiercingWail+1"],"picked":"SKIP","floor":39}],"player_experience":511309,"relics_obtained":[{"floor":6,"key":"Ornamental Fan"},{"floor":23,"key":"Lizard Tail"},{"floor":26,"key":"Letter Opener"},{"floor":27,"key":"Sundial"},{"floor":29,"key":"Boot"},{"floor":31,"key":"Anchor"}],"event_choices":[{"cards_removed":["Prepared"],"damage_healed":5,"gold_gain":0,"player_choice":"Offered Common","damage_taken":0,"max_hp_gain":0,"max_hp_loss":0,"event_name":"Bonfire Elementals","floor":2,"gold_loss":0},{"cards_removed":["Prepared"],"damage_healed":5,"gold_gain":0,"player_choice":"Offered Special","damage_taken":0,"max_hp_gain":0,"max_hp_loss":0,"event_name":"Bonfire Elementals","floor":2,"gold_loss":0},{"damage_healed":0,"gold_gain":75,"player_choice":"Gold","damage_taken":11,"max_hp_gain":0,"max_hp_loss":0,"event_name":"betterThird:BetterGoop","floor":11,"gold_loss":0},{"damage_healed":0,"gold_gain":0,"player_choice":"Got Potions","damage_taken":0,"max_hp_gain":0,"max_hp_loss":0,"event_name":"Lab","floor":25,"gold_loss":0},{"damage_healed":0,"gold_gain":0,"player_choice":"Max HP","damage_taken":0,"max_hp_gain":0,"max_hp_loss":4,"event_name":"Winding Halls","floor":37,"gold_loss":0}],"is_beta":false,"boss_relics":[{"not_picked":["Calling Bell","Tiny House"],"picked":"Ectoplasm"},{"not_picked":["Velvet Choker","Coffee Dripper"],"picked":"Black Star"}],"items_purged_floors":[19],"is_endless":false,"potions_floor_spawned":[3,6,12,20,24,30,31,39],"killed_by":"Reptomancer","ascension_level":1}}