{"host":"63rwe7p34ct1i0qu","time":1607948603,"event":{"mods":["BaseMod","DeckTracker","Minty Spire (QoL Compilation)","Permanent Neow","Quick Restart","StSLib"],"gold_per_floor":[114,177,194,194,205,230,244,255,255,271,271,283,208,223,223,328,328,346,358,358,397,415,415,415,455,482,502,502,502,502,519,519,519,519],"floor_reached":33,"playtime":944,"items_purged":["Strike_R"],"score":282,"play_id":"8e63e308-7657-4e6b-b630-b1ac6e8c521c","local_time":"20201214212323","is_ascension_mode":true,"campfire_choices":[{"data":"Armaments","floor":15,"key":"SMITH"},{"data":"Double Tap","floor":23,"key":"SMITH"},{"floor":28,"key":"REST"},{"floor":32,"key":"REST"}],"circlet_count":0,"master_deck":["Strike_R","Defend_R","Defend_R+1","Defend_R","Defend_R","Bash+1","Hemokinesis","Anger","Seeing Red+1","Armaments+1","Barricade","Infernal Blade","Shockwave","Shrug It Off","Feed","CurseOfTheBell","Double Tap+1","Cleave","Reckless Charge","Pommel Strike+1","Shrug It Off+1"],"relics":["Burning Blood","War Paint","Toy Ornithopter","Calling Bell","CeramicFish","Mercury Hourglass","Pocketwatch","Red Mask","Bag of Preparation","Potion Belt","Frozen Egg 2"],"acts_visited":["Exordium","TheCity"],"potions_floor_usage":[6,6,6,16,16,16,31,33],"damage_taken":[{"damage":5,"enemies":"Small Slimes","floor":1,"turns":3},{"damage":9,"enemies":"2 Louse","floor":3,"turns":2},{"damage":2,"enemies":"Cultist","floor":5,"turns":2},{"damage":16,"enemies":"Gremlin Nob","floor":6,"turns":3},{"damage":3,"enemies":"2 Fungi Beasts","floor":7,"turns":3},{"damage":27,"enemies":"Exordium Wildlife","floor":8,"turns":6},{"damage":10,"enemies":"3 Louse","floor":10,"turns":4},{"damage":18,"enemies":"Red Slaver","floor":12,"turns":3},{"damage":4,"enemies":"Looter","floor":14,"turns":3},{"damage":46,"enemies":"The Guardian","floor":16,"turns":12},{"damage":4,"enemies":"Chosen","floor":18,"turns":3},{"damage":16,"enemies":"2 Thieves","floor":19,"turns":5},{"damage":15,"enemies":"Masked Bandits","floor":21,"turns":4},{"damage":41,"enemies":"Gremlin Leader","floor":25,"turns":6},{"damage":3,"enemies":"Snecko","floor":27,"turns":3},{"damage":8,"enemies":"Cultist and Chosen","floor":31,"turns":4},{"damage":66,"enemies":"Champ","floor":33,"turns":12}],"seed_played":"8884799870209667382","potions_obtained":[{"floor":0,"key":"Energy Potion"},{"floor":0,"key":"BlessingOfTheForge"},{"floor":0,"key":"AttackPotion"},{"floor":7,"key":"LiquidMemories"},{"floor":8,"key":"AttackPotion"},{"floor":12,"key":"LiquidMemories"},{"floor":25,"key":"SkillPotion"},{"floor":27,"key":"Energy Potion"},{"floor":31,"key":"Dexterity Potion"}],"is_trial":false,"path_per_floor":["M","?","M","?","M","E","M","M","T","M","?","M","$","M","R","B",null,"M","M","$","?","?","R","?","E","T","M","R","?","?","M","R","B"],"character_chosen":"IRONCLAD","items_purchased":[],"campfire_rested":2,"item_purchase_floors":[],"current_hp_per_floor":[80,80,77,77,80,70,73,52,52,48,74,62,62,64,64,39,80,80,70,70,65,65,65,65,30,30,33,58,42,42,48,75,14,14],"gold":519,"neow_bonus":"THREE_SMALL_POTIONS","is_daily":false,"chose_seed":false,"campfire_upgraded":2,"win_rate":0.0,"timestamp":1607948603,"path_taken":["M","?","M","?","M","E","M","M","T","?","?","M","$","M","R","BOSS","M","M","$","?","?","R","?","E","T","?","R","?","?","M","R","BOSS"],"items_purchased_type":[],"build_version":"2020-12-13","purchased_purges":1,"victory":false,"max_hp_per_floor":[80,80,80,80,80,80,80,80,80,80,80,80,80,80,80,80,80,80,80,80,84,84,84,84,84,84,84,84,89,89,92,92,92,92],"card_choices":[{"not_picked":["Shrug It Off","Rampage"],"picked":"Hemokinesis","floor":1},{"not_picked":["Cleave","Clash"],"picked":"Anger","floor":3},{"not_picked":["Headbutt","Spot Weakness"],"picked":"Seeing Red","floor":5},{"not_picked":["Spot Weakness","Thunderclap"],"picked":"Armaments","floor":6},{"not_picked":["True Grit","Sentinel"],"picked":"Barricade","floor":7},{"not_picked":["Rage","Reckless Charge"],"picked":"Infernal Blade","floor":8},{"not_picked":["Metallicize","True Grit"],"picked":"Shockwave","floor":10},{"not_picked":["Pommel Strike","Dual Wield"],"picked":"Shrug It Off","floor":12},{"not_picked":["Anger","Thunderclap","Dark Embrace"],"picked":"SKIP","floor":14},{"not_picked":["Berserk","Barricade"],"picked":"Feed","floor":16},{"not_picked":["Flex+1","Limit Break","Clash"],"picked":"SKIP","floor":18},{"not_picked":["Anger","Havoc","Wild Strike"],"picked":"SKIP","floor":19},{"not_picked":["Pommel Strike+1","Feel No Pain"],"picked":"Double Tap","floor":21},{"not_picked":["Cleave","Sever Soul"],"picked":"Pommel Strike+1","floor":25},{"not_picked":["Dropkick","Sword Boomerang"],"picked":"Shrug It Off+1","floor":27},{"not_picked":["Sever Soul","Flex","Body Slam"],"picked":"SKIP","floor":31}],"player_experience":761947,"relics_obtained":[{"floor":6,"key":"War Paint"},{"floor":9,"key":"Toy Ornithopter"},{"floor":17,"key":"CeramicFish"},{"floor":17,"key":"Mercury Hourglass"},{"floor":17,"key":"Pocketwatch"},{"floor":21,"key":"Red Mask"},{"floor":25,"key":"Bag of Preparation"},{"floor":26,"key":"Potion Belt"}],"event_choices":[{"damage_healed":0,"gold_gain":63,"player_choice":"Gained Gold","damage_taken":0,"max_hp_gain":0,"max_hp_loss":0,"event_name":"Golden Wing","floor":2,"gold_loss":0},{"damage_healed":0,"gold_gain":0,"player_choice":"Upgraded","damage_taken":0,"max_hp_gain":0,"max_hp_loss":0,"event_name":"Upgrade Shrine","floor":4,"gold_loss":0,"cards_upgraded":["Bash"]},{"damage_healed":26,"gold_gain":0,"player_choice":"Banana","damage_taken":0,"max_hp_gain":0,"max_hp_loss":0,"event_name":"Big Fish","floor":11,"gold_loss":0},{"damage_healed":0,"gold_gain":0,"player_choice":"Fought Bandits","damage_taken":0,"max_hp_gain":0,"max_hp_loss":0,"event_name":"Masked Bandits","floor":21,"gold_loss":0},{"damage_healed":0,"gold_gain":0,"cards_transformed":["Strike_R","Strike_R"],"player_choice":"Became Test Subject","damage_taken":0,"max_hp_gain":0,"max_hp_loss":0,"event_name":"Drug Dealer","floor":22,"gold_loss":0,"cards_obtained":["Cleave","Reckless Charge"]},{"cards_removed":["Strike_R"],"damage_healed":0,"gold_gain":0,"player_choice":"Card Removal","damage_taken":0,"max_hp_gain":0,"max_hp_loss":0,"event_name":"Wheel of Change","floor":24,"gold_loss":0},{"damage_healed":0,"gold_gain":0,"player_choice":"Shed Blood","damage_taken":21,"max_hp_gain":5,"max_hp_loss":0,"event_name":"Forgotten Altar","floor":29,"gold_loss":0},{"damage_healed":0,"gold_gain":0,"player_choice":"Opened","damage_taken":0,"relics_obtained":["Frozen Egg 2"],"max_hp_gain":0,"max_hp_loss":0,"event_name":"The Mausoleum","floor":30,"gold_loss":0}],"is_beta":false,"boss_relics":[{"not_picked":["Black Star","Busted Crown"],"picked":"Calling Bell"}],"items_purged_floors":[13],"is_endless":false,"potions_floor_spawned":[5,7,8,12,25,27,31],"killed_by":"Champ","ascension_level":1}}