{"host":"mvw7i28zi3kj0eu9","time":1607948980,"event":{"mods":["AchievementEnabler","BaseMod","Better Third Choice","BetterRewards","Block Reminder","Conspire","Custom Start","Downfall","Energized Spire","Halation","Hermit","Hubris","Infinite Spire","Jorbs\u0027s Wanderer Trilogy","Minty Spire (QoL Compilation)","Replay The Spire","Shop Mod","Small Relic Pack","Spikes Relics","StSLib","The Blue Laboratory","The Necromancer","The Servant 0.9.4","Virulent Crown"],"gold_per_floor":[113,113,63,63,88,88,129,129,129,129,169,188,188,207,207,207,207],"floor_reached":16,"playtime":330,"items_purged":["Strike_R"],"score":108,"play_id":"d158734e-340a-420d-8198-91594154e45a","local_time":"20201214132940","is_ascension_mode":false,"campfire_choices":[{"data":"Heavy Blade","floor":6,"key":"SMITH"},{"data":"Flex","floor":13,"key":"SMITH"},{"data":"Flex","floor":15,"key":"SMITH"}],"circlet_count":0,"master_deck":["Strike_R","Strike_R","Strike_R","Strike_R","Defend_R","Defend_R","Defend_R","Defend_R","Bash","Flex+1","Heavy Blade+1","Flex+1","Thunderclap","Shrug It Off"],"relics":["Burning Blood","conspire:TreasureMap","PreservedInsect","Golden Idol","halation:EternalFortune","halation:PrussianBluePaint","SpikesRelics:DaevaFist","Oddly Smooth Stone"],"acts_visited":["Exordium"],"potions_floor_usage":[16],"damage_taken":[{"damage":6,"enemies":"Jaw Worm","floor":1,"turns":3},{"damage":2,"enemies":"Small Slimes","floor":5,"turns":4},{"damage":2,"enemies":"Gremlin Nob","floor":7,"turns":3},{"damage":12,"enemies":"3 Sentries","floor":11,"turns":5},{"damage":0,"enemies":"2 Louse","floor":12,"turns":2},{"damage":0,"enemies":"Blue Slaver","floor":14,"turns":4},{"damage":55,"enemies":"Fading Forest","floor":16,"turns":7}],"seed_played":"1885142597675054474","potions_obtained":[{"floor":1,"key":"blueLaboratory:BottleOfRum"},{"floor":11,"key":"Explosive Potion"},{"floor":12,"key":"Swift Potion"}],"is_trial":false,"path_per_floor":["M","?","$","?","M","R","E","?","T","?","E","M","R","M","R","B"],"character_chosen":"IRONCLAD","items_purchased":["conspire:TreasureMap","PreservedInsect","Flex","Heavy Blade","Flex","Thunderclap","Shrug It Off"],"campfire_rested":0,"item_purchase_floors":[0,0,0,0,0,0,3],"current_hp_per_floor":[80,60,60,63,67,67,71,38,38,38,32,38,38,44,44,0,0],"gold":207,"neow_bonus":"","is_daily":false,"chose_seed":false,"campfire_upgraded":3,"win_rate":0.0,"timestamp":1607948980,"path_taken":["M","?","$","?","M","R","E","?","T","?","E","M","R","M","R","BOSS"],"items_purchased_type":["Relic","Relic","Card","Card","Card","Card","Card"],"build_version":"2020-12-13","purchased_purges":1,"victory":false,"max_hp_per_floor":[80,80,80,83,83,83,83,83,83,83,83,83,83,83,83,83,83],"card_choices":[{"not_picked":["conspire:ExplosiveBarrier","Clothesline","Rampage"],"picked":"SKIP","floor":1},{"not_picked":["Reckless Charge","Sword Boomerang","Cleave"],"picked":"SKIP","floor":5},{"not_picked":["Anger","Replay:Many Hands","Bloodletting"],"picked":"SKIP","floor":7},{"not_picked":["Replay:Undeath\u0027s Touch","Havoc","Second Wind"],"picked":"SKIP","floor":11},{"not_picked":["Searing Blow","Shockwave","Sword Boomerang"],"picked":"SKIP","floor":12},{"not_picked":["ReplayTheSpireMod:LeadingStrike","Anger","Pommel Strike"],"picked":"SKIP","floor":14}],"player_experience":841043,"relics_obtained":[{"floor":7,"key":"halation:PrussianBluePaint"},{"floor":9,"key":"Oddly Smooth Stone"}],"event_choices":[{"damage_healed":0,"gold_gain":0,"player_choice":"Take Damage","damage_taken":20,"relics_obtained":["Golden Idol"],"max_hp_gain":0,"max_hp_loss":0,"event_name":"Golden Idol","floor":2,"gold_loss":0},{"damage_healed":0,"gold_gain":0,"player_choice":"Relic ","damage_taken":33,"max_hp_gain":0,"max_hp_loss":0,"event_name":"betterThird:BetterScrap","floor":8,"gold_loss":0,"cards_obtained":["Reboot"]}],"is_beta":false,"boss_relics":[],"items_purged_floors":[0],"is_endless":false,"potions_floor_spawned":[1,11,12],"killed_by":"Fading Forest","ascension_level":0}}