{"host":"utqe55yv0jihe4d6","time":1607922594,"event":{"mods":["2.2 Compatiblity","AchievementEnabler","BaseMod","Block Reminder","Colored Map","Colored Powertips","Minty Spire (QoL Compilation)","Quick Restart","Rare Cards Sparkle","Relic Stats","SuperFastMode"],"gold_per_floor":[109,34,34,48,69,69,102,102,102,27,52,92,92,92,92,185,185,204,223,223,248,267,267,317,317,317],"floor_reached":25,"playtime":625,"items_purged":["Strike_R"],"score":422,"play_id":"408a6ff4-75cd-42b3-b003-a7c03637c008","local_time":"20201214000954","is_ascension_mode":true,"campfire_choices":[{"data":"Immolate","floor":6,"key":"SMITH"},{"data":"True Grit","floor":8,"key":"SMITH"},{"data":"Bash","floor":13,"key":"SMITH"},{"data":"Demon Form","floor":15,"key":"SMITH"},{"data":"Feel No Pain","floor":23,"key":"SMITH"}],"circlet_count":0,"master_deck":["AscendersBane","Strike_R","Defend_R","Defend_R","Defend_R","Defend_R","Bash+1","Pommel Strike","True Grit+1","Immolate+1","Thunderclap","Feel No Pain+1","Feel No Pain","Sentinel","Demon Form+1","Limit Break","Clothesline","Bludgeon","Dark Embrace+1"],"relics":["Burning Blood","Golden Idol","FossilizedHelix","Mummified Hand","Toy Ornithopter","Runic Pyramid"],"acts_visited":["Exordium","TheCity"],"potions_floor_usage":[12,19,21,21,25],"damage_taken":[{"damage":11,"enemies":"Jaw Worm","floor":1,"turns":6},{"damage":7,"enemies":"Small Slimes","floor":4,"turns":3},{"damage":0,"enemies":"Cultist","floor":5,"turns":4},{"damage":27,"enemies":"3 Sentries","floor":7,"turns":6},{"damage":0,"enemies":"Large Slime","floor":11,"turns":5},{"damage":3,"enemies":"Lagavulin","floor":12,"turns":5},{"damage":5,"enemies":"The Guardian","floor":16,"turns":8},{"damage":5,"enemies":"Chosen","floor":18,"turns":5},{"damage":9,"enemies":"Shell Parasite","floor":19,"turns":4},{"damage":8,"enemies":"Snake Plant","floor":21,"turns":4},{"damage":47,"enemies":"Shelled Parasite and Fungi","floor":22,"turns":7},{"damage":53,"enemies":"Slavers","floor":25,"turns":4}],"seed_played":"-1553369662262384023","potions_obtained":[{"floor":5,"key":"Swift Potion"},{"floor":7,"key":"Weak Potion"},{"floor":12,"key":"EntropicBrew"},{"floor":16,"key":"Fire Potion"}],"is_trial":false,"path_per_floor":["M","?","?","M","M","R","E","R","T","$","M","E","R","?","R","B",null,"M","M","?","M","M","R","?","E"],"character_chosen":"IRONCLAD","items_purchased":[],"campfire_rested":0,"item_purchase_floors":[],"current_hp_per_floor":[70,70,42,41,47,47,26,26,26,26,32,35,35,35,35,36,71,72,74,74,82,41,41,41,0,0],"gold":317,"neow_bonus":"TEN_PERCENT_HP_BONUS","is_daily":false,"chose_seed":false,"campfire_upgraded":5,"win_rate":0.0,"timestamp":1607922594,"path_taken":["M","?","?","M","M","R","E","R","T","?","M","E","R","?","R","BOSS","M","M","?","M","M","R","?","E"],"items_purchased_type":[],"build_version":"2020-11-30","purchased_purges":1,"victory":false,"max_hp_per_floor":[82,82,82,82,82,82,82,82,82,82,82,82,82,82,82,82,82,82,82,82,82,82,82,82,82,82],"relic_stats":{"counters":[12,61],"Golden Idol":63,"Mummified Hand":[22],"obtain_stats":[{"Golden Idol":3,"Mummified Hand":9,"Burning Blood":0,"FossilizedHelix":7,"Toy Ornithopter":12,"Runic Pyramid":17},{"Golden Idol":1,"Mummified Hand":4,"Burning Blood":0,"FossilizedHelix":4,"Toy Ornithopter":6,"Runic Pyramid":7},{"Golden Idol":6,"Mummified Hand":19,"Burning Blood":0,"FossilizedHelix":19,"Toy Ornithopter":29,"Runic Pyramid":37}],"Burning Blood":66,"Toy Ornithopter":20},"card_choices":[{"not_picked":["Armaments","Wild Strike"],"picked":"Pommel Strike","floor":1},{"not_picked":["Wild Strike","Havoc"],"picked":"True Grit","floor":4},{"not_picked":["Anger","Heavy Blade"],"picked":"Immolate","floor":5},{"not_picked":["Armaments","Heavy Blade"],"picked":"Thunderclap","floor":7},{"not_picked":["Pommel Strike","Clothesline"],"picked":"Feel No Pain","floor":11},{"not_picked":["Fire Breathing","Infernal Blade"],"picked":"Feel No Pain","floor":12},{"not_picked":["Corruption","Exhume"],"picked":"Limit Break","floor":16},{"not_picked":["Clash+1","Battle Trance","Anger+1"],"picked":"SKIP","floor":18},{"not_picked":["Armaments","Flex","Rampage"],"picked":"SKIP","floor":19},{"not_picked":["Pummel","Body Slam","Headbutt"],"picked":"SKIP","floor":21},{"not_picked":["Fire Breathing","Shrug It Off"],"picked":"Dark Embrace+1","floor":22}],"player_experience":2759846,"relics_obtained":[{"floor":7,"key":"FossilizedHelix"},{"floor":9,"key":"Mummified Hand"},{"floor":12,"key":"Toy Ornithopter"}],"event_choices":[{"cards_removed":["Strike_R"],"damage_healed":0,"gold_gain":0,"player_choice":"Card Removal","damage_taken":0,"max_hp_gain":0,"max_hp_loss":0,"event_name":"The Cleric","floor":2,"gold_loss":75},{"damage_healed":0,"gold_gain":0,"player_choice":"Take Damage","damage_taken":28,"relics_obtained":["Golden Idol"],"max_hp_gain":0,"max_hp_loss":0,"event_name":"Golden Idol","floor":3,"gold_loss":0},{"damage_healed":0,"gold_gain":0,"player_choice":"2 cards matched","damage_taken":0,"max_hp_gain":0,"max_hp_loss":0,"event_name":"Match and Keep!","floor":14,"gold_loss":0,"cards_obtained":["Sentinel","Demon Form"]},{"damage_healed":0,"gold_gain":0,"cards_transformed":["Strike_R","Strike_R"],"player_choice":"Became Test Subject","damage_taken":0,"max_hp_gain":0,"max_hp_loss":0,"event_name":"Drug Dealer","floor":20,"gold_loss":0,"cards_obtained":["Clothesline","Bludgeon"]},{"damage_healed":0,"gold_gain":50,"player_choice":"Stole From Cult","damage_taken":0,"max_hp_gain":0,"max_hp_loss":0,"event_name":"Nest","floor":24,"gold_loss":0}],"is_beta":false,"boss_relics":[{"not_picked":["Black Blood","Runic Cube"],"picked":"Runic Pyramid"}],"items_purged_floors":[10],"is_endless":false,"potions_floor_spawned":[5,7,12,16,18],"killed_by":"Slavers","ascension_level":20}}