{"host":"vm8b3ptwl81uq21f","time":1607927281,"event":{"mods":["BaseMod","BetterRewards","Colored Powertips","Downfall","GifTheSpireLib","Googly Eyes","GungeonMod","Halation","Hubris","Minty Spire (QoL Compilation)","Quick Restart","Rare Cards Sparkle","Replay The Spire","Shop Mod","StSLib","Stuff the Spire","The Bug Knight","The IronCluck","[IsaacMod]????"],"gold_per_floor":[118,129,129,129,209,241,260,270,270,302,320,320,27,47,47,149,149,164,164,164],"floor_reached":19,"playtime":908,"items_purged":["DemoMod:Strike_Huntress"],"score":229,"play_id":"921c83d6-6dbc-4f25-a4b3-fe4acdd5910e","local_time":"20201214012801","is_ascension_mode":false,"campfire_choices":[{"data":"DemoMod:RustySidearm","floor":12,"key":"SMITH"},{"data":"DemoMod:ConditionalReflex","floor":15,"key":"SMITH"}],"circlet_count":0,"master_deck":["DemoMod:Strike_Huntress","DemoMod:Strike_Huntress","DemoMod:Defend_Huntress","DemoMod:Defend_Huntress","DemoMod:Defend_Huntress","DemoMod:Defend_Huntress","DemoMod:Roll","DemoMod:ManualReload","DemoMod:RustySidearm+1","DemoMod:CrossBow","DemoMod:Polaris","DemoMod:TripleGun","DemoMod:GunstockTap","DemoMod:TripleGun","DemoMod:FastSwitch","DemoMod:Unmoved","DemoMod:FastSwitch","DemoMod:HungryBullets","DemoMod:ConditionalReflex+1","DemoMod:Desperate","DemoMod:HardPowerCard+1"],"relics":["DemoMod:Dog","HushsDoor","BookofShadows","NeowsBlessing","halation:StarCompass","Replay:Bottled Flurry","halation:TwoAmDonut","Counterbalance","StuffTheSpire:HeavyRock","Painkiller Herb"],"acts_visited":["Exordium","TheCity"],"potions_floor_usage":[10,10],"damage_taken":[{"damage":0,"enemies":"2 Louse","floor":1,"turns":1},{"damage":0,"enemies":"Small Slimes","floor":2,"turns":3},{"damage":0,"enemies":"3 Sentries","floor":6,"turns":1},{"damage":0,"enemies":"Jaw Worm","floor":7,"turns":3},{"damage":0,"enemies":"Blue Slaver","floor":8,"turns":4},{"damage":0,"enemies":"Lagavulin","floor":10,"turns":6},{"damage":0,"enemies":"Exordium Thugs","floor":11,"turns":4},{"damage":0,"enemies":"2 Fungi Beasts","floor":14,"turns":3},{"damage":51,"enemies":"Hexaghost","floor":16,"turns":11},{"damage":12,"enemies":"Spheric Guardian","floor":18,"turns":4},{"damage":30,"enemies":"Masked Bandits","floor":19,"turns":4}],"seed_played":"1760023715458035885","potions_obtained":[{"floor":1,"key":"SpeedPotion"},{"floor":7,"key":"Block Potion"},{"floor":18,"key":"Dexterity Potion"}],"is_trial":false,"path_per_floor":["M","M","?","?","?","E","M","M","T","E","M","R","$","M","R","B",null,"?","?"],"character_chosen":"HUNTRESS","items_purchased":["StuffTheSpire:HeavyRock","DemoMod:HungryBullets"],"campfire_rested":0,"item_purchase_floors":[13,13],"current_hp_per_floor":[70,70,70,75,75,75,75,75,75,75,75,75,75,75,75,24,75,63,33,33],"gold":164,"neow_bonus":"THREE_ENEMY_KILL","is_daily":false,"chose_seed":false,"campfire_upgraded":2,"win_rate":0.0,"timestamp":1607927281,"path_taken":["M","M","?","?","?","E","M","?","T","E","M","R","$","M","R","BOSS","?","?"],"items_purchased_type":["Relic","Card"],"build_version":"2020-12-13","purchased_purges":1,"victory":false,"max_hp_per_floor":[70,70,70,75,75,75,75,75,75,75,75,75,75,75,75,75,75,75,75,75],"card_choices":[{"not_picked":["DemoMod:TeaPot","DemoMod:AbyssalTentacle"],"picked":"DemoMod:Polaris","floor":1},{"not_picked":["DemoMod:MachoBrace","DemoMod:TableSutra"],"picked":"DemoMod:TripleGun","floor":2},{"not_picked":["DemoMod:JK47","DemoMod:GunslingerForm"],"picked":"DemoMod:GunstockTap","floor":6},{"not_picked":["DemoMod:AC15","DemoMod:SAA"],"picked":"DemoMod:TripleGun","floor":7},{"not_picked":["DemoMod:GunstockTap","DemoMod:DoubleSwitch"],"picked":"DemoMod:FastSwitch","floor":8},{"not_picked":["DemoMod:StickyCrossBow","DemoMod:TeaPot"],"picked":"DemoMod:Unmoved","floor":10},{"not_picked":["DemoMod:CursedBullets","DemoMod:TeaPot"],"picked":"DemoMod:FastSwitch","floor":11},{"not_picked":["DemoMod:HighKaliber","DemoMod:BoxingGlove"],"picked":"DemoMod:ConditionalReflex","floor":14},{"not_picked":["DemoMod:BSG","DemoMod:DoubleVision"],"picked":"DemoMod:Desperate","floor":16},{"not_picked":["DemoMod:SAA","DemoMod:BattleInHaste"],"picked":"DemoMod:HardPowerCard+1","floor":18}],"player_experience":296131,"relics_obtained":[{"floor":6,"key":"Replay:Bottled Flurry"},{"floor":9,"key":"halation:TwoAmDonut"},{"floor":10,"key":"Counterbalance"}],"event_choices":[{"damage_healed":0,"gold_gain":0,"player_choice":"Donut","damage_taken":0,"max_hp_gain":5,"max_hp_loss":0,"event_name":"Big Fish","floor":4,"gold_loss":0},{"damage_healed":0,"gold_gain":0,"player_choice":"Fought Bandits","damage_taken":0,"max_hp_gain":0,"max_hp_loss":0,"event_name":"Masked Bandits","floor":19,"gold_loss":0}],"is_beta":false,"boss_relics":[{"not_picked":["DemoMod:Wolf","hubris:HollowSoul"],"picked":"Painkiller Herb"},{"not_picked":[]}],"items_purged_floors":[13],"is_endless":false,"potions_floor_spawned":[1,7,18],"killed_by":"Masked Bandits","ascension_level":0}}