{"host":"3jhxjeq8h3mqaq9s","time":1607914035,"event":{"mods":["BaseMod","Bestiary","Colored Map","Highlight Path","Minty Spire (QoL Compilation)","Rare Cards Sparkle","Relic Stats","StSLib","everything is the same but u backflip on backflip","slay the spire mod where everything is the same but ironclad has a cowboy hat"],"gold_per_floor":[110,123,3,18,36,68,68,95,95,95,110,125,156,125,125,225,225,245,245,264,296,34,34,59,59,59,59,24,44,56,56,56,151,151,168,22,32,43,43,72,72,84,84,84,84,116,338,355,355,355,355,355,47,47,47],"floor_reached":54,"playtime":3846,"items_purged":["Strike_B","Dualcast"],"score":888,"play_id":"995c3d00-4c1c-4a4f-a265-45a2dee4921c","local_time":"20201213214715","is_ascension_mode":true,"campfire_choices":[{"data":"Multi-Cast","floor":7.0,"key":"SMITH"},{"floor":10.0,"key":"REST"},{"floor":15.0,"key":"REST"},{"floor":23.0,"key":"REST"},{"data":"Chaos","floor":25.0,"key":"SMITH"},{"floor":32.0,"key":"REST"},{"data":"Defragment","floor":41.0,"key":"SMITH"},{"floor":45.0,"key":"RECALL"},{"floor":49.0,"key":"REST"},{"data":"Coolheaded","floor":52.0,"key":"SMITH"}],"circlet_count":0,"master_deck":["Strike_B+1","Strike_B","Defend_B","Defend_B","Defend_B","Defend_B","Zap","Gash+1","Compile Driver","Melter","Hologram","Conserve Battery","Chaos+1","Multi-Cast+1","Genetic Algorithm","Coolheaded+1","Reinforced Body","Echo Form","Conserve Battery","Glacier+1","Core Surge","Ball Lightning","Defragment+1","Compile Driver+1","Chaos+1","Echo Form","Hologram+1","Multi-Cast+1","Reinforced Body+1"],"relics":["Cracked Core","MealTicket","Oddly Smooth Stone","Potion Belt","Blood Vial","Kunai","Inserter","Red Mask","Toxic Egg 2","PreservedInsect","Busted Crown","Centennial Puzzle","Whetstone","Cauldron"],"acts_visited":["TheBeyond","TheEnding"],"potions_floor_usage":[54,54],"damage_taken":[{"damage":1.0,"enemies":"Cultist","floor":1.0,"turns":3.0},{"damage":6.0,"enemies":"2 Louse","floor":2.0,"turns":2.0},{"damage":7.0,"enemies":"Jaw Worm","floor":4.0,"turns":3.0},{"damage":12.0,"enemies":"Exordium Thugs","floor":5.0,"turns":5.0},{"damage":13.0,"enemies":"Lagavulin","floor":6.0,"turns":7.0},{"damage":18.0,"enemies":"3 Sentries","floor":8.0,"turns":7.0},{"damage":8.0,"enemies":"3 Louse","floor":11.0,"turns":3.0},{"damage":6.0,"enemies":"Lots of Slimes","floor":12.0,"turns":2.0},{"damage":22.0,"enemies":"Gremlin Nob","floor":13.0,"turns":4.0},{"damage":37.0,"enemies":"The Guardian","floor":16.0,"turns":19.0},{"damage":19.0,"enemies":"Shell Parasite","floor":18.0,"turns":9.0},{"damage":18.0,"enemies":"Chosen","floor":20.0,"turns":6.0},{"damage":24.0,"enemies":"Masked Bandits","floor":21.0,"turns":13.0},{"damage":19.0,"enemies":"Book of Stabbing","floor":24.0,"turns":7.0},{"damage":21.0,"enemies":"Sentry and Sphere","floor":29.0,"turns":4.0},{"damage":9.0,"enemies":"Centurion and Healer","floor":30.0,"turns":9.0},{"damage":46.0,"enemies":"Collector","floor":33.0,"turns":13.0},{"damage":8.0,"enemies":"Orb Walker","floor":35.0,"turns":5.0},{"damage":0.0,"enemies":"3 Shapes","floor":37.0,"turns":4.0},{"damage":13.0,"enemies":"Writhing Mass","floor":38.0,"turns":9.0},{"damage":9.0,"enemies":"Nemesis","floor":40.0,"turns":9.0},{"damage":15.0,"enemies":"4 Shapes","floor":42.0,"turns":6.0},{"damage":10.0,"enemies":"Giant Head","floor":46.0,"turns":11.0},{"damage":25.0,"enemies":"Jaw Worm Horde","floor":48.0,"turns":8.0},{"damage":14.0,"enemies":"Time Eater","floor":50.0,"turns":11.0},{"damage":75,"enemies":"Shield and Spear","floor":54,"turns":6}],"seed_played":"-2197503474144734687","potions_obtained":[{"floor":4.0,"key":"SkillPotion"},{"floor":5.0,"key":"AttackPotion"},{"floor":8.0,"key":"GamblersBrew"},{"floor":13.0,"key":"LiquidBronze"},{"floor":16.0,"key":"FairyPotion"},{"floor":18.0,"key":"EssenceOfSteel"},{"floor":21.0,"key":"LiquidBronze"},{"floor":33.0,"key":"Fire Potion"},{"floor":42.0,"key":"Explosive Potion"},{"floor":53.0,"key":"Weak Potion"},{"floor":53.0,"key":"AttackPotion"},{"floor":53.0,"key":"Explosive Potion"},{"floor":53.0,"key":"PowerPotion"},{"floor":53.0,"key":"Swift Potion"}],"is_trial":false,"path_per_floor":["M","M","$","M","M","E","R","E","T","R","M","M","E","?","R","B",null,"M","?","M","?","$","R","E","R","T","?","$","M","M","?","R","B",null,"M","$","M","M","$","E","R","M","T","$","R","E","?","M","R","B",null,"R","$","E"],"character_chosen":"DEFECT","items_purchased":["Melter","Hologram","Core Surge","Weak Potion","Defragment","Multi-Cast+1","Cauldron","FocusPotion"],"campfire_rested":5,"item_purchase_floors":[3,3,22,22,28,36,53,53],"current_hp_per_floor":[74,68,75,68,56,43,43,25,25,47,41,37,17,17,39,4,57,40,40,24,2,17,39,22,22,22,22,37,18,11,11,33,12,59,53,68,70,59,74,66,66,53,53,68,68,60,60,37,59,47,68,68,75,0,0],"gold":47,"neow_bonus":"RANDOM_COMMON_RELIC","is_daily":false,"chose_seed":false,"campfire_upgraded":4,"win_rate":0.0,"timestamp":1607914035,"path_taken":["M","M","$","M","M","E","R","E","T","R","M","M","E","?","R","BOSS","M","?","M","?","$","R","E","R","T","?","?","?","M","?","R","BOSS","M","$","?","M","?","E","R","?","T","?","R","E","?","M","R","BOSS","R","$","E"],"items_purchased_type":["Card","Card","Card","Potion","Card","Card","Relic","Potion"],"build_version":"2020-12-13","purchased_purges":2,"victory":false,"max_hp_per_floor":[75,75,75,75,75,75,75,75,75,75,75,75,75,75,75,75,75,75,75,75,75,75,75,75,75,75,75,75,75,75,75,75,75,75,75,75,75,75,75,75,75,75,75,75,75,75,75,75,75,75,75,75,75,75,75],"relic_stats":{"Blood Vial":37,"Centennial Puzzle":[15],"Inserter":[65],"Busted Crown":16,"counters":[26,185],"MealTicket":89,"PreservedInsect":240,"Kunai":[25],"Whetstone":["Strike_B","Gash"],"obtain_stats":[{"Potion Belt":8,"Inserter":17,"Oddly Smooth Stone":6,"PreservedInsect":26,"Whetstone":46,"Blood Vial":9,"Cauldron":53,"Centennial Puzzle":40,"Busted Crown":34,"MealTicket":0,"Red Mask":21,"Kunai":13,"Toxic Egg 2":24,"Cracked Core":0},{"Potion Belt":6,"Inserter":10,"Oddly Smooth Stone":5,"PreservedInsect":14,"Whetstone":23,"Blood Vial":6,"Cauldron":25,"Centennial Puzzle":21,"Busted Crown":17,"MealTicket":0,"Red Mask":13,"Kunai":9,"Toxic Egg 2":14,"Cracked Core":0},{"Potion Belt":27,"Inserter":55,"Oddly Smooth Stone":20,"PreservedInsect":90,"Whetstone":160,"Blood Vial":27,"Cauldron":179,"Centennial Puzzle":143,"Busted Crown":116,"MealTicket":0,"Red Mask":83,"Kunai":36,"Toxic Egg 2":90,"Cracked Core":0}]},"card_choices":[{"not_picked":["Turbo","Rip and Tear"],"picked":"Gash","floor":1.0},{"not_picked":["Melter","Rebound"],"picked":"Compile Driver","floor":2.0},{"not_picked":["Steam","Rebound"],"picked":"Conserve Battery","floor":4.0},{"not_picked":["Steam Power","Capacitor"],"picked":"Chaos","floor":5.0},{"not_picked":["Chill","Cold Snap"],"picked":"Multi-Cast","floor":6.0},{"not_picked":["FTL","Hello World"],"picked":"Genetic Algorithm","floor":8.0},{"not_picked":["Fusion","Turbo"],"picked":"Coolheaded","floor":11.0},{"not_picked":["Barrage","Aggregate"],"picked":"Reinforced Body","floor":12.0},{"not_picked":["Stack","Storm","Rip and Tear"],"picked":"SKIP","floor":13.0},{"not_picked":["Seek","Buffer"],"picked":"Echo Form","floor":16.0},{"not_picked":["Go for the Eyes","Loop+1"],"picked":"Conserve Battery","floor":18.0},{"not_picked":["Ball Lightning","Streamline"],"picked":"Glacier+1","floor":20.0},{"not_picked":["Streamline+1","Loop"],"picked":"Ball Lightning","floor":24.0},{"not_picked":["Beam Cell","Ball Lightning"],"picked":"Compile Driver+1","floor":29.0},{"not_picked":["Turbo+1","Steam+1"],"picked":"Chaos+1","floor":30.0},{"not_picked":["Reboot+1","Rainbow+1"],"picked":"Echo Form","floor":33.0},{"not_picked":[],"picked":"Hologram+1","floor":35.0},{"not_picked":[],"picked":"Reinforced Body+1","floor":37.0},{"not_picked":["Chill+1"],"picked":"SKIP","floor":38.0},{"not_picked":["Turbo+1"],"picked":"SKIP","floor":40.0},{"not_picked":["Go for the Eyes+1"],"picked":"SKIP","floor":42.0},{"not_picked":["Meteor Strike"],"picked":"SKIP","floor":46.0},{"not_picked":["Go for the Eyes"],"picked":"SKIP","floor":48.0}],"player_experience":2426552,"relics_obtained":[{"floor":6.0,"key":"Oddly Smooth Stone"},{"floor":8.0,"key":"Potion Belt"},{"floor":9.0,"key":"Blood Vial"},{"floor":13.0,"key":"Kunai"},{"floor":21.0,"key":"Red Mask"},{"floor":24.0,"key":"Toxic Egg 2"},{"floor":26.0,"key":"PreservedInsect"},{"floor":40.0,"key":"Centennial Puzzle"},{"floor":46.0,"key":"Whetstone"}],"event_choices":[{"damage_healed":0.0,"max_hp_gain":0.0,"max_hp_loss":0.0,"gold_gain":0.0,"event_name":"World of Goop","player_choice":"Left Gold","floor":14.0,"gold_loss":31.0,"damage_taken":0.0},{"damage_healed":0.0,"max_hp_gain":0.0,"max_hp_loss":0.0,"gold_gain":0.0,"event_name":"The Mausoleum","player_choice":"Ignored","floor":19.0,"gold_loss":0.0,"damage_taken":0.0},{"damage_healed":0.0,"max_hp_gain":0.0,"max_hp_loss":0.0,"gold_gain":0.0,"event_name":"Masked Bandits","player_choice":"Fought Bandits","floor":21.0,"gold_loss":0.0,"damage_taken":0.0},{"cards_removed":["Strike_B"],"damage_healed":0.0,"max_hp_gain":0.0,"max_hp_loss":0.0,"gold_gain":0.0,"event_name":"Purifier","player_choice":"Purged","floor":31.0,"gold_loss":0.0,"damage_taken":0.0},{"damage_healed":0.0,"max_hp_gain":0.0,"max_hp_loss":0.0,"gold_gain":222.0,"event_name":"Tomb of Lord Red Mask","player_choice":"Wore Mask","floor":47.0,"gold_loss":0.0,"damage_taken":0.0}],"is_beta":false,"boss_relics":[{"not_picked":["Pandora\u0027s Box","FrozenCore"],"picked":"Inserter"},{"not_picked":["SlaversCollar","Runic Pyramid"],"picked":"Busted Crown"}],"items_purged_floors":[22,53],"is_endless":false,"potions_floor_spawned":[4,5,8,13,16,18,21,33,42],"killed_by":"Shield and Spear","ascension_level":5}}