{"host":"j4g6ia6asvpyu2b0","time":1607907040,"event":{"mods":["BaseMod","Colored Map","Minty Spire (QoL Compilation)","Permanent Neow","Quick Restart","Relic Stats","StSLib","Unceasing Turn Reminder"],"gold_per_floor":[11,30,47,66,79,107,107,132,132,132,92,111,130,143,143,238,238,248,268,285,301,314,340,340,373,396,413,23,36,51,51,51,151,151,161,161,161,177,197,197,223,223,223],"floor_reached":42,"playtime":5183,"items_purged":[],"score":564,"play_id":"1caff9ec-15c0-4843-812f-9f84362186bc","local_time":"20201213175040","is_ascension_mode":true,"campfire_choices":[{"data":"Apotheosis","floor":7.0,"key":"SMITH"},{"data":"Crippling Poison","floor":10.0,"key":"SMITH"},{"floor":15.0,"key":"RECALL"},{"data":"Crippling Poison","floor":24.0,"key":"SMITH"},{"data":"1","floor":32,"key":"LIFT"},{"data":"2","floor":40,"key":"LIFT"}],"circlet_count":0,"master_deck":["Strike_G","Strike_G+1","Strike_G","Strike_G","Defend_G","Defend_G","Defend_G","Defend_G","Defend_G","Survivor","Neutralize+1","Apotheosis+1","Crippling Poison+1","Deadly Poison","Cloak And Dagger","Poisoned Stab","Crippling Poison+1","Escape Plan","PiercingWail","Caltrops","Dagger Spray","Terror","Corpse Explosion","Backflip","Bouncing Flask","Footwork+1","Poisoned Stab","Poisoned Stab+1","Predator","After Image+1","Deadly Poison","PiercingWail","Adrenaline","Catalyst","Outmaneuver","Well Laid Plans+1","Tools of the Trade","Flying Knee+1","Venomology","CurseOfTheBell","Leg Sweep+1","Dodge and Roll","Madness","Madness","Cloak And Dagger","Prepared+1","Deadly Poison","Catalyst+1"],"relics":["Ring of the Snake","Whetstone","Pen Nib","The Specimen","Coffee Dripper","Prayer Wheel","StoneCalendar","Bag of Marbles","Membership Card","Girya","Calling Bell","Omamori","Kunai","Du-Vu Doll","Bottled Tornado"],"acts_visited":["Exordium","TheCity","TheBeyond"],"potions_floor_usage":[38,41,41],"damage_taken":[{"damage":1.0,"enemies":"Jaw Worm","floor":1.0,"turns":6.0},{"damage":0.0,"enemies":"Cultist","floor":2.0,"turns":4.0},{"damage":0.0,"enemies":"2 Louse","floor":3.0,"turns":2.0},{"damage":0.0,"enemies":"2 Fungi Beasts","floor":4.0,"turns":4.0},{"damage":3.0,"enemies":"Blue Slaver","floor":5.0,"turns":4.0},{"damage":3.0,"enemies":"3 Sentries","floor":6.0,"turns":6.0},{"damage":13.0,"enemies":"Gremlin Nob","floor":8.0,"turns":4.0},{"damage":0.0,"enemies":"Lots of Slimes","floor":12.0,"turns":2.0},{"damage":0.0,"enemies":"Large Slime","floor":13.0,"turns":5.0},{"damage":0.0,"enemies":"3 Louse","floor":14.0,"turns":3.0},{"damage":10.0,"enemies":"Hexaghost","floor":16.0,"turns":7.0},{"damage":0.0,"enemies":"Chosen","floor":18.0,"turns":4.0},{"damage":9.0,"enemies":"Spheric Guardian","floor":19.0,"turns":4.0},{"damage":1.0,"enemies":"Cultist and Chosen","floor":20.0,"turns":3.0},{"damage":14.0,"enemies":"Sentry and Sphere","floor":21.0,"turns":4.0},{"damage":2.0,"enemies":"Centurion and Healer","floor":22.0,"turns":4.0},{"damage":0.0,"enemies":"Gremlin Leader","floor":23.0,"turns":4.0},{"damage":15.0,"enemies":"Book of Stabbing","floor":25.0,"turns":5.0},{"damage":0.0,"enemies":"Snake Plant","floor":27.0,"turns":3.0},{"damage":1.0,"enemies":"Chosen and Byrds","floor":29.0,"turns":3.0},{"damage":13.0,"enemies":"Shelled Parasite and Fungi","floor":30.0,"turns":4.0},{"damage":38,"enemies":"Collector","floor":33,"turns":7},{"damage":2,"enemies":"3 Darklings","floor":35,"turns":3},{"damage":0,"enemies":"3 Shapes","floor":38,"turns":2},{"damage":23,"enemies":"Spire Growth","floor":39,"turns":4},{"damage":34,"enemies":"Reptomancer","floor":41,"turns":6},{"damage":13,"enemies":"4 Shapes","floor":42,"turns":1}],"seed_played":"-8583166138681611320","potions_obtained":[{"floor":1.0,"key":"DistilledChaos"},{"floor":2.0,"key":"Explosive Potion"},{"floor":11.0,"key":"Weak Potion"},{"floor":11.0,"key":"Fruit Juice"},{"floor":11.0,"key":"SneckoOil"},{"floor":13.0,"key":"Regen Potion"},{"floor":19.0,"key":"Regen Potion"},{"floor":25.0,"key":"CunningPotion"},{"floor":39,"key":"DuplicationPotion"},{"floor":41,"key":"Dexterity Potion"}],"is_trial":false,"path_per_floor":["M","M","M","M","M","E","R","E","T","R","?","M","M","M","R","B",null,"M","M","M","M","M","E","R","E","T","M","$","M","M","?","R","B",null,"M","?","?","M","M","R","E","M"],"character_chosen":"THE_SILENT","items_purchased":["Membership Card","Girya","Adrenaline","Catalyst"],"campfire_rested":0,"item_purchase_floors":[28,28,28,28],"current_hp_per_floor":[69,69,69,69,66,63,63,50,50,50,55,55,55,55,55,45,75,75,66,65,51,49,49,49,67,67,67,67,66,53,53,53,15,75,73,64,64,64,41,41,7,0,0],"gold":223,"neow_bonus":"RANDOM_COLORLESS_2","is_daily":false,"chose_seed":false,"campfire_upgraded":3,"win_rate":0.0,"timestamp":1607907040,"path_taken":["M","M","M","M","M","E","R","E","T","R","?","M","M","M","R","BOSS","M","M","M","M","M","E","R","E","T","M","$","M","?","?","R","BOSS","M","?","?","M","M","R","E","M"],"items_purchased_type":["Relic","Relic","Card","Card"],"build_version":"2020-11-30","purchased_purges":0,"victory":false,"max_hp_per_floor":[70,70,70,70,70,70,70,70,70,70,75,75,75,75,75,75,75,75,75,75,75,75,75,75,75,75,75,75,75,75,75,75,75,75,75,75,75,75,75,75,75,75,75],"relic_stats":{"counters":[27,108],"Prayer Wheel":6,"StoneCalendar":[117],"Pen Nib":[10],"Whetstone":["Neutralize","Strike_G"],"Kunai":[2],"obtain_stats":[{"Girya":28,"The Specimen":9,"StoneCalendar":25,"Pen Nib":8,"Omamori":34,"Whetstone":6,"Bottled Tornado":41,"Calling Bell":34,"Du-Vu Doll":34,"Prayer Wheel":23,"Coffee Dripper":17,"Bag of Marbles":26,"Membership Card":28,"Kunai":34,"Ring of the Snake":0},{"Girya":19,"The Specimen":7,"StoneCalendar":18,"Pen Nib":7,"Omamori":22,"Whetstone":6,"Bottled Tornado":26,"Calling Bell":22,"Du-Vu Doll":22,"Prayer Wheel":17,"Coffee Dripper":11,"Bag of Marbles":18,"Membership Card":19,"Kunai":22,"Ring of the Snake":0},{"Girya":78,"The Specimen":30,"StoneCalendar":75,"Pen Nib":30,"Omamori":92,"Whetstone":26,"Bottled Tornado":107,"Calling Bell":92,"Du-Vu Doll":92,"Prayer Wheel":70,"Coffee Dripper":47,"Bag of Marbles":75,"Membership Card":78,"Kunai":92,"Ring of the Snake":0}],"Ring of the Snake":[54]},"card_choices":[{"not_picked":["Secret Technique","Chrysalis"],"picked":"Apotheosis","floor":0.0},{"not_picked":["Deadly Poison","Dagger Spray"],"picked":"Crippling Poison","floor":1.0},{"not_picked":["Accuracy","PiercingWail"],"picked":"Deadly Poison","floor":2.0},{"not_picked":["Prepared","Heel Hook"],"picked":"Cloak And Dagger","floor":3.0},{"not_picked":["Sucker Punch","Dodge and Roll"],"picked":"Poisoned Stab","floor":4.0},{"not_picked":["Acrobatics","Masterful Stab"],"picked":"Crippling Poison","floor":5.0},{"not_picked":["All Out Attack","Dagger Throw"],"picked":"Escape Plan","floor":6.0},{"not_picked":["Grand Finale","Prepared"],"picked":"PiercingWail","floor":8.0},{"not_picked":["Distraction","Acrobatics"],"picked":"Caltrops","floor":12.0},{"not_picked":["Acrobatics","Slice"],"picked":"Dagger Spray","floor":13.0},{"not_picked":["Outmaneuver","Quick Slash"],"picked":"Terror","floor":14.0},{"not_picked":["Bullet Time","Unload"],"picked":"Corpse Explosion","floor":16.0},{"not_picked":["Underhanded Strike","Caltrops"],"picked":"Backflip","floor":18.0},{"not_picked":["Slice","Flechettes"],"picked":"Bouncing Flask","floor":19.0},{"not_picked":["Blade Dance+1","Dagger Throw+1"],"picked":"Footwork+1","floor":20.0},{"not_picked":["Underhanded Strike","Prepared"],"picked":"Poisoned Stab","floor":21.0},{"not_picked":["PiercingWail","Burst"],"picked":"Poisoned Stab+1","floor":22.0},{"not_picked":["Venomology","Outmaneuver"],"picked":"Predator","floor":23.0},{"not_picked":["Bane","Setup"],"picked":"After Image","floor":25.0},{"not_picked":["Prepared","Slice"],"picked":"Deadly Poison","floor":27.0},{"not_picked":["Tactician","Slice"],"picked":"PiercingWail","floor":27.0},{"not_picked":["Flechettes","Deflect"],"picked":"Outmaneuver","floor":29.0},{"not_picked":["Sucker Punch","Acrobatics"],"picked":"Well Laid Plans+1","floor":29.0},{"not_picked":["Dodge and Roll","PiercingWail"],"picked":"Tools of the Trade","floor":30.0},{"not_picked":["Underhanded Strike+1","Reflex"],"picked":"Flying Knee+1","floor":30.0},{"not_picked":["Die Die Die","Tools of the Trade"],"picked":"Venomology","floor":33},{"not_picked":["Reflex+1","Tactician"],"picked":"Leg Sweep+1","floor":35},{"not_picked":["Cloak And Dagger","Dagger Spray"],"picked":"Dodge and Roll","floor":35},{"not_picked":["PiercingWail","Concentrate"],"picked":"Cloak And Dagger","floor":38},{"not_picked":["Dagger Spray+1","Reflex"],"picked":"Prepared+1","floor":38},{"not_picked":["Slice+1","Dagger Throw+1"],"picked":"Deadly Poison","floor":39},{"not_picked":["PiercingWail+1","Poisoned Stab"],"picked":"Catalyst+1","floor":39},{"not_picked":["Poisoned Stab","Bane","Backstab+1"],"picked":"SKIP","floor":41}],"player_experience":630718,"relics_obtained":[{"floor":6.0,"key":"Whetstone"},{"floor":8.0,"key":"Pen Nib"},{"floor":9.0,"key":"The Specimen"},{"floor":23.0,"key":"Prayer Wheel"},{"floor":25.0,"key":"StoneCalendar"},{"floor":26.0,"key":"Bag of Marbles"},{"floor":34,"key":"Omamori"},{"floor":34,"key":"Kunai"},{"floor":34,"key":"Du-Vu Doll"},{"floor":41,"key":"Bottled Tornado"}],"event_choices":[{"damage_healed":0.0,"max_hp_gain":0.0,"max_hp_loss":0.0,"gold_gain":0.0,"event_name":"The Woman in Blue","player_choice":"Bought 3 Potions","floor":11.0,"gold_loss":0.0,"damage_taken":0.0},{"cards_removed":["Strike_G"],"damage_healed":0,"gold_gain":0,"player_choice":"Elegance","damage_taken":0,"max_hp_gain":0,"max_hp_loss":0,"event_name":"Back to Basics","floor":31,"gold_loss":0},{"damage_healed":0,"gold_gain":0,"player_choice":"Embrace Madness","damage_taken":9,"max_hp_gain":0,"max_hp_loss":0,"event_name":"Winding Halls","floor":36,"gold_loss":0,"cards_obtained":["Madness","Madness"]},{"damage_healed":0,"gold_gain":0,"player_choice":"Upgraded","damage_taken":0,"max_hp_gain":0,"max_hp_loss":0,"event_name":"Upgrade Shrine","floor":37,"gold_loss":0,"cards_upgraded":["After Image"]}],"is_beta":false,"boss_relics":[{"not_picked":["HoveringKite","Philosopher\u0027s Stone"],"picked":"Coffee Dripper"},{"not_picked":["SacredBark","Pandora\u0027s Box"],"picked":"Calling Bell"}],"items_purged_floors":[],"is_endless":false,"potions_floor_spawned":[1,2,13,16,19,21,22,25,35,39,41],"killed_by":"4 Shapes","ascension_level":1}}