{"host":"44szraw8fc5x6fuf","time":1607909388,"event":{"mods":["2.2 Compatiblity","Act Like it!","Aspiration","BaseMod","Better Altar","Better Match","Better Note","Better Sensory Stone","Better Skull","CapriCore","Chen","Colored Map","Conspire","Gensokyo","Hermit","Highlight Path","Koishi","KomeijiMod","Lobotomy","LobotomyExtend","MarisaÅiñ∂âJÅ@ñÇóùçπÅj","Minty Spire (QoL Compilation)","Pale of the Ancients","Permanent Neow","Puzzle Mod","Rare Cards Sparkle","ReimuÅiîé??öÎÅj","Spicy Shops","StSLib","The Administrix","The Alterego","The Factory","The Fake Hero","The Immortal","TheFirefly","Yuyuko","Åy?ï˚ìÒéü?çÏÅzî™â]éámod","Åy?ï®?îvÅzREMEMod"],"gold_per_floor":[513,513,528,39,151,186,200,200,200,30,74,349,349,385,410,410,48,82,105,146,146,146,146,190,190,338,338,338],"floor_reached":17,"playtime":1415,"items_purged":["luka_mod:Surrender","Regret"],"score":221,"play_id":"4f91e0ce-902f-444d-bffd-fd44d8b7ab21","local_time":"20201213202948","is_ascension_mode":false,"campfire_choices":[{"data":"luka_mod:Gnome","floor":8,"key":"SMITH"},{"data":"luka_mod:CriticalHit","floor":6,"key":"SMITH"},{"data":"luka_mod:Granberia","floor":15,"key":"SMITH"}],"circlet_count":0,"master_deck":["luka_mod:StrikeLukaOne","luka_mod:StrikeLukaTwo","luka_mod:StrikeLukaThree","luka_mod:StrikeLukaFour","luka_mod:StrikeLukaFive","luka_mod:StrikeLukaSix","luka_mod:Salt","luka_mod:Guard+1","luka_mod:Wait","luka_mod:FlailWildly","luka_mod:Meditation","MusouMyousyu","Bandage Up","luka_mod:PrayToIlias","luka_mod:Gnome+1","luka_mod:Determination","luka_mod:CriticalHit+1","luka_mod:HeavenlyDemonRevival","luka_mod:AlicesGuard","luka_mod:GuardTraining","GreenStem+1","luka_mod:Granberia+1","luka_mod:Alice"],"relics":["luka_mod:KeepsakeRing","REME_ComplimentaryCards","Happy Flower","Dead Branch","Kunai","Regal Pillow","Bag of Marbles","Dream Catcher","REME_ArchaeologicalTools","LetterFromLob","Matryoshka","Smiling Mask","PreservedInsect","Golden Idol","Oddly Smooth Stone","Runic Dome"],"acts_visited":["Gensokyo:Gensokyo","TheBeyond"],"potions_floor_usage":[],"damage_taken":[{"damage":14,"enemies":"Gensokyo:Python","floor":1,"turns":4},{"damage":6,"enemies":"Gensokyo:2_Kodama","floor":3,"turns":2},{"damage":0,"enemies":"Gensokyo:Aya","floor":6,"turns":4},{"damage":0,"enemies":"Gensokyo:Gryphon","floor":7,"turns":1},{"damage":6,"enemies":"Jaw Worm","floor":1,"turns":2},{"damage":0,"enemies":"2 Louse","floor":4,"turns":1},{"damage":0,"enemies":"Cultist","floor":5,"turns":1},{"damage":9,"enemies":"Exordium Wildlife","floor":8,"turns":3},{"damage":16,"enemies":"Large Slime","floor":10,"turns":2},{"damage":0,"enemies":"Gremlin Nob","floor":14,"turns":2},{"damage":11,"enemies":"The Guardian","floor":16,"turns":5}],"seed_played":"3529841983945943260","potions_obtained":[{"floor":6,"key":"Block Potion"},{"floor":4,"key":"FairyPotion"},{"floor":5,"key":"Dexterity Potion"},{"floor":16,"key":"SteroidPotion"}],"is_trial":false,"path_per_floor":["M","?","M","$","?","E","M","R","T","$","M","M","?","?","M","M","R","$","M","T","M","?","?","?","E","R","B",null],"character_chosen":"LUKA_CLASS","items_purchased":["Dead Branch","Kunai","luka_mod:Gnome","luka_mod:CriticalHit","Matryoshka"],"campfire_rested":0,"item_purchase_floors":[4,4,4,10,7],"current_hp_per_floor":[40,40,34,34,10,14,14,14,14,14,38,38,38,38,38,38,38,29,29,28,28,18,18,18,18,31,40,40],"gold":338,"neow_bonus":"RANDOM_COLORLESS","is_daily":false,"chose_seed":false,"campfire_upgraded":3,"win_rate":0.0,"timestamp":1607909388,"path_taken":["M","?","M","$","?","E","M","R","T","$","?","M","?","?","M","?","R","$","M","T","M","?","?","?","E","R","BOSS"],"items_purchased_type":["Relic","Relic","Card","Card","Relic"],"build_version":"2020-12-13","purchased_purges":2,"victory":false,"max_hp_per_floor":[40,40,40,40,40,40,40,40,40,40,40,40,40,40,40,40,40,40,40,40,40,40,40,40,40,40,40,40],"card_choices":[{"not_picked":["Deep Breath","Impatience"],"picked":"Bandage Up","floor":0},{"not_picked":["luka_mod:WaterSlash","luka_mod:StrikeLuka"],"picked":"luka_mod:FireSlash","floor":1},{"not_picked":["luka_mod:FireSlash","luka_mod:Struggle"],"picked":"luka_mod:PrayToIlias","floor":3},{"not_picked":["luka_mod:WindSlash","luka_mod:HeroicStrike","luka_mod:Ora"],"picked":"SKIP","floor":6},{"not_picked":["luka_mod:Struggle","luka_mod:NotVerySharp"],"picked":"luka_mod:Determination","floor":7},{"not_picked":["luka_mod:NeverSurrender","luka_mod:FlashKill","luka_mod:Intense"],"picked":"SKIP","floor":1},{"not_picked":["luka_mod:Overexert","luka_mod:DemonDecapitation"],"picked":"luka_mod:HeavenlyDemonRevival","floor":4},{"not_picked":["luka_mod:Struggle","luka_mod:Overexert","luka_mod:Intense"],"picked":"SKIP","floor":5},{"not_picked":["luka_mod:BladeOfHowlingWind","luka_mod:WaterSlash"],"picked":"luka_mod:AlicesGuard","floor":8},{"not_picked":["luka_mod:AlicesGuard","luka_mod:DemonDecapitation","luka_mod:Intense"],"picked":"SKIP","floor":10},{"not_picked":["luka_mod:Sara","luka_mod:FireSlash"],"picked":"luka_mod:Granberia","floor":14},{"not_picked":["luka_mod:AlicesFist","luka_mod:NoDebuffs"],"picked":"luka_mod:Alice","floor":16}],"player_experience":209325,"relics_obtained":[{"floor":1,"key":"LetterFromLob"},{"floor":6,"key":"Dream Catcher"},{"floor":9,"key":"REME_ArchaeologicalTools"},{"floor":1,"key":"LetterFromLob"},{"floor":9,"key":"Smiling Mask"},{"floor":9,"key":"PreservedInsect"},{"floor":14,"key":"Oddly Smooth Stone"}],"event_choices":[{"damage_healed":0,"gold_gain":112,"player_choice":"RE GO RE ","damage_taken":29,"relics_obtained":["Regal Pillow","Bag of Marbles"],"max_hp_gain":0,"max_hp_loss":0,"event_name":"betterSkull:BetterSkull","floor":5,"gold_loss":0,"cards_upgraded":[]},{"damage_healed":0,"gold_gain":275,"player_choice":"Desecrate","damage_taken":0,"max_hp_gain":0,"max_hp_loss":0,"event_name":"Golden Shrine","floor":2,"gold_loss":0,"cards_obtained":["Regret"]},{"damage_healed":0,"gold_gain":0,"player_choice":"Upgraded","damage_taken":0,"max_hp_gain":0,"max_hp_loss":0,"event_name":"Upgrade Shrine","floor":3,"gold_loss":0,"cards_upgraded":["luka_mod:Guard"]},{"damage_healed":0,"gold_gain":0,"cards_transformed":["luka_mod:Edging"],"player_choice":"Transformed","damage_taken":0,"max_hp_gain":0,"max_hp_loss":0,"event_name":"Transmorgrifier","floor":11,"gold_loss":0,"cards_obtained":["luka_mod:GuardTraining"]},{"damage_healed":0,"gold_gain":0,"player_choice":"Take Damage","damage_taken":10,"relics_obtained":["Golden Idol"],"max_hp_gain":0,"max_hp_loss":0,"event_name":"Golden Idol","floor":12,"gold_loss":0},{"cards_removed":["luka_mod:Meditation"],"damage_healed":0,"gold_gain":0,"player_choice":"Take \u0026 Give","damage_taken":0,"max_hp_gain":0,"max_hp_loss":0,"event_name":"betterNote:BetterNote","floor":13,"gold_loss":0,"cards_obtained":["GreenStem"]}],"is_beta":false,"boss_relics":[{"not_picked":["REME_LowDesire","REME_DuelDisc"],"picked":"Runic Dome"}],"items_purged_floors":[10,7],"is_endless":false,"potions_floor_spawned":[6,4,5,16],"ascension_level":0}}