{"host":"0285y92tozoijo7k","time":1607958797,"event":{"mods":["AchievementEnabler","Act Like it!","BaseMod","Colored Map","DeckTracker","Keyboard Shortcuts","Minty Spire (QoL Compilation)","Permanent Neow","StSLib","SuperFastMode"],"gold_per_floor":[112,37,54,70,80,80,107,107,133,153,153,153],"floor_reached":11,"playtime":320,"items_purged":["Strike_P"],"score":113,"play_id":"adeb3b9a-2732-485f-830f-d036c3e80e67","local_time":"20201215001317","is_ascension_mode":true,"campfire_choices":[{"data":"FearNoEvil","floor":6,"key":"SMITH"},{"floor":8,"key":"REST"}],"circlet_count":0,"master_deck":["AscendersBane","Strike_P","Strike_P","Strike_P","Defend_P","Defend_P","Defend_P","Defend_P","Eruption+1","Vigilance","FearNoEvil+1","ConjureBlade"],"relics":["PureWater","Art of War","Ancient Tea Set"],"acts_visited":["Exordium"],"potions_floor_usage":[5,7,11],"damage_taken":[{"damage":13,"enemies":"Small Slimes","floor":1,"turns":4},{"damage":0,"enemies":"2 Louse","floor":3,"turns":2},{"damage":0,"enemies":"Cultist","floor":4,"turns":3},{"damage":19,"enemies":"Large Slime","floor":5,"turns":8},{"damage":23,"enemies":"Lagavulin","floor":7,"turns":7},{"damage":9,"enemies":"2 Fungi Beasts","floor":10,"turns":5},{"damage":14,"enemies":"3 Sentries","floor":11,"turns":4}],"seed_played":"-444830702670037053","potions_obtained":[{"floor":3,"key":"AttackPotion"},{"floor":4,"key":"SkillPotion"},{"floor":10,"key":"BlessingOfTheForge"}],"is_trial":false,"path_per_floor":["M","$","M","M","M","R","E","R","T","M","E"],"character_chosen":"WATCHER","items_purchased":[],"campfire_rested":1,"item_purchase_floors":[],"current_hp_per_floor":[52,52,52,52,33,33,10,31,31,22,8,8],"gold":153,"neow_bonus":"UPGRADE_CARD","is_daily":false,"chose_seed":false,"campfire_upgraded":1,"win_rate":0.0,"timestamp":1607958797,"path_taken":["M","$","M","M","M","R","E","R","T","M","E"],"items_purchased_type":[],"build_version":"2020-12-13","purchased_purges":1,"victory":false,"max_hp_per_floor":[72,72,72,72,72,72,72,72,72,72,72,72],"card_choices":[{"not_picked":["Evaluate","CrushJoints","ClearTheMind"],"picked":"SKIP","floor":1},{"not_picked":["ClearTheMind","Swivel","Study"],"picked":"SKIP","floor":3},{"not_picked":["CrushJoints","BowlingBash","Evaluate"],"picked":"SKIP","floor":4},{"not_picked":["WaveOfTheHand","SignatureMove"],"picked":"FearNoEvil","floor":5},{"not_picked":["SpiritShield","Protect"],"picked":"ConjureBlade","floor":7},{"not_picked":["DeceiveReality","ThirdEye","Meditate"],"picked":"SKIP","floor":10}],"player_experience":375497,"relics_obtained":[{"floor":7,"key":"Art of War"},{"floor":9,"key":"Ancient Tea Set"}],"event_choices":[],"is_beta":false,"boss_relics":[],"items_purged_floors":[2],"is_endless":false,"potions_floor_spawned":[3,4,10],"killed_by":"3 Sentries","ascension_level":10}}