{"host":"swphzoo6hmc78epl","time":1607913622,"event":{"mods":["BaseMod","Highlight Path","Minty Spire (QoL Compilation)","Quick Restart"],"gold_per_floor":[113,124,136,153,153,153,166,184,235,245,275,288,306,322,322,419,419,432,432,531,310,322,355,355,384,396,18,29,57,86,105,105,202,202,222,242,242,50,63,93,143,143,169,184,217,230,258,258,258,258,258,258,133,165,165,165],"floor_reached":55,"playtime":4305,"items_purged":["Writhe","Strike_P","Adaptation"],"score":1116,"play_id":"4727e9f3-0a54-46ac-9f1c-39d86a81befc","local_time":"20201213214022","is_ascension_mode":true,"campfire_choices":[{"data":"Wallop","floor":6,"key":"SMITH"},{"data":"Weave","floor":15,"key":"SMITH"},{"data":"Devotion","floor":24,"key":"SMITH"},{"floor":32,"key":"RECALL"},{"data":"DevaForm","floor":42,"key":"SMITH"},{"data":"Nirvana","floor":49,"key":"SMITH"},{"data":"WheelKick","floor":52,"key":"SMITH"}],"circlet_count":0,"master_deck":["Strike_P","Defend_P","Defend_P","Defend_P","Defend_P","Eruption","Vigilance","Wallop+1","Conclude","EmptyFist","WheelKick+1","FearNoEvil","CutThroughFate","Crescendo","FlurryOfBlows","CutThroughFate","Weave+1","Prostrate","Devotion+1","FlurryOfBlows","Pray","Perseverance","JustLucky","Sanctity","FollowUp+1","Nirvana+1","DevaForm+1","CutThroughFate+1","Wireheading","Vault","Apotheosis","ForeignInfluence+1","Vault","Vault","Wish"],"relics":["PureWater","NeowsBlessing","Oddly Smooth Stone","Odd Mushroom","Coffee Dripper","HornCleat","Toolbox","Shuriken","MawBank","Meat on the Bone","Eternal Feather","Red Mask","Dead Branch","Snecko Eye","Yang","Lizard Tail","Pear","Potion Belt","Ice Cream"],"acts_visited":["Exordium","TheCity","TheBeyond","TheEnding"],"potions_floor_usage":[8,11,13,16,23,29,31,31,33,40,47,54],"damage_taken":[{"damage":0,"enemies":"Cultist","floor":1,"turns":1},{"damage":0,"enemies":"Small Slimes","floor":2,"turns":1},{"damage":0,"enemies":"2 Louse","floor":3,"turns":1},{"damage":1,"enemies":"Looter","floor":4,"turns":3},{"damage":13,"enemies":"Exordium Wildlife","floor":7,"turns":2},{"damage":0,"enemies":"Red Slaver","floor":8,"turns":3},{"damage":0,"enemies":"Looter","floor":10,"turns":3},{"damage":0,"enemies":"The Mushroom Lair","floor":11,"turns":3},{"damage":1,"enemies":"Blue Slaver","floor":12,"turns":3},{"damage":0,"enemies":"Gremlin Gang","floor":13,"turns":2},{"damage":0,"enemies":"3 Louse","floor":14,"turns":2},{"damage":19,"enemies":"The Guardian","floor":16,"turns":8},{"damage":4,"enemies":"Shell Parasite","floor":18,"turns":4},{"damage":0,"enemies":"3 Byrds","floor":22,"turns":4},{"damage":30,"enemies":"Slavers","floor":23,"turns":4},{"damage":0,"enemies":"Gremlin Leader","floor":25,"turns":5},{"damage":0,"enemies":"Snake Plant","floor":28,"turns":3},{"damage":3,"enemies":"Masked Bandits","floor":29,"turns":3},{"damage":4,"enemies":"Book of Stabbing","floor":30,"turns":4},{"damage":9,"enemies":"Centurion and Healer","floor":31,"turns":4},{"damage":10,"enemies":"Champ","floor":33,"turns":5},{"damage":1,"enemies":"Orb Walker","floor":35,"turns":3},{"damage":0,"enemies":"3 Shapes","floor":36,"turns":2},{"damage":16,"enemies":"3 Darklings","floor":39,"turns":3},{"damage":0,"enemies":"Reptomancer","floor":40,"turns":4},{"damage":0,"enemies":"Mind Bloom Boss Battle","floor":41,"turns":4},{"damage":10,"enemies":"Writhing Mass","floor":44,"turns":4},{"damage":0,"enemies":"Giant Head","floor":45,"turns":5},{"damage":3,"enemies":"4 Shapes","floor":46,"turns":1},{"damage":0,"enemies":"Reptomancer","floor":47,"turns":4},{"damage":100014,"enemies":"Awakened One","floor":50,"turns":8},{"damage":51,"enemies":"Shield and Spear","floor":54,"turns":5},{"damage":94,"enemies":"The Heart","floor":55,"turns":10}],"seed_played":"3749449075504275041","potions_obtained":[{"floor":1,"key":"Strength Potion"},{"floor":3,"key":"FairyPotion"},{"floor":7,"key":"Strength Potion"},{"floor":10,"key":"CultistPotion"},{"floor":11,"key":"PowerPotion"},{"floor":14,"key":"Strength Potion"},{"floor":23,"key":"Explosive Potion"},{"floor":29,"key":"Energy Potion"},{"floor":30,"key":"Explosive Potion"},{"floor":31,"key":"StancePotion"},{"floor":35,"key":"SmokeBomb"},{"floor":36,"key":"SteroidPotion"},{"floor":44,"key":"SkillPotion"},{"floor":46,"key":"SpeedPotion"}],"is_trial":false,"path_per_floor":["M","M","M","M","?","R","M","M","T","M","?","M","M","M","R","B",null,"M","?","?","$","M","E","R","E","T","$","M","?","E","M","R","B",null,"M","M","?","$","M","E","?","R","T","M","E","M","E","?","R","B",null,"R","$","E","B"],"character_chosen":"WATCHER","items_purchased":["Toolbox","Eternal Feather","JustLucky","Apotheosis"],"campfire_rested":0,"item_purchase_floors":[21,27,27,38],"current_hp_per_floor":[72,72,72,71,64,64,51,51,51,51,51,50,50,50,50,31,72,68,68,68,68,68,38,38,38,38,38,38,47,43,46,61,51,72,71,71,71,71,55,55,55,72,72,62,72,69,69,69,82,36,82,82,82,43,0,0],"gold":165,"neow_bonus":"THREE_ENEMY_KILL","is_daily":false,"chose_seed":false,"campfire_upgraded":6,"win_rate":0.0,"timestamp":1607913622,"path_taken":["M","M","M","M","?","R","M","M","T","M","?","M","M","M","R","BOSS","M","?","?","?","M","E","R","E","T","$","M","?","E","M","R","BOSS","M","M","?","$","?","E","?","R","T","M","E","M","E","?","R","BOSS","R","$","E","BOSS"],"items_purchased_type":["Relic","Relic","Card","Card"],"build_version":"2020-12-13","purchased_purges":3,"victory":false,"max_hp_per_floor":[72,72,72,72,72,72,72,72,72,72,72,72,72,72,72,72,72,72,72,72,72,72,72,72,72,72,72,72,72,72,72,72,72,72,72,72,72,72,72,72,72,72,72,72,82,82,82,82,82,82,82,82,82,82,82,82],"card_choices":[{"not_picked":["Vengeance","FlyingSleeves"],"picked":"Wallop","floor":1},{"not_picked":["Crescendo","SignatureMove"],"picked":"Conclude","floor":2},{"not_picked":["FlyingSleeves","BattleHymn"],"picked":"EmptyFist","floor":3},{"not_picked":["TalkToTheHand","BowlingBash"],"picked":"WheelKick","floor":4},{"not_picked":["Meditate","Swivel"],"picked":"FearNoEvil","floor":7},{"not_picked":["Collect","JustLucky"],"picked":"CutThroughFate","floor":8},{"not_picked":["FlyingSleeves","Consecrate"],"picked":"Crescendo","floor":10},{"not_picked":["InnerPeace","DeceiveReality"],"picked":"FlurryOfBlows","floor":11},{"not_picked":["Evaluate","Collect"],"picked":"CutThroughFate","floor":12},{"not_picked":["PathToVictory","Fasting2"],"picked":"Weave","floor":13},{"not_picked":["CarveReality","LikeWater"],"picked":"Prostrate","floor":14},{"not_picked":["DevaForm","SpiritShield"],"picked":"Devotion","floor":16},{"not_picked":["Consecrate","BattleHymn"],"picked":"Adaptation","floor":18},{"not_picked":["Consecrate","CrushJoints"],"picked":"FlurryOfBlows","floor":22},{"not_picked":["CarveReality","SignatureMove"],"picked":"Pray","floor":23},{"not_picked":["PathToVictory","Blasphemy"],"picked":"Perseverance","floor":25},{"not_picked":["SashWhip+1","Swivel","Crescendo"],"picked":"SKIP","floor":28},{"not_picked":["FlyingSleeves","CrushJoints+1"],"picked":"Sanctity","floor":29},{"not_picked":["Halt","EmptyFist"],"picked":"FollowUp+1","floor":30},{"not_picked":["Protect","Halt"],"picked":"Nirvana","floor":31},{"not_picked":["DeusExMachina","Alpha"],"picked":"DevaForm","floor":33},{"not_picked":["Protect","Evaluate+1"],"picked":"CutThroughFate+1","floor":35},{"not_picked":["EmptyMind","PathToVictory+1"],"picked":"Wireheading","floor":36},{"not_picked":["EmptyBody","ForeignInfluence","Prostrate+1"],"picked":"SKIP","floor":39},{"not_picked":["CutThroughFate+1","FlyingSleeves"],"picked":"ForeignInfluence+1","floor":40},{"not_picked":["Halt","WindmillStrike","Collect"],"picked":"SKIP","floor":44},{"not_picked":["Tantrum+1","Halt+1"],"picked":"Vault","floor":45},{"not_picked":["EmptyFist","Crescendo+1","EmptyBody+1"],"picked":"SKIP","floor":46},{"not_picked":["ThirdEye+1","Consecrate","Devotion"],"picked":"SKIP","floor":47},{"not_picked":["FlurryOfBlows+1","CutThroughFate"],"picked":"Wish","floor":54}],"player_experience":734810,"relics_obtained":[{"floor":9,"key":"Oddly Smooth Stone"},{"floor":11,"key":"Odd Mushroom"},{"floor":23,"key":"Shuriken"},{"floor":25,"key":"MawBank"},{"floor":26,"key":"Meat on the Bone"},{"floor":29,"key":"Red Mask"},{"floor":30,"key":"Dead Branch"},{"floor":40,"key":"Yang"},{"floor":41,"key":"Lizard Tail"},{"floor":45,"key":"Pear"},{"floor":47,"key":"Potion Belt"},{"floor":54,"key":"Ice Cream"}],"event_choices":[{"cards_removed":["Strike_P"],"damage_healed":0,"gold_gain":0,"player_choice":"Card Removal","damage_taken":7,"max_hp_gain":0,"max_hp_loss":0,"event_name":"Golden Wing","floor":5,"gold_loss":0},{"damage_healed":0,"gold_gain":0,"player_choice":"Fought Mushrooms","damage_taken":0,"max_hp_gain":0,"max_hp_loss":0,"event_name":"Mushrooms","floor":11,"gold_loss":0},{"damage_healed":0,"gold_gain":0,"player_choice":"Opened","damage_taken":0,"relics_obtained":["HornCleat"],"max_hp_gain":0,"max_hp_loss":0,"event_name":"The Mausoleum","floor":19,"gold_loss":0,"cards_obtained":["Writhe"]},{"damage_healed":0,"gold_gain":99,"player_choice":"Stole From Cult","damage_taken":0,"max_hp_gain":0,"max_hp_loss":0,"event_name":"Nest","floor":20,"gold_loss":0},{"damage_healed":0,"gold_gain":0,"player_choice":"Fought Bandits","damage_taken":0,"max_hp_gain":0,"max_hp_loss":0,"event_name":"Masked Bandits","floor":29,"gold_loss":0},{"damage_healed":0,"gold_gain":0,"cards_transformed":["Strike_P"],"player_choice":"Transformed","damage_taken":0,"max_hp_gain":0,"max_hp_loss":0,"event_name":"Transmorgrifier","floor":37,"gold_loss":0,"cards_obtained":["Vault"]},{"damage_healed":0,"gold_gain":0,"player_choice":"Fight","damage_taken":0,"max_hp_gain":0,"max_hp_loss":0,"event_name":"MindBloom","floor":41,"gold_loss":0},{"damage_healed":0,"gold_gain":0,"player_choice":"Copied","damage_taken":0,"max_hp_gain":0,"max_hp_loss":0,"event_name":"Duplicator","floor":48,"gold_loss":0,"cards_obtained":["Vault"]}],"is_beta":false,"boss_relics":[{"not_picked":["Fusion Hammer","Busted Crown"],"picked":"Coffee Dripper"},{"not_picked":["Philosopher\u0027s Stone","Cursed Key"],"picked":"Snecko Eye"}],"items_purged_floors":[21,27,53],"is_endless":false,"potions_floor_spawned":[1,3,7,10,11,14,23,29,30,31,35,36,44,46],"killed_by":"The Heart","ascension_level":4}}