{"host":"hlg6scarqnxczons","time":1607966328,"event":{"mods":["BaseMod","Conspire","Custom Start","Downfall","Emptier Cage","Friendly Minions","Gold Saver","Infinite Spire","Marisa????????","Minty Spire (QoL Compilation)","Quick Restart","Replay The Spire","StSLib","The Bug Knight","UnlockEverythingMod"],"gold_per_floor":[112,128,128,128,203,230,230,263,263,296,307,318,336,336,336],"floor_reached":14,"playtime":1015,"items_purged":[],"score":116,"play_id":"702911e0-7a92-451a-b49d-54426eb08451","local_time":"20201214171848","daily_mods":["Heirloom","Flight","DeadlyEvents","Elite Swarm"],"is_ascension_mode":true,"campfire_choices":[{"data":"HollowMod:MothsMistake","floor":7,"key":"SMITH"}],"circlet_count":0,"master_deck":["HollowMod:NailStrikeStart","HollowMod:NailStrikeStart","HollowMod:NailStrikeStart","HollowMod:NailStrikeStart","HollowMod:QuickDashStart","HollowMod:QuickDashStart","HollowMod:QuickDashStart","HollowMod:QuickDashStart","HollowMod:FocusHealStart","HollowMod:PogoStrike","HollowMod:MothsMistake+1","HollowMod:Hiveblood","HollowMod:BrokenVessel","HollowMod:InfectedAttack"],"relics":["HollowMod:VesselMask","Prayer Wheel","Replay:Bottled Flurry","Mirror","PreservedInsect","HollowMod:LumaflyLanternRelic","Peace Pipe"],"acts_visited":["Exordium"],"potions_floor_usage":[8,13],"damage_taken":[{"damage":0,"enemies":"Small Slimes","floor":1,"turns":3},{"damage":8,"enemies":"Jaw Worm","floor":2,"turns":5},{"damage":16,"enemies":"HollowMod:MossKnight","floor":6,"turns":10},{"damage":12,"enemies":"Replay:BlueRogue","floor":8,"turns":6},{"damage":16,"enemies":"Gremlin Nob","floor":10,"turns":3},{"damage":35,"enemies":"infinitespire:Voidling","floor":11,"turns":6},{"damage":26,"enemies":"Exordium Thugs","floor":12,"turns":7},{"damage":12,"enemies":"Lots of Slimes","floor":13,"turns":4},{"damage":9,"enemies":"Replay:BlueRogue","floor":14,"turns":3}],"seed_played":"-241334547999763655","potions_obtained":[{"floor":1,"key":"Dexterity Potion"},{"floor":11,"key":"SpeedPotion"},{"floor":13,"key":"LiquidMemories"}],"is_trial":true,"path_per_floor":["M","M","?","T","?","E","R","E","T","E","M","M","M","E"],"character_chosen":"THE_BUGKNIGHT","items_purchased":[],"campfire_rested":0,"item_purchase_floors":[],"current_hp_per_floor":[75,67,72,72,64,60,60,48,48,32,17,16,4,0,0],"gold":336,"neow_bonus":"","is_daily":false,"chose_seed":false,"campfire_upgraded":1,"win_rate":0.0,"timestamp":1607966328,"path_taken":["M","M","?","?","?","E","R","E","T","?","M","M","?","?"],"items_purchased_type":[],"build_version":"2020-12-13","purchased_purges":0,"victory":false,"max_hp_per_floor":[75,75,80,80,80,80,80,80,80,80,80,80,80,80,80],"card_choices":[{"not_picked":["HollowMod:MawleksShell","HollowMod:GoodIntentions"],"picked":"HollowMod:MothsMistake","floor":1},{"not_picked":["HollowMod:DreamGate","HollowMod:GreatSlash","HollowMod:SiblingsSouls"],"picked":"SKIP","floor":1},{"not_picked":["HollowMod:CornifersMapStart","HollowMod:PerfectDash","HollowMod:PureNailStrike"],"picked":"SKIP","floor":2},{"not_picked":["HollowMod:SoulVessel","HollowMod:GoodIntentions","HollowMod:ShadowDash"],"picked":"SKIP","floor":2},{"not_picked":["HollowMod:theNailsmith","HollowMod:SoulMaster","HollowMod:AwokenDreamNail"],"picked":"SKIP","floor":6},{"not_picked":["HollowMod:SoulMaster","HollowMod:MidwifesHunger","HollowMod:Weaversong"],"picked":"SKIP","floor":8},{"not_picked":["HollowMod:HornetsHelp","HollowMod:MidwifesHunger"],"picked":"HollowMod:Hiveblood","floor":10},{"not_picked":["HollowMod:SoulStrike","HollowMod:DungDefenderAura","HollowMod:SiblingsSouls"],"picked":"SKIP","floor":11},{"not_picked":["HollowMod:CornifersMapStart","HollowMod:NewLittleFool","HollowMod:SiblingsShadow"],"picked":"SKIP","floor":11},{"not_picked":["HollowMod:GrimmsGift","HollowMod:BlackTendrils"],"picked":"HollowMod:BrokenVessel","floor":12},{"not_picked":["HollowMod:HowlingWraiths","HollowMod:ZotesMagnificence","HollowMod:SoulSplash"],"picked":"SKIP","floor":12},{"not_picked":["HollowMod:GrimmsGift","HollowMod:CornifersMapStart"],"picked":"HollowMod:InfectedAttack","floor":13},{"not_picked":["HollowMod:MawleksShell","HollowMod:AbyssShriek","HollowMod:VengefulSpirit"],"picked":"SKIP","floor":13}],"player_experience":120015,"relics_obtained":[{"floor":4,"key":"Replay:Bottled Flurry"},{"floor":6,"key":"Mirror"},{"floor":8,"key":"PreservedInsect"},{"floor":9,"key":"HollowMod:LumaflyLanternRelic"},{"floor":10,"key":"Peace Pipe"}],"event_choices":[{"damage_healed":0,"gold_gain":0,"player_choice":"Donut","damage_taken":0,"max_hp_gain":5,"max_hp_loss":0,"event_name":"Big Fish","floor":3,"gold_loss":0},{"damage_healed":0,"gold_gain":75,"player_choice":"Touch","damage_taken":8,"max_hp_gain":0,"max_hp_loss":0,"event_name":"FaceTrader","floor":5,"gold_loss":0}],"is_beta":false,"boss_relics":[],"items_purged_floors":[],"is_endless":false,"potions_floor_spawned":[1,11,13],"killed_by":"Replay:BlueRogue","ascension_level":1}}