{"host":"opr81hzsdc1gmhxe","time":1607907865,"event":{"mods":["BaseMod","BetterRewards","Colored Map","Colored Powertips","Downfall","Friendly Minions","Minty Spire (QoL Compilation)","Replay The Spire","StSLib"],"gold_per_floor":[99,133,133,133,133,133,133,133,154,154,178,204,204,215,234,234,234],"floor_reached":16,"playtime":1013,"items_purged":[],"score":125,"play_id":"769421fd-7db3-4ceb-9bd7-6304bb5438a0","local_time":"20201213200425","is_ascension_mode":false,"campfire_choices":[{"data":"hexamod:Float","floor":1,"key":"SMITH"},{"data":"hexamod:SearingWound","floor":8,"key":"SMITH"},{"data":"hexamod:ThermalTransfer","floor":10,"key":"SMITH"}],"circlet_count":0,"master_deck":["hexamod:Strike","hexamod:Strike","hexamod:Strike","hexamod:Strike","hexamod:Defend","hexamod:Defend","hexamod:Defend","hexamod:Defend","hexamod:Sear","hexamod:Float+1","hexamod:SecondSeal","hexamod:ThermalTransfer+1","hexamod:SearingWound+1","hexamod:AdvancingGuard","hexamod:ExtraCrispy","hexamod:SkipABeat","hexamod:Hexaguard","hexamod:TimeWarp"],"relics":["hexamod:SpiritBrand","downfall:HeartsMalice","Orichalcum","NlothsMask"],"acts_visited":["Exordium"],"potions_floor_usage":[14],"damage_taken":[{"damage":0,"enemies":"Gremlin Nob","floor":2,"turns":1},{"damage":0,"enemies":"2 Louse","floor":4,"turns":1},{"damage":0,"enemies":"downfall:FleeingMerchant","floor":5,"turns":1},{"damage":1,"enemies":"Cultist","floor":9,"turns":3},{"damage":0,"enemies":"Small Slimes","floor":11,"turns":3},{"damage":63,"enemies":"Gremlin Gang","floor":12,"turns":8},{"damage":1,"enemies":"Blue Slaver","floor":14,"turns":2},{"damage":12,"enemies":"2 Fungi Beasts","floor":15,"turns":5},{"damage":24,"enemies":"downfall:Watcher","floor":16,"turns":9}],"seed_played":"6890122100491012983","potions_obtained":[{"floor":3,"key":"FairyPotion"},{"floor":3,"key":"Fire Potion"},{"floor":3,"key":"LiquidMemories"},{"floor":15,"key":"Strength Potion"}],"is_trial":false,"path_per_floor":["R","E","?","M","$","?","T","R","M","R","M","M","?","M","M","B"],"character_chosen":"THE_SPIRIT","items_purchased":[],"campfire_rested":0,"item_purchase_floors":[],"current_hp_per_floor":[70,70,70,70,70,70,70,70,69,69,69,6,6,5,21,0,0],"gold":234,"neow_bonus":"THREE_ENEMY_KILL","is_daily":false,"chose_seed":false,"campfire_upgraded":3,"win_rate":0.0,"timestamp":1607907865,"path_taken":["R","E","?","M","?","?","T","R","M","R","?","M","?","M","M","BOSS"],"items_purchased_type":[],"build_version":"2020-12-13","purchased_purges":0,"victory":false,"max_hp_per_floor":[70,70,70,70,70,70,70,70,70,70,70,70,70,70,70,70,70],"card_choices":[{"not_picked":["hexamod:GhostShield","hexamod:BacktrackSmack"],"picked":"hexamod:SecondSeal","floor":2},{"not_picked":["hexamod:GhostLash","hexamod:GhostShield"],"picked":"hexamod:ThermalTransfer","floor":4},{"not_picked":["hexamod:GhostLash","hexamod:RainOfEmbers"],"picked":"hexamod:SearingWound","floor":5},{"not_picked":["hexamod:SwordOfDarkness","hexamod:Hexaguard"],"picked":"hexamod:AdvancingGuard","floor":9},{"not_picked":["hexamod:AdvancingGuard","hexamod:ThirdSeal"],"picked":"hexamod:ExtraCrispy","floor":11},{"not_picked":["hexamod:BacktrackSmack","hexamod:BurningTouch"],"picked":"hexamod:SkipABeat","floor":12},{"not_picked":["hexamod:NightmareStrike","hexamod:GhostShield"],"picked":"hexamod:Hexaguard","floor":14},{"not_picked":["hexamod:RadiantFlame","hexamod:SpectersWail"],"picked":"hexamod:TimeWarp","floor":15}],"player_experience":421003,"relics_obtained":[{"floor":2,"key":"Orichalcum"}],"event_choices":[{"damage_healed":0,"gold_gain":0,"player_choice":"Got Potions","damage_taken":0,"max_hp_gain":0,"max_hp_loss":0,"event_name":"Lab","floor":3,"gold_loss":0},{"damage_healed":0,"gold_gain":0,"player_choice":"Trade","damage_taken":0,"relics_obtained":["NlothsMask"],"max_hp_gain":0,"max_hp_loss":0,"event_name":"FaceTrader","floor":6,"gold_loss":0}],"is_beta":false,"boss_relics":[],"items_purged_floors":[],"is_endless":false,"potions_floor_spawned":[9,11,12,15],"killed_by":"downfall:Watcher","ascension_level":0}}