{"host":"w7o06k3e8uel8euj","time":1607917257,"event":{"mods":["AchievementEnabler","BaseMod","Colored Powertips","Custom Start","DeckTracker","Keyboard Shortcuts","Minty Spire (QoL Compilation)","Quick Restart","Relic Stats","StSLib","SuperFastMode","everything is the same but u backflip on backflip"],"gold_per_floor":[18,38,56,6,6,6,6,37,37,37,50,50,52,79,91,223,235,265,301,338,350,277,322,375,422,460,497,337,337,158,158,158,261,261,277,499,499,499,409,435,435,467,493,528,528,131,162,181,181,181,181,181,85,117,117],"floor_reached":56,"playtime":1389,"items_purged":["Defend_P","Strike_P","Defend_P","Judgement"],"score":2305,"play_id":"02cd955a-1e66-4310-9199-2e679eaa6d0e","local_time":"20201214124057","is_ascension_mode":true,"campfire_choices":[{"data":"Eruption","floor":6.0,"key":"SMITH"},{"floor":10.0,"key":"REST"},{"data":"MentalFortress","floor":12.0,"key":"SMITH"},{"data":"Adaptation","floor":15.0,"key":"SMITH"},{"data":"Scrawl","floor":32.0,"key":"SMITH"},{"data":"Adaptation","floor":41.0,"key":"SMITH"},{"floor":49,"key":"RECALL"},{"data":"Halt","floor":52,"key":"SMITH"}],"circlet_count":0,"master_deck":["AscendersBane","Eruption+1","Vigilance","FearNoEvil","CrushJoints+1","Halt+1","MentalFortress+1","Adaptation+1","Scrawl+1","Adaptation+1","Finesse"],"relics":["PureWater","Bloody Idol","Letter Opener","Juzu Bracelet","MawBank","Empty Cage","The Courier","Art of War","Red Mask","Bag of Marbles","Nunchaku","Membership Card","Meat on the Bone","MutagenicStrength","VioletLotus","Damaru","Question Card","Strawberry","Medical Kit","Lantern","HornCleat","CaptainsWheel","Anchor","Frozen Egg 2","Ginger"],"acts_visited":["Exordium","TheCity","TheBeyond","TheEnding"],"potions_floor_usage":[55,55],"damage_taken":[{"damage":3.0,"enemies":"Small Slimes","floor":1.0,"turns":3.0},{"damage":2.0,"enemies":"Jaw Worm","floor":2.0,"turns":3.0},{"damage":0.0,"enemies":"Cultist","floor":3.0,"turns":3.0},{"damage":38.0,"enemies":"3 Sentries","floor":8.0,"turns":12.0},{"damage":0.0,"enemies":"Large Slime","floor":11.0,"turns":4.0},{"damage":10.0,"enemies":"The Guardian","floor":16.0,"turns":15.0},{"damage":0.0,"enemies":"3 Byrds","floor":18.0,"turns":4.0},{"damage":16.0,"enemies":"2 Thieves","floor":19.0,"turns":4.0},{"damage":27.0,"enemies":"Snecko","floor":20.0,"turns":7.0},{"damage":0.0,"enemies":"Slavers","floor":23.0,"turns":3.0},{"damage":6.0,"enemies":"Masked Bandits","floor":24.0,"turns":3.0},{"damage":0.0,"enemies":"Gremlin Leader","floor":25.0,"turns":4.0},{"damage":0.0,"enemies":"Shelled Parasite and Fungi","floor":27.0,"turns":5.0},{"damage":0.0,"enemies":"Collector","floor":33.0,"turns":2.0},{"damage":0.0,"enemies":"3 Darklings","floor":35.0,"turns":3.0},{"damage":16.0,"enemies":"Nemesis","floor":40.0,"turns":5.0},{"damage":0.0,"enemies":"Giant Head","floor":42.0,"turns":2.0},{"damage":0.0,"enemies":"Reptomancer","floor":44.0,"turns":3.0},{"damage":0,"enemies":"Nemesis","floor":47,"turns":1},{"damage":0,"enemies":"Orb Walker","floor":48,"turns":1},{"damage":14,"enemies":"Awakened One","floor":50,"turns":3},{"damage":0,"enemies":"Shield and Spear","floor":54,"turns":2},{"damage":0,"enemies":"The Heart","floor":55,"turns":4}],"seed_played":"7150178791703151307","potions_obtained":[{"floor":2.0,"key":"Weak Potion"},{"floor":8.0,"key":"SpeedPotion"},{"floor":20.0,"key":"GamblersBrew"},{"floor":24.0,"key":"BottledMiracle"},{"floor":40.0,"key":"PowerPotion"},{"floor":42.0,"key":"Strength Potion"},{"floor":45,"key":"LiquidMemories"}],"is_trial":false,"path_per_floor":["M","M","M","?","$","R","?","E","T","R","M","R","$","T","R","B",null,"M","M","M","?","?","E","?","E","T","M","$","?","$","?","R","B",null,"M","?","?","?","?","E","R","E","T","E","?","$","E","M","R","B",null,"R","$","E","B",null],"character_chosen":"WATCHER","items_purchased":["MentalFortress","Membership Card","Meat on the Bone","Swift Potion","Medical Kit","Lantern","HornCleat","CaptainsWheel","Anchor","Swift Potion"],"campfire_rested":1,"item_purchase_floors":[5,28,30,30,46,46,46,46,46,53],"current_hp_per_floor":[62,60,60,60,60,60,42,4,4,25,25,25,25,25,25,15,58,58,42,15,15,15,15,9,9,9,9,9,9,9,9,9,26,61,66,71,71,61,61,50,50,55,60,72,72,72,77,79,79,65,76,76,76,79,79],"gold":117,"neow_bonus":"TRANSFORM_TWO_CARDS","is_daily":false,"chose_seed":false,"campfire_upgraded":6,"win_rate":0.0,"timestamp":1607917257,"path_taken":["M","M","M","?","$","R","?","E","T","R","M","R","$","?","R","BOSS","M","M","M","?","?","E","?","E","T","M","$","?","$","?","R","BOSS","M","?","?","?","?","E","R","E","T","E","?","?","E","M","R","BOSS","R","$","E","BOSS"],"items_purchased_type":["Card","Relic","Relic","Potion","Relic","Relic","Relic","Relic","Relic","Potion"],"build_version":"2020-12-13","purchased_purges":4,"victory":true,"max_hp_per_floor":[72,72,72,72,72,72,72,72,72,72,72,72,72,72,72,72,72,72,72,72,72,72,72,72,72,72,72,72,72,72,72,72,72,72,72,72,72,72,72,72,72,72,72,79,79,79,79,79,79,79,79,79,79,79,79],"relic_stats":{"counters":[23,96],"Juzu Bracelet":3,"Letter Opener":[127],"Ginger":[2],"MawBank":168,"Question Card":4,"Medical Kit":[4],"Nunchaku":[21],"Bloody Idol":45,"VioletLotus":[87],"Art of War":[2],"obtain_stats":[{"Lantern":46,"Juzu Bracelet":9,"Ginger":54,"Empty Cage":17,"Nunchaku":26,"HornCleat":46,"Strawberry":44,"VioletLotus":34,"Red Mask":24,"Golden Idol":7,"Damaru":40,"The Courier":22,"Letter Opener":8,"Frozen Egg 2":47,"MawBank":14,"Question Card":42,"Medical Kit":46,"CaptainsWheel":46,"Anchor":46,"Bloody Idol":29,"MutagenicStrength":31,"Art of War":23,"Bag of Marbles":25,"Membership Card":28,"PureWater":0,"Meat on the Bone":30},{"Lantern":18,"Juzu Bracelet":4,"Ginger":22,"Empty Cage":6,"Nunchaku":12,"HornCleat":18,"Strawberry":18,"VioletLotus":14,"Red Mask":11,"Golden Idol":3,"Damaru":16,"The Courier":9,"Letter Opener":4,"Frozen Egg 2":19,"MawBank":5,"Question Card":17,"Medical Kit":18,"CaptainsWheel":18,"Anchor":18,"Bloody Idol":13,"MutagenicStrength":13,"Art of War":10,"Bag of Marbles":12,"Membership Card":13,"PureWater":0,"Meat on the Bone":13},{"Lantern":85,"Juzu Bracelet":21,"Ginger":92,"Empty Cage":40,"Nunchaku":65,"HornCleat":85,"Strawberry":85,"VioletLotus":72,"Red Mask":61,"Golden Idol":9,"Damaru":80,"The Courier":55,"Letter Opener":21,"Frozen Egg 2":86,"MawBank":25,"Question Card":82,"Medical Kit":85,"CaptainsWheel":85,"Anchor":85,"Bloody Idol":70,"MutagenicStrength":70,"Art of War":58,"Bag of Marbles":65,"Membership Card":70,"PureWater":0,"Meat on the Bone":70}],"Meat on the Bone":12},"card_choices":[{"not_picked":["CrushJoints","Weave","Prostrate"],"picked":"SKIP","floor":1.0},{"not_picked":["SashWhip","Study"],"picked":"CrushJoints","floor":2.0},{"not_picked":["BowlingBash","ThirdEye"],"picked":"Halt","floor":3.0},{"not_picked":["Prostrate","BowlingBash"],"picked":"Adaptation","floor":8.0},{"not_picked":["Swivel","ThirdEye","JustLucky"],"picked":"SKIP","floor":11.0},{"not_picked":["Establishment","Alpha"],"picked":"Judgement","floor":16.0},{"not_picked":["Evaluate","WreathOfFlame","SashWhip"],"picked":"SKIP","floor":18.0},{"not_picked":["WreathOfFlame","CarveReality","EmptyFist"],"picked":"SKIP","floor":19.0},{"not_picked":["SashWhip+1","Consecrate","Collect+1"],"picked":"SKIP","floor":20.0},{"not_picked":["ThirdEye+1","WaveOfTheHand"],"picked":"Scrawl","floor":23.0},{"not_picked":["Consecrate","Prostrate"],"picked":"Adaptation","floor":24.0},{"not_picked":["Halt","CutThroughFate+1","EmptyFist"],"picked":"SKIP","floor":25.0},{"not_picked":["DeceiveReality","FollowUp","CutThroughFate"],"picked":"SKIP","floor":27.0},{"not_picked":["CrushJoints+1","SashWhip+1","WheelKick+1"],"picked":"SKIP","floor":35.0},{"not_picked":["Forethought","Trip"],"picked":"Finesse","floor":38.0},{"not_picked":["FollowUp+1","JustLucky+1","Pray"],"picked":"SKIP","floor":40.0},{"not_picked":["WaveOfTheHand+1","FlurryOfBlows","ForeignInfluence+1"],"picked":"SKIP","floor":42.0},{"not_picked":["ThirdEye","ClearTheMind+1","Evaluate","Blasphemy"],"picked":"SKIP","floor":44.0},{"not_picked":["LikeWater+1","SashWhip","Prostrate","Brilliance"],"picked":"SKIP","floor":47},{"not_picked":["FollowUp+1","Crescendo","Meditate","Halt+1"],"picked":"SKIP","floor":48},{"not_picked":["FlyingSleeves+1","ForeignInfluence+1","BowlingBash","ClearTheMind+1"],"picked":"SKIP","floor":54}],"player_experience":550054,"relics_obtained":[{"floor":8.0,"key":"Letter Opener"},{"floor":9.0,"key":"Juzu Bracelet"},{"floor":14.0,"key":"MawBank"},{"floor":23.0,"key":"Art of War"},{"floor":24.0,"key":"Red Mask"},{"floor":25.0,"key":"Bag of Marbles"},{"floor":26.0,"key":"Nunchaku"},{"floor":40.0,"key":"Damaru"},{"floor":42.0,"key":"Question Card"},{"floor":44.0,"key":"Strawberry"},{"floor":47,"key":"Frozen Egg 2"},{"floor":54,"key":"Ginger"}],"event_choices":[{"cards_removed":["Strike_P"],"damage_healed":0.0,"max_hp_gain":0.0,"max_hp_loss":0.0,"gold_gain":0.0,"event_name":"The Cleric","player_choice":"Card Removal","floor":4.0,"gold_loss":50.0,"damage_taken":0.0},{"damage_healed":0.0,"max_hp_gain":0.0,"max_hp_loss":0.0,"gold_gain":0.0,"event_name":"Golden Idol","player_choice":"Take Damage","floor":7.0,"gold_loss":0.0,"damage_taken":18.0,"relics_obtained":["Golden Idol"]},{"damage_healed":0.0,"max_hp_gain":0.0,"max_hp_loss":0.0,"gold_gain":0.0,"event_name":"Cursed Tome","player_choice":"Ignored","floor":21.0,"gold_loss":0.0,"damage_taken":0.0},{"damage_healed":0.0,"max_hp_gain":0.0,"max_hp_loss":0.0,"gold_gain":0.0,"event_name":"Addict","player_choice":"Obtained Relic","floor":22.0,"gold_loss":85.0,"damage_taken":0.0,"relics_obtained":["The Courier"]},{"damage_healed":0.0,"max_hp_gain":0.0,"max_hp_loss":0.0,"gold_gain":0.0,"event_name":"Masked Bandits","player_choice":"Fought Bandits","floor":24.0,"gold_loss":0.0,"damage_taken":0.0},{"damage_healed":0.0,"max_hp_gain":0.0,"max_hp_loss":0.0,"gold_gain":0.0,"event_name":"Forgotten Altar","player_choice":"Gave Idol","floor":29.0,"relics_lost":["Golden Idol"],"gold_loss":0.0,"damage_taken":0.0,"relics_obtained":["Bloody Idol"]},{"damage_healed":0.0,"max_hp_gain":0.0,"max_hp_loss":0.0,"gold_gain":0.0,"event_name":"Drug Dealer","player_choice":"Inject Mutagens","floor":31.0,"gold_loss":0.0,"damage_taken":0.0,"relics_obtained":["MutagenicStrength"]},{"damage_healed":0.0,"max_hp_gain":0.0,"max_hp_loss":0.0,"gold_gain":222.0,"event_name":"Tomb of Lord Red Mask","player_choice":"Wore Mask","floor":36.0,"gold_loss":0.0,"damage_taken":0.0},{"damage_healed":0.0,"max_hp_gain":0.0,"max_hp_loss":0.0,"gold_gain":0.0,"cards_transformed":["SpiritShield"],"event_name":"Transmorgrifier","player_choice":"Transformed","floor":37.0,"gold_loss":0.0,"damage_taken":0.0,"cards_obtained":["Weave"]},{"damage_healed":0.0,"max_hp_gain":0.0,"max_hp_loss":0.0,"gold_gain":0.0,"event_name":"SensoryStone","player_choice":"Memory 3","floor":38.0,"gold_loss":0.0,"damage_taken":10.0},{"cards_removed":["Weave"],"damage_healed":0.0,"max_hp_gain":0.0,"max_hp_loss":0.0,"gold_gain":0.0,"event_name":"Designer","player_choice":"Upgrade and Remove","floor":39.0,"gold_loss":90.0,"damage_taken":0.0,"cards_upgraded":["CrushJoints"]},{"damage_healed":0,"gold_gain":0,"player_choice":"Got Potions","damage_taken":0,"max_hp_gain":0,"max_hp_loss":0,"event_name":"Lab","floor":45,"gold_loss":0}],"is_beta":false,"boss_relics":[{"not_picked":["Velvet Choker","Runic Dome"],"picked":"Empty Cage"},{"not_picked":["Pandora\u0027s Box","HolyWater"],"picked":"VioletLotus"}],"items_purged_floors":[13,28,30,53],"is_endless":false,"potions_floor_spawned":[2,8,16,20,24,40,42,47,48,54],"ascension_level":11}}