{"host":"lstuuc6roym1046h","time":1607950516,"event":{"mods":["AchievementEnabler","BaseMod","Minty Spire (QoL Compilation)","Relic Stats","StSLib"],"gold_per_floor":[117,43,43,43,43,72,72,398,398,428,443,461,9,19,19,92,92,92,92,92,92,92,92,92,92,92,92,92,92,92,92,92,92,92,92,7,7,7,7,7,7,7,7,7,7,7,7,7,7,7,7,7,7,7,7,7,7],"floor_reached":56,"playtime":5214,"items_purged":[],"score":2507,"play_id":"38f09619-2790-475a-8202-02477781ad17","local_time":"20201214125516","is_ascension_mode":true,"campfire_choices":[{"data":"Riddle With Holes","floor":7.0,"key":"SMITH"},{"data":"Well Laid Plans","floor":15.0,"key":"SMITH"},{"data":"Burst","floor":23.0,"key":"SMITH"},{"floor":28.0,"key":"REST"},{"data":"Malaise","floor":32.0,"key":"SMITH"},{"floor":45,"key":"RECALL"},{"data":"Footwork","floor":49,"key":"SMITH"},{"floor":53,"key":"REST"}],"circlet_count":0,"master_deck":["AscendersBane","Strike_G","Strike_G","Strike_G","Defend_G","Defend_G","Defend_G","Defend_G","Defend_G","Survivor","Neutralize","PiercingWail","Footwork+1","Riddle With Holes+1","Well Laid Plans+1","Crippling Poison","Blur","Cloak And Dagger","Burst+1","Slice","Blade Dance","Malaise+1","Acrobatics","Pain","Deadly Poison","Backstab","Tactician","Riddle With Holes","Blur","Deadly Poison","Endless Agony","Predator+1","Envenom","CurseOfTheBell","Blade Dance+1","Acrobatics","Backflip","Backflip+1","Footwork+1","Cloak And Dagger+1","Dodge and Roll+1","PiercingWail","Prepared+1","Deflect"],"relics":["Ring of the Snake","NeowsBlessing","Pen Nib","Boot","Old Coin","TungstenRod","Question Card","Snake Skull","TwistedFunnel","Ectoplasm","WarpedTongs","InkBottle","Thread and Needle","The Specimen","Blue Candle","Art of War","Calling Bell","Nunchaku","Shuriken","StoneCalendar","WingedGreaves","Lizard Tail","Anchor","Bronze Scales","MawBank","Ice Cream","Bag of Preparation"],"acts_visited":["TheCity","TheBeyond","TheEnding"],"potions_floor_usage":[38,38,38,40,44,56,56],"damage_taken":[{"damage":0.0,"enemies":"Cultist","floor":1.0,"turns":1.0},{"damage":0.0,"enemies":"Gremlin Nob","floor":6.0,"turns":1.0},{"damage":0.0,"enemies":"3 Sentries","floor":8.0,"turns":1.0},{"damage":13.0,"enemies":"Lagavulin","floor":10.0,"turns":9.0},{"damage":0.0,"enemies":"2 Louse","floor":11.0,"turns":4.0},{"damage":0.0,"enemies":"Small Slimes","floor":12.0,"turns":4.0},{"damage":5.0,"enemies":"Exordium Wildlife","floor":14.0,"turns":10.0},{"damage":14.0,"enemies":"The Guardian","floor":16.0,"turns":11.0},{"damage":13.0,"enemies":"Shell Parasite","floor":18.0,"turns":5.0},{"damage":0.0,"enemies":"3 Byrds","floor":20.0,"turns":3.0},{"damage":3.0,"enemies":"3 Cultists","floor":21.0,"turns":5.0},{"damage":0.0,"enemies":"Snake Plant","floor":24.0,"turns":3.0},{"damage":9.0,"enemies":"Centurion and Healer","floor":25.0,"turns":8.0},{"damage":0.0,"enemies":"Book of Stabbing","floor":27.0,"turns":6.0},{"damage":0.0,"enemies":"Slavers","floor":29.0,"turns":5.0},{"damage":3.0,"enemies":"Gremlin Leader","floor":31.0,"turns":5.0},{"damage":26.0,"enemies":"Automaton","floor":33.0,"turns":12.0},{"damage":0.0,"enemies":"Orb Walker","floor":35.0,"turns":2.0},{"damage":0.0,"enemies":"3 Shapes","floor":37.0,"turns":3.0},{"damage":0,"enemies":"2 Orb Walkers","floor":38,"turns":6},{"damage":0,"enemies":"Reptomancer","floor":40,"turns":5},{"damage":0,"enemies":"Transient","floor":41,"turns":6},{"damage":0,"enemies":"Nemesis","floor":42,"turns":5},{"damage":0,"enemies":"Giant Head","floor":44,"turns":10},{"damage":0,"enemies":"Nemesis","floor":46,"turns":7},{"damage":0,"enemies":"Sphere and 2 Shapes","floor":47,"turns":4},{"damage":52,"enemies":"Awakened One","floor":50,"turns":11},{"damage":50,"enemies":"Time Eater","floor":51,"turns":13},{"damage":40,"enemies":"Shield and Spear","floor":55,"turns":9},{"damage":36,"enemies":"The Heart","floor":56,"turns":5}],"seed_played":"6699581567926700792","potions_obtained":[{"floor":10.0,"key":"EntropicBrew"},{"floor":11.0,"key":"Energy Potion"},{"floor":12.0,"key":"DuplicationPotion"},{"floor":25.0,"key":"Fruit Juice"},{"floor":35.0,"key":"SteroidPotion"},{"floor":38,"key":"Poison Potion"},{"floor":40,"key":"Energy Potion"},{"floor":55,"key":"SneckoOil"}],"is_trial":false,"path_per_floor":["M","$","?","?","?","E","R","E","T","E","M","M","$","M","R","B",null,"M","?","M","M","T","R","M","M","T","E","R","E","?","E","R","B",null,"M","$","M","?","?","E","M","E","T","E","R","E","M","T","R","B","B",null,"R","$","E","B"],"character_chosen":"THE_SILENT","items_purchased":["Footwork","Snake Skull","TwistedFunnel","Burst","Slice","Acrobatics","Backflip"],"campfire_rested":2,"item_purchase_floors":[2,13,13,13,13,36,36],"current_hp_per_floor":[59,59,59,48,53,53,53,53,53,40,40,40,40,35,35,21,59,46,46,46,43,43,43,43,34,34,34,55,55,55,52,52,26,60,65,65,65,65,65,65,65,65,65,65,65,65,65,65,65,13,14,61,76,76,36,0,0],"gold":7,"neow_bonus":"THREE_ENEMY_KILL","is_daily":false,"chose_seed":false,"campfire_upgraded":5,"win_rate":0.0,"timestamp":1607950516,"path_taken":["M","$","?","?","?","E","R","E","T","E","M","M","$","M","R","BOSS","M","?","M","?","?","R","M","M","T","E","R","E","?","E","R","BOSS","M","$","M","?","?","E","M","E","T","E","R","E","?","?","R","BOSS","BOSS","R","$","E","BOSS"],"items_purchased_type":["Card","Relic","Relic","Card","Card","Card","Card"],"build_version":"2020-12-13","purchased_purges":0,"victory":false,"max_hp_per_floor":[66,66,66,66,71,71,71,71,71,71,71,71,71,71,71,71,71,71,71,71,71,71,71,71,71,71,71,71,71,71,71,71,71,71,76,76,76,76,76,76,76,76,76,76,76,76,76,76,76,76,76,76,76,76,76,76,76],"relic_stats":{"counters":[22,138],"Blue Candle":[27],"StoneCalendar":[185],"Pen Nib":[30],"Snake Skull":[298],"Bag of Preparation":[2],"Boot":[238],"Question Card":20,"MawBank":0,"WarpedTongs":[133],"Nunchaku":[20],"Lizard Tail":38,"Shuriken":[41],"Bronze Scales":[209],"Ectoplasm":750,"Art of War":[17],"obtain_stats":[{"TwistedFunnel":0,"Ice Cream":48,"StoneCalendar":34,"Snake Skull":0,"Bag of Preparation":55,"Boot":0,"Old Coin":0,"Nunchaku":34,"Lizard Tail":40,"WingedGreaves":38,"InkBottle":22,"Ring of the Snake":0,"NeowsBlessing":0,"The Specimen":27,"Blue Candle":29,"Thread and Needle":26,"Pen Nib":0,"Question Card":0,"MawBank":46,"WarpedTongs":19,"Calling Bell":34,"Anchor":42,"Shuriken":34,"Bronze Scales":44,"Ectoplasm":17,"Art of War":31,"TungstenRod":0},{"TwistedFunnel":0,"Ice Cream":18,"StoneCalendar":9,"Snake Skull":0,"Bag of Preparation":21,"Boot":0,"Old Coin":0,"Nunchaku":9,"Lizard Tail":13,"WingedGreaves":12,"InkBottle":3,"Ring of the Snake":0,"NeowsBlessing":0,"The Specimen":6,"Blue Candle":7,"Thread and Needle":5,"Pen Nib":0,"Question Card":0,"MawBank":17,"WarpedTongs":1,"Calling Bell":9,"Anchor":15,"Shuriken":9,"Bronze Scales":16,"Ectoplasm":0,"Art of War":8,"TungstenRod":0},{"TwistedFunnel":0,"Ice Cream":100,"StoneCalendar":52,"Snake Skull":0,"Bag of Preparation":133,"Boot":0,"Old Coin":0,"Nunchaku":52,"Lizard Tail":68,"WingedGreaves":63,"InkBottle":13,"Ring of the Snake":0,"NeowsBlessing":0,"The Specimen":30,"Blue Candle":35,"Thread and Needle":24,"Pen Nib":0,"Question Card":0,"MawBank":96,"WarpedTongs":5,"Calling Bell":52,"Anchor":79,"Shuriken":52,"Bronze Scales":89,"Ectoplasm":0,"Art of War":40,"TungstenRod":0}],"TungstenRod":123,"InkBottle":[69],"Ring of the Snake":[44]},"card_choices":[{"not_picked":["Acrobatics","Prepared"],"picked":"PiercingWail","floor":1.0},{"not_picked":["Dodge and Roll","Dagger Throw"],"picked":"Riddle With Holes","floor":6.0},{"not_picked":["Tactician","Acrobatics"],"picked":"Well Laid Plans","floor":8.0},{"not_picked":["Backstab","Slice"],"picked":"Crippling Poison","floor":10.0},{"not_picked":["PiercingWail","Poisoned Stab","Bane"],"picked":"Blur","floor":11.0},{"not_picked":["Sucker Punch","Prepared","Eviscerate"],"picked":"Cloak And Dagger","floor":12.0},{"not_picked":["Choke","Slice","Quick Slash"],"picked":"Blade Dance","floor":14.0},{"not_picked":["Burst","After Image","Unload"],"picked":"Malaise","floor":16.0},{"not_picked":["Prepared","Deflect","Dash"],"picked":"Acrobatics","floor":18.0},{"not_picked":["Terror","Riddle With Holes","Bane"],"picked":"Deadly Poison","floor":20.0},{"not_picked":["Poisoned Stab","Deflect","Underhanded Strike"],"picked":"Backstab","floor":21.0},{"not_picked":["Sucker Punch","Well Laid Plans","Flying Knee"],"picked":"Tactician","floor":24.0},{"not_picked":["Blade Dance","Terror","Sucker Punch"],"picked":"Riddle With Holes","floor":25.0},{"not_picked":["Quick Slash","Masterful Stab","Outmaneuver+1","Flechettes"],"picked":"SKIP","floor":27.0},{"not_picked":["Distraction","Cloak And Dagger","Riddle With Holes"],"picked":"Blur","floor":29.0},{"not_picked":["Masterful Stab","Unload","Poisoned Stab"],"picked":"Predator+1","floor":31.0},{"not_picked":["Tools of the Trade","Malaise","Die Die Die"],"picked":"Envenom","floor":33.0},{"not_picked":["Dagger Spray","Quick Slash+1","Tactician"],"picked":"Blade Dance+1","floor":35.0},{"not_picked":["Heel Hook+1","Sucker Punch","Prepared"],"picked":"Backflip+1","floor":37.0},{"not_picked":["Tactician","Choke","Prepared"],"picked":"Footwork+1","floor":38},{"not_picked":["All Out Attack","A Thousand Cuts","Caltrops","Cloak And Dagger"],"picked":"SKIP","floor":40},{"not_picked":["Infinite Blades","Reflex+1","Outmaneuver"],"picked":"Cloak And Dagger+1","floor":41},{"not_picked":["Riddle With Holes","Expertise","Escape Plan"],"picked":"Dodge and Roll+1","floor":42},{"not_picked":["Well Laid Plans","Tactician+1","Underhanded Strike"],"picked":"PiercingWail","floor":44},{"not_picked":["Escape Plan","Underhanded Strike","Prepared","Slice+1"],"picked":"SKIP","floor":46},{"not_picked":["Escape Plan","Underhanded Strike","Prepared","Slice+1"],"picked":"SKIP","floor":46},{"not_picked":["Bane+1","Heel Hook+1","Expertise+1"],"picked":"Prepared+1","floor":47},{"not_picked":["Underhanded Strike","Flying Knee","Corpse Explosion"],"picked":"Deflect","floor":55}],"player_experience":812714,"relics_obtained":[{"floor":6.0,"key":"Boot"},{"floor":8.0,"key":"Old Coin"},{"floor":9.0,"key":"TungstenRod"},{"floor":10.0,"key":"Question Card"},{"floor":22.0,"key":"InkBottle"},{"floor":26.0,"key":"Thread and Needle"},{"floor":27.0,"key":"The Specimen"},{"floor":29.0,"key":"Blue Candle"},{"floor":31.0,"key":"Art of War"},{"floor":34.0,"key":"Nunchaku"},{"floor":34.0,"key":"Shuriken"},{"floor":34.0,"key":"StoneCalendar"},{"floor":38,"key":"WingedGreaves"},{"floor":40,"key":"Lizard Tail"},{"floor":42,"key":"Anchor"},{"floor":44,"key":"Bronze Scales"},{"floor":46,"key":"MawBank"},{"floor":48,"key":"Ice Cream"},{"floor":55,"key":"Bag of Preparation"}],"event_choices":[{"damage_healed":0.0,"max_hp_gain":0.0,"max_hp_loss":0.0,"gold_gain":0.0,"event_name":"Liars Game","player_choice":"Ignored","floor":3.0,"gold_loss":0.0,"damage_taken":0.0},{"damage_healed":0.0,"max_hp_gain":0.0,"max_hp_loss":0.0,"gold_gain":0.0,"event_name":"Scrap Ooze","player_choice":"Success","floor":4.0,"gold_loss":0.0,"damage_taken":11.0,"relics_obtained":["Pen Nib"]},{"damage_healed":0.0,"max_hp_gain":5.0,"max_hp_loss":0.0,"gold_gain":0.0,"event_name":"Big Fish","player_choice":"Donut","floor":5.0,"gold_loss":0.0,"damage_taken":0.0},{"damage_healed":0.0,"max_hp_gain":0.0,"max_hp_loss":0.0,"gold_gain":0.0,"event_name":"Accursed Blacksmith","player_choice":"Rummage","floor":19.0,"gold_loss":0.0,"damage_taken":0.0,"relics_obtained":["WarpedTongs"],"cards_obtained":["Pain"]},{"damage_healed":0.0,"max_hp_gain":0.0,"max_hp_loss":0.0,"gold_gain":0.0,"cards_transformed":["Strike_G","Strike_G"],"event_name":"Drug Dealer","player_choice":"Became Test Subject","floor":30.0,"gold_loss":0.0,"damage_taken":0.0,"cards_obtained":["Deadly Poison","Endless Agony"]},{"damage_healed":0,"gold_gain":0,"player_choice":"Fight","damage_taken":0,"max_hp_gain":0,"max_hp_loss":0,"event_name":"Mysterious Sphere","floor":38,"gold_loss":0},{"damage_healed":0,"gold_gain":50,"player_choice":"Pray","damage_taken":0,"max_hp_gain":0,"max_hp_loss":0,"event_name":"Golden Shrine","floor":39,"gold_loss":0}],"is_beta":false,"boss_relics":[{"not_picked":["Runic Pyramid","Empty Cage"],"picked":"Ectoplasm"},{"not_picked":["Tiny House","SacredBark"],"picked":"Calling Bell"}],"items_purged_floors":[],"is_endless":false,"potions_floor_spawned":[10,11,12,18,24,25,35,38,40,42,55],"killed_by":"The Heart","ascension_level":20}}