{"host":"qn9jmys3bzrfa36a","time":1607935763,"event":{"mods":["Act Like it!","BaseMod","Decade(王小明)","Downfall","HololiveMod","Minty Spire (QoL Compilation)","MostiFishMod","Replay The Spire","Robot Space Explorer","StSLib","The Cursed","[地精首领爬塔]The Maniac"],"gold_per_floor":[113,130,130,150,167,167,178,178,178,211,211,18,18,18,18,143,143,168,191,191,215,280,280,280,280,305,305,346,366,384,428,428,549,549,564,580,354,354,687,687,721,721,771,771,804,819,833,843,843,843],"floor_reached":51,"playtime":3534,"items_purged":[],"score":945,"play_id":"164d915a-ae88-49e2-a1bd-933f76e5ec64","local_time":"20201214164923","is_ascension_mode":false,"campfire_choices":[{"data":"Acrobatics","floor":6,"key":"SMITH"},{"data":"Draining Mist","floor":8,"key":"SMITH"},{"floor":13,"key":"REST"},{"data":"MostiFishMod:PerfectForm","floor":15,"key":"SMITH"},{"floor":23,"key":"REST"},{"data":"MostiFishMod:WinterMarkForm","floor":25,"key":"SMITH"},{"data":"MostiFishMod:LethalBlade","floor":32,"key":"SMITH"},{"data":"MostiFishMod:BrokenBlackCloak","floor":40,"key":"SMITH"},{"data":"Dramatic Entrance","floor":42,"key":"SMITH"},{"data":"Replay:Bag of Tricks","floor":49,"key":"SMITH"}],"circlet_count":0,"master_deck":["Strike_G+1","Strike_G+1","Strike_G+1","Strike_G+1","Strike_G+1","Defend_G+1","Defend_G+1","Defend_G+1","Defend_G+1","Defend_G+1","Survivor+1","Neutralize","Flying Knee","Backstab+1","Tactician","Acrobatics+1","Draining Mist+1","Dash","MostiFishMod:PerfectForm+1","MostiFishMod:WinterMarkForm+1","Terror","MostiFishMod:PoisonShield","Necronomicurse","Backflip+1","Outmaneuver+1","Sucker Punch","MostiFishMod:LethalBlade+1","Skewer","Quick Slash+1","Toxin Wave+1","MostiFishMod:Neurotoxin","Dagger Spray+1","Draining Mist","Adrenaline","Dramatic Entrance","MostiFishMod:BrokenBlackCloak+1","Dramatic Entrance+1","Flash of Steel","Caltrops+1","MostiFishMod:WinterMarkForm+1","Replay:Bag of Tricks+1","Adrenaline"],"relics":["DaveBox","Ring of Chaos","HollowDreamFlower","Question Card","Quantum Egg","Replay:Rubber Ducky","ImportantClient","GuanYuAspect","Necronomicon","Oddly Smooth Stone","Vajra","Tingsha","Hololive_LightStick","WristBlade","ReplayTheSpireMod:ShopPack","Replay:Bottled Flurry","ReplayFunnel","Bottled Tornado"],"acts_visited":["Exordium","TheCity","TheBeyond"],"potions_floor_usage":[],"damage_taken":[{"damage":1,"enemies":"Cultist","floor":1,"turns":4},{"damage":11,"enemies":"Jaw Worm","floor":2,"turns":2},{"damage":0,"enemies":"2 Louse","floor":4,"turns":2},{"damage":4,"enemies":"2 Fungi Beasts","floor":5,"turns":4},{"damage":19,"enemies":"3 Louse","floor":7,"turns":3},{"damage":16,"enemies":"Lagavulin","floor":10,"turns":6},{"damage":0,"enemies":"Slime Boss","floor":16,"turns":3},{"damage":4,"enemies":"3 Byrds","floor":18,"turns":5},{"damage":11,"enemies":"2 Thieves","floor":19,"turns":3},{"damage":0,"enemies":"Snecko","floor":21,"turns":4},{"damage":0,"enemies":"Replay:Snechameleon","floor":28,"turns":4},{"damage":0,"enemies":"Cultist and Chosen","floor":29,"turns":4},{"damage":0,"enemies":"Sentry and Sphere","floor":30,"turns":3},{"damage":3,"enemies":"Gremlin Leader","floor":31,"turns":5},{"damage":2,"enemies":"Automaton","floor":33,"turns":5},{"damage":7,"enemies":"3 Darklings","floor":35,"turns":3},{"damage":1,"enemies":"Orb Walker","floor":36,"turns":2},{"damage":0,"enemies":"Nemesis","floor":41,"turns":5},{"damage":0,"enemies":"R_Hoarder","floor":45,"turns":4},{"damage":0,"enemies":"3 Darklings","floor":46,"turns":2},{"damage":5,"enemies":"Jaw Worm Horde","floor":47,"turns":2},{"damage":0,"enemies":"Maw","floor":48,"turns":3},{"damage":0,"enemies":"Donu and Deca","floor":50,"turns":5}],"seed_played":"-7576253870282600731","potions_obtained":[{"floor":2,"key":"Regen Potion"},{"floor":4,"key":"CunningPotion"},{"floor":7,"key":"Swift Potion"}],"is_trial":false,"path_per_floor":["M","M","?","M","M","R","M","R","T","E","?","$","R","?","R","B",null,"M","M","?","M","?","R","?","R","T","?","E","M","M","E","R","B",null,"M","M","$","?","?","R","E","R","T","?","E","M","M","M","R","B",null],"character_chosen":"THE_SILENT","items_purchased":["MostiFishMod:PerfectForm","ReplayTheSpireMod:ShopPack","Adrenaline"],"campfire_rested":2,"item_purchase_floors":[12,37,37],"current_hp_per_floor":[69,59,59,63,63,63,48,48,48,36,22,22,43,43,43,47,33,33,30,14,25,12,17,17,17,17,17,33,33,33,33,33,33,33,28,33,33,33,33,33,33,33,33,33,33,33,30,33,33,33],"gold":843,"neow_bonus":"BOSS_RELIC","is_daily":false,"chose_seed":false,"campfire_upgraded":8,"win_rate":0.0,"timestamp":1607935763,"path_taken":["M","?","?","M","M","R","M","R","T","E","?","$","R","?","R","BOSS","M","M","?","M","?","R","?","R","T","?","E","M","M","E","R","BOSS","M","M","$","?","?","R","E","R","T","?","E","M","?","M","R","BOSS"],"items_purchased_type":["Card","Relic","Card"],"build_version":"2020-12-13","purchased_purges":0,"victory":true,"max_hp_per_floor":[70,70,70,70,70,70,70,70,70,70,70,70,70,65,65,65,33,33,33,33,33,33,33,33,33,33,33,33,33,33,33,33,33,33,33,33,33,33,33,33,33,33,33,33,33,33,33,33,33,33],"card_choices":[{"not_picked":["Prepared","Masterful Stab"],"picked":"Flying Knee","floor":1},{"not_picked":["Dagger Spray","Leg Sweep","Sucker Punch"],"picked":"Backstab","floor":2},{"not_picked":["Hidden Blade","Outmaneuver","Poisoned Stab"],"picked":"Tactician","floor":4},{"not_picked":["Sucker Punch","Hidden Blade","Slice"],"picked":"Acrobatics","floor":5},{"not_picked":["Flechettes","ReplayTheSpireMod:Exploit Weakness","Skewer"],"picked":"Draining Mist","floor":7},{"not_picked":["Underhanded Strike","Well Laid Plans","Masterful Stab"],"picked":"Dash","floor":10},{"not_picked":["ReplayTheSpireMod:Necrosis","Unload","Phantasmal Killer"],"picked":"MostiFishMod:WinterMarkForm","floor":16},{"not_picked":["Prepared","Blade Dance","Crippling Poison+1"],"picked":"Terror","floor":18},{"not_picked":["Deadly Poison","Dodge and Roll","Slice"],"picked":"MostiFishMod:PoisonShield","floor":19},{"not_picked":["Dagger Throw+1","Fluid Movement","Backstab"],"picked":"Backflip+1","floor":21},{"not_picked":["Catalyst+1","Infinite Blades","Fluid Movement"],"picked":"Outmaneuver+1","floor":22},{"not_picked":["Outmaneuver+1","Deflect","ReplayTheSpireMod:Scrap Shanks+1"],"picked":"Sucker Punch","floor":22},{"not_picked":["Predator","Skewer","ReplayTheSpireMod:Scrap Shanks"],"picked":"MostiFishMod:LethalBlade","floor":28},{"not_picked":["Dodge and Roll+1","Dagger Spray","All Out Attack"],"picked":"Skewer","floor":29},{"not_picked":["Hidden Blade+1","Terror","MostiFishMod:PerfectParry"],"picked":"Quick Slash+1","floor":30},{"not_picked":["A Thousand Cuts","ReplayTheSpireMod:Shiv Toss+1","Prepared+1"],"picked":"Toxin Wave+1","floor":31},{"not_picked":["Tools of the Trade","MostiFishMod:HiddenBlade","Wraith Form v2"],"picked":"MostiFishMod:Neurotoxin","floor":33},{"not_picked":["Finisher+1","MostiFishMod:PerfectParry","Bane"],"picked":"Dagger Spray+1","floor":35},{"not_picked":["Slice+1","PiercingWail+1","MostiFishMod:ThornCasing+1"],"picked":"Draining Mist","floor":36},{"not_picked":["expansioncontent:GoopSpray","expansioncontent:ManipulateTime","Swift Strike"],"picked":"Dramatic Entrance","floor":37},{"not_picked":["Chrysalis","Apotheosis","Secret Weapon"],"picked":"MostiFishMod:BrokenBlackCloak","floor":37},{"not_picked":["expansioncontent:TimeRipple","expansioncontent:SlimeTackle","Mind Blast"],"picked":"Dramatic Entrance","floor":37},{"not_picked":["expansioncontent:CaCaw","expansioncontent:Collect","Replay:SS_forest_6"],"picked":"Flash of Steel","floor":38},{"not_picked":["Replay:Poison Smokescreen","Blade Dance","ReplayTheSpireMod:Shiv Toss+1"],"picked":"Caltrops+1","floor":41},{"not_picked":["Leg Sweep+1","ReplayTheSpireMod:Speed Training+1","Bane"],"picked":"Replay:Bag of Tricks","floor":45},{"not_picked":["PiercingWail","Sucker Punch","Bouncing Flask","Replay:Poison Smokescreen"],"picked":"SKIP","floor":46},{"not_picked":["Replay:Poison Smokescreen+1","Deflect+1","Riddle With Holes","Skewer+1"],"picked":"SKIP","floor":47},{"not_picked":["Acrobatics+1","Distraction","Sneak Up+1"],"picked":"Adrenaline","floor":48}],"player_experience":83869,"relics_obtained":[{"floor":1,"key":"Question Card"},{"floor":9,"key":"Quantum Egg"},{"floor":10,"key":"Replay:Rubber Ducky"},{"floor":16,"key":"ImportantClient"},{"floor":20,"key":"Necronomicon"},{"floor":22,"key":"Oddly Smooth Stone"},{"floor":26,"key":"Vajra"},{"floor":28,"key":"Tingsha"},{"floor":31,"key":"Hololive_LightStick"},{"floor":41,"key":"Replay:Bottled Flurry"},{"floor":43,"key":"ReplayFunnel"},{"floor":45,"key":"Bottled Tornado"}],"event_choices":[{"damage_healed":0,"gold_gain":0,"player_choice":"Grow","damage_taken":0,"max_hp_gain":0,"max_hp_loss":0,"event_name":"Living Wall","floor":3,"gold_loss":0,"cards_upgraded":["Backstab"]},{"damage_healed":0,"gold_gain":0,"player_choice":"Entered Light","damage_taken":14,"max_hp_gain":0,"max_hp_loss":0,"event_name":"Shining Light","floor":11,"gold_loss":0,"cards_upgraded":["Survivor","Defend_G"]},{"damage_healed":0,"gold_gain":0,"player_choice":"Lose Max HP","damage_taken":0,"relics_obtained":["Golden Idol"],"max_hp_gain":0,"max_hp_loss":5,"event_name":"Golden Idol","floor":14,"gold_loss":0},{"damage_healed":0,"gold_gain":0,"player_choice":"Obtained Book","damage_taken":16,"max_hp_gain":0,"max_hp_loss":0,"event_name":"Cursed Tome","floor":20,"gold_loss":0},{"damage_healed":0,"gold_gain":0,"player_choice":"Simplicity","damage_taken":0,"max_hp_gain":0,"max_hp_loss":0,"event_name":"Back to Basics","floor":24,"gold_loss":0,"cards_upgraded":["Strike_G","Strike_G","Strike_G","Strike_G","Strike_G","Defend_G","Defend_G","Defend_G","Defend_G"]},{"damage_healed":0,"gold_gain":0,"player_choice":"Ignored","damage_taken":0,"max_hp_gain":0,"max_hp_loss":0,"event_name":"Ghosts","floor":27,"gold_loss":0},{"damage_healed":0,"gold_gain":0,"player_choice":"Memory 1","damage_taken":0,"max_hp_gain":0,"max_hp_loss":0,"event_name":"SensoryStone","floor":38,"gold_loss":0},{"damage_healed":0,"gold_gain":333,"player_choice":"Gave Idol","damage_taken":0,"max_hp_gain":0,"max_hp_loss":0,"event_name":"The Moai Head","floor":39,"relics_lost":["Golden Idol"],"gold_loss":0},{"damage_healed":0,"gold_gain":0,"player_choice":"Copied","damage_taken":0,"max_hp_gain":0,"max_hp_loss":0,"event_name":"Duplicator","floor":44,"gold_loss":0,"cards_obtained":["MostiFishMod:WinterMarkForm"]}],"is_beta":false,"boss_relics":[{"not_picked":["Black Star","TakeMeEscape"],"picked":"GuanYuAspect"},{"not_picked":["OneHitWonderSystem","MetatronsCube"],"picked":"WristBlade"}],"items_purged_floors":[],"is_endless":false,"potions_floor_spawned":[2,4,7,16,28,30,31,33,35,36,45],"ascension_level":0}}