{"host":"684z1xpuwaoqmmh1","time":1607928501,"event":{"mods":["Bard","BaseMod","Downfall","Hermit","Jorbs\u0027s Wanderer Trilogy","Marisa????????","Minty Spire (QoL Compilation)","StSLib","The Hierophant","The Mystic","The Runesmith"],"gold_per_floor":[99,124,141,66,86,114,190,190,190],"floor_reached":8,"playtime":623,"items_purged":[],"score":67,"play_id":"016021b4-3c34-417a-a4bf-b39449cee03e","local_time":"20201214084821","is_ascension_mode":true,"campfire_choices":[{"floor":1,"key":"RECALL"},{"data":"champ:Taunt","floor":4,"key":"SMITH"}],"circlet_count":0,"master_deck":["champ:Strike","champ:Strike","champ:Strike","champ:Strike","champ:Defend","champ:Defend","champ:Defend","champ:Defend","champ:Execute","champ:Taunt+1","expansioncontent:DecasProtection","champ:AdrenalArmor","champ:Duel","champ:FocusedBerserking","champ:Aggression"],"relics":["champ:ChampionCrown","champ:FightingForDummies","downfall:HeartBlessingRed","Potion Belt","Gremlin Horn"],"acts_visited":["Exordium"],"potions_floor_usage":[],"damage_taken":[{"damage":38,"enemies":"Lagavulin","floor":2,"turns":9},{"damage":11,"enemies":"Cultist","floor":3,"turns":6},{"damage":4,"enemies":"Jaw Worm","floor":5,"turns":4},{"damage":40,"enemies":"Gremlin Nob","floor":6,"turns":5},{"damage":34,"enemies":"Lagavulin","floor":8,"turns":6}],"seed_played":"-344509811740651969","potions_obtained":[],"is_trial":false,"path_per_floor":["R","E","M","R","M","E","T","E"],"character_chosen":"THE_CHAMP","items_purchased":[],"campfire_rested":0,"item_purchase_floors":[],"current_hp_per_floor":[90,67,67,67,67,29,29,0,0],"gold":190,"neow_bonus":"RANDOM_COLORLESS","is_daily":false,"chose_seed":false,"campfire_upgraded":1,"win_rate":0.0,"timestamp":1607928501,"path_taken":["R","E","M","R","?","E","T","E"],"items_purchased_type":[],"build_version":"2020-12-13","purchased_purges":0,"victory":false,"max_hp_per_floor":[90,90,90,90,90,90,90,90,90],"card_choices":[{"not_picked":["expansioncontent:SuperHexaguard","expansioncontent:ManipulateTime"],"picked":"expansioncontent:DecasProtection","floor":0},{"not_picked":["champ:FocusedDefense","champ:Riposte"],"picked":"champ:AdrenalArmor","floor":2},{"not_picked":["champ:CalledShot","champ:BringItOn"],"picked":"champ:Duel","floor":3},{"not_picked":["champ:BladeFlurry","champ:DefensiveShout"],"picked":"champ:FocusedBerserking","floor":5},{"not_picked":["champ:DefensiveShout","champ:FocusedGladiator"],"picked":"champ:Aggression","floor":6}],"player_experience":2286944,"relics_obtained":[{"floor":2,"key":"champ:FightingForDummies"},{"floor":6,"key":"Potion Belt"},{"floor":7,"key":"Gremlin Horn"}],"event_choices":[],"is_beta":false,"boss_relics":[],"items_purged_floors":[],"is_endless":false,"potions_floor_spawned":[],"killed_by":"Lagavulin","ascension_level":1}}