{"host":"zftkeu5v9gqs3wr3","time":1607987247,"event":{"mods":["Act Like it!","Bard","BaseMod","CapriCore","Elementarium","Gensokyo","Jorbs\u0027s Wanderer Trilogy","Mad Scientist","Minty Spire (QoL Compilation)","Potionbrewer","Rare Cards Sparkle","Shade Mod","StSLib","The Cursed","The Immortal","The Runesmith","TheSwordswoman"],"gold_per_floor":[115,133,133,93,107,107,117,117,141,16,30,47,75,37,37,136,136,154,172,172,22,42,42,42,53,53,53,70,70,70,85,85,183,183,201,201,26,26,26,26,42,42,42],"floor_reached":42,"playtime":2633,"items_purged":[],"score":438,"play_id":"8a1dec98-a2cd-4cb6-9536-2e17ec03aff7","local_time":"20201214230727","is_ascension_mode":false,"campfire_choices":[{"data":"Survivor","floor":6,"key":"SMITH"},{"data":"Bouncing Flask","floor":8,"key":"SMITH"},{"floor":15,"key":"REST"},{"floor":23,"key":"REST"},{"data":"Catalyst","floor":27,"key":"SMITH"},{"data":"Catalyst","floor":30,"key":"SMITH"},{"floor":32,"key":"REST"},{"floor":40,"key":"REST"}],"circlet_count":0,"master_deck":["Strike_G+1","Strike_G+1","Strike_G+1","Strike_G+1","Strike_G+1","Defend_G+1","Defend_G+1","Defend_G+1","Defend_G+1","Defend_G+1","Survivor+1","Neutralize+1","Deadly Poison","Poisoned Stab+1","PiercingWail","Bouncing Flask+1","Catalyst+1","Bane","Outmaneuver","Noxious Fumes","Blade Dance","Catalyst+1","CurseOfTheBell","Poisoned Stab+1","Noxious Fumes","Deflect","Deadly Poison","Terror+1","Deflect","Envenom","Poisoned Stab+1","Catalyst+1","Flying Knee","Footwork","Madness","Madness","Outmaneuver+1"],"relics":["Ring of the Snake","Vajra","Odd Mushroom","Calling Bell","Shuriken","CaptainsWheel","Ancient Tea Set","potionbrewer:WarMedal","potionbrewer:BhaskarasWheel"],"acts_visited":["Exordium","TheCity","TheBeyond"],"potions_floor_usage":[12,13,18,22,33,42,42],"damage_taken":[{"damage":4,"enemies":"Jaw Worm","floor":1,"turns":5},{"damage":0,"enemies":"Cultist","floor":2,"turns":4},{"damage":0,"enemies":"2 Louse","floor":5,"turns":2},{"damage":0,"enemies":"Looter","floor":7,"turns":4},{"damage":13,"enemies":"3 Louse","floor":11,"turns":3},{"damage":2,"enemies":"Exordium Thugs","floor":12,"turns":3},{"damage":10,"enemies":"The Mushroom Lair","floor":13,"turns":4},{"damage":28,"enemies":"The Guardian","floor":16,"turns":7},{"damage":25,"enemies":"2 Thieves","floor":18,"turns":4},{"damage":13,"enemies":"Shell Parasite","floor":19,"turns":3},{"damage":18,"enemies":"Sentry and Sphere","floor":22,"turns":6},{"damage":0,"enemies":"Snake Plant","floor":25,"turns":3},{"damage":9,"enemies":"3 Cultists","floor":28,"turns":6},{"damage":22,"enemies":"Centurion and Healer","floor":31,"turns":4},{"damage":72,"enemies":"Automaton","floor":33,"turns":9},{"damage":32,"enemies":"3 Darklings","floor":35,"turns":6},{"damage":44,"enemies":"3 Shapes","floor":41,"turns":4},{"damage":25,"enemies":"Maw","floor":42,"turns":5}],"seed_played":"-6496842050486048324","potions_obtained":[{"floor":1,"key":"Energy Potion"},{"floor":4,"key":"EssenceOfSteel"},{"floor":4,"key":"Strength Potion"},{"floor":4,"key":"CultistPotion"},{"floor":5,"key":"Block Potion"},{"floor":16,"key":"Energy Potion"},{"floor":19,"key":"PowerPotion"},{"floor":28,"key":"potionbrewer:QuicksilverPotion"},{"floor":33,"key":"Poison Potion"},{"floor":35,"key":"ColorlessPotion"}],"is_trial":false,"path_per_floor":["M","M","?","?","M","R","M","R","T","$","M","M","?","$","R","B",null,"M","M","?","$","M","R","?","M","T","R","M","?","R","M","R","B",null,"M","?","$","?","?","R","M","M"],"character_chosen":"THE_SILENT","items_purchased":["Catalyst","Bane","Catalyst","Ancient Tea Set","Catalyst","Flying Knee","Footwork"],"campfire_rested":4,"item_purchase_floors":[10,10,14,21,37,37,37],"current_hp_per_floor":[66,66,66,66,66,66,66,66,66,66,53,51,41,41,62,34,70,45,32,32,32,14,35,80,80,80,80,71,71,71,49,73,1,80,48,48,48,38,38,62,18,0,0],"gold":42,"neow_bonus":"UPGRADE_CARD","is_daily":false,"chose_seed":false,"campfire_upgraded":4,"win_rate":0.0,"timestamp":1607987247,"path_taken":["M","M","?","?","M","R","M","R","T","$","?","M","?","$","R","BOSS","M","M","?","$","M","R","?","?","T","R","M","?","R","M","R","BOSS","M","?","$","?","?","R","?","M"],"items_purchased_type":["Card","Card","Card","Relic","Card","Card","Card"],"build_version":"2020-12-13","purchased_purges":0,"victory":false,"max_hp_per_floor":[70,70,70,70,70,70,70,70,70,70,70,70,70,70,70,70,70,70,70,70,70,70,70,80,80,80,80,80,80,80,80,80,80,80,80,80,80,80,80,80,80,80,80],"card_choices":[{"not_picked":["Tactician","Expertise"],"picked":"Deadly Poison","floor":1},{"not_picked":["Blur","Dagger Throw"],"picked":"Poisoned Stab","floor":2},{"not_picked":["Flying Knee","Deflect"],"picked":"PiercingWail","floor":5},{"not_picked":["Riddle With Holes","Dagger Spray"],"picked":"Bouncing Flask","floor":7},{"not_picked":["Backflip","Dagger Spray"],"picked":"Outmaneuver","floor":11},{"not_picked":["Flying Knee","Sucker Punch"],"picked":"Noxious Fumes","floor":12},{"not_picked":["Dodge and Roll","Backflip"],"picked":"Blade Dance","floor":13},{"not_picked":["Phantasmal Killer","Doppelganger"],"picked":"Night Terror","floor":16},{"not_picked":["Underhanded Strike","Bouncing Flask"],"picked":"Poisoned Stab+1","floor":18},{"not_picked":["Leg Sweep","Underhanded Strike"],"picked":"Noxious Fumes","floor":19},{"not_picked":["Corpse Explosion","Distraction"],"picked":"Deflect","floor":22},{"not_picked":["Masterful Stab","Terror"],"picked":"Deadly Poison","floor":25},{"not_picked":["Backstab","Outmaneuver"],"picked":"Terror+1","floor":28},{"not_picked":["Sucker Punch","Skewer+1"],"picked":"Deflect","floor":31},{"not_picked":["Malaise","Night Terror"],"picked":"Envenom","floor":33},{"not_picked":["Underhanded Strike+1","PiercingWail"],"picked":"Poisoned Stab+1","floor":35},{"not_picked":["Poisoned Stab+1","Flying Knee+1"],"picked":"Outmaneuver+1","floor":41}],"player_experience":60551,"relics_obtained":[{"floor":9,"key":"Vajra"},{"floor":13,"key":"Odd Mushroom"},{"floor":17,"key":"Shuriken"},{"floor":17,"key":"CaptainsWheel"},{"floor":26,"key":"potionbrewer:WarMedal"}],"event_choices":[{"damage_healed":0,"gold_gain":0,"player_choice":"Grow","damage_taken":0,"max_hp_gain":0,"max_hp_loss":0,"event_name":"Living Wall","floor":3,"gold_loss":0,"cards_upgraded":["Poisoned Stab"]},{"damage_healed":0,"gold_gain":0,"player_choice":"Bought 3 Potions","damage_taken":0,"max_hp_gain":0,"max_hp_loss":0,"event_name":"The Woman in Blue","floor":4,"gold_loss":0},{"damage_healed":0,"gold_gain":0,"player_choice":"Fought Mushrooms","damage_taken":0,"max_hp_gain":0,"max_hp_loss":0,"event_name":"Mushrooms","floor":13,"gold_loss":0},{"damage_healed":0,"gold_gain":0,"player_choice":"Simplicity","damage_taken":0,"max_hp_gain":0,"max_hp_loss":0,"event_name":"Back to Basics","floor":20,"gold_loss":0,"cards_upgraded":["Strike_G","Strike_G","Strike_G","Strike_G","Strike_G","Defend_G","Defend_G","Defend_G","Defend_G","Defend_G"]},{"cards_removed":["Night Terror"],"damage_healed":35,"gold_gain":0,"player_choice":"Offered Rare","damage_taken":0,"max_hp_gain":10,"max_hp_loss":0,"event_name":"Bonfire Elementals","floor":24,"gold_loss":0},{"damage_healed":0,"gold_gain":0,"player_choice":"Ignored","damage_taken":0,"max_hp_gain":0,"max_hp_loss":0,"event_name":"Tomb of Lord Red Mask","floor":36,"gold_loss":0},{"damage_healed":0,"gold_gain":0,"player_choice":"Embrace Madness","damage_taken":10,"max_hp_gain":0,"max_hp_loss":0,"event_name":"Winding Halls","floor":38,"gold_loss":0,"cards_obtained":["Madness","Madness"]},{"damage_healed":0,"gold_gain":0,"player_choice":"Upgraded","damage_taken":0,"max_hp_gain":0,"max_hp_loss":0,"event_name":"Upgrade Shrine","floor":39,"gold_loss":0,"cards_upgraded":["Catalyst"]}],"is_beta":false,"boss_relics":[{"not_picked":["Sozu","SacredBark"],"picked":"Calling Bell"},{"not_picked":["Black Star","Cursed Key"],"picked":"potionbrewer:BhaskarasWheel"}],"items_purged_floors":[],"is_endless":false,"potions_floor_spawned":[1,5,16,19,28,33,35],"killed_by":"Maw","ascension_level":0}}