{"host":"i09pxcjttd31eh4q","time":1607929784,"event":{"mods":["AchievementEnabler","BaseMod","Colored Map","Keyboard Shortcuts","Minty Spire (QoL Compilation)","StSLib","SuperFastMode"],"gold_per_floor":[116,41,61,78,89,119,119,144,167,167,186,111,131,143,143,214,214,226,126,139,14,28,28,48,48,48,48,75,75,95,95,95,166,166,184,198,212,162,181,211,211,240,266,103,103,157,192,204,204,204,204],"floor_reached":52,"playtime":1520,"items_purged":["Strike_P","Strike_P","Defend_P"],"score":2248,"play_id":"f4ddc244-6fe2-45e1-a6be-626387a4ebd8","local_time":"20201214160944","is_ascension_mode":true,"campfire_choices":[{"data":"EmptyFist","floor":7.0,"key":"SMITH"},{"data":"FlurryOfBlows","floor":10.0,"key":"SMITH"},{"data":"FlurryOfBlows","floor":15.0,"key":"SMITH"},{"data":"Tantrum","floor":23.0,"key":"SMITH"},{"data":"Vault","floor":25.0,"key":"SMITH"},{"data":"Vigilance","floor":27.0,"key":"SMITH"},{"data":"1","floor":32.0,"key":"LIFT"},{"data":"2","floor":41.0,"key":"LIFT"},{"data":"TalkToTheHand","floor":45,"key":"SMITH"},{"data":"3","floor":49,"key":"LIFT"}],"circlet_count":0,"master_deck":["AscendersBane","Defend_P+1","Eruption+1","Vigilance+1","EmptyFist+1","FlurryOfBlows+1","FlurryOfBlows+1","Vault+1","Tantrum+1","CrushJoints+1","Vault+1","Omniscience+1","InnerPeace+1","BowlingBash+1","Protect+1","Sanctity+1","TalkToTheHand+1"],"relics":["PureWater","Unceasing Top","Omamori","Nunchaku","Runic Pyramid","Lantern","Anchor","Girya","Astrolabe","Bag of Marbles","Bag of Preparation","TheAbacus","Turnip","Smiling Mask"],"acts_visited":["Exordium","TheCity","TheBeyond"],"potions_floor_usage":[51],"damage_taken":[{"damage":0.0,"enemies":"Cultist","floor":1.0,"turns":3.0},{"damage":2.0,"enemies":"Small Slimes","floor":3.0,"turns":4.0},{"damage":2.0,"enemies":"Jaw Worm","floor":4.0,"turns":4.0},{"damage":2.0,"enemies":"Large Slime","floor":5.0,"turns":5.0},{"damage":27.0,"enemies":"Gremlin Nob","floor":6.0,"turns":4.0},{"damage":22.0,"enemies":"3 Sentries","floor":8.0,"turns":8.0},{"damage":0.0,"enemies":"Blue Slaver","floor":11.0,"turns":2.0},{"damage":1.0,"enemies":"Exordium Thugs","floor":13.0,"turns":3.0},{"damage":0.0,"enemies":"Large Slime","floor":14.0,"turns":3.0},{"damage":0.0,"enemies":"Hexaghost","floor":16.0,"turns":8.0},{"damage":0.0,"enemies":"Chosen","floor":18.0,"turns":3.0},{"damage":0.0,"enemies":"Spheric Guardian","floor":20.0,"turns":3.0},{"damage":0.0,"enemies":"Centurion and Healer","floor":22.0,"turns":4.0},{"damage":0.0,"enemies":"3 Cultists","floor":24.0,"turns":3.0},{"damage":11.0,"enemies":"Slavers","floor":28.0,"turns":3.0},{"damage":0.0,"enemies":"Sentry and Sphere","floor":30.0,"turns":3.0},{"damage":17.0,"enemies":"Automaton","floor":33.0,"turns":7.0},{"damage":0.0,"enemies":"3 Darklings","floor":35.0,"turns":2.0},{"damage":17.0,"enemies":"3 Shapes","floor":36.0,"turns":5.0},{"damage":0.0,"enemies":"Maw","floor":37.0,"turns":3.0},{"damage":0.0,"enemies":"Transient","floor":39.0,"turns":8.0},{"damage":0.0,"enemies":"Nemesis","floor":40.0,"turns":3.0},{"damage":0.0,"enemies":"Giant Head","floor":42.0,"turns":2.0},{"damage":0,"enemies":"2 Orb Walkers","floor":46,"turns":2},{"damage":0,"enemies":"Nemesis","floor":47,"turns":2},{"damage":0,"enemies":"3 Darklings","floor":48,"turns":2},{"damage":22,"enemies":"Awakened One","floor":50,"turns":7},{"damage":0,"enemies":"Donu and Deca","floor":51,"turns":6}],"seed_played":"-3669680503438376583","potions_obtained":[{"floor":3.0,"key":"SkillPotion"},{"floor":5.0,"key":"Dexterity Potion"},{"floor":6.0,"key":"Weak Potion"},{"floor":13.0,"key":"SneckoOil"},{"floor":16.0,"key":"DuplicationPotion"},{"floor":24.0,"key":"Weak Potion"},{"floor":28.0,"key":"EssenceOfSteel"},{"floor":40.0,"key":"AttackPotion"},{"floor":48,"key":"SteroidPotion"}],"is_trial":false,"path_per_floor":["M","$","M","M","M","E","R","E","T","R","M","?","M","M","R","B",null,"M","$","M","$","M","R","M","R","T","R","E","?","M","?","R","B",null,"M","M","M","?","M","E","R","E","T","$","R","?","E","M","R","B","B",null],"character_chosen":"WATCHER","items_purchased":["TheAbacus"],"campfire_rested":0,"item_purchase_floors":[44],"current_hp_per_floor":[61,61,59,57,55,28,28,6,6,6,6,6,5,5,5,5,52,52,52,52,52,52,52,52,52,52,52,41,41,41,41,41,24,57,57,40,40,40,40,40,40,40,40,40,40,40,40,40,40,18,18],"gold":204,"neow_bonus":"UPGRADE_CARD","is_daily":false,"chose_seed":false,"campfire_upgraded":7,"win_rate":0.0,"timestamp":1607929784,"path_taken":["M","$","?","M","M","E","R","E","T","R","M","?","M","M","R","BOSS","M","$","M","$","M","R","M","R","T","R","E","?","M","?","R","BOSS","M","M","M","?","M","E","R","E","T","?","R","?","E","M","R","BOSS","BOSS"],"items_purchased_type":["Relic"],"build_version":"2020-12-13","purchased_purges":3,"victory":true,"max_hp_per_floor":[68,68,68,68,68,68,68,68,68,68,68,68,68,68,68,68,68,68,68,68,68,68,68,68,68,68,68,68,68,68,68,68,68,68,68,68,68,68,68,68,68,68,68,68,68,68,68,68,68,68,68],"card_choices":[{"not_picked":["FollowUp","ClearTheMind"],"picked":"EmptyFist","floor":1.0},{"not_picked":["Worship","ClearTheMind","CutThroughFate"],"picked":"SKIP","floor":3.0},{"not_picked":["Protect","Pray","Evaluate"],"picked":"SKIP","floor":4.0},{"not_picked":["Swivel","EmptyFist","Crescendo"],"picked":"SKIP","floor":5.0},{"not_picked":["EmptyBody","CrushJoints"],"picked":"FlurryOfBlows","floor":6.0},{"not_picked":["Omniscience","EmptyBody","Prostrate"],"picked":"SKIP","floor":8.0},{"not_picked":["EmptyFist","Crescendo","Brilliance"],"picked":"SKIP","floor":11.0},{"not_picked":["JustLucky","Protect","Nirvana"],"picked":"SKIP","floor":13.0},{"not_picked":["DeceiveReality","Worship"],"picked":"FlurryOfBlows","floor":14.0},{"not_picked":["Omniscience","DevaForm"],"picked":"Vault","floor":16.0},{"not_picked":["Protect","CrushJoints"],"picked":"Tantrum","floor":18.0},{"not_picked":["PathToVictory","DeusExMachina","FlurryOfBlows"],"picked":"SKIP","floor":20.0},{"not_picked":["Protect","CrushJoints","WindmillStrike"],"picked":"SKIP","floor":22.0},{"not_picked":["WreathOfFlame","WheelKick","JustLucky"],"picked":"SKIP","floor":24.0},{"not_picked":["PathToVictory","Perseverance+1","Meditate"],"picked":"SKIP","floor":28.0},{"not_picked":["ThirdEye+1","Prostrate"],"picked":"CrushJoints+1","floor":30.0},{"not_picked":["ConjureBlade","Omniscience"],"picked":"Vault","floor":33.0},{"not_picked":["FollowUp","ForeignInfluence+1","EmptyFist"],"picked":"SKIP","floor":35.0},{"not_picked":["SashWhip","WindmillStrike","Collect"],"picked":"SKIP","floor":36.0},{"not_picked":["ClearTheMind","Prostrate"],"picked":"Protect+1","floor":37.0},{"not_picked":["Study","BowlingBash","CutThroughFate"],"picked":"SKIP","floor":39.0},{"not_picked":["Wireheading","ClearTheMind+1"],"picked":"Sanctity+1","floor":40.0},{"not_picked":["EmptyFist","Crescendo+1"],"picked":"TalkToTheHand","floor":42.0},{"not_picked":["SashWhip","ThirdEye","PathToVictory"],"picked":"SKIP","floor":47},{"not_picked":["SashWhip","ThirdEye","PathToVictory"],"picked":"SKIP","floor":47},{"not_picked":["Sanctity","Collect","CutThroughFate"],"picked":"SKIP","floor":48}],"player_experience":729353,"relics_obtained":[{"floor":6.0,"key":"Unceasing Top"},{"floor":8.0,"key":"Omamori"},{"floor":9.0,"key":"Nunchaku"},{"floor":26.0,"key":"Lantern"},{"floor":28.0,"key":"Anchor"},{"floor":40.0,"key":"Bag of Marbles"},{"floor":42.0,"key":"Bag of Preparation"},{"floor":46,"key":"Turnip"},{"floor":47,"key":"Smiling Mask"}],"event_choices":[{"cards_removed":["Strike_P"],"damage_healed":0.0,"max_hp_gain":0.0,"max_hp_loss":0.0,"gold_gain":0.0,"event_name":"The Cleric","player_choice":"Card Removal","floor":12.0,"gold_loss":75.0,"damage_taken":0.0},{"damage_healed":0.0,"max_hp_gain":0.0,"max_hp_loss":0.0,"gold_gain":0.0,"event_name":"Addict","player_choice":"Stole Relic","floor":29.0,"gold_loss":0.0,"damage_taken":0.0,"relics_obtained":["Girya"],"cards_obtained":["Shame"]},{"damage_healed":0.0,"max_hp_gain":0.0,"max_hp_loss":0.0,"gold_gain":0.0,"event_name":"Ghosts","player_choice":"Ignored","floor":31.0,"gold_loss":0.0,"damage_taken":0.0},{"damage_healed":0.0,"max_hp_gain":0.0,"max_hp_loss":0.0,"gold_gain":0.0,"event_name":"Designer","player_choice":"Upgraded Two","floor":38.0,"gold_loss":50.0,"damage_taken":0.0,"cards_upgraded":["Vault","Defend_P"]},{"damage_healed":0,"gold_gain":0,"player_choice":"Fight","damage_taken":0,"max_hp_gain":0,"max_hp_loss":0,"event_name":"Mysterious Sphere","floor":46,"gold_loss":0}],"is_beta":false,"boss_relics":[{"not_picked":["Fusion Hammer","Black Star"],"picked":"Runic Pyramid"},{"not_picked":["SlaversCollar","Runic Dome"],"picked":"Astrolabe"}],"items_purged_floors":[2,19,21],"is_endless":false,"potions_floor_spawned":[3,5,6,13,16,24,28,30,36,40,48],"ascension_level":20}}