{"host":"ks12kfi5c4d9hdxy","time":1607969484,"event":{"mods":["BaseMod","Conspire","GifTheSpireLib","HololiveMod","Koishi","LagranYue(拉格朗・月)","Marisa（F雨　魔理沙）","Minty Spire (QoL Compilation)","Reimu（博丽灵梦）","Remilia（蕾米莉亚）","Replay The Spire","RumiaBox-露米娅的神秘盒子","StSLib","SuperFastMode","The Administrix","The Servant 0.9.4","Youmu（魂魄妖梦）","Yuyuko","【功能Mod】混沌之环修复补丁","【功能Mod】聪明的最终Boss","篝火指南"],"gold_per_floor":[109,109,122,137,154,154,154],"floor_reached":6,"playtime":158,"items_purged":[],"score":72,"play_id":"77bfe5a0-bf01-4e70-b8fc-56103ac66921","local_time":"20201215021124","is_ascension_mode":true,"campfire_choices":[],"circlet_count":0,"master_deck":["AscendersBane","Strike_MRS","Strike_MRS","Strike_MRS","Strike_MRS","Defend_MRS","Defend_MRS","Defend_MRS","Defend_MRS","MasterSpark","UpSweep","ReplayTheSpireMod:Splinters","PropBag+1","ShootingEcho"],"relics":["MiniHakkero","LagranYue:RandomDrawCardRelic","SacredBark","Blue Candle"],"acts_visited":["Exordium"],"potions_floor_usage":[3,5],"damage_taken":[{"damage":11,"enemies":"Jaw Worm","floor":1,"turns":3},{"damage":1,"enemies":"Cultist","floor":3,"turns":3},{"damage":12,"enemies":"Small Slimes","floor":4,"turns":3},{"damage":5,"enemies":"Looter","floor":5,"turns":2},{"damage":23,"enemies":"Lagavulin","floor":6,"turns":7}],"seed_played":"-3674922184202468939","potions_obtained":[{"floor":1,"key":"BottledSpark"},{"floor":4,"key":"BottledSpark"}],"is_trial":false,"path_per_floor":["M","?","M","M","M","E"],"character_chosen":"MARISA","items_purchased":[],"campfire_rested":0,"item_purchase_floors":[],"current_hp_per_floor":[52,52,51,39,34,11,11],"gold":154,"neow_bonus":"CURSED_BOSS_RELIC","is_daily":false,"chose_seed":false,"campfire_upgraded":0,"win_rate":0.0,"timestamp":1607969484,"path_taken":["M","?","M","?","M","E"],"items_purchased_type":[],"build_version":"2020-12-13","purchased_purges":0,"victory":false,"max_hp_per_floor":[70,70,70,70,70,70,70],"card_choices":[{"not_picked":["GasGiant","EnergyRecoil"],"picked":"PropBag","floor":1},{"not_picked":["GalacticHalo","MilkyWay"],"picked":"ShootingEcho","floor":3},{"not_picked":["PulseMagic","GrandCross","ChargeUpSpray"],"picked":"SKIP","floor":4},{"not_picked":["OortCloud","ShootingEcho","6A"],"picked":"SKIP","floor":5}],"player_experience":484725,"relics_obtained":[],"event_choices":[{"damage_healed":0,"gold_gain":0,"player_choice":"Upgraded","damage_taken":0,"max_hp_gain":0,"max_hp_loss":0,"event_name":"Upgrade Shrine","floor":2,"gold_loss":0,"cards_upgraded":["PropBag"]}],"is_beta":false,"boss_relics":[],"items_purged_floors":[],"is_endless":false,"potions_floor_spawned":[1,4],"killed_by":"Lagavulin","ascension_level":18}}