{"host":"do5be0rrwzdbe7ng","time":1607934171,"event":{"mods":["AchievementEnabler","BaseMod","Colored Map","Colored Powertips","Custom Start","DeckTracker","Keyboard Shortcuts","Minty Spire (QoL Compilation)","Quick Restart","StSLib","SuperFastMode","everything is the same but u backflip on backflip"],"gold_per_floor":[112,112,129,54,65,65,97,110,134,134,134,134],"floor_reached":11,"playtime":227,"items_purged":["Strike_B"],"score":139,"play_id":"40acc2cd-ae3f-43a1-9225-a5c526886030","local_time":"20201214172251","is_ascension_mode":true,"campfire_choices":[{"data":"Zap","floor":6,"key":"SMITH"},{"data":"Coolheaded","floor":10,"key":"SMITH"}],"circlet_count":0,"master_deck":["AscendersBane","Strike_B","Strike_B","Defend_B","Defend_B","Defend_B","Defend_B","Zap+1","Dualcast","Gash","Coolheaded+1","Conserve Battery","Go for the Eyes"],"relics":["Cracked Core","NeowsBlessing","Regal Pillow","Pen Nib"],"acts_visited":["Exordium"],"potions_floor_usage":[7],"damage_taken":[{"damage":0,"enemies":"2 Louse","floor":1,"turns":1},{"damage":0,"enemies":"Cultist","floor":3,"turns":1},{"damage":0,"enemies":"Small Slimes","floor":5,"turns":1},{"damage":32,"enemies":"3 Sentries","floor":7,"turns":9},{"damage":14,"enemies":"Red Slaver","floor":8,"turns":4},{"damage":8,"enemies":"Gremlin Nob","floor":11,"turns":3}],"seed_played":"546727373129925150","potions_obtained":[{"floor":1,"key":"PowerPotion"},{"floor":7,"key":"EssenceOfSteel"}],"is_trial":false,"path_per_floor":["M","?","M","$","M","R","E","M","T","R","E"],"character_chosen":"DEFECT","items_purchased":[],"campfire_rested":0,"item_purchase_floors":[],"current_hp_per_floor":[64,64,64,64,64,64,32,18,18,18,10,10],"gold":134,"neow_bonus":"THREE_ENEMY_KILL","is_daily":false,"chose_seed":false,"campfire_upgraded":2,"win_rate":0.0,"timestamp":1607934171,"path_taken":["M","?","?","$","M","R","E","M","T","R","E"],"items_purchased_type":[],"build_version":"2020-12-13","purchased_purges":1,"victory":false,"max_hp_per_floor":[71,71,71,71,71,71,71,71,71,71,71,71],"card_choices":[{"not_picked":["Tempest","Barrage"],"picked":"Gash","floor":1},{"not_picked":["Cold Snap","Recycle"],"picked":"Coolheaded","floor":3},{"not_picked":["Aggregate","Hologram","Scrape"],"picked":"SKIP","floor":5},{"not_picked":["Auto Shields","Storm"],"picked":"Conserve Battery","floor":7},{"not_picked":["Stack","Double Energy"],"picked":"Go for the Eyes","floor":8}],"player_experience":337729,"relics_obtained":[{"floor":7,"key":"Regal Pillow"},{"floor":9,"key":"Pen Nib"}],"event_choices":[{"cards_removed":["Strike_B"],"damage_healed":0,"gold_gain":0,"player_choice":"Offered Basic","damage_taken":0,"max_hp_gain":0,"max_hp_loss":0,"event_name":"Bonfire Elementals","floor":2,"gold_loss":0}],"is_beta":false,"boss_relics":[],"items_purged_floors":[4],"is_endless":false,"potions_floor_spawned":[1,7],"killed_by":"Gremlin Nob","ascension_level":18}}