{"host":"63yhhrjweyj22b0v","time":1607934281,"event":{"mods":["BaseMod","Minty Spire (QoL Compilation)","Quick Restart"],"gold_per_floor":[114,133,146,146,161,161,171,198,198,198,214,214,231,8,8,111,111,131,46,46,16,16,27,27,55,55,72,72,86,86,112,112,112,112],"floor_reached":33,"playtime":823,"items_purged":[],"score":303,"play_id":"03faae7a-0c72-4435-b95a-4d3228a7c038","local_time":"20201214022441","is_ascension_mode":true,"campfire_choices":[{"data":"Static Discharge","floor":6,"key":"SMITH"},{"data":"Echo Form","floor":10,"key":"SMITH"},{"floor":12,"key":"REST"},{"data":"Static Discharge","floor":15,"key":"SMITH"},{"floor":24,"key":"REST"},{"floor":28,"key":"REST"},{"floor":30,"key":"REST"},{"floor":32,"key":"REST"}],"circlet_count":0,"master_deck":["Strike_B","Strike_B","Strike_B","Defend_B","Defend_B","Defend_B","Defend_B","Zap+1","Dualcast","Static Discharge+1","Ball Lightning","Beam Cell","Echo Form+1","Redo+1","Static Discharge+1","Machine Learning","Conserve Battery+1","Writhe","Echo Form+1","Self Repair","Reinforced Body+1","Auto Shields"],"relics":["Cracked Core","NeowsBlessing","Letter Opener","Bird Faced Urn","Happy Flower","SacredBark","White Beast Statue","Emotion Chip","Pear","Bottled Lightning","War Paint"],"acts_visited":["Exordium","TheCity"],"potions_floor_usage":[8,16,21,23,25,29,31,31,33],"damage_taken":[{"damage":0,"enemies":"Cultist","floor":1,"turns":1},{"damage":0,"enemies":"Jaw Worm","floor":2,"turns":1},{"damage":0,"enemies":"Small Slimes","floor":3,"turns":1},{"damage":10,"enemies":"Looter","floor":5,"turns":3},{"damage":2,"enemies":"Blue Slaver","floor":7,"turns":2},{"damage":13,"enemies":"3 Sentries","floor":8,"turns":4},{"damage":17,"enemies":"Exordium Thugs","floor":11,"turns":3},{"damage":10,"enemies":"Gremlin Gang","floor":13,"turns":2},{"damage":10,"enemies":"Slime Boss","floor":16,"turns":8},{"damage":27,"enemies":"Chosen","floor":18,"turns":4},{"damage":20,"enemies":"2 Thieves","floor":21,"turns":2},{"damage":7,"enemies":"Snake Plant","floor":23,"turns":4},{"damage":49,"enemies":"Slavers","floor":25,"turns":2},{"damage":23,"enemies":"Shelled Parasite and Fungi","floor":27,"turns":4},{"damage":42,"enemies":"Snecko","floor":29,"turns":4},{"damage":21,"enemies":"Book of Stabbing","floor":31,"turns":3},{"damage":76,"enemies":"Automaton","floor":33,"turns":6}],"seed_played":"8527039840086003098","potions_obtained":[{"floor":5,"key":"EssenceOfDarkness"},{"floor":11,"key":"PowerPotion"},{"floor":13,"key":"EssenceOfSteel"},{"floor":16,"key":"SmokeBomb"},{"floor":23,"key":"DuplicationPotion"},{"floor":25,"key":"Dexterity Potion"},{"floor":27,"key":"FearPotion"},{"floor":29,"key":"FocusPotion"},{"floor":31,"key":"FearPotion"}],"is_trial":false,"path_per_floor":["M","M","M","?","M","R","M","E","T","R","M","R","M","$","R","B",null,"M","?","?","M","?","M","R","E","T","M","R","M","R","E","R","B"],"character_chosen":"DEFECT","items_purchased":["Static Discharge","Happy Flower"],"campfire_rested":5,"item_purchase_floors":[14,14],"current_hp_per_floor":[75,75,75,75,65,65,63,50,50,50,37,59,51,51,51,55,75,53,53,53,35,35,34,56,29,29,21,46,14,39,31,56,0,0],"gold":112,"neow_bonus":"THREE_ENEMY_KILL","is_daily":false,"chose_seed":false,"campfire_upgraded":3,"win_rate":0.0,"timestamp":1607934281,"path_taken":["M","M","?","?","?","R","M","E","T","R","M","R","M","?","R","BOSS","M","?","?","M","?","M","R","E","T","?","R","?","R","E","R","BOSS"],"items_purchased_type":["Card","Relic"],"build_version":"2020-12-13","purchased_purges":0,"victory":false,"max_hp_per_floor":[75,75,75,75,75,75,75,75,75,75,75,75,75,75,75,75,75,75,75,75,75,75,75,75,85,85,85,85,85,85,85,85,85,85],"card_choices":[{"not_picked":["Compile Driver","Barrage","Steam"],"picked":"SKIP","floor":1},{"not_picked":["Steam","Lockon","Coolheaded"],"picked":"SKIP","floor":2},{"not_picked":["Leap","Streamline"],"picked":"Static Discharge","floor":3},{"not_picked":["Turbo","Sweeping Beam"],"picked":"Ball Lightning","floor":5},{"not_picked":["Rainbow","FTL"],"picked":"Beam Cell","floor":7},{"not_picked":["Turbo","Steam"],"picked":"Echo Form","floor":8},{"not_picked":["Heatsinks","Hologram","Stack"],"picked":"SKIP","floor":11},{"not_picked":["Fusion","Stack"],"picked":"Redo","floor":13},{"not_picked":["All For One","Meteor Strike"],"picked":"Machine Learning","floor":16},{"not_picked":["Sweeping Beam","Lockon+1"],"picked":"Conserve Battery+1","floor":18},{"not_picked":["Genetic Algorithm","Rip and Tear","Doom and Gloom"],"picked":"SKIP","floor":23},{"not_picked":["Sweeping Beam","Rip and Tear"],"picked":"Self Repair","floor":25},{"not_picked":["Steam Power+1","Sunder","Barrage"],"picked":"SKIP","floor":27},{"not_picked":["Ball Lightning","Leap"],"picked":"Reinforced Body+1","floor":29},{"not_picked":["Stack","Rainbow"],"picked":"Auto Shields","floor":31}],"player_experience":582017,"relics_obtained":[{"floor":8,"key":"Letter Opener"},{"floor":9,"key":"Bird Faced Urn"},{"floor":25,"key":"Pear"},{"floor":26,"key":"Bottled Lightning"},{"floor":31,"key":"War Paint"}],"event_choices":[{"cards_removed":["Strike_B"],"damage_healed":0,"gold_gain":0,"player_choice":"Card Removal","damage_taken":0,"max_hp_gain":0,"max_hp_loss":0,"event_name":"Wheel of Change","floor":4,"gold_loss":0},{"damage_healed":0,"gold_gain":0,"player_choice":"Obtained Relic","damage_taken":0,"relics_obtained":["White Beast Statue"],"max_hp_gain":0,"max_hp_loss":0,"event_name":"Addict","floor":19,"gold_loss":85},{"damage_healed":0,"gold_gain":0,"player_choice":"Opened","damage_taken":0,"relics_obtained":["Emotion Chip"],"max_hp_gain":0,"max_hp_loss":0,"event_name":"The Mausoleum","floor":20,"gold_loss":0,"cards_obtained":["Writhe"]},{"damage_healed":0,"gold_gain":0,"player_choice":"Copied","damage_taken":0,"max_hp_gain":0,"max_hp_loss":0,"event_name":"Duplicator","floor":22,"gold_loss":0,"cards_obtained":["Echo Form"]}],"is_beta":false,"boss_relics":[{"not_picked":["Cursed Key","FrozenCore"],"picked":"SacredBark"}],"items_purged_floors":[],"is_endless":false,"potions_floor_spawned":[5,11,13,16,21,23,25,27,29,31],"killed_by":"Automaton","ascension_level":1}}