{"host":"fqid566djxhwi0rl","time":1607986630,"event":{"mods":["2.2 Compatiblity","AchievementEnabler","Aspiration","BaseMod","Downfall","Energized Spire","Faster Ascension Climbing","GifTheSpireLib","Minty Spire (QoL Compilation)","Replay The Spire","Robot Space Explorer","StSLib","The Blackbeard","The Gatherer","Trackpad","Yuri Mod"],"gold_per_floor":[119,131,131,206,39,39,68,68,68,78,88,101,101,131,131,203,203,221,241,241,241,241,241,241,241,272,286,286,286,211,211,10,38,38,112,112,132,482,492,492,40,40,53,53,77,95,95,95,115,3,3,21,21,21,21],"floor_reached":56,"playtime":2454,"items_purged":[],"score":2661,"play_id":"b7aaadbb-cd00-4547-b3c3-ec69bcbc4731","local_time":"20201215005710","is_ascension_mode":true,"campfire_choices":[{"data":"hexamod:Float","floor":6,"key":"SMITH"},{"data":"hexamod:PhantomCloak","floor":8,"key":"SMITH"},{"data":"hexamod:WildfireWeapon","floor":13,"key":"SMITH"},{"data":"hexamod:ChargedBarrage","floor":15,"key":"SMITH"},{"floor":23,"key":"REST"},{"data":"hexamod:SearingWound","floor":29,"key":"SMITH"},{"data":"hexamod:GhostflameBarrier","floor":34,"key":"SMITH"},{"data":"hexamod:SearingWound","floor":42,"key":"SMITH"},{"data":"hexamod:VolcanoVisage","floor":44,"key":"SMITH"},{"data":"hexamod:HeatMetal","floor":51,"key":"SMITH"},{"data":"hexamod:ThermalTransfer","floor":53,"key":"SMITH"}],"circlet_count":0,"master_deck":["AscendersBane","hexamod:Strike","hexamod:Defend+1","hexamod:Defend","hexamod:Defend+1","hexamod:Defend","hexamod:Sear+1","hexamod:Float+1","hexamod:ChargedBarrage+1","hexamod:HeatMetal+1","hexamod:PhantomCloak+1","hexamod:StepThrough","hexamod:ThermalTransfer+1","hexamod:ThermalTransfer+1","hexamod:WildfireWeapon+1","hexamod:FirstSeal","hexamod:SearingWound+1","hexamod:GhostflameBarrier+1","hexamod:AdvancingGuard+1","hexamod:FifthSeal","hexamod:AdvancingGuard","hexamod:FourthSeal","hexamod:Hexaguard+1","hexamod:Hexaguard","hexamod:Hexaguard","hexamod:SixthSeal","hexamod:VolcanoVisage+1","Go for the Eyes+1","hexamod:SearingWound+1"],"relics":["hexamod:SpiritBrand","NeowsBlessing","Toy Ornithopter","trackpad:FieryHotPepper","FossilizedHelix","Akabeko","energizedSpire:MagnifyingGlass","Anchor","Bag of Preparation","aspiration:HummingbirdHeart","trackpad:WindUpAutoDealer","Lee\u0027s Waffle","trackpad:RapidFire","aspiration:DefectSkillbook","Old Coin","aspiration:KaomsHeart"],"acts_visited":["Exordium","TheCity","TheBeyond"],"potions_floor_usage":[11,14,26,26,35,46,55,55],"damage_taken":[{"damage":0,"enemies":"Jaw Worm","floor":1,"turns":1},{"damage":2,"enemies":"Small Slimes","floor":2,"turns":2},{"damage":0,"enemies":"Replay:BlueRogue","floor":7,"turns":1},{"damage":0,"enemies":"2 Louse","floor":10,"turns":2},{"damage":0,"enemies":"Exordium Wildlife","floor":11,"turns":4},{"damage":0,"enemies":"2 Fungi Beasts","floor":12,"turns":3},{"damage":0,"enemies":"Gremlin Nob","floor":14,"turns":3},{"damage":30,"enemies":"The Guardian","floor":16,"turns":9},{"damage":32,"enemies":"Chosen","floor":18,"turns":7},{"damage":12,"enemies":"Spheric Guardian","floor":19,"turns":5},{"damage":0,"enemies":"Book of Stabbing","floor":26,"turns":6},{"damage":0,"enemies":"Snake Plant","floor":27,"turns":6},{"damage":16,"enemies":"Replay:Snechameleon","floor":33,"turns":6},{"damage":23,"enemies":"Pondfish","floor":35,"turns":10},{"damage":0,"enemies":"Orb Walker","floor":37,"turns":4},{"damage":0,"enemies":"2 Orb Walkers","floor":38,"turns":5},{"damage":0,"enemies":"3 Darklings","floor":39,"turns":5},{"damage":0,"enemies":"Writhing Mass","floor":43,"turns":6},{"damage":0,"enemies":"Jaw Worm Horde","floor":46,"turns":3},{"damage":0,"enemies":"Transient","floor":49,"turns":6},{"damage":0,"enemies":"Spire Growth","floor":52,"turns":4},{"damage":0,"enemies":"Donu and Deca","floor":54,"turns":11},{"damage":43,"enemies":"Time Eater","floor":55,"turns":13}],"seed_played":"-8149479645620621095","potions_obtained":[{"floor":1,"key":"Strength Potion"},{"floor":7,"key":"LifebloodPotion"},{"floor":16,"key":"Weak Potion"},{"floor":18,"key":"LiquidMemories"},{"floor":27,"key":"FearPotion"},{"floor":33,"key":"SpeedPotion"},{"floor":37,"key":"Regen Potion"},{"floor":38,"key":"Fire Potion"},{"floor":46,"key":"Regen Potion"},{"floor":52,"key":"LifebloodPotion"}],"is_trial":false,"path_per_floor":["M","M","?","?","$","R","E","R","T","M","M","M","R","E","R","B",null,"M","M","?","T","?","R","PTL","PTL","E","M","T","R","?","?","$","E","R","B",null,"M","?","M","?","$","R","M","R","T","M","PTL","PTL","M","?","R","M","R","B","B",null],"character_chosen":"THE_SPIRIT","items_purchased":["hexamod:PhantomCloak","hexamod:StepThrough","Lee\u0027s Waffle","hexamod:Hexaguard","aspiration:KaomsHeart"],"campfire_rested":1,"item_purchase_floors":[5,5,32,32,41],"current_hp_per_floor":[57,55,50,39,39,39,39,39,39,39,44,44,44,49,49,19,52,27,22,16,16,16,34,34,34,44,51,51,51,51,51,70,61,61,43,63,70,70,70,70,170,170,170,170,170,170,170,170,170,170,170,170,170,170,159],"gold":21,"neow_bonus":"THREE_ENEMY_KILL","is_daily":false,"chose_seed":false,"campfire_upgraded":10,"win_rate":0.0,"timestamp":1607986630,"path_taken":["M","M","?","?","$","R","E","R","T","M","M","M","R","E","R","BOSS","M","M","?","?","?","R","PTL","PTL","E","M","T","R","?","?","$","E","R","BOSS","M","?","M","?","$","R","M","R","T","M","PTL","PTL","M","?","R","M","R","BOSS","BOSS"],"items_purchased_type":["Card","Card","Relic","Card","Relic"],"build_version":"2020-12-13","purchased_purges":0,"victory":true,"max_hp_per_floor":[63,63,63,63,63,63,63,63,63,63,63,63,63,63,63,63,63,63,63,63,63,63,63,63,63,63,63,63,63,63,63,70,70,70,70,70,70,70,70,70,170,170,170,170,170,170,170,170,170,170,170,170,170,170,170],"card_choices":[{"not_picked":["hexamod:GhostLash","hexamod:HauntingEcho"],"picked":"hexamod:ChargedBarrage","floor":1},{"not_picked":["hexamod:RainOfEmbers","hexamod:SkipABeat"],"picked":"hexamod:HeatMetal","floor":2},{"not_picked":["hexamod:NightmareGuise","hexamod:HeatCrush"],"picked":"hexamod:ThermalTransfer","floor":7},{"not_picked":["hexamod:GhostOfSpirePast","hexamod:HauntingEcho"],"picked":"hexamod:ThermalTransfer","floor":10},{"not_picked":["hexamod:SpectersWail","hexamod:ShieldOfDarkness"],"picked":"hexamod:WildfireWeapon","floor":11},{"not_picked":["hexamod:ThermalTransfer","hexamod:SpectersWail","hexamod:RainOfEmbers"],"picked":"SKIP","floor":12},{"not_picked":["hexamod:PhantomFireball","hexamod:ThermalTransfer"],"picked":"hexamod:FirstSeal","floor":14},{"not_picked":["hexamod:CrushingStance","hexamod:WildfireWeapon"],"picked":"hexamod:SearingWound","floor":16},{"not_picked":["hexamod:GhostOfSpireFuture","hexamod:BacktrackSmack"],"picked":"hexamod:GhostflameBarrier","floor":18},{"not_picked":["hexamod:HauntingEcho","hexamod:PhantomFireball"],"picked":"hexamod:AdvancingGuard","floor":19},{"not_picked":["hexamod:WildfireWeapon","hexamod:AdvancingGuard","hexamod:InspiringFlames"],"picked":"SKIP","floor":26},{"not_picked":["hexamod:FirstSeal","hexamod:ThirdSeal"],"picked":"hexamod:FourthSeal","floor":27},{"not_picked":["hexamod:HeatMetal","hexamod:RainOfEmbers"],"picked":"hexamod:Hexaguard","floor":27},{"not_picked":["hexamod:ChargedBarrage","hexamod:GhostOfSpirePresent","hexamod:HauntingEcho"],"picked":"SKIP","floor":33},{"not_picked":["hexamod:FourthSeal","hexamod:SecondSeal"],"picked":"hexamod:SixthSeal","floor":35},{"not_picked":["hexamod:GiftsFromTheDead","hexamod:UnleashSpirits"],"picked":"hexamod:VolcanoVisage","floor":35},{"not_picked":["hexamod:FastForward","Streamline+1","hexamod:RainOfEmbers"],"picked":"Go for the Eyes+1","floor":37},{"not_picked":["Coolheaded","hexamod:DynamicBlow","hexamod:NightmareStrike"],"picked":"hexamod:SearingWound","floor":39},{"not_picked":["Stack+1","hexamod:Haunt","Beam Cell","Barrage"],"picked":"SKIP","floor":43},{"not_picked":["hexamod:FourthSeal","hexamod:GhostOfSpirePast","Consume","Self Repair"],"picked":"SKIP","floor":46},{"not_picked":["Streamline","hexamod:GhostShield","hexamod:FastForward","BasicCrystalCard"],"picked":"SKIP","floor":49},{"not_picked":["Coolheaded","hexamod:BacktrackSmack","hexamod:InspiringFlames","hexamod:GhostflameInferno"],"picked":"SKIP","floor":52}],"player_experience":679574,"relics_obtained":[{"floor":7,"key":"trackpad:FieryHotPepper"},{"floor":9,"key":"FossilizedHelix"},{"floor":14,"key":"Akabeko"},{"floor":21,"key":"Bag of Preparation"},{"floor":26,"key":"aspiration:HummingbirdHeart"},{"floor":28,"key":"trackpad:WindUpAutoDealer"},{"floor":33,"key":"trackpad:RapidFire"},{"floor":38,"key":"Old Coin"},{"floor":45,"key":"aspiration:KMNothing"}],"event_choices":[{"damage_healed":0,"gold_gain":0,"player_choice":"Success","damage_taken":5,"relics_obtained":["Toy Ornithopter"],"max_hp_gain":0,"max_hp_loss":0,"event_name":"Scrap Ooze","floor":3,"gold_loss":0},{"damage_healed":0,"gold_gain":75,"player_choice":"Gather Gold","damage_taken":11,"max_hp_gain":0,"max_hp_loss":0,"event_name":"World of Goop","floor":4,"gold_loss":0},{"damage_healed":0,"gold_gain":0,"player_choice":"Anchor","damage_taken":0,"relics_obtained":["Anchor"],"max_hp_gain":0,"max_hp_loss":0,"event_name":"blackbeard:ShipwreckEvent","floor":20,"gold_loss":0},{"damage_healed":0,"gold_gain":0,"cards_transformed":["hexamod:Strike","hexamod:Strike"],"player_choice":"Became Test Subject","damage_taken":0,"max_hp_gain":0,"max_hp_loss":0,"event_name":"Drug Dealer","floor":22,"gold_loss":0,"cards_obtained":["hexamod:FifthSeal","hexamod:AdvancingGuard"]},{"cards_removed":["hexamod:Strike"],"damage_healed":0,"gold_gain":0,"player_choice":"Gave Gold","damage_taken":0,"max_hp_gain":0,"max_hp_loss":0,"event_name":"Beggar","floor":30,"gold_loss":75},{"damage_healed":0,"gold_gain":0,"player_choice":"Ignored","damage_taken":0,"max_hp_gain":0,"max_hp_loss":0,"event_name":"Vampires","floor":31,"gold_loss":0},{"damage_healed":0,"gold_gain":0,"player_choice":"Fight","damage_taken":0,"max_hp_gain":0,"max_hp_loss":0,"event_name":"Mysterious Sphere","floor":38,"gold_loss":0},{"damage_healed":0,"gold_gain":0,"player_choice":"Paid Gold","damage_taken":0,"relics_obtained":["aspiration:KMNothing"],"max_hp_gain":0,"max_hp_loss":0,"event_name":"WeMeetAgain","floor":50,"gold_loss":112}],"is_beta":false,"boss_relics":[{"not_picked":["Cursed Key","Runic Dome"],"picked":"energizedSpire:MagnifyingGlass"},{"not_picked":["Runic Pyramid","Pandora\u0027s Box"],"picked":"aspiration:DefectSkillbook"}],"items_purged_floors":[],"is_endless":false,"potions_floor_spawned":[1,7,16,18,27,33,38,43],"ascension_level":20}}