{"host":"udzsrhbqdxqtlypj","time":1607978530,"event":{"mods":["BaseMod","Minty Spire (QoL Compilation)","Relic Stats"],"gold_per_floor":[109,109,158,1,21,21,51,51,75,0,34,34,46,71,71,167,167,179,195,215,232,62,62,62],"floor_reached":23,"playtime":1292,"items_purged":["Strike_G","Strike_G"],"score":464,"play_id":"036d2860-da2a-40a5-8c41-b3f692c061b0","local_time":"20201214144210","is_ascension_mode":true,"campfire_choices":[{"data":"Infinite Blades","floor":6,"key":"SMITH"},{"data":"Corpse Explosion","floor":15,"key":"SMITH"}],"circlet_count":0,"master_deck":["AscendersBane","Strike_G+1","Strike_G","Strike_G","Defend_G","Defend_G","Defend_G","Defend_G+1","Survivor+1","Neutralize","Leg Sweep","Endless Agony","Infinite Blades+1","Flying Knee+1","Calculated Gamble","Acrobatics","Dagger Spray+1","Reflex","Corpse Explosion+1","Bullet Time","Predator"],"relics":["Ring of the Snake","NeowsBlessing","Akabeko","HornCleat","War Paint","Whetstone","Happy Flower","Snecko Eye"],"acts_visited":["Exordium","TheCity"],"potions_floor_usage":[20,21],"damage_taken":[{"damage":0,"enemies":"2 Louse","floor":1,"turns":1},{"damage":0,"enemies":"Jaw Worm","floor":5,"turns":1},{"damage":0,"enemies":"Gremlin Nob","floor":7,"turns":1},{"damage":17,"enemies":"Lagavulin","floor":11,"turns":8},{"damage":0,"enemies":"Cultist","floor":13,"turns":2},{"damage":11,"enemies":"Gremlin Nob","floor":14,"turns":4},{"damage":0,"enemies":"Slime Boss","floor":16,"turns":8},{"damage":0,"enemies":"Chosen","floor":18,"turns":4},{"damage":0,"enemies":"3 Byrds","floor":19,"turns":2},{"damage":9,"enemies":"Snecko","floor":20,"turns":4},{"damage":23,"enemies":"Centurion and Healer","floor":21,"turns":3},{"damage":32,"enemies":"Book of Stabbing","floor":23,"turns":5}],"seed_played":"2397990518983435348","potions_obtained":[{"floor":7,"key":"Poison Potion"},{"floor":14,"key":"Strength Potion"},{"floor":19,"key":"PowerPotion"}],"is_trial":false,"path_per_floor":["M","?","T","$","M","R","E","?","T","$","E","$","M","E","R","B",null,"M","M","M","M","$","E"],"character_chosen":"THE_SILENT","items_purchased":["Endless Agony","Infinite Blades","Flying Knee","Predator"],"campfire_rested":0,"item_purchase_floors":[4,4,4,22],"current_hp_per_floor":[63,56,56,56,56,56,56,56,56,56,39,39,39,28,28,28,60,60,60,51,28,28,0,0],"gold":62,"neow_bonus":"THREE_ENEMY_KILL","is_daily":false,"chose_seed":false,"campfire_upgraded":2,"win_rate":0.0,"timestamp":1607978530,"path_taken":["M","?","?","$","M","R","E","?","T","$","E","?","?","E","R","BOSS","M","?","M","M","$","E"],"items_purchased_type":["Card","Card","Card","Card"],"build_version":"2020-12-13","purchased_purges":2,"victory":false,"max_hp_per_floor":[70,70,70,70,70,70,70,70,70,70,70,70,70,70,70,70,70,70,70,70,70,70,70,70],"relic_stats":{"Happy Flower":[8],"counters":[12,43],"Snecko Eye":[32,47,38,44],"Whetstone":["Strike_G","Dagger Spray"],"War Paint":["Defend_G","Survivor"],"obtain_stats":[{"HornCleat":7,"NeowsBlessing":0,"Happy Flower":14,"Snecko Eye":17,"Whetstone":11,"War Paint":9,"Akabeko":3,"Ring of the Snake":0},{"HornCleat":3,"NeowsBlessing":0,"Happy Flower":6,"Snecko Eye":7,"Whetstone":4,"War Paint":3,"Akabeko":1,"Ring of the Snake":0},{"HornCleat":3,"NeowsBlessing":0,"Happy Flower":17,"Snecko Eye":25,"Whetstone":11,"War Paint":3,"Akabeko":1,"Ring of the Snake":0}],"Ring of the Snake":[25]},"card_choices":[{"not_picked":["Quick Slash","Prepared"],"picked":"Leg Sweep","floor":1},{"not_picked":["Tactician","Flechettes"],"picked":"Calculated Gamble","floor":5},{"not_picked":["Well Laid Plans","Outmaneuver"],"picked":"Acrobatics","floor":7},{"not_picked":["Concentrate","Leg Sweep"],"picked":"Dagger Spray","floor":11},{"not_picked":["Dagger Throw","Skewer"],"picked":"Reflex","floor":13},{"not_picked":["Sucker Punch","Blur"],"picked":"Corpse Explosion","floor":14},{"not_picked":["Tools of the Trade","Grand Finale"],"picked":"Bullet Time","floor":16},{"not_picked":["Flying Knee","Prepared+1","Dagger Spray"],"picked":"SKIP","floor":18},{"not_picked":["Slice+1","Quick Slash","Cloak And Dagger"],"picked":"SKIP","floor":19},{"not_picked":["Setup","Skewer","Backstab+1"],"picked":"SKIP","floor":20},{"not_picked":["Bane","Sucker Punch","Blade Dance"],"picked":"SKIP","floor":21}],"player_experience":2619601,"relics_obtained":[{"floor":3,"key":"Akabeko"},{"floor":7,"key":"HornCleat"},{"floor":9,"key":"War Paint"},{"floor":11,"key":"Whetstone"},{"floor":14,"key":"Happy Flower"}],"event_choices":[{"cards_removed":["Defend_G"],"damage_healed":0,"gold_gain":0,"player_choice":"Card Removal","damage_taken":7,"max_hp_gain":0,"max_hp_loss":0,"event_name":"Golden Wing","floor":2,"gold_loss":0},{"damage_healed":0,"gold_gain":0,"player_choice":"Grow","damage_taken":0,"max_hp_gain":0,"max_hp_loss":0,"event_name":"Living Wall","floor":8,"gold_loss":0,"cards_upgraded":["Flying Knee"]}],"is_beta":false,"boss_relics":[{"not_picked":["Empty Cage","Ectoplasm"],"picked":"Snecko Eye"}],"items_purged_floors":[10,22],"is_endless":false,"potions_floor_spawned":[7,14,19],"killed_by":"Book of Stabbing","ascension_level":10}}