{"host":"5uvzo7moqy5vd63g","time":1607912140,"event":{"mods":["Aspiration","BaseMod","Conspire","Dio Mod","Downfall","Hermit","Hubris","Jedi Mod","Jorbs\u0027s Wanderer Trilogy","Mimic Mod","Minty Spire (QoL Compilation)","Replay The Spire","StSLib","The Animator","Wandering Minibosses"],"gold_per_floor":[114,114,35,55,55,55,92,92,92,127,127,27,58,69,69,176,176,195,226,17,32,32,66,66,98,151,185,284,284,284,301,301,397,397,411,427,446,446,460,460,460],"floor_reached":40,"playtime":4346,"items_purged":[],"score":609,"play_id":"2965652e-ebbb-4ab1-ac80-b4715eb5c99c","local_time":"20201213211540","is_ascension_mode":true,"campfire_choices":[{"data":"animator:Demiurge","floor":6,"key":"SMITH"},{"data":"animator:Entoma","floor":8,"key":"SMITH"},{"data":"animator:WinryRockbell","floor":15,"key":"SMITH"},{"data":"animator:Evileye","floor":24,"key":"SMITH"},{"floor":30,"key":"REST"},{"data":"animator:Shalltear","floor":32,"key":"SMITH"}],"circlet_count":0,"master_deck":["animator:Strike_Overlord","animator:Defend_Overlord","animator:Cocytus","animator:Demiurge+1","animator:Ain","animator:WinryRockbell+1","animator:Entoma+14","animator:NarberalGamma","animator:Strike_HitsugiNoChaika","animator:Strike_GATE","animator:Defend_HitsugiNoChaika","animator:RoyMustang","animator:ChaikaTrabant","animator:Gluttony","animator:Evileye+1","animator:Sloth+1","animator:ElricEdward","animator:WinryRockbell","animator:Shalltear+1","CommonCold","animator:Fredrika","animator:Urushihara+1","animator:Shimakaze+1","animator:HarukoHaruhara+1","animator:Aisha+1","animator:Scar+1","animator:NarberalGamma","animator:Scar"],"relics":["animator:LivingPicture","animator:TheMissingPiece","animator:PurgingStone","NeowsBlessing","Replay:WaspNest","hubris:GlazedTorus","animator:Buoy","jedi:crownofsimplicity","Honey Jar","OrangePellets","Happy Flower","ReplayTheSpireMod:Lightbulb","Bag of Preparation","Centennial Puzzle","Ring of Peace","Astrolabe","Philosopher\u0027s Stone"],"acts_visited":["Exordium","TheCity","TheBeyond"],"potions_floor_usage":[10,19,23,23,23,27],"damage_taken":[{"damage":0,"enemies":"Small Slimes","floor":1,"turns":1},{"damage":0,"enemies":"Jaw Worm","floor":4,"turns":1},{"damage":0,"enemies":"Lagavulin","floor":7,"turns":1},{"damage":19,"enemies":"3 Sentries","floor":10,"turns":5},{"damage":30,"enemies":"Lagavulin","floor":13,"turns":5},{"damage":0,"enemies":"2 Louse","floor":14,"turns":1},{"damage":15,"enemies":"Hexaghost","floor":16,"turns":7},{"damage":6,"enemies":"Spheric Guardian","floor":18,"turns":3},{"damage":17,"enemies":"Chosen","floor":19,"turns":5},{"damage":13,"enemies":"Centurion and Healer","floor":21,"turns":4},{"damage":2,"enemies":"Book of Stabbing","floor":23,"turns":3},{"damage":24,"enemies":"Gremlin Leader","floor":25,"turns":5},{"damage":16,"enemies":"Book of Stabbing","floor":27,"turns":4},{"damage":0,"enemies":"Snecko","floor":31,"turns":4},{"damage":47,"enemies":"Automaton","floor":33,"turns":8},{"damage":19,"enemies":"3 Darklings","floor":35,"turns":3},{"damage":17,"enemies":"3 Shapes","floor":36,"turns":4},{"damage":0,"enemies":"Sphere and 2 Shapes","floor":37,"turns":3},{"damage":3,"enemies":"Maw","floor":39,"turns":5},{"damage":60,"enemies":"Nemesis","floor":40,"turns":5}],"seed_played":"-2904390826159817555","potions_obtained":[{"floor":1,"key":"champ:CounterPotion"},{"floor":7,"key":"DistilledChaos"},{"floor":10,"key":"sneckomod:MuddlingPotion"},{"floor":13,"key":"BlessingOfTheForge"},{"floor":18,"key":"AttackPotion"},{"floor":21,"key":"Block Potion"},{"floor":23,"key":"ColorlessPotion"},{"floor":27,"key":"Ancient Potion"},{"floor":31,"key":"champ:CounterPotion"},{"floor":39,"key":"Energy Potion"}],"is_trial":false,"path_per_floor":["M","?","$","M","$","R","E","R","T","E","?","?","E","M","R","B",null,"M","M","$","M","$","E","R","E","T","E","?","?","R","M","R","B",null,"M","M","M","?","M","E"],"character_chosen":"THE_ANIMATOR","items_purchased":["animator:WinryRockbell","OrangePellets","animator:Entoma"],"campfire_rested":1,"item_purchase_floors":[3,20,20],"current_hp_per_floor":[66,71,71,71,71,71,71,71,71,55,55,55,25,27,27,12,60,56,45,45,38,38,42,42,24,24,13,13,13,39,44,44,3,68,54,39,45,51,54,0,0],"gold":460,"neow_bonus":"THREE_ENEMY_KILL","is_daily":false,"chose_seed":false,"campfire_upgraded":5,"win_rate":0.0,"timestamp":1607912140,"path_taken":["M","?","$","M","?","R","E","R","T","E","?","?","E","?","R","BOSS","M","?","$","?","?","E","R","E","T","E","?","?","R","M","R","BOSS","M","M","M","?","M","E"],"items_purchased_type":["Card","Relic","Card"],"build_version":"2020-11-30","purchased_purges":0,"victory":false,"max_hp_per_floor":[66,71,71,71,71,71,71,71,71,74,74,74,74,76,76,76,76,78,80,80,82,82,84,84,86,86,87,87,87,87,88,88,90,90,54,56,58,58,60,60,60],"card_choices":[{"not_picked":["animator:Sonic","animator:Gillette"],"picked":"animator:Ain","floor":1},{"not_picked":["animator:Kaijin","animator:Elsword","animator:Sonic"],"picked":"SKIP","floor":4},{"not_picked":["animator:Shichika","animator:Shinoa"],"picked":"animator:Entoma","floor":7},{"not_picked":["animator:PandorasActor","animator:Demiurge"],"picked":"animator:NarberalGamma","floor":10},{"not_picked":["animator:ChaikaBohdan","animator:Genos","animator:Ara"],"picked":"SKIP","floor":13},{"not_picked":["animator:ElricEdward","animator:TsurugaMeisai"],"picked":"animator:RoyMustang","floor":14},{"not_picked":["animator:Guren","animator:Shiro"],"picked":"animator:ChaikaTrabant","floor":16},{"not_picked":["animator:AcuraAkari","animator:GazelDwargon","animator:ElricAlphonse"],"picked":"animator:Gluttony","floor":18},{"not_picked":["animator:Demiurge","animator:Sebas","animator:Cocytus"],"picked":"animator:Evileye","floor":19},{"not_picked":["animator:Guy","animator:Souei","animator:UneriGinkaku"],"picked":"animator:Sloth+1","floor":21},{"not_picked":["animator:Emonzaemon","animator:Gillette","animator:Geryuganshoop"],"picked":"animator:ElricEdward","floor":23},{"not_picked":["animator:Shizu","animator:Geryuganshoop","animator:TsurugaMeisai+1"],"picked":"animator:WinryRockbell","floor":25},{"not_picked":["animator:Evileye","animator:NarberalGamma","animator:Sebas"],"picked":"animator:Shalltear","floor":27},{"not_picked":["animator:WinryRockbell","animator:Aisha+1","animator:Scar"],"picked":"animator:Fredrika","floor":31},{"not_picked":["animator:Elesis","animator:AcuraShin","animator:Boros"],"picked":"animator:Father","floor":33},{"not_picked":["animator:Shion","animator:Cocytus","animator:FielNirvalen+1"],"picked":"animator:Aisha+1","floor":35},{"not_picked":["animator:Demiurge+1","animator:Cocytus+1","animator:PandorasActor"],"picked":"animator:Scar+1","floor":36},{"not_picked":["animator:PandorasActor","animator:Cocytus","animator:Evileye"],"picked":"animator:NarberalGamma","floor":37},{"not_picked":["animator:Gillette","animator:MetalKnight","animator:PandorasActor"],"picked":"animator:Scar","floor":39}],"player_experience":1286026,"relics_obtained":[{"floor":7,"key":"Replay:WaspNest"},{"floor":9,"key":"hubris:GlazedTorus"},{"floor":10,"key":"animator:Buoy"},{"floor":13,"key":"jedi:crownofsimplicity"},{"floor":23,"key":"Happy Flower"},{"floor":25,"key":"ReplayTheSpireMod:Lightbulb"},{"floor":26,"key":"Bag of Preparation"},{"floor":27,"key":"Centennial Puzzle"},{"floor":29,"key":"Ring of Peace"}],"event_choices":[{"damage_healed":0,"gold_gain":0,"player_choice":"Donut","damage_taken":0,"max_hp_gain":5,"max_hp_loss":0,"event_name":"Big Fish","floor":2,"gold_loss":0},{"damage_healed":0,"gold_gain":0,"player_choice":"Leave","damage_taken":0,"max_hp_gain":0,"max_hp_loss":0,"event_name":"conspire:Investor","floor":11,"gold_loss":0},{"damage_healed":0,"gold_gain":99,"player_choice":"Stole From Cult","damage_taken":0,"max_hp_gain":0,"max_hp_loss":0,"event_name":"Nest","floor":28,"gold_loss":0}],"is_beta":false,"boss_relics":[{"not_picked":["hubris:CrackedHourglass","animator:HolyGrailRelic"],"picked":"Honey Jar"},{"not_picked":["Empty Cage","hubris:Stopwatch"],"picked":"Astrolabe"}],"items_purged_floors":[],"is_endless":false,"potions_floor_spawned":[1,7,10,13,14,18,21,23,27,31,39],"killed_by":"Nemesis","ascension_level":5}}