{"host":"1hzg86ju9fvxh562","time":1607974236,"event":{"mods":["AchievementEnabler","Act Like it!","AlwaysNeverKeys","BaseMod","Better Altar","Better Match","Better Note","Better Sensory Stone","Better Skull","Better Third Choice","Colored Map","Colored Powertips","Displayed Cursed Tome","Filter the Spire","Highlight Path","Keyboard Shortcuts","Minty Spire (QoL Compilation)","Rare Cards Sparkle","Relic Sorter","Relic Stats","Spicy Shops","StSLib","everything is the same but u backflip on backflip","slay the spire mod where everything is the same but ironclad has a cowboy hat"],"gold_per_floor":[18,30,48,48,48,69,113,113,113,126,159,171,198,228,240,372,384,416,462,524,272,272,312,325,325,377,391,55,90,90,114,114,239,239,257,257,275,290,310,343,343,374,374,410,429,429,492,525,525,525,525,525,23,54,54],"floor_reached":56,"playtime":10181,"items_purged":["Strike_G","Defend_G"],"score":2115,"play_id":"86bf8dcd-2b97-4b5d-86a1-72a9ac570a93","local_time":"20201214173036","is_ascension_mode":true,"campfire_choices":[{"data":"Storm of Steel","floor":8.0,"key":"SMITH"},{"floor":12.0,"key":"REST"},{"data":"Skewer","floor":15.0,"key":"SMITH"},{"data":"Accuracy","floor":30.0,"key":"SMITH"},{"data":"Storm of Steel","floor":32.0,"key":"SMITH"},{"floor":49.0,"key":"RECALL"},{"data":"Calculated Gamble","floor":52.0,"key":"SMITH"}],"circlet_count":0,"master_deck":["Defend_G","Defend_G","Defend_G","Defend_G","Survivor","Skewer+1","Finisher","Blade Dance","Storm of Steel+1","Whirlwind","Outmaneuver","Dagger Throw","Flying Knee+1","Predator+1","Night Terror","Envenom","Acrobatics","Cloak And Dagger+1","Reflex","Calculated Gamble+1","Reflex","PiercingWail","Prepared+1","Accuracy+1","Storm of Steel+1","Wraith Form v2","Blade Dance+1","Wraith Form v2","Accuracy","Wraith Form v2"],"relics":["Ring of the Snake","Golden Idol","Ninja Scroll","InkBottle","Molten Egg 2","MawBank","WristBlade","Red Mask","Strawberry","Mango","MutagenicStrength","Happy Flower","Pen Nib","ClockworkSouvenir","Thread and Needle","StoneCalendar","Runic Pyramid","Mummified Hand","Pocketwatch","Shuriken","Torii","Dream Catcher","Nunchaku","Bottled Tornado","Kunai"],"acts_visited":["Exordium","TheCity","TheBeyond","TheEnding"],"potions_floor_usage":[55],"damage_taken":[{"damage":0.0,"enemies":"Cultist","floor":1.0,"turns":3.0},{"damage":0.0,"enemies":"Small Slimes","floor":2.0,"turns":2.0},{"damage":7.0,"enemies":"2 Louse","floor":3.0,"turns":2.0},{"damage":19.0,"enemies":"Exordium Thugs","floor":6.0,"turns":4.0},{"damage":12.0,"enemies":"Lagavulin","floor":7.0,"turns":5.0},{"damage":0.0,"enemies":"Blue Slaver","floor":10.0,"turns":1.0},{"damage":1.0,"enemies":"3 Sentries","floor":11.0,"turns":3.0},{"damage":0.0,"enemies":"3 Louse","floor":13.0,"turns":2.0},{"damage":0.0,"enemies":"Exordium Thugs","floor":14.0,"turns":3.0},{"damage":47.0,"enemies":"Hexaghost","floor":16.0,"turns":8.0},{"damage":0.0,"enemies":"3 Byrds","floor":18.0,"turns":2.0},{"damage":0.0,"enemies":"Masked Bandits","floor":19.0,"turns":2.0},{"damage":5.0,"enemies":"Slavers","floor":23.0,"turns":3.0},{"damage":0.0,"enemies":"2 Thieves","floor":24.0,"turns":2.0},{"damage":0.0,"enemies":"Centurion and Healer","floor":27.0,"turns":2.0},{"damage":0.0,"enemies":"Book of Stabbing","floor":29.0,"turns":2.0},{"damage":8.0,"enemies":"Snake Plant","floor":31.0,"turns":2.0},{"damage":9.0,"enemies":"Collector","floor":33.0,"turns":3.0},{"damage":0.0,"enemies":"3 Shapes","floor":35.0,"turns":3.0},{"damage":0.0,"enemies":"3 Darklings","floor":37.0,"turns":2.0},{"damage":8.0,"enemies":"Writhing Mass","floor":38.0,"turns":3.0},{"damage":0.0,"enemies":"Sphere and 2 Shapes","floor":39.0,"turns":1.0},{"damage":0.0,"enemies":"Giant Head","floor":40.0,"turns":3.0},{"damage":0.0,"enemies":"Reptomancer","floor":42.0,"turns":2.0},{"damage":0.0,"enemies":"Nemesis","floor":44.0,"turns":1.0},{"damage":0.0,"enemies":"Spire Growth","floor":45.0,"turns":2.0},{"damage":0.0,"enemies":"Mind Bloom Boss Battle","floor":47.0,"turns":4.0},{"damage":0.0,"enemies":"Reptomancer","floor":48.0,"turns":2.0},{"damage":0.0,"enemies":"Time Eater","floor":50.0,"turns":6.0},{"damage":0.0,"enemies":"Shield and Spear","floor":54.0,"turns":3.0},{"damage":59,"enemies":"The Heart","floor":55,"turns":7}],"seed_played":"2899905170355941327","potions_obtained":[{"floor":7.0,"key":"Regen Potion"},{"floor":10.0,"key":"ColorlessPotion"},{"floor":11.0,"key":"Poison Potion"},{"floor":14.0,"key":"BlessingOfTheForge"},{"floor":27.0,"key":"Explosive Potion"},{"floor":29.0,"key":"SkillPotion"},{"floor":31.0,"key":"PowerPotion"},{"floor":35.0,"key":"SteroidPotion"}],"is_trial":false,"path_per_floor":["M","M","M","?","?","M","E","R","T","M","E","R","M","M","R","B",null,"M","?","T","$","?","E","M","?","T","M","$","E","R","M","R","B",null,"M","?","M","M","M","E","?","E","T","E","M","?","?","E","R","B",null,"R","$","E","B",null],"character_chosen":"THE_SILENT","items_purchased":["Reflex","Mango","Calculated Gamble","ClockworkSouvenir","Accuracy","Thread and Needle","Nunchaku","Bottled Tornado"],"campfire_rested":1,"item_purchase_floors":[21,21,21,28,28,28,53,53],"current_hp_per_floor":[63,63,56,56,47,28,16,16,16,16,15,34,34,34,34,2,49,49,49,56,70,70,65,65,65,65,65,65,65,65,57,57,48,77,77,77,77,69,69,69,69,69,69,69,69,52,52,52,52,52,78,78,78,78,19],"gold":54,"neow_bonus":"TRANSFORM_TWO_CARDS","is_daily":false,"chose_seed":false,"campfire_upgraded":5,"win_rate":0.0,"timestamp":1607974236,"path_taken":["M","M","?","?","?","M","E","R","T","M","E","R","M","M","R","BOSS","M","?","?","$","?","E","M","?","T","M","$","E","R","M","R","BOSS","M","?","?","M","M","E","?","E","T","E","M","?","?","E","R","BOSS","R","$","E","BOSS"],"items_purchased_type":["Card","Relic","Card","Relic","Card","Relic","Relic","Relic"],"build_version":"2020-12-13","purchased_purges":2,"victory":true,"max_hp_per_floor":[70,70,70,65,65,65,65,65,65,65,65,65,65,65,65,65,65,65,65,72,86,86,86,86,86,86,86,86,86,86,86,86,86,86,86,86,86,86,86,86,86,86,86,86,86,86,86,86,86,86,86,86,86,86,86],"relic_stats":{"Happy Flower":[16],"Torii":0,"counters":[31,90],"Golden Idol":232,"StoneCalendar":[0],"Pen Nib":[26],"MawBank":120,"Dream Catcher":0,"Nunchaku":[4],"Mummified Hand":[41],"Shuriken":[30],"Kunai":[8],"obtain_stats":[{"Torii":47,"Mango":21,"StoneCalendar":29,"Bottled Tornado":53,"ClockworkSouvenir":28,"Dream Catcher":48,"Nunchaku":53,"WristBlade":17,"Ninja Scroll":5,"Mummified Hand":40,"Strawberry":20,"Red Mask":19,"Kunai":54,"InkBottle":7,"Ring of the Snake":0,"Runic Pyramid":34,"Happy Flower":23,"Golden Idol":4,"Thread and Needle":28,"Pen Nib":26,"MawBank":11,"Shuriken":44,"MutagenicStrength":22,"Molten Egg 2":9,"Pocketwatch":42},{"Torii":27,"Mango":12,"StoneCalendar":16,"Bottled Tornado":29,"ClockworkSouvenir":15,"Dream Catcher":28,"Nunchaku":29,"WristBlade":10,"Ninja Scroll":3,"Mummified Hand":23,"Strawberry":12,"Red Mask":12,"Kunai":30,"InkBottle":5,"Ring of the Snake":0,"Runic Pyramid":18,"Happy Flower":13,"Golden Idol":3,"Thread and Needle":15,"Pen Nib":14,"MawBank":7,"Shuriken":25,"MutagenicStrength":12,"Molten Egg 2":5,"Pocketwatch":24},{"Torii":72,"Mango":37,"StoneCalendar":46,"Bottled Tornado":80,"ClockworkSouvenir":44,"Dream Catcher":74,"Nunchaku":80,"WristBlade":33,"Ninja Scroll":7,"Mummified Hand":63,"Strawberry":37,"Red Mask":37,"Kunai":83,"InkBottle":16,"Ring of the Snake":0,"Runic Pyramid":51,"Happy Flower":40,"Golden Idol":7,"Thread and Needle":44,"Pen Nib":42,"MawBank":20,"Shuriken":66,"MutagenicStrength":37,"Molten Egg 2":16,"Pocketwatch":65}],"InkBottle":[52],"Ring of the Snake":[62],"Pocketwatch":[0]},"card_choices":[{"not_picked":["Deflect","Underhanded Strike"],"picked":"Blade Dance","floor":1.0},{"not_picked":["Deflect","Underhanded Strike","Escape Plan"],"picked":"SKIP","floor":2.0},{"not_picked":["Tactician","Flechettes"],"picked":"Storm of Steel","floor":3.0},{"not_picked":["Flechettes","Quick Slash"],"picked":"Outmaneuver","floor":6.0},{"not_picked":["Deadly Poison","Dodge and Roll"],"picked":"Dagger Throw","floor":7.0},{"not_picked":["Slice+1","Skewer+1","Eviscerate+1"],"picked":"SKIP","floor":10.0},{"not_picked":["Catalyst","Dagger Spray+1"],"picked":"Flying Knee+1","floor":11.0},{"not_picked":["Riddle With Holes+1","Finisher+1"],"picked":"Predator+1","floor":13.0},{"not_picked":["Deadly Poison","Expertise"],"picked":"Night Terror","floor":14.0},{"not_picked":["Wraith Form v2","Venomology"],"picked":"Envenom","floor":16.0},{"not_picked":["Underhanded Strike+1","Flying Knee+1"],"picked":"Acrobatics","floor":18.0},{"not_picked":["Sucker Punch+1","Flying Knee+1"],"picked":"Cloak And Dagger+1","floor":19.0},{"not_picked":["Infinite Blades","Blur"],"picked":"Reflex","floor":23.0},{"not_picked":["Dagger Spray+1","All Out Attack+1"],"picked":"PiercingWail","floor":24.0},{"not_picked":["Bouncing Flask","Setup"],"picked":"Prepared+1","floor":27.0},{"not_picked":["Expertise+1","Dash+1"],"picked":"Storm of Steel","floor":29.0},{"not_picked":["Eviscerate+1","Setup","Noxious Fumes"],"picked":"SKIP","floor":31.0},{"not_picked":["Envenom","A Thousand Cuts"],"picked":"Wraith Form v2","floor":33.0},{"not_picked":["Slice+1","Prepared+1","Backflip+1"],"picked":"SKIP","floor":35.0},{"not_picked":["Poisoned Stab+1","Dodge and Roll","Dagger Throw+1"],"picked":"SKIP","floor":37.0},{"not_picked":["Bane+1","Cloak And Dagger"],"picked":"Blade Dance+1","floor":38.0},{"not_picked":["Endless Agony+1","Cloak And Dagger","Blade Dance"],"picked":"SKIP","floor":39.0},{"not_picked":["Backflip+1","Poisoned Stab+1","Well Laid Plans+1"],"picked":"SKIP","floor":40.0},{"not_picked":["Malaise","Cloak And Dagger+1"],"picked":"Wraith Form v2","floor":42.0},{"not_picked":["Flying Knee+1","Heel Hook+1"],"picked":"Accuracy","floor":44.0},{"not_picked":["Footwork","Expertise","Sucker Punch+1"],"picked":"SKIP","floor":45.0},{"not_picked":["Poisoned Stab+1","Cloak And Dagger+1","Caltrops+1"],"picked":"SKIP","floor":48.0},{"not_picked":["Expertise+1","Underhanded Strike+1","Corpse Explosion"],"picked":"SKIP","floor":54.0}],"player_experience":375721,"relics_obtained":[{"floor":7.0,"key":"InkBottle"},{"floor":9.0,"key":"Molten Egg 2"},{"floor":11.0,"key":"MawBank"},{"floor":19.0,"key":"Red Mask"},{"floor":20.0,"key":"Strawberry"},{"floor":23.0,"key":"Happy Flower"},{"floor":26.0,"key":"Pen Nib"},{"floor":29.0,"key":"StoneCalendar"},{"floor":40.0,"key":"Mummified Hand"},{"floor":42.0,"key":"Pocketwatch"},{"floor":44.0,"key":"Shuriken"},{"floor":47.0,"key":"Torii"},{"floor":48.0,"key":"Dream Catcher"},{"floor":54.0,"key":"Kunai"}],"event_choices":[{"damage_healed":0.0,"max_hp_gain":0.0,"max_hp_loss":5.0,"gold_gain":0.0,"event_name":"Golden Idol","player_choice":"Lose Max HP","floor":4.0,"gold_loss":0.0,"damage_taken":0.0,"relics_obtained":["Golden Idol"]},{"damage_healed":0.0,"max_hp_gain":0.0,"max_hp_loss":0.0,"gold_gain":0.0,"event_name":"Masked Bandits","player_choice":"Fought Bandits","floor":19.0,"gold_loss":0.0,"damage_taken":0.0},{"damage_healed":0.0,"max_hp_gain":0.0,"max_hp_loss":0.0,"gold_gain":0.0,"event_name":"Drug Dealer","player_choice":"Inject Mutagens","floor":22.0,"gold_loss":0.0,"damage_taken":0.0,"relics_obtained":["MutagenicStrength"]},{"cards_removed":["Strike_G"],"damage_healed":0.0,"max_hp_gain":0.0,"max_hp_loss":0.0,"gold_gain":0.0,"event_name":"betterThird:BetterWriting","player_choice":"Elegance","floor":25.0,"gold_loss":0.0,"damage_taken":0.0},{"cards_removed":["Strike_G"],"damage_healed":0.0,"max_hp_gain":0.0,"max_hp_loss":0.0,"gold_gain":0.0,"event_name":"Purifier","player_choice":"Purged","floor":36.0,"gold_loss":0.0,"damage_taken":0.0},{"cards_removed":["Neutralize"],"damage_healed":0.0,"max_hp_gain":0.0,"max_hp_loss":0.0,"gold_gain":0.0,"event_name":"Falling","player_choice":"Removed Attack","floor":41.0,"gold_loss":0.0,"damage_taken":0.0},{"damage_healed":0.0,"max_hp_gain":0.0,"max_hp_loss":17.0,"gold_gain":3.0,"event_name":"betterStone:BetterStone","player_choice":"2","floor":46.0,"gold_loss":0.0,"damage_taken":0.0},{"damage_healed":0.0,"max_hp_gain":0.0,"max_hp_loss":0.0,"gold_gain":0.0,"event_name":"MindBloom","player_choice":"Fight","floor":47.0,"gold_loss":0.0,"damage_taken":0.0}],"is_beta":false,"boss_relics":[{"not_picked":["Pandora\u0027s Box","Astrolabe"],"picked":"WristBlade"},{"not_picked":["SacredBark","Ring of the Serpent"],"picked":"Runic Pyramid"}],"items_purged_floors":[28,53],"is_endless":false,"potions_floor_spawned":[7,10,11,14,27,29,31,35,38,40,42],"ascension_level":9}}