{"host":"ktoxvvst1mwxww91","time":1607932352,"event":{"mods":["BaseMod","Minty Spire (QoL Compilation)","Shedinja","StSLib"],"gold_per_floor":[118,118,138,16,34,34,61,61,61,88,51,51,51,51],"floor_reached":13,"playtime":214,"items_purged":["Pain"],"score":117,"play_id":"a80a771a-a62d-43cc-bcbb-c808e63fee4f","local_time":"20201214085232","is_ascension_mode":true,"campfire_choices":[{"data":"Shedinja:Round","floor":6,"key":"SMITH"},{"data":"Shedinja:FocusSash","floor":8,"key":"SMITH"},{"data":"Shedinja:FocusSash","floor":12,"key":"SMITH"}],"circlet_count":0,"master_deck":["Shedinja:Scratch","Shedinja:Scratch","Shedinja:Scratch","Shedinja:Scratch","Shedinja:Scratch","Shedinja:Endure","Shedinja:Endure","Shedinja:Endure","Shedinja:Endure","Shedinja:Endure","Shedinja:FocusSash+1","Shedinja:FocusSash+1","Shedinja:Round+1","Shedinja:ShadowBall","Shedinja:Absorb","Shedinja:LumBerry","Shedinja:RockyHelmet"],"relics":["Shedinja:WonderGuard","NeowsBlessing","WarpedTongs","HornCleat","Singing Bowl","CeramicFish"],"acts_visited":["Exordium"],"potions_floor_usage":[7],"damage_taken":[{"damage":0,"enemies":"Jaw Worm","floor":1,"turns":1},{"damage":0,"enemies":"Cultist","floor":3,"turns":1},{"damage":0,"enemies":"2 Louse","floor":5,"turns":1},{"damage":0,"enemies":"Gremlin Nob","floor":7,"turns":5},{"damage":14,"enemies":"Lagavulin","floor":13,"turns":7}],"seed_played":"2209655668446313900","potions_obtained":[{"floor":1,"key":"Block Potion"}],"is_trial":false,"path_per_floor":["M","?","M","$","M","R","E","R","T","T","$","R","E"],"character_chosen":"THE_DEFAULT","items_purchased":["Shedinja:Absorb","Shedinja:RockyHelmet"],"campfire_rested":0,"item_purchase_floors":[4,11],"current_hp_per_floor":[1,1,1,1,1,1,1,1,1,1,1,1,0,0],"gold":51,"neow_bonus":"THREE_ENEMY_KILL","is_daily":false,"chose_seed":false,"campfire_upgraded":3,"win_rate":0.0,"timestamp":1607932352,"path_taken":["M","?","M","$","?","R","E","R","T","?","?","R","E"],"items_purchased_type":["Card","Card"],"build_version":"2020-12-13","purchased_purges":1,"victory":false,"max_hp_per_floor":[1,1,1,1,1,1,1,1,1,1,1,1,1,1],"card_choices":[{"not_picked":["Shedinja:Thief","Shedinja:Trick"],"picked":"Shedinja:Round","floor":1},{"not_picked":["Shedinja:SafetyGoggles","Shedinja:Facade"],"picked":"Shedinja:ShadowBall","floor":3},{"not_picked":["Shedinja:BugBuzz","Shedinja:NightSlash","Shedinja:ShadowClaw"],"picked":"SKIP","floor":5},{"not_picked":["Shedinja:PowerBracer","Shedinja:ShadowBall"],"picked":"Shedinja:LumBerry","floor":7}],"player_experience":633958,"relics_obtained":[{"floor":7,"key":"HornCleat"},{"floor":9,"key":"Singing Bowl"},{"floor":10,"key":"CeramicFish"}],"event_choices":[{"damage_healed":0,"gold_gain":0,"player_choice":"Rummage","damage_taken":0,"relics_obtained":["WarpedTongs"],"max_hp_gain":0,"max_hp_loss":0,"event_name":"Accursed Blacksmith","floor":2,"gold_loss":0,"cards_obtained":["Pain"]}],"is_beta":false,"boss_relics":[],"items_purged_floors":[4],"is_endless":false,"potions_floor_spawned":[1],"killed_by":"Lagavulin","ascension_level":2}}