{"host":"1zjbco0fylw71vbw","time":1607924214,"event":{"mods":["2.2 Compatiblity","AchievementEnabler","Aspiration","BaseMod","Better Altar","Better Match","Better Note","Better Sensory Stone","Better Third Choice","Better Vampires","Colored Powertips","Defective Defect","Energized Spire","Halation","Highlight Path","Hubris","Infinite Spire","Ironclad Rager","Mimic Mod","Minty Spire (QoL Compilation)","Permanent Neow","Quick Restart","RNG Fix","Rare Cards Sparkle","Relic Stats","Replay The Spire","Shade Mod","Shop Mod","StSLib","Swap Starting Deck Mod","The Accelerator","The Blue Laboratory","The IronCluck","Useless Jewels Mod","everything is the same but u backflip on backflip"],"gold_per_floor":[113,113,129,129,139,139,169,169,169,169,169,23,23,36,36,64,64,162,162,181,193,208,222,222,222,222,233,260,271,196,196,196,208,208,310,310,322,322,335,346,27,27,44,44,44,44,57,77,77,97,97,97],"floor_reached":53,"playtime":3446,"items_purged":[],"score":771,"play_id":"97c4c1ef-1098-411a-820c-267125d68648","local_time":"20201214163654","is_ascension_mode":false,"campfire_choices":[{"data":"Finisher","floor":6,"key":"SMITH"},{"data":"Blade Dance","floor":8,"key":"SMITH"},{"data":"Blade Dance","floor":13,"key":"SMITH"},{"floor":17,"key":"REST"},{"floor":25,"key":"REST"},{"data":"Replay:Fractal Strike","floor":34,"key":"SMITH"},{"data":"Thinking Ahead","floor":42,"key":"SMITH"},{"data":"BattleHymn","floor":44,"key":"SMITH"},{"data":"Machine Learning","floor":46,"key":"SMITH"},{"data":"hubris:Fate","floor":51,"key":"SMITH"}],"circlet_count":0,"master_deck":["Slice","Slice","Slice","Slice","Finisher+1","Cloak And Dagger","Cloak And Dagger","Cloak And Dagger","Cloak And Dagger","Blade Dance+1","Calculated Gamble","Cloak And Dagger","Blade Dance+1","Panic Button+1","Flex","Machine Learning+1","JustLucky+1","Anger","Thinking Ahead","Secret Technique","Bandage Up+1","Replay:Fractal Strike+1","hubris:Fate+1","Alpha+1","Bandage Up+1","Backstab","Backstab","Dramatic Entrance","Thinking Ahead+1","BattleHymn+1","Halt+1"],"relics":["Ring of the Serpent","ReplayTheSpireMod:Lightbulb","Pet Ghost","PrismaticShard","Smiling Mask","hubris:Backtick","hubris:64BitClover","Nunchaku","aspiration:Legacy_Headhunter","Bag of Marbles","halation:PapillonHeart","Lizard Tail","Paper Crane"],"acts_visited":["Exordium","TheCity","TheBeyond"],"potions_floor_usage":[14,18,18,22,27,40,52,52,52],"damage_taken":[{"damage":0,"enemies":"Jaw Worm","floor":1,"turns":1},{"damage":0,"enemies":"2 Louse","floor":3,"turns":2},{"damage":0,"enemies":"Small Slimes","floor":5,"turns":1},{"damage":2,"enemies":"Gremlin Nob","floor":7,"turns":3},{"damage":0,"enemies":"3 Louse","floor":14,"turns":2},{"damage":12,"enemies":"Lagavulin","floor":16,"turns":3},{"damage":16,"enemies":"The Guardian","floor":18,"turns":5},{"damage":4,"enemies":"2 Thieves","floor":20,"turns":2},{"damage":0,"enemies":"3 Byrds","floor":21,"turns":2},{"damage":0,"enemies":"3 Cultists","floor":22,"turns":3},{"damage":27,"enemies":"Snake Plant","floor":23,"turns":4},{"damage":0,"enemies":"Chosen and Byrds","floor":27,"turns":2},{"damage":0,"enemies":"Snecko","floor":29,"turns":1},{"damage":0,"enemies":"3 Cultists","floor":33,"turns":2},{"damage":0,"enemies":"Champ","floor":35,"turns":5},{"damage":0,"enemies":"Orb Walker","floor":37,"turns":1},{"damage":0,"enemies":"3 Darklings","floor":39,"turns":4},{"damage":1,"enemies":"Maw","floor":40,"turns":4},{"damage":0,"enemies":"Spire Growth","floor":43,"turns":2},{"damage":0,"enemies":"Jaw Worm Horde","floor":47,"turns":2},{"damage":0,"enemies":"Writhing Mass","floor":48,"turns":2},{"damage":0,"enemies":"Transient","floor":50,"turns":5},{"damage":37,"enemies":"Awakened One","floor":52,"turns":6}],"seed_played":"8021130067913102749","potions_obtained":[{"floor":1,"key":"blueLaboratory:FrostheartPotion"},{"floor":7,"key":"blueLaboratory:HummingbirdPotion"},{"floor":16,"key":"EssenceOfSteel"},{"floor":18,"key":"Adrenaline Potion"},{"floor":20,"key":"BlessingOfTheForge"},{"floor":22,"key":"blueLaboratory:HorrorPotion"},{"floor":33,"key":"blueLaboratory:BubblePotion"},{"floor":37,"key":"Ancient Potion"},{"floor":40,"key":"blueLaboratory:AbyssPotion"},{"floor":50,"key":"CunningPotion"}],"is_trial":false,"path_per_floor":["M","?","M","?","M","R","E","R","T","PTL","PTL","$","R","M","?","E","R","B",null,"M","M","M","M","?","R","?","M","T","M","?","AVR","?","M","R","B",null,"M","?","M","M","$","R","M","R","T","R","M","M","?","M","R","B",null],"character_chosen":"THE_SILENT","items_purchased":["PrismaticShard","Backstab","Dramatic Entrance","Thinking Ahead"],"campfire_rested":2,"item_purchase_floors":[12,41,41,41],"current_hp_per_floor":[53,46,46,46,46,46,44,44,44,44,44,44,44,44,44,32,47,31,53,49,49,49,22,22,37,37,37,37,37,37,37,37,43,43,49,53,53,50,50,50,50,50,50,50,50,50,50,50,50,50,50,20],"gold":97,"neow_bonus":"","is_daily":false,"chose_seed":false,"campfire_upgraded":8,"win_rate":0.0,"timestamp":1607924214,"path_taken":["M","?","?","?","?","R","E","R","T","PTL","PTL","$","$","R","M","?","E","R","BOSS","M","M","M","M","?","R","?","M","T","M","?","AVR","?","M","R","BOSS","M","?","M","M","?","R","?","R","T","R","M","M","?","M","R","BOSS"],"items_purchased_type":["Relic","Card","Card","Card"],"build_version":"2020-12-13","purchased_purges":0,"victory":true,"max_hp_per_floor":[53,53,53,53,53,53,53,53,53,53,53,53,53,53,53,53,53,53,53,53,53,53,53,53,53,53,53,53,53,53,53,53,53,53,53,53,53,50,50,50,50,50,50,50,50,50,50,50,50,50,50,50],"relic_stats":{"Nunchaku":[29],"Lizard Tail":0,"counters":[23,64],"Smiling Mask":0,"obtain_stats":[{"halation:PapillonHeart":38,"hubris:64BitClover":19,"Paper Crane":48,"PrismaticShard":12,"Smiling Mask":16,"Pet Ghost":7,"Nunchaku":28,"Lizard Tail":45,"hubris:Backtick":19,"Bag of Marbles":33,"ReplayTheSpireMod:Lightbulb":2,"Ring of the Serpent":36,"Ring of the Snake":0,"aspiration:Legacy_Headhunter":31},{"halation:PapillonHeart":16,"hubris:64BitClover":7,"Paper Crane":21,"PrismaticShard":4,"Smiling Mask":6,"Pet Ghost":4,"Nunchaku":12,"Lizard Tail":19,"hubris:Backtick":7,"Bag of Marbles":14,"ReplayTheSpireMod:Lightbulb":1,"Ring of the Serpent":15,"Ring of the Snake":0,"aspiration:Legacy_Headhunter":13},{"halation:PapillonHeart":39,"hubris:64BitClover":17,"Paper Crane":53,"PrismaticShard":7,"Smiling Mask":12,"Pet Ghost":7,"Nunchaku":30,"Lizard Tail":49,"hubris:Backtick":17,"Bag of Marbles":33,"ReplayTheSpireMod:Lightbulb":1,"Ring of the Serpent":38,"Ring of the Snake":0,"aspiration:Legacy_Headhunter":31}]},"card_choices":[{"not_picked":["Dash","Accuracy"],"picked":"Calculated Gamble","floor":1},{"not_picked":["Poisoned Stab","Backflip"],"picked":"Cloak And Dagger","floor":3},{"not_picked":["Noxious Fumes","Skewer","Sucker Punch"],"picked":"SKIP","floor":5},{"not_picked":["Deadly Poison","hubris:Counter"],"picked":"Blade Dance","floor":7},{"not_picked":["Warcry","accelerator:Search"],"picked":"Panic Button","floor":14},{"not_picked":["Sucker Punch","Sentinel"],"picked":"Flex","floor":16},{"not_picked":["accelerator:MagneticResonance","hubris:DoWhile"],"picked":"Machine Learning","floor":18},{"not_picked":["accelerator:Cooldown","Deep Breath"],"picked":"JustLucky+1","floor":20},{"not_picked":["Enlightenment+1","accelerator:Cooldown+1","Headbutt"],"picked":"SKIP","floor":21},{"not_picked":["accelerator:Relativity","accelerator:Roast+1"],"picked":"Anger","floor":22},{"not_picked":["Heel Hook","Eclipse","accelerator:KnockOut"],"picked":"SKIP","floor":23},{"not_picked":["Replay:Sssssssssshield","hubris:EnhanceAbility"],"picked":"Thinking Ahead","floor":26},{"not_picked":["Discovery","Purity"],"picked":"Secret Technique","floor":26},{"not_picked":["BasicCrystalCard","Bane+1","Run Through"],"picked":"SKIP","floor":27},{"not_picked":["Reflex","FlyingSleeves","Flying Knee"],"picked":"SKIP","floor":29},{"not_picked":["Impatience+1","ReplayTheSpireMod:Uncanny Aura+1"],"picked":"Bandage Up+1","floor":30},{"not_picked":["Shade:Trample","accelerator:Threaten","Meditate+1"],"picked":"SKIP","floor":33},{"not_picked":["Shade:Trample","accelerator:Threaten","Meditate+1"],"picked":"SKIP","floor":33},{"not_picked":["accelerator:Vacuum","ConjureBlade"],"picked":"Alpha","floor":35},{"not_picked":["Battle Trance","Shade:FreshBones","Shade:ClawBack"],"picked":"SKIP","floor":37},{"not_picked":["accelerator:Polarize+1","PathToVictory+1"],"picked":"Bandage Up+1","floor":39},{"not_picked":["Compile Driver+1","Sucker Punch","Shade:FreshBones"],"picked":"SKIP","floor":40},{"not_picked":["accelerator:IceSandwich+1","Battle Trance+1"],"picked":"BattleHymn","floor":43},{"not_picked":["Steam+1","CutThroughFate+1","ReplayTheSpireMod:Speed Training+1"],"picked":"SKIP","floor":47},{"not_picked":["accelerator:DoubleSlit+1","Iron Wave+1","hubris:ReadiedAction+1"],"picked":"SKIP","floor":48},{"not_picked":["accelerator:DoubleSlit+1","Iron Wave+1","hubris:ReadiedAction+1"],"picked":"SKIP","floor":48},{"not_picked":["accelerator:Fission","Shade:CoffinDance"],"picked":"Halt+1","floor":50}],"player_experience":375416,"relics_obtained":[{"floor":7,"key":"Pet Ghost"},{"floor":16,"key":"Smiling Mask"},{"floor":28,"key":"Nunchaku"},{"floor":33,"key":"Bag of Marbles"},{"floor":45,"key":"Lizard Tail"},{"floor":48,"key":"Paper Crane"}],"event_choices":[{"damage_healed":0,"gold_gain":0,"player_choice":"Relic ","damage_taken":7,"max_hp_gain":0,"max_hp_loss":0,"event_name":"betterThird:BetterScrap","floor":2,"gold_loss":0,"cards_obtained":["Intimidate"]},{"damage_healed":0,"gold_gain":0,"player_choice":"Ignored","damage_taken":0,"max_hp_gain":0,"max_hp_loss":0,"event_name":"Transmorgrifier","floor":4,"gold_loss":0},{"damage_healed":0,"gold_gain":0,"player_choice":"Grow","damage_taken":0,"max_hp_gain":0,"max_hp_loss":0,"event_name":"Living Wall","floor":15,"gold_loss":0,"cards_upgraded":["Panic Button"]},{"damage_healed":0,"gold_gain":0,"player_choice":"Ignored","damage_taken":0,"max_hp_gain":0,"max_hp_loss":0,"event_name":"betterNote:BetterNote","floor":24,"gold_loss":0,"cards_obtained":["Entrench"]},{"damage_healed":0,"gold_gain":2,"player_choice":"1","damage_taken":0,"max_hp_gain":0,"max_hp_loss":0,"event_name":"betterStone:BetterStone","floor":26,"gold_loss":0},{"damage_healed":0,"gold_gain":0,"player_choice":"2","damage_taken":0,"max_hp_gain":0,"max_hp_loss":0,"event_name":"betterMatch:BetterMatch","floor":30,"gold_loss":0,"cards_obtained":["betterMatch:ColorlessUncommonCard"]},{"damage_healed":0,"gold_gain":0,"player_choice":"Became a vampire","damage_taken":0,"max_hp_gain":0,"max_hp_loss":0,"event_name":"Vampires","floor":32,"gold_loss":0,"cards_obtained":[]}],"is_beta":false,"boss_relics":[{"not_picked":["Coffee Dripper","halation:HeavySnake"],"picked":"hubris:Backtick"},{"not_picked":["energizedSpire:MagnifyingGlass","energizedSpire:EnergizedDie"],"picked":"Ring of the Serpent"}],"items_purged_floors":[],"is_endless":false,"potions_floor_spawned":[1,7,16,18,20,22,33,37,40,50],"ascension_level":0}}