{"host":"m6aaltr68g9tvoay","time":1607985666,"event":{"mods":["AchievementEnabler","BaseMod","Colored Map","Minty Spire (QoL Compilation)","StSLib"],"gold_per_floor":[16,16,33,46,62,62,95,95,95,95,95,114,129,146,146,146,146],"floor_reached":16,"playtime":525,"items_purged":[],"score":203,"play_id":"00cfea88-c789-42e0-a1bc-01a561268f17","local_time":"20201214144106","is_ascension_mode":true,"campfire_choices":[{"floor":6,"key":"REST"},{"floor":8,"key":"REST"},{"floor":15,"key":"REST"}],"circlet_count":0,"master_deck":["AscendersBane","Strike_G","Strike_G","Strike_G","Strike_G","Strike_G","Defend_G","Defend_G","Defend_G","Defend_G","Defend_G","Survivor","Neutralize","Dagger Throw","Flying Knee","Skewer+1","Dagger Spray","Heel Hook","Sucker Punch","Bullet Time","Dash"],"relics":["Ring of the Snake","Tingsha","Mercury Hourglass","Sundial"],"acts_visited":["Exordium"],"potions_floor_usage":[5,12,16,16],"damage_taken":[{"damage":11,"enemies":"Cultist","floor":1,"turns":4},{"damage":4,"enemies":"Small Slimes","floor":3,"turns":3},{"damage":2,"enemies":"2 Louse","floor":4,"turns":3},{"damage":7,"enemies":"Gremlin Gang","floor":5,"turns":6},{"damage":45,"enemies":"Gremlin Nob","floor":7,"turns":5},{"damage":1,"enemies":"Looter","floor":12,"turns":2},{"damage":5,"enemies":"Blue Slaver","floor":13,"turns":4},{"damage":0,"enemies":"Exordium Wildlife","floor":14,"turns":2},{"damage":29,"enemies":"The Guardian","floor":16,"turns":8}],"seed_played":"1335480400811045368","potions_obtained":[{"floor":4,"key":"BlessingOfTheForge"},{"floor":7,"key":"AttackPotion"},{"floor":12,"key":"Block Potion"},{"floor":14,"key":"EssenceOfSteel"}],"is_trial":false,"path_per_floor":["M","$","M","M","M","R","E","R","T","?","?","M","M","M","R","B"],"character_chosen":"THE_SILENT","items_purchased":[],"campfire_rested":3,"item_purchase_floors":[],"current_hp_per_floor":[48,48,44,42,35,54,9,28,28,28,28,27,22,22,41,12,12],"gold":146,"neow_bonus":"ONE_RARE_RELIC","is_daily":false,"chose_seed":false,"campfire_upgraded":0,"win_rate":0.0,"timestamp":1607985666,"path_taken":["M","$","M","?","M","R","E","R","T","?","?","M","M","M","R","BOSS"],"items_purchased_type":[],"build_version":"2020-12-13","purchased_purges":0,"victory":false,"max_hp_per_floor":[66,66,66,66,66,66,66,66,66,66,66,66,66,66,66,66,66],"card_choices":[{"not_picked":["Dodge and Roll","Sucker Punch"],"picked":"Dagger Throw","floor":1},{"not_picked":["Deflect","Terror"],"picked":"Flying Knee","floor":3},{"not_picked":["Backflip","Flechettes"],"picked":"Skewer","floor":4},{"not_picked":["Accuracy","Prepared"],"picked":"Dagger Spray","floor":5},{"not_picked":["Catalyst","Quick Slash"],"picked":"Heel Hook","floor":7},{"not_picked":["Outmaneuver","Quick Slash"],"picked":"Sucker Punch","floor":12},{"not_picked":["Quick Slash","Dagger Spray"],"picked":"Bullet Time","floor":13},{"not_picked":["Catalyst","Deadly Poison"],"picked":"Dash","floor":14}],"player_experience":1232974,"relics_obtained":[{"floor":7,"key":"Mercury Hourglass"},{"floor":9,"key":"Sundial"}],"event_choices":[{"damage_healed":0,"gold_gain":0,"player_choice":"Ignored","damage_taken":0,"max_hp_gain":0,"max_hp_loss":0,"event_name":"Liars Game","floor":10,"gold_loss":0},{"damage_healed":0,"gold_gain":0,"player_choice":"Forge","damage_taken":0,"max_hp_gain":0,"max_hp_loss":0,"event_name":"Accursed Blacksmith","floor":11,"gold_loss":0,"cards_upgraded":["Skewer"]}],"is_beta":false,"boss_relics":[],"items_purged_floors":[],"is_endless":false,"potions_floor_spawned":[4,7,12,14],"killed_by":"The Guardian","ascension_level":19}}