{"host":"m7puq4mk16tgc6yn","time":1607917364,"event":{"mods":["AchievementEnabler","BaseMod","Colored Map","Colored Powertips","Minty Spire (QoL Compilation)","Relic Stats"],"gold_per_floor":[110,60,77,77,89,89,115,40,67,98,98,125,142,142,142,240,240,258,173,33,132,150,150,175,175,201,221,246,246,246],"floor_reached":29,"playtime":1114,"items_purged":["Strike_B","Strike_B"],"score":380,"play_id":"83e7dce1-2a98-430c-82fe-76f488dabd74","local_time":"20201213194244","is_ascension_mode":true,"campfire_choices":[{"data":"Doom and Gloom","floor":6,"key":"SMITH"},{"data":"Auto Shields","floor":15,"key":"SMITH"},{"data":"Aggregate","floor":23,"key":"SMITH"},{"floor":25,"key":"REST"}],"circlet_count":0,"master_deck":["Strike_B","Defend_B","Defend_B","Defend_B","Defend_B","Zap","Dualcast","FTL","Doom and Gloom+1","Rebound+1","Auto Shields+1","Hologram","Heatsinks","Go for the Eyes","Creative AI","Cold Snap","Aggregate+1","Force Field","Biased Cognition","Capacitor+1","Turbo"],"relics":["Cracked Core","Ginger","Bag of Preparation","DataDisk","Lantern","Blood Vial","Bottled Lightning","Black Star","Nunchaku","Regal Pillow","Bottled Flame","Smiling Mask","Omamori","Bottled Tornado"],"acts_visited":["Exordium","TheCity"],"potions_floor_usage":[12,12,22,24],"damage_taken":[{"damage":2,"enemies":"Small Slimes","floor":1,"turns":4},{"damage":2,"enemies":"Jaw Worm","floor":3,"turns":4},{"damage":0,"enemies":"Cultist","floor":5,"turns":3},{"damage":15,"enemies":"3 Sentries","floor":7,"turns":5},{"damage":20,"enemies":"Lagavulin","floor":10,"turns":3},{"damage":0,"enemies":"Gremlin Nob","floor":12,"turns":3},{"damage":0,"enemies":"2 Fungi Beasts","floor":13,"turns":2},{"damage":28,"enemies":"The Guardian","floor":16,"turns":8},{"damage":22,"enemies":"Chosen","floor":18,"turns":6},{"damage":5,"enemies":"Shell Parasite","floor":22,"turns":6},{"damage":29,"enemies":"Gremlin Leader","floor":24,"turns":7},{"damage":11,"enemies":"3 Cultists","floor":27,"turns":5},{"damage":48,"enemies":"Book of Stabbing","floor":28,"turns":6},{"damage":39,"enemies":"Cultist and Chosen","floor":29,"turns":4}],"seed_played":"6372334209128868546","potions_obtained":[{"floor":1,"key":"SkillPotion"},{"floor":5,"key":"FocusPotion"},{"floor":10,"key":"FairyPotion"},{"floor":13,"key":"FocusPotion"},{"floor":16,"key":"SpeedPotion"}],"is_trial":false,"path_per_floor":["M","?","M","?","M","R","E","$","T","E","?","E","M","T","R","B",null,"M","?","$","?","M","R","E","R","T","M","E","M"],"character_chosen":"DEFECT","items_purchased":["Aggregate"],"campfire_rested":1,"item_purchase_floors":[20],"current_hp_per_floor":[73,73,71,71,71,71,56,56,56,36,36,36,38,38,38,12,59,39,39,39,39,36,36,9,46,46,37,22,0,0],"gold":246,"neow_bonus":"ONE_RARE_RELIC","is_daily":false,"chose_seed":false,"campfire_upgraded":3,"win_rate":0.0,"timestamp":1607917364,"path_taken":["M","?","M","?","?","R","E","$","T","E","?","E","M","?","R","BOSS","M","?","$","?","M","R","E","R","T","M","E","M"],"items_purchased_type":["Card"],"build_version":"2020-12-13","purchased_purges":2,"victory":false,"max_hp_per_floor":[75,75,75,75,75,75,75,75,75,75,75,75,75,75,75,75,75,75,75,75,75,75,75,75,75,75,75,75,75,75],"relic_stats":{"Blood Vial":16,"Nunchaku":[4],"Regal Pillow":15,"counters":[14,66],"Bag of Preparation":[20],"Black Star":2,"Ginger":[2],"Smiling Mask":0,"obtain_stats":[{"Lantern":10,"Regal Pillow":24,"Bag of Preparation":7,"Omamori":28,"Ginger":0,"Bottled Tornado":28,"Smiling Mask":26,"Blood Vial":12,"DataDisk":9,"Nunchaku":19,"Bottled Flame":24,"Black Star":17,"Bottled Lightning":14,"Cracked Core":0},{"Lantern":5,"Regal Pillow":11,"Bag of Preparation":4,"Omamori":13,"Ginger":0,"Bottled Tornado":13,"Smiling Mask":11,"Blood Vial":6,"DataDisk":4,"Nunchaku":9,"Bottled Flame":11,"Black Star":8,"Bottled Lightning":7,"Cracked Core":0},{"Lantern":19,"Regal Pillow":51,"Bag of Preparation":16,"Omamori":62,"Ginger":0,"Bottled Tornado":62,"Smiling Mask":51,"Blood Vial":22,"DataDisk":16,"Nunchaku":38,"Bottled Flame":51,"Black Star":32,"Bottled Lightning":24,"Cracked Core":0}]},"card_choices":[{"not_picked":["Turbo","Redo"],"picked":"FTL","floor":1},{"not_picked":["Coolheaded","Barrage"],"picked":"Doom and Gloom","floor":3},{"not_picked":["Turbo","Barrage"],"picked":"Rebound","floor":5},{"not_picked":["Melter","Sunder"],"picked":"Auto Shields","floor":7},{"not_picked":["Redo","Streamline"],"picked":"Hologram","floor":10},{"not_picked":["Barrage","Thunder Strike"],"picked":"Heatsinks","floor":12},{"not_picked":["Steam","Hello World"],"picked":"Go for the Eyes","floor":13},{"not_picked":["All For One","Hyperbeam"],"picked":"Creative AI","floor":16},{"not_picked":["Consume","Lockon"],"picked":"Cold Snap","floor":18},{"not_picked":["Ball Lightning","Barrage"],"picked":"Force Field","floor":22},{"not_picked":["Go for the Eyes","Rebound"],"picked":"Biased Cognition","floor":24},{"not_picked":["Double Energy","Leap"],"picked":"Capacitor+1","floor":27},{"not_picked":["Beam Cell","Sweeping Beam"],"picked":"Turbo","floor":28}],"player_experience":57416,"relics_obtained":[{"floor":7,"key":"Bag of Preparation"},{"floor":9,"key":"DataDisk"},{"floor":10,"key":"Lantern"},{"floor":12,"key":"Blood Vial"},{"floor":14,"key":"Bottled Lightning"},{"floor":24,"key":"Regal Pillow"},{"floor":24,"key":"Bottled Flame"},{"floor":26,"key":"Smiling Mask"},{"floor":28,"key":"Omamori"},{"floor":28,"key":"Bottled Tornado"}],"event_choices":[{"cards_removed":["Injury"],"damage_healed":0,"gold_gain":0,"player_choice":"Card Removal","damage_taken":0,"max_hp_gain":0,"max_hp_loss":0,"event_name":"The Cleric","floor":2,"gold_loss":50},{"cards_removed":["Strike_B"],"damage_healed":0,"gold_gain":0,"player_choice":"Offered Basic","damage_taken":0,"max_hp_gain":0,"max_hp_loss":0,"event_name":"Bonfire Elementals","floor":4,"gold_loss":0},{"damage_healed":0,"gold_gain":0,"player_choice":"Grow","damage_taken":0,"max_hp_gain":0,"max_hp_loss":0,"event_name":"Living Wall","floor":11,"gold_loss":0,"cards_upgraded":["Rebound"]},{"damage_healed":0,"gold_gain":0,"player_choice":"Obtained Relic","damage_taken":0,"relics_obtained":["Nunchaku"],"max_hp_gain":0,"max_hp_loss":0,"event_name":"Addict","floor":19,"gold_loss":85},{"damage_healed":0,"gold_gain":99,"player_choice":"Stole From Cult","damage_taken":0,"max_hp_gain":0,"max_hp_loss":0,"event_name":"Nest","floor":21,"gold_loss":0}],"is_beta":false,"boss_relics":[{"not_picked":["Ectoplasm","Runic Dome"],"picked":"Black Star"}],"items_purged_floors":[8,20],"is_endless":false,"potions_floor_spawned":[1,5,10,13,16],"killed_by":"Cultist and Chosen","ascension_level":5}}