{"host":"3l94tha3a4jgu0q4","time":1607964913,"event":{"mods":["2.2 Compatiblity","AchievementEnabler","BaseMod","Colored Map","Colored Powertips","Highlight Path","Minty Spire (QoL Compilation)","Permanent Neow","StSLib","SuperFastMode"],"gold_per_floor":[109,109,119,69,69,100,114,114,114,146,164,195,209,232,232,337,337,352,386,405,418,418,418,445,459,459,122,150,150,163,163,163,268,268,285,214,225,235,52,52,67,67,93,93,109,209,225,12,12,12,12],"floor_reached":50,"playtime":1225,"items_purged":["Defend_P","Strike_P","Defend_P"],"score":853,"play_id":"ccc30efd-94c2-4a5d-8e3b-3ab977b022a7","local_time":"20201214085513","is_ascension_mode":true,"campfire_choices":[{"data":"Eruption","floor":8.0,"key":"SMITH"},{"data":"WindmillStrike","floor":15,"key":"SMITH"},{"floor":23,"key":"REST"},{"floor":29,"key":"REST"},{"floor":32,"key":"REST"},{"floor":40,"key":"REST"},{"floor":42,"key":"REST"},{"floor":49,"key":"RECALL"}],"circlet_count":0,"master_deck":["AscendersBane","Strike_P+1","Strike_P","Defend_P","Defend_P","Eruption+1","Vigilance","WindmillStrike+1","SashWhip","MentalFortress","EmptyBody","FearNoEvil","TalkToTheHand+1","WheelKick","Indignation","Judgement","EmptyFist","Wireheading","Sanctity","InnerPeace+1","DevaForm","SandsOfTime+1","FlurryOfBlows","Tantrum","Halt","Weave","Consecrate","Devotion","BowlingBash+1","Pray+1","Wallop","Fasting2","Perseverance","Enlightenment","Evaluate+1","FlurryOfBlows","MasterReality","InnerPeace","EmptyFist"],"relics":["Runic Pyramid","GoldenEye","Mercury Hourglass","Question Card","Matryoshka","Odd Mushroom","Philosopher\u0027s Stone","Red Mask","CaptainsWheel","Sundial","Whetstone","Membership Card","Damaru","Pen Nib","Enchiridion","Fusion Hammer","Singing Bowl","Toy Ornithopter","Boot"],"acts_visited":["Exordium","TheCity","TheBeyond"],"potions_floor_usage":[14,16,16,21,24,24,33,47,47,50],"damage_taken":[{"damage":12.0,"enemies":"Small Slimes","floor":1.0,"turns":3.0},{"damage":0.0,"enemies":"Jaw Worm","floor":3.0,"turns":3.0},{"damage":17.0,"enemies":"Gremlin Nob","floor":6.0,"turns":4.0},{"damage":0.0,"enemies":"Cultist","floor":7.0,"turns":3.0},{"damage":6.0,"enemies":"3 Sentries","floor":10.0,"turns":3.0},{"damage":0.0,"enemies":"3 Louse","floor":11.0,"turns":2.0},{"damage":0.0,"enemies":"Lagavulin","floor":12.0,"turns":5.0},{"damage":0.0,"enemies":"2 Fungi Beasts","floor":13.0,"turns":3.0},{"damage":7,"enemies":"The Mushroom Lair","floor":14,"turns":3},{"damage":14,"enemies":"Hexaghost","floor":16,"turns":6},{"damage":6,"enemies":"Shell Parasite","floor":18,"turns":3},{"damage":28,"enemies":"Masked Bandits","floor":19,"turns":3},{"damage":0,"enemies":"Spheric Guardian","floor":20,"turns":3},{"damage":7,"enemies":"Snake Plant","floor":21,"turns":4},{"damage":14,"enemies":"Book of Stabbing","floor":24,"turns":5},{"damage":13,"enemies":"Shelled Parasite and Fungi","floor":25,"turns":5},{"damage":15,"enemies":"Gremlin Leader","floor":28,"turns":5},{"damage":3,"enemies":"Snecko","floor":30,"turns":4},{"damage":11,"enemies":"Collector","floor":33,"turns":5},{"damage":0,"enemies":"3 Shapes","floor":35,"turns":5},{"damage":36,"enemies":"3 Darklings","floor":37,"turns":3},{"damage":17,"enemies":"Jaw Worm Horde","floor":38,"turns":3},{"damage":15,"enemies":"Maw","floor":41,"turns":5},{"damage":16,"enemies":"Writhing Mass","floor":45,"turns":6},{"damage":12,"enemies":"4 Shapes","floor":47,"turns":4},{"damage":33,"enemies":"Donu and Deca","floor":50,"turns":3}],"seed_played":"2626192218113155198","potions_obtained":[{"floor":1.0,"key":"Explosive Potion"},{"floor":3.0,"key":"Fire Potion"},{"floor":10.0,"key":"Regen Potion"},{"floor":12.0,"key":"DistilledChaos"},{"floor":13.0,"key":"Regen Potion"},{"floor":18,"key":"PowerPotion"},{"floor":19,"key":"Weak Potion"},{"floor":21,"key":"StancePotion"},{"floor":28,"key":"PowerPotion"},{"floor":33,"key":"Fruit Juice"},{"floor":41,"key":"Strength Potion"},{"floor":47,"key":"AttackPotion"}],"is_trial":false,"path_per_floor":["M","?","M","?","$","E","M","R","T","E","M","E","M","?","R","B",null,"M","?","M","M","?","R","E","M","T","$","E","R","M","?","R","B",null,"M","?","M","M","$","R","M","R","T","?","M","?","M","$","R","B"],"character_chosen":"WATCHER","items_purchased":["Membership Card","Damaru","FlurryOfBlows","Tantrum","Halt","Toy Ornithopter","Fasting2","Perseverance","FlurryOfBlows","MasterReality","InnerPeace","EmptyFist"],"campfire_rested":5,"item_purchase_floors":[27,27,27,27,27,39,39,39,48,48,48,48],"current_hp_per_floor":[53,72,72,72,72,55,55,55,55,49,49,49,49,51,51,52,67,61,33,33,26,26,47,33,20,20,20,5,26,23,7,28,17,58,58,58,22,5,5,26,13,35,35,35,19,19,24,24,24,0,0],"gold":12,"neow_bonus":"BOSS_RELIC","is_daily":false,"chose_seed":false,"campfire_upgraded":2,"win_rate":0.0,"timestamp":1607964913,"path_taken":["M","?","M","?","$","E","M","R","T","E","M","E","M","?","R","BOSS","M","?","M","M","?","R","E","?","T","$","E","R","M","?","R","BOSS","M","?","?","M","$","R","M","R","T","?","M","?","?","$","R","BOSS"],"items_purchased_type":["Relic","Relic","Card","Card","Card","Relic","Card","Card","Card","Card","Card","Card"],"build_version":"2020-12-13","purchased_purges":3,"victory":false,"max_hp_per_floor":[72,72,72,72,72,72,72,72,72,72,72,72,72,72,72,72,72,72,72,72,72,72,72,72,72,72,72,72,72,72,72,72,72,72,72,72,72,72,72,72,74,74,74,74,74,74,81,81,81,81,81],"card_choices":[{"not_picked":["CutThroughFate","WreathOfFlame"],"picked":"WindmillStrike","floor":1.0},{"not_picked":["Prostrate","BowlingBash"],"picked":"SashWhip","floor":3.0},{"not_picked":["ReachHeaven","SignatureMove","Worship"],"picked":"SKIP","floor":6.0},{"not_picked":["BowlingBash","Prostrate"],"picked":"MentalFortress","floor":7.0},{"not_picked":["PathToVictory","CutThroughFate"],"picked":"EmptyBody","floor":10.0},{"not_picked":["BattleHymn","SandsOfTime","ThirdEye"],"picked":"FearNoEvil","floor":11.0},{"not_picked":["Study","FearNoEvil","FlurryOfBlows"],"picked":"TalkToTheHand","floor":12.0},{"not_picked":["Crescendo","CarveReality","Protect"],"picked":"WheelKick","floor":13.0},{"not_picked":["WreathOfFlame","ClearTheMind","Scrawl"],"picked":"Indignation","floor":14},{"not_picked":["DeusExMachina","MasterReality","Devotion"],"picked":"Judgement","floor":16},{"not_picked":["ThirdEye","FollowUp","Consecrate"],"picked":"EmptyFist","floor":18},{"not_picked":["EmptyFist","PathToVictory","FollowUp"],"picked":"Wireheading","floor":19},{"not_picked":["Crescendo+1","Indignation","ThirdEye"],"picked":"Sanctity","floor":20},{"not_picked":["ClearTheMind+1","ForeignInfluence","CutThroughFate"],"picked":"InnerPeace+1","floor":21},{"not_picked":["Ragnarok","MasterReality","Fasting2"],"picked":"DevaForm","floor":24},{"not_picked":["ClearTheMind","Meditate+1","Collect"],"picked":"SandsOfTime+1","floor":25},{"not_picked":["JustLucky+1","Consecrate","CrushJoints"],"picked":"Weave","floor":28},{"not_picked":["CrushJoints","JustLucky","FlyingSleeves"],"picked":"Consecrate","floor":30},{"not_picked":["Ragnarok","Blasphemy","Establishment"],"picked":"Devotion","floor":33},{"not_picked":["WreathOfFlame+1","Protect+1","WindmillStrike+1"],"picked":"BowlingBash+1","floor":35},{"not_picked":["EmptyFist","FlyingSleeves","BowlingBash"],"picked":"Pray+1","floor":37},{"not_picked":["Crescendo","Vengeance","JustLucky+1"],"picked":"Wallop","floor":38},{"not_picked":["BattleHymn+1","ThirdEye","JustLucky+1","Perseverance+1"],"picked":"Singing Bowl","floor":41},{"not_picked":["Bandage Up","Flash of Steel","HandOfGreed"],"picked":"Enlightenment","floor":44},{"not_picked":["FlurryOfBlows","SandsOfTime","Crescendo"],"picked":"Evaluate+1","floor":45},{"not_picked":["PathToVictory+1","Halt+1","Evaluate+1","SashWhip+1"],"picked":"Singing Bowl","floor":47}],"player_experience":1859041,"relics_obtained":[{"floor":6.0,"key":"GoldenEye"},{"floor":9.0,"key":"Mercury Hourglass"},{"floor":10.0,"key":"Question Card"},{"floor":12.0,"key":"Matryoshka"},{"floor":14,"key":"Odd Mushroom"},{"floor":19,"key":"Red Mask"},{"floor":24,"key":"CaptainsWheel"},{"floor":26,"key":"Sundial"},{"floor":26,"key":"Whetstone"},{"floor":28,"key":"Pen Nib"},{"floor":31,"key":"Enchiridion"},{"floor":43,"key":"Boot"}],"event_choices":[{"damage_healed":24.0,"max_hp_gain":0.0,"max_hp_loss":0.0,"gold_gain":0.0,"event_name":"Big Fish","player_choice":"Banana","floor":2.0,"gold_loss":0.0,"damage_taken":0.0},{"cards_removed":["Strike_P"],"damage_healed":0.0,"max_hp_gain":0.0,"max_hp_loss":0.0,"gold_gain":0.0,"event_name":"The Cleric","player_choice":"Card Removal","floor":4.0,"gold_loss":50.0,"damage_taken":0.0},{"damage_healed":0,"gold_gain":0,"player_choice":"Fought Mushrooms","damage_taken":0,"max_hp_gain":0,"max_hp_loss":0,"event_name":"Mushrooms","floor":14,"gold_loss":0},{"damage_healed":0,"gold_gain":0,"player_choice":"Fought Bandits","damage_taken":0,"max_hp_gain":0,"max_hp_loss":0,"event_name":"Masked Bandits","floor":19,"gold_loss":0},{"damage_healed":0,"gold_gain":0,"player_choice":"Bought 0 Potions","damage_taken":0,"max_hp_gain":0,"max_hp_loss":0,"event_name":"The Woman in Blue","floor":22,"gold_loss":0},{"damage_healed":0,"gold_gain":0,"player_choice":"Obtained Book","damage_taken":16,"max_hp_gain":0,"max_hp_loss":0,"event_name":"Cursed Tome","floor":31,"gold_loss":0},{"damage_healed":0,"gold_gain":0,"player_choice":"Paid Gold","damage_taken":0,"relics_obtained":["Singing Bowl"],"max_hp_gain":0,"max_hp_loss":0,"event_name":"WeMeetAgain","floor":36,"gold_loss":71},{"damage_healed":0,"gold_gain":0,"player_choice":"Memory 1","damage_taken":0,"max_hp_gain":0,"max_hp_loss":0,"event_name":"SensoryStone","floor":44,"gold_loss":0},{"damage_healed":0,"gold_gain":100,"player_choice":"Pray","damage_taken":0,"max_hp_gain":0,"max_hp_loss":0,"event_name":"Golden Shrine","floor":46,"gold_loss":0}],"is_beta":false,"boss_relics":[{"not_picked":["Velvet Choker","Cursed Key"],"picked":"Philosopher\u0027s Stone"},{"not_picked":["Astrolabe","Empty Cage"],"picked":"Fusion Hammer"}],"items_purged_floors":[27,39,48],"is_endless":false,"potions_floor_spawned":[1,3,10,12,13,18,19,21,28,33,41,47],"killed_by":"Donu and Deca","ascension_level":10}}