{"host":"2qv44oxt58ptq59r","time":1607978860,"event":{"mods":["AchievementEnabler","BaseMod","Colored Powertips","Highlight Path","Minty Spire (QoL Compilation)","Permanent Neow","StSLib"],"gold_per_floor":[213,225,243,318,333,333,34,44,44,44,44,64,83,413,413,508,508,521,226,237,8,8,8,39,71,71,71,71,71,84,84,84,188,188,199,199,24,39,3,3,3,3,27,27,27,45,45,6,6,6,6,6,6,41,41,41],"floor_reached":55,"playtime":8750,"items_purged":["Strike_R"],"score":681,"play_id":"c2b4040f-29c8-40e6-95f6-632ddad75200","local_time":"20201214204740","is_ascension_mode":false,"campfire_choices":[{"data":"Bash","floor":6.0,"key":"SMITH"},{"data":"Juggernaut","floor":11.0,"key":"SMITH"},{"data":"Metallicize","floor":15.0,"key":"SMITH"},{"data":"True Grit","floor":23.0,"key":"SMITH"},{"floor":29.0,"key":"REST"},{"data":"Offering","floor":32.0,"key":"SMITH"},{"data":"Uppercut","floor":40,"key":"SMITH"},{"data":"Disarm","floor":41,"key":"SMITH"},{"floor":44,"key":"RECALL"},{"floor":49,"key":"REST"},{"data":"Clothesline","floor":52,"key":"SMITH"}],"circlet_count":0,"master_deck":["Strike_R","Strike_R","Strike_R","Strike_R","Defend_R","Defend_R","Defend_R","Bash+1","Cleave","Thunderclap","Juggernaut+1","Rage+1","Headbutt","Feel No Pain","Reckless Charge","Metallicize+1","Offering+1","True Grit+1","Feed","Body Slam+1","Shrug It Off","Havoc+1","Clothesline+1","Juggernaut+1","Feel No Pain","Uppercut+1","Disarm+1","Parasite"],"relics":["Burning Blood","WingedGreaves","Old Coin","SlaversCollar","Bird Faced Urn","Membership Card","Du-Vu Doll","Red Mask","Mark of Pain","Self Forming Clay","Potion Belt","Mummified Hand"],"acts_visited":["Exordium","TheCity","TheBeyond","TheEnding"],"potions_floor_usage":[35,50,55,55,55,55,55,55,55],"damage_taken":[{"damage":4.0,"enemies":"Small Slimes","floor":1.0,"turns":3.0},{"damage":5.0,"enemies":"2 Louse","floor":2.0,"turns":2.0},{"damage":4.0,"enemies":"Jaw Worm","floor":3.0,"turns":5.0},{"damage":4.0,"enemies":"3 Louse","floor":5.0,"turns":3.0},{"damage":16.0,"enemies":"Large Slime","floor":8.0,"turns":4.0},{"damage":10.0,"enemies":"2 Fungi Beasts","floor":12.0,"turns":3.0},{"damage":0.0,"enemies":"Exordium Wildlife","floor":13.0,"turns":3.0},{"damage":12.0,"enemies":"3 Sentries","floor":14.0,"turns":5.0},{"damage":38.0,"enemies":"The Guardian","floor":16.0,"turns":11.0},{"damage":6.0,"enemies":"3 Byrds","floor":18.0,"turns":4.0},{"damage":7.0,"enemies":"Chosen","floor":20.0,"turns":4.0},{"damage":26.0,"enemies":"Gremlin Leader","floor":24.0,"turns":5.0},{"damage":32.0,"enemies":"Masked Bandits","floor":25.0,"turns":5.0},{"damage":12.0,"enemies":"Snecko","floor":30.0,"turns":5.0},{"damage":71.0,"enemies":"Champ","floor":33.0,"turns":10.0},{"damage":5,"enemies":"3 Shapes","floor":35,"turns":4},{"damage":43,"enemies":"3 Darklings","floor":38,"turns":7},{"damage":18,"enemies":"Writhing Mass","floor":46,"turns":6},{"damage":93,"enemies":"Time Eater","floor":50,"turns":13},{"damage":65,"enemies":"Shield and Spear","floor":54,"turns":6},{"damage":48,"enemies":"The Heart","floor":55,"turns":5}],"seed_played":"-5671935802945668446","potions_obtained":[{"floor":1.0,"key":"BloodPotion"},{"floor":8.0,"key":"Energy Potion"},{"floor":12.0,"key":"Weak Potion"},{"floor":14.0,"key":"BloodPotion"},{"floor":16.0,"key":"Block Potion"},{"floor":18.0,"key":"Swift Potion"},{"floor":33.0,"key":"Explosive Potion"},{"floor":35,"key":"Explosive Potion"},{"floor":47,"key":"DuplicationPotion"},{"floor":47,"key":"FairyPotion"},{"floor":47,"key":"SkillPotion"}],"is_trial":false,"path_per_floor":["M","M","M","?","M","R","$","M","T","?","R","M","M","E","R","B",null,"M","$","M","$","?","R","E","?","T","?","?","R","M","?","R","B",null,"M","?","$","M","$","R","R","?","T","R","?","M","?","$","R","B",null,"R","$","E","B"],"character_chosen":"IRONCLAD","items_purchased":["Headbutt","Feel No Pain","EntropicBrew","Bird Faced Urn","Membership Card","Feed","Self Forming Clay","Feel No Pain","Uppercut","Disarm","LiquidMemories"],"campfire_rested":2,"item_purchase_floors":[7,7,7,19,21,21,37,37,37,39,48],"current_hp_per_floor":[80,80,80,69,71,71,71,77,77,77,77,73,79,73,73,41,80,80,80,80,80,80,80,62,45,45,45,29,55,55,55,55,13,88,88,88,88,57,57,57,57,57,57,57,57,55,55,55,81,32,88,88,88,38,0,0],"gold":41,"neow_bonus":"HUNDRED_GOLD","is_daily":false,"chose_seed":false,"campfire_upgraded":8,"win_rate":0.0,"timestamp":1607978860,"path_taken":["M","M","M","?","M","R","$","M","T","?","R","M","M","E","R","BOSS","M","$","M","$","?","R","E","?","T","?","?","R","?","?","R","BOSS","M","?","$","?","?","R","R","?","T","R","?","?","?","$","R","BOSS","R","$","E","BOSS"],"items_purchased_type":["Card","Card","Potion","Relic","Relic","Card","Relic","Card","Card","Card","Potion"],"build_version":"2020-12-13","purchased_purges":1,"victory":false,"max_hp_per_floor":[80,80,80,80,80,80,80,80,80,80,80,80,80,80,80,80,80,80,80,80,80,80,80,80,83,83,83,88,88,88,88,88,88,88,88,88,88,88,88,88,88,88,88,88,88,88,88,88,88,88,88,88,88,88,88,88],"card_choices":[{"not_picked":["Searing Blow","Body Slam"],"picked":"Cleave","floor":1.0},{"not_picked":["Iron Wave","Body Slam"],"picked":"Thunderclap","floor":2.0},{"not_picked":["Burning Pact","Flex"],"picked":"Juggernaut","floor":3.0},{"not_picked":["Havoc","Sever Soul"],"picked":"Rage","floor":5.0},{"not_picked":["Wild Strike","Havoc"],"picked":"Reckless Charge","floor":8.0},{"not_picked":["Evolve","Rampage","Cleave"],"picked":"SKIP","floor":12.0},{"not_picked":["Clash","Heavy Blade"],"picked":"Metallicize","floor":13.0},{"not_picked":["Pommel Strike","Bloodletting","Dark Embrace"],"picked":"SKIP","floor":14.0},{"not_picked":["Demon Form","Bludgeon"],"picked":"Offering","floor":16.0},{"not_picked":["Perfected Strike+1","Entrench+1","Wild Strike"],"picked":"SKIP","floor":18.0},{"not_picked":["Armaments","Cleave"],"picked":"True Grit","floor":20.0},{"not_picked":["Headbutt","Pummel","Pommel Strike"],"picked":"SKIP","floor":24.0},{"not_picked":["Sword Boomerang","Heavy Blade"],"picked":"Body Slam+1","floor":25.0},{"not_picked":["Body Slam","True Grit"],"picked":"Havoc+1","floor":30.0},{"not_picked":["Cleave","Clash"],"picked":"Clothesline","floor":35},{"not_picked":["Combust","Body Slam+1","Exhume"],"picked":"SKIP","floor":38},{"not_picked":["Perfected Strike","Havoc+1","Twin Strike+1"],"picked":"SKIP","floor":46},{"not_picked":["Headbutt","True Grit","Pommel Strike+1"],"picked":"SKIP","floor":54}],"player_experience":4909977,"relics_obtained":[{"floor":9.0,"key":"WingedGreaves"},{"floor":14.0,"key":"Old Coin"},{"floor":24.0,"key":"Du-Vu Doll"},{"floor":25.0,"key":"Red Mask"},{"floor":43,"key":"Potion Belt"},{"floor":54,"key":"Mummified Hand"}],"event_choices":[{"damage_healed":0.0,"max_hp_gain":0.0,"max_hp_loss":0.0,"gold_gain":75.0,"event_name":"World of Goop","player_choice":"Gather Gold","floor":4.0,"gold_loss":0.0,"damage_taken":11.0},{"damage_healed":0.0,"max_hp_gain":0.0,"max_hp_loss":0.0,"gold_gain":0.0,"event_name":"The Cleric","player_choice":"Leave","floor":10.0,"gold_loss":0.0,"damage_taken":0.0},{"damage_healed":0.0,"max_hp_gain":0.0,"max_hp_loss":0.0,"gold_gain":0.0,"event_name":"Masked Bandits","player_choice":"Fought Bandits","floor":25.0,"gold_loss":0.0,"damage_taken":0.0},{"damage_healed":0.0,"max_hp_gain":0.0,"max_hp_loss":0.0,"gold_gain":0.0,"event_name":"The Library","player_choice":"Read","floor":27.0,"gold_loss":0.0,"damage_taken":0.0,"cards_obtained":["Shrug It Off"]},{"damage_healed":0.0,"max_hp_gain":5.0,"max_hp_loss":0.0,"gold_gain":0.0,"event_name":"Forgotten Altar","player_choice":"Shed Blood","floor":28.0,"gold_loss":0.0,"damage_taken":21.0},{"damage_healed":0.0,"max_hp_gain":0.0,"max_hp_loss":0.0,"gold_gain":0.0,"event_name":"Vampires","player_choice":"Ignored","floor":31.0,"gold_loss":0.0,"damage_taken":0.0},{"damage_healed":0,"gold_gain":0,"player_choice":"Copied","damage_taken":0,"max_hp_gain":0,"max_hp_loss":0,"event_name":"Duplicator","floor":36,"gold_loss":0,"cards_obtained":["Juggernaut"]},{"cards_removed":["Defend_R"],"damage_healed":0,"gold_gain":0,"player_choice":"Removed Skill","damage_taken":0,"max_hp_gain":0,"max_hp_loss":0,"event_name":"Falling","floor":42,"gold_loss":0},{"damage_healed":0,"gold_gain":0,"player_choice":"Upgraded","damage_taken":0,"max_hp_gain":0,"max_hp_loss":0,"event_name":"Upgrade Shrine","floor":45,"gold_loss":0,"cards_upgraded":["Rage"]},{"damage_healed":0,"gold_gain":0,"player_choice":"Got Potions","damage_taken":0,"max_hp_gain":0,"max_hp_loss":0,"event_name":"Lab","floor":47,"gold_loss":0}],"is_beta":false,"boss_relics":[{"not_picked":["Velvet Choker","Fusion Hammer"],"picked":"SlaversCollar"},{"not_picked":["Runic Dome","Pandora\u0027s Box"],"picked":"Mark of Pain"}],"items_purged_floors":[7],"is_endless":false,"potions_floor_spawned":[1,8,12,14,16,18,33,35],"killed_by":"The Heart","ascension_level":0}}