{"host":"cz3p2o9n3b1gdmkz","time":1607972795,"event":{"mods":["AchievementEnabler","BaseMod","CapriCore","GungeonMod","Hermit","Lobotomy","Minty Spire (QoL Compilation)","Replay The Spire","Shop Mod","StSLib","SuperFastMode","The Cursed","The Dragon Tamer","The Gatherer","The Jungle","The Poker Player","The Runesmith"],"gold_per_floor":[119,119,194,194,214,244,244,241,289,303,303,328,328,340,340,329,329,345,345,323,343,185,185],"floor_reached":22,"playtime":1124,"items_purged":[],"score":243,"play_id":"c955aa01-8d4d-46f4-9a41-9248ca239924","local_time":"20201215040635","is_ascension_mode":true,"campfire_choices":[{"floor":7.0,"key":"REST"},{"floor":11.0,"key":"REST"},{"floor":13.0,"key":"DIG"}],"circlet_count":0,"master_deck":["hermit:Strike_Hermit","hermit:Strike_Hermit","hermit:Strike_Hermit+1","hermit:Strike_Hermit","hermit:Defend_Hermit","hermit:Defend_Hermit","hermit:Defend_Hermit","hermit:Defend_Hermit","hermit:Snapshot","hermit:Covet+1","CrumblingArmor","hermit:Quickdraw+1","Freischutz","OldLady","hermit:Quickdraw","ShyLook","VoidDream","hermit:WideOpen","FairyFestival","hermit:Grudge+1","LongBird","hermit:Manifest","UniverseFragment","hermit:HeroicBravado+1","QueenOfHatred","hermit:CalledShot+1","hermit:CursedWeapon"],"relics":["hermit:Momento","CogitoBucket","RabbitCall","DemoMod:ResourcefulSack","DemoMod:Metronome","Golden Egg","Replay:Baseball","SkinProphecy","SlaversCollar","Nloth\u0027s Gift","DemoMod:GlassGuonStoneRelic"],"acts_visited":["Exordium","TheCity"],"potions_floor_usage":[18,22],"damage_taken":[{"damage":2.0,"enemies":"Jaw Worm","floor":1.0,"turns":4.0},{"damage":9.0,"enemies":"Small Slimes","floor":5.0,"turns":4.0},{"damage":31.0,"enemies":"Replay:BlueRogue","floor":6.0,"turns":5.0},{"damage":11.0,"enemies":"Lagavulin Event","floor":8.0,"turns":3.0},{"damage":1.0,"enemies":"2 Louse","floor":10.0,"turns":22.0},{"damage":11.0,"enemies":"Lagavulin","floor":12.0,"turns":5.0},{"damage":5.0,"enemies":"Red Slaver","floor":14.0,"turns":2.0},{"damage":35.0,"enemies":"The Guardian","floor":16.0,"turns":8.0},{"damage":9,"enemies":"3 Byrds","floor":18,"turns":5},{"damage":6,"enemies":"Spheric Guardian","floor":20,"turns":5},{"damage":12,"enemies":"Snecko","floor":21,"turns":5},{"damage":31,"enemies":"Sentry and Sphere","floor":22,"turns":2}],"seed_played":"6845158176120996961","potions_obtained":[{"floor":1.0,"key":"BlessingOfTheForge"},{"floor":5.0,"key":"Toxic Potion"},{"floor":8.0,"key":"SpeedPotion"},{"floor":16.0,"key":"Adrenaline Potion"},{"floor":20,"key":"Fruit Juice"}],"is_trial":false,"path_per_floor":["M","?","?","?","M","E","R","?","T","M","R","E","R","M","R","B",null,"M","?","M","M","M"],"character_chosen":"HERMIT","items_purchased":[],"campfire_rested":2,"item_purchase_floors":[],"current_hp_per_floor":[73,58,47,47,38,7,29,18,18,17,39,28,28,23,45,8,60,47,47,49,39,0,0],"gold":185,"neow_bonus":"","is_daily":false,"chose_seed":false,"campfire_upgraded":0,"win_rate":0.0,"timestamp":1607972795,"path_taken":["M","?","?","?","M","E","R","?","T","M","R","E","R","M","R","BOSS","M","?","M","M","?"],"items_purchased_type":[],"build_version":"2020-12-13","purchased_purges":0,"victory":false,"max_hp_per_floor":[75,75,75,75,75,75,75,75,75,75,75,75,75,75,75,77,77,79,79,81,83,87,87],"card_choices":[{"not_picked":["Murderer","ShyLook"],"picked":"CrumblingArmor","floor":1.0},{"not_picked":["hermit:Headshot","hermit:Manifest"],"picked":"hermit:Quickdraw","floor":1.0},{"not_picked":["MeatLantern","Scorched"],"picked":"Freischutz","floor":5.0},{"not_picked":["hermit:BodyArmor","hermit:Showdown","hermit:Snipe"],"picked":"SKIP","floor":5.0},{"not_picked":["Bloodbath","LittleHelper"],"picked":"OldLady","floor":6.0},{"not_picked":["hermit:LuckOfTheDraw","hermit:EyeOfTheStorm"],"picked":"hermit:Quickdraw","floor":6.0},{"not_picked":["MeatLantern","PunishingBird"],"picked":"ShyLook","floor":8.0},{"not_picked":["UniverseFragment","MHz"],"picked":"VoidDream","floor":10.0},{"not_picked":["hermit:Dive","hermit:ItchyTrigger"],"picked":"hermit:WideOpen","floor":10.0},{"not_picked":["Scorched","CherryBlossoms","PunishingBird"],"picked":"Singing Bowl","floor":12.0},{"not_picked":["MHz","BeautyBeast"],"picked":"FairyFestival","floor":12.0},{"not_picked":["hermit:WideOpen","hermit:BigShot"],"picked":"hermit:Grudge","floor":12.0},{"not_picked":["Woodsman","BeautyBeast"],"picked":"LongBird","floor":14.0},{"not_picked":["hermit:Desperado","hermit:CalledShot"],"picked":"hermit:Manifest","floor":14.0},{"not_picked":["PunishingBird","Laetitia","WhitesApple"],"picked":"Singing Bowl","floor":16.0},{"not_picked":["Murderer","Porccubus"],"picked":"UniverseFragment","floor":16.0},{"not_picked":["hermit:EternalForm","hermit:Adapt"],"picked":"hermit:HeroicBravado","floor":16.0},{"not_picked":["CherryBlossoms","SpiderBud"],"picked":"QueenOfHatred","floor":18},{"not_picked":["hermit:Dive","hermit:CalledShot+1","hermit:Horror"],"picked":"SKIP","floor":18},{"not_picked":["hermit:Dive","hermit:Horror"],"picked":"hermit:CalledShot+1","floor":18},{"not_picked":["FieryBird","LittlePrince","Funeral"],"picked":"Singing Bowl","floor":20},{"not_picked":["hermit:Glare","hermit:CalledShot+1"],"picked":"hermit:CursedWeapon","floor":20},{"not_picked":["QueenBee","LittleHelper","OSAHOGD"],"picked":"Singing Bowl","floor":21},{"not_picked":["hermit:Ricochet","hermit:SprayPray","hermit:Feint+1"],"picked":"SKIP","floor":21}],"player_experience":939814,"relics_obtained":[{"floor":6.0,"key":"Shovel"},{"floor":8.0,"key":"DemoMod:ResourcefulSack"},{"floor":9.0,"key":"DemoMod:Metronome"},{"floor":12.0,"key":"Golden Egg"},{"floor":13.0,"key":"Replay:Baseball"}],"event_choices":[{"damage_healed":0.0,"max_hp_gain":0.0,"max_hp_loss":0.0,"gold_gain":0.0,"event_name":"Shining Light","player_choice":"Entered Light","floor":2.0,"gold_loss":0.0,"damage_taken":15.0,"cards_upgraded":["hermit:Strike_Hermit","hermit:Covet"]},{"damage_healed":0.0,"max_hp_gain":0.0,"max_hp_loss":0.0,"gold_gain":75.0,"event_name":"World of Goop","player_choice":"Gather Gold","floor":3.0,"gold_loss":0.0,"damage_taken":11.0},{"damage_healed":0.0,"max_hp_gain":0.0,"max_hp_loss":0.0,"gold_gain":0.0,"event_name":"Living Wall","player_choice":"Grow","floor":4.0,"gold_loss":0.0,"damage_taken":0.0,"cards_upgraded":["hermit:Quickdraw"]},{"damage_healed":0.0,"max_hp_gain":0.0,"max_hp_loss":0.0,"gold_gain":0.0,"event_name":"Dead Adventurer","player_choice":"Searched \u00272\u0027 times","floor":8.0,"gold_loss":0.0,"damage_taken":0.0},{"damage_healed":0,"gold_gain":0,"player_choice":"Traded Relic","damage_taken":0,"relics_obtained":["Nloth\u0027s Gift"],"max_hp_gain":0,"max_hp_loss":0,"event_name":"N\u0027loth","floor":19,"relics_lost":["Shovel"],"gold_loss":0}],"is_beta":false,"boss_relics":[{"not_picked":["Coffee Dripper","Replay:Bronze Core"],"picked":"SlaversCollar"}],"items_purged_floors":[],"is_endless":false,"potions_floor_spawned":[1,5,8,16,20],"killed_by":"Sentry and Sphere","ascension_level":5}}