{"host":"bux1pdxjwq4dkad9","time":1607932402,"event":{"mods":["BaseMod","Colored Map","Minty Spire (QoL Compilation)","Quick Restart","Robot Space Explorer","Shop Mod","Spicy Shops","StSLib","SuperFastMode","The Alterego","Thieving Mod","Uncapped","【人物mod】游戏王New YuGiOh mod","【遗物Mod】简单游戏"],"gold_per_floor":[221,244,244,275,225,225,279,279,304,335,114,163,67,101,101,245,245,279,314,345,190,219,277,277,318,343,382,422,457,516,545,545,671,671,702,702,735,735,750,805,805,843,1143,950,1001,1001,1001,1077,1077,1092,1092,1092,149,207,207],"floor_reached":56,"playtime":2027,"items_purged":["RobotSpaceExplorer:Defend","Parasite","RobotSpaceExplorer:Strike"],"score":1829,"play_id":"8205488a-303c-4e7d-80dd-478a1271b943","local_time":"20201214155322","is_ascension_mode":true,"campfire_choices":[{"data":"RobotSpaceExplorer:ExhaustFan","floor":6.0,"key":"SMITH"},{"data":"RobotSpaceExplorer:Defend","floor":8.0,"key":"PURGE"},{"data":"Parasite","floor":15.0,"key":"PURGE"},{"data":"RobotSpaceExplorer:IronShell","floor":32.0,"key":"SMITH"},{"floor":41.0,"key":"RECALL"},{"data":"RobotSpaceExplorer:DualCore","floor":46.0,"key":"SMITH"},{"data":"Decay","floor":49.0,"key":"PURGE"},{"data":"Panacea","floor":52.0,"key":"SMITH"}],"circlet_count":0,"master_deck":["RobotSpaceExplorer:Strike","RobotSpaceExplorer:Strike","RobotSpaceExplorer:Defend","RobotSpaceExplorer:Scan","RobotSpaceExplorer:MiniLasers","RobotSpaceExplorer:FranticSearch","RobotSpaceExplorer:ExhaustFan+1","RobotSpaceExplorer:SelfCleaning","RobotSpaceExplorer:IronShell+1","RobotSpaceExplorer:DroneSwarm","RobotSpaceExplorer:GlueShot+1","RobotSpaceExplorer:StarDust+1","RobotSpaceExplorer:DualCore+1","RobotSpaceExplorer:Scanner+1","RobotSpaceExplorer:Multitool+1","RobotSpaceExplorer:FranticSearch+1","RobotSpaceExplorer:ScrapMissile","Madness","Panacea+1"],"relics":["RobotSpaceExplorer:RoboCore","TimeKeys","Golden Idol","RobotSpaceExplorer:ClockworkSextant","Bottled Lightning","Kunai","Black Star","RobotSpaceExplorer:SlideRule","Bag of Marbles","Toy Ornithopter","Smiling Mask","Prayer Wheel","Art of War","Regal Pillow","Frozen Egg 2","White Beast Statue","Tiny Chest","Cursed Key","Happy Flower","Akabeko","Old Coin","Oddly Smooth Stone","Bag of Preparation","Lantern","Singing Bowl","Calipers","Centennial Puzzle","Sling","Mango","TungstenRod","Lizard Tail"],"acts_visited":["Exordium","TheCity","TheBeyond","TheEnding"],"potions_floor_usage":[55,55,55],"damage_taken":[{"damage":1.0,"enemies":"Cultist","floor":1.0,"turns":4.0},{"damage":2.0,"enemies":"Small Slimes","floor":2.0,"turns":4.0},{"damage":0.0,"enemies":"Jaw Worm","floor":4.0,"turns":2.0},{"damage":0.0,"enemies":"Lagavulin","floor":7.0,"turns":3.0},{"damage":2.0,"enemies":"Large Slime","floor":10.0,"turns":6.0},{"damage":0.0,"enemies":"Gremlin Nob","floor":12.0,"turns":1.0},{"damage":7.0,"enemies":"Blue Slaver","floor":14.0,"turns":4.0},{"damage":0.0,"enemies":"Slime Boss","floor":16.0,"turns":4.0},{"damage":2.0,"enemies":"Spheric Guardian","floor":18.0,"turns":3.0},{"damage":0.0,"enemies":"Shell Parasite","floor":19.0,"turns":8.0},{"damage":0.0,"enemies":"3 Cultists","floor":20.0,"turns":3.0},{"damage":0.0,"enemies":"Snecko","floor":22.0,"turns":8.0},{"damage":0.0,"enemies":"Gremlin Leader","floor":23.0,"turns":5.0},{"damage":20.0,"enemies":"Slavers","floor":25.0,"turns":3.0},{"damage":13.0,"enemies":"Book of Stabbing","floor":27.0,"turns":7.0},{"damage":0.0,"enemies":"Sentry and Sphere","floor":28.0,"turns":4.0},{"damage":0.0,"enemies":"3 Cultists","floor":29.0,"turns":1.0},{"damage":3.0,"enemies":"Slavers","floor":30.0,"turns":3.0},{"damage":0.0,"enemies":"Cultist and Chosen","floor":31.0,"turns":5.0},{"damage":0.0,"enemies":"Automaton","floor":33.0,"turns":9.0},{"damage":0.0,"enemies":"3 Darklings","floor":35.0,"turns":9.0},{"damage":3.0,"enemies":"3 Shapes","floor":37.0,"turns":3.0},{"damage":23.0,"enemies":"Transient","floor":39.0,"turns":6.0},{"damage":0.0,"enemies":"Reptomancer","floor":40.0,"turns":6.0},{"damage":0.0,"enemies":"Sphere and 2 Shapes","floor":42.0,"turns":2.0},{"damage":0.0,"enemies":"Nemesis","floor":45.0,"turns":9.0},{"damage":9.0,"enemies":"Awakened One","floor":50.0,"turns":15.0},{"damage":0.0,"enemies":"Shield and Spear","floor":54.0,"turns":6.0},{"damage":0,"enemies":"The Heart","floor":55,"turns":15}],"seed_played":"7112827860749878486","potions_obtained":[{"floor":2.0,"key":"Energy Potion"},{"floor":4.0,"key":"AttackPotion"},{"floor":16.0,"key":"SteroidPotion"},{"floor":19.0,"key":"Energy Potion"},{"floor":20.0,"key":"SkillPotion"},{"floor":27.0,"key":"FearPotion"},{"floor":30.0,"key":"PowerPotion"},{"floor":31.0,"key":"BlessingOfTheForge"},{"floor":33.0,"key":"DuplicationPotion"},{"floor":39.0,"key":"Swift Potion"},{"floor":40.0,"key":"SteroidPotion"},{"floor":42.0,"key":"PowerPotion"},{"floor":45.0,"key":"PowerPotion"}],"is_trial":false,"path_per_floor":["M","M","?","M","?","R","E","R","T","M","$","E","$","M","R","B",null,"M","M","M","$","M","E","?","E","T","E","M","M","E","M","R","B",null,"M","?","M","?","M","E","R","M","T","$","E","R","?","T","R","B",null,"R","$","E","B",null],"character_chosen":"RobotSpaceExplorer","items_purchased":["RobotSpaceExplorer:IronShell","Kunai","RobotSpaceExplorer:SlideRule","Oddly Smooth Stone","Calipers","Centennial Puzzle","Sling","Mango"],"campfire_rested":0,"item_purchase_floors":[11,13,21,44,53,53,53,53],"current_hp_per_floor":[74,73,55,57,57,57,59,59,59,59,59,61,61,56,56,60,72,70,72,72,72,72,72,72,52,52,39,43,47,48,52,52,57,72,72,72,69,69,49,53,53,57,57,57,61,61,51,51,51,46,69,69,83,85,85],"gold":207,"neow_bonus":"HUNDRED_GOLD","is_daily":false,"chose_seed":false,"campfire_upgraded":4,"win_rate":0.0,"timestamp":1607932402,"path_taken":["M","?","?","M","?","R","E","R","T","M","$","E","$","M","R","BOSS","M","M","M","$","M","E","?","E","T","E","M","M","E","M","R","BOSS","M","?","M","?","M","E","R","M","T","$","E","R","?","?","R","BOSS","R","$","E","BOSS"],"items_purchased_type":["Card","Relic","Relic","Relic","Relic","Relic","Relic","Relic"],"build_version":"2020-12-13","purchased_purges":3,"victory":true,"max_hp_per_floor":[75,75,75,75,75,75,75,75,75,75,75,75,75,75,72,72,72,72,72,72,72,72,72,72,72,72,72,72,72,72,72,72,72,72,72,72,72,72,72,72,72,72,72,69,69,69,69,69,69,69,69,69,83,85,85],"card_choices":[{"not_picked":["RobotSpaceExplorer:ShockKick","RobotSpaceExplorer:SlimeMissile","RobotSpaceExplorer:ToxicBomb"],"picked":"SKIP","floor":1.0},{"not_picked":["RobotSpaceExplorer:FreezingShield","RobotSpaceExplorer:LuckyStrike"],"picked":"RobotSpaceExplorer:FranticSearch","floor":2.0},{"not_picked":["RobotSpaceExplorer:Pulsar","RobotSpaceExplorer:MiniDrones"],"picked":"RobotSpaceExplorer:ExhaustFan","floor":4.0},{"not_picked":["RobotSpaceExplorer:MetalStrike","RobotSpaceExplorer:StarDust"],"picked":"RobotSpaceExplorer:SelfCleaning","floor":7.0},{"not_picked":["RobotSpaceExplorer:MakeshiftVolley","RobotSpaceExplorer:SurgingShield","RobotSpaceExplorer:LuckyStrike"],"picked":"SKIP","floor":10.0},{"not_picked":["RobotSpaceExplorer:StunGrenade","RobotSpaceExplorer:Reload","RobotSpaceExplorer:BigMissile"],"picked":"SKIP","floor":12.0},{"not_picked":["RobotSpaceExplorer:GearShield","RobotSpaceExplorer:Probe","RobotSpaceExplorer:MiniDrones"],"picked":"SKIP","floor":14.0},{"not_picked":["RobotSpaceExplorer:HighVoltage","RobotSpaceExplorer:ShockMissile"],"picked":"RobotSpaceExplorer:DroneSwarm","floor":16.0},{"not_picked":["RobotSpaceExplorer:SlimeMissile","RobotSpaceExplorer:ImprovisedAttack"],"picked":"RobotSpaceExplorer:GlueShot+1","floor":18.0},{"not_picked":["RobotSpaceExplorer:Discharger","RobotSpaceExplorer:GlueShot+1","RobotSpaceExplorer:Probe"],"picked":"SKIP","floor":19.0},{"not_picked":["RobotSpaceExplorer:StunGrenade+1","RobotSpaceExplorer:ShockKick","RobotSpaceExplorer:Pulsar"],"picked":"SKIP","floor":20.0},{"not_picked":["RobotSpaceExplorer:GlueShot+1","RobotSpaceExplorer:Probe","RobotSpaceExplorer:SwiftStep"],"picked":"SKIP","floor":22.0},{"not_picked":["RobotSpaceExplorer:SurgingStrike","RobotSpaceExplorer:HighVoltage"],"picked":"RobotSpaceExplorer:StarDust+1","floor":23.0},{"not_picked":["RobotSpaceExplorer:ShovelStrike","RobotSpaceExplorer:DoubleFind","RobotSpaceExplorer:GlueShot"],"picked":"SKIP","floor":25.0},{"not_picked":["RobotSpaceExplorer:SlimeMissile","RobotSpaceExplorer:ShovelStrike","RobotSpaceExplorer:FrostMissile"],"picked":"SKIP","floor":27.0},{"not_picked":["RobotSpaceExplorer:Ammunition","RobotSpaceExplorer:ScrapMissile","RobotSpaceExplorer:Probe"],"picked":"SKIP","floor":28.0},{"not_picked":["RobotSpaceExplorer:Probe+1","RobotSpaceExplorer:HighVoltage","RobotSpaceExplorer:StarDust+1"],"picked":"SKIP","floor":28.0},{"not_picked":["RobotSpaceExplorer:IronShell","RobotSpaceExplorer:StarLightning+1","RobotSpaceExplorer:ScrapMissile"],"picked":"SKIP","floor":29.0},{"not_picked":["RobotSpaceExplorer:SurgingShield","RobotSpaceExplorer:StunGrenade","RobotSpaceExplorer:ToxicBomb"],"picked":"SKIP","floor":29.0},{"not_picked":["RobotSpaceExplorer:ShovelStrike+1","RobotSpaceExplorer:GlueShot+1","RobotSpaceExplorer:HighVoltage"],"picked":"SKIP","floor":30.0},{"not_picked":["RobotSpaceExplorer:MakeshiftVolley","RobotSpaceExplorer:SlimeMissile","RobotSpaceExplorer:Probe"],"picked":"SKIP","floor":31.0},{"not_picked":["RobotSpaceExplorer:Pulsar","RobotSpaceExplorer:Electroshield","RobotSpaceExplorer:GlueSpray+1"],"picked":"SKIP","floor":31.0},{"not_picked":["RobotSpaceExplorer:BlastShield","RobotSpaceExplorer:ShockMissile"],"picked":"RobotSpaceExplorer:Scanner+1","floor":33.0},{"not_picked":["RobotSpaceExplorer:SwiftStep+1","RobotSpaceExplorer:GlueSpray","RobotSpaceExplorer:Jetpack"],"picked":"SKIP","floor":35.0},{"not_picked":["RobotSpaceExplorer:ScrapMissile","RobotSpaceExplorer:SurgingStrike","RobotSpaceExplorer:ToxicBomb+1"],"picked":"SKIP","floor":35.0},{"not_picked":["RobotSpaceExplorer:TurboDodge","RobotSpaceExplorer:Ammunition","RobotSpaceExplorer:PowerCollector+1"],"picked":"SKIP","floor":37.0},{"not_picked":["RobotSpaceExplorer:Ammunition","RobotSpaceExplorer:Counterblock","RobotSpaceExplorer:FrostMissile+1"],"picked":"SKIP","floor":37.0},{"not_picked":["RobotSpaceExplorer:FreezingShield+1","RobotSpaceExplorer:Jetpack","RobotSpaceExplorer:Counterblock"],"picked":"SKIP","floor":39.0},{"not_picked":["RobotSpaceExplorer:RigExplosive","RobotSpaceExplorer:Electropulse","RobotSpaceExplorer:Jetpack+1"],"picked":"SKIP","floor":39.0},{"not_picked":["RobotSpaceExplorer:Ammunition","RobotSpaceExplorer:ScrapMissile+1"],"picked":"RobotSpaceExplorer:Multitool+1","floor":40.0},{"not_picked":["RobotSpaceExplorer:StunGrenade","RobotSpaceExplorer:DoubleBlock"],"picked":"RobotSpaceExplorer:FranticSearch+1","floor":42.0},{"not_picked":["RobotSpaceExplorer:Pulsar+1","RobotSpaceExplorer:LaserBurst","RobotSpaceExplorer:GlueShot"],"picked":"SKIP","floor":42.0},{"not_picked":["RobotSpaceExplorer:SlimeMissile+1","RobotSpaceExplorer:Scanner+1"],"picked":"RobotSpaceExplorer:ScrapMissile","floor":45.0},{"not_picked":["Dramatic Entrance","Swift Strike"],"picked":"Madness","floor":47.0},{"not_picked":["Dark Shackles","Dramatic Entrance"],"picked":"Panacea","floor":47.0},{"not_picked":["RobotSpaceExplorer:MiniDrones+1","RobotSpaceExplorer:FranticSearch","RobotSpaceExplorer:ShovelStrike"],"picked":"Singing Bowl","floor":54.0}],"player_experience":2361749,"relics_obtained":[{"floor":7.0,"key":"RobotSpaceExplorer:ClockworkSextant"},{"floor":12.0,"key":"Bottled Lightning"},{"floor":23.0,"key":"Bag of Marbles"},{"floor":23.0,"key":"Toy Ornithopter"},{"floor":25.0,"key":"Smiling Mask"},{"floor":25.0,"key":"Prayer Wheel"},{"floor":26.0,"key":"Art of War"},{"floor":27.0,"key":"Regal Pillow"},{"floor":27.0,"key":"Frozen Egg 2"},{"floor":30.0,"key":"White Beast Statue"},{"floor":30.0,"key":"Tiny Chest"},{"floor":40.0,"key":"Happy Flower"},{"floor":40.0,"key":"Akabeko"},{"floor":43.0,"key":"Old Coin"},{"floor":45.0,"key":"Bag of Preparation"},{"floor":45.0,"key":"Lantern"},{"floor":48.0,"key":"Singing Bowl"},{"floor":54.0,"key":"TungstenRod"},{"floor":54.0,"key":"Lizard Tail"}],"event_choices":[{"damage_healed":0.0,"max_hp_gain":0.0,"max_hp_loss":0.0,"gold_gain":0.0,"event_name":"Golden Idol","player_choice":"Take Damage","floor":3.0,"gold_loss":0.0,"damage_taken":18.0,"relics_obtained":["Golden Idol"]},{"cards_removed":["RobotSpaceExplorer:Defend"],"damage_healed":0.0,"max_hp_gain":0.0,"max_hp_loss":0.0,"gold_gain":0.0,"event_name":"The Cleric","player_choice":"Card Removal","floor":5.0,"gold_loss":50.0,"damage_taken":0.0},{"damage_healed":0.0,"max_hp_gain":0.0,"max_hp_loss":0.0,"gold_gain":0.0,"event_name":"The Library","player_choice":"Read","floor":24.0,"gold_loss":0.0,"damage_taken":0.0,"cards_obtained":["RobotSpaceExplorer:DualCore"]},{"damage_healed":0.0,"max_hp_gain":0.0,"max_hp_loss":0.0,"gold_gain":0.0,"event_name":"Tomb of Lord Red Mask","player_choice":"Ignored","floor":36.0,"gold_loss":0.0,"damage_taken":0.0},{"cards_removed":["RobotSpaceExplorer:Strike"],"damage_healed":0.0,"max_hp_gain":0.0,"max_hp_loss":0.0,"gold_gain":0.0,"event_name":"Falling","player_choice":"Removed Attack","floor":38.0,"gold_loss":0.0,"damage_taken":0.0},{"damage_healed":0.0,"max_hp_gain":0.0,"max_hp_loss":0.0,"gold_gain":0.0,"event_name":"SensoryStone","player_choice":"Memory 3","floor":47.0,"gold_loss":0.0,"damage_taken":10.0}],"is_beta":false,"boss_relics":[{"not_picked":["Snecko Eye","SacredBark"],"picked":"Black Star"},{"not_picked":["Fusion Hammer","TimeKeys"],"picked":"Cursed Key"}],"items_purged_floors":[11,44,53],"is_endless":false,"potions_floor_spawned":[2,4,16,19,20,27,30,31,33,35,37,39,40,42,45,54],"ascension_level":2}}