{"host":"a0bi5e935fpwrwib","time":1607904674,"event":{"mods":["AchievementEnabler","BaseMod","BetterRewards","Colored Powertips","Hubris","Minty Spire (QoL Compilation)","Rare Cards Sparkle","Relic Stats","Replay The Spire","Spicy Shops","StSLib"],"gold_per_floor":[114,134,134,9,29,29,61,61,61,61,85,103,103,114,149,149,149,249,349,367,433,433,33,33,64,64,94,145,155,155,171,171,203,301,406,406,428,428,428,528,528,528,575,575,628,628,660,691,691,709,709,713],"floor_reached":53,"playtime":3629,"items_purged":["Strike_P","Strike_P","Strike_P","Defend_P"],"score":1065,"play_id":"480eb216-c19c-4eaa-8ba8-154d4b5e099c","local_time":"20201213181114","is_ascension_mode":true,"campfire_choices":[{"data":"PathToVictory","floor":6,"key":"SMITH"},{"data":"Mayhem","floor":13,"key":"SMITH"},{"data":"Pain","floor":17,"key":"PURGE"},{"data":"DevaForm","floor":26,"key":"SMITH"},{"floor":32,"key":"REST"},{"floor":42,"key":"REST"},{"floor":44,"key":"REST"},{"data":"PathToVictory","floor":46,"key":"SMITH"},{"floor":51,"key":"REST"}],"circlet_count":0,"master_deck":["Defend_P","Defend_P+1","Eruption","Vigilance+1","Mayhem+1","SignatureMove+1","PathToVictory+1","ClearTheMind+1","Wireheading","Omniscience+1","DevaForm+1","Protect","LikeWater+1","PathToVictory+1","Shame","TalkToTheHand+1","PathToVictory+1","Prostrate","Swivel+1","DeusExMachina","CurseOfTheBell","Consecrate+1","TalkToTheHand+1","PathToVictory","FollowUp","InnerPeace+1"],"relics":["PureWater","Lee\u0027s Waffle","FossilizedHelix","Juzu Bracelet","Gremlin Food","ReplayFunnel","Ginger","WarpedTongs","Replay:Wanted Poster","War Paint","ReplayTheSpireMod:Lightbulb","Gremlin Horn","Sundial","Torii","Regal Pillow","Onion Ring","Calling Bell","Replay:Bandana","Blue Candle","Durian","Bottled Tornado","Ice Cream","hubris:SphereOfDissonance","Oddly Smooth Stone","Darkstone Periapt"],"acts_visited":["Exordium","TheCity","TheBeyond"],"potions_floor_usage":[5,18,18,25,25,27,35,43],"damage_taken":[{"damage":0,"enemies":"Jaw Worm","floor":1,"turns":3},{"damage":0,"enemies":"Cultist","floor":2,"turns":3},{"damage":0,"enemies":"2 Louse","floor":5,"turns":4},{"damage":0,"enemies":"Replay:BlueRogue","floor":7,"turns":4},{"damage":17,"enemies":"Gremlin Gang","floor":12,"turns":5},{"damage":0,"enemies":"2 Fungi Beasts","floor":14,"turns":3},{"damage":8,"enemies":"Lagavulin","floor":15,"turns":4},{"damage":0,"enemies":"Slime Boss","floor":18,"turns":7},{"damage":0,"enemies":"2 Thieves","floor":20,"turns":3},{"damage":15,"enemies":"Slavers","floor":25,"turns":5},{"damage":34,"enemies":"Gremlin Leader","floor":27,"turns":8},{"damage":6,"enemies":"Chosen","floor":29,"turns":4},{"damage":0,"enemies":"Snecko","floor":31,"turns":4},{"damage":24,"enemies":"Slavers","floor":33,"turns":5},{"damage":13,"enemies":"hubris:MusketHawk","floor":35,"turns":5},{"damage":3,"enemies":"Orb Walker","floor":37,"turns":4},{"damage":35,"enemies":"Reptomancer","floor":43,"turns":5},{"damage":1,"enemies":"R_Hoarder","floor":47,"turns":6},{"damage":0,"enemies":"3 Shapes","floor":48,"turns":3},{"damage":23,"enemies":"3 Darklings","floor":50,"turns":4},{"damage":26,"enemies":"Donu and Deca","floor":52,"turns":7}],"seed_played":"-5593190478396471493","potions_obtained":[{"floor":1,"key":"PowerPotion"},{"floor":5,"key":"SpeedPotion"},{"floor":7,"key":"FairyPotion"},{"floor":14,"key":"Languid Potion"},{"floor":15,"key":"Energy Potion"},{"floor":21,"key":"PowerPotion"},{"floor":21,"key":"PowerPotion"},{"floor":25,"key":"Weak Potion"},{"floor":29,"key":"Strength Potion"},{"floor":33,"key":"BlessingOfTheForge"},{"floor":37,"key":"AttackPotion"}],"is_trial":false,"path_per_floor":["M","M","?","$","M","R","E","PTL","PTL","$","T","M","R","M","E","?","R","B",null,"M","?","?","$","?","E","R","E","T","M","?","M","R","E","R","B",null,"M","$","?","?","?","R","E","R","T","R","E","M","?","M","R","B",null],"character_chosen":"WATCHER","items_purchased":["Lee\u0027s Waffle","Mayhem","SignatureMove+1","PathToVictory","ReplayTheSpireMod:Lightbulb","Bottled Tornado","Ice Cream"],"campfire_rested":4,"item_purchase_floors":[0,0,0,23,23,38,38],"current_hp_per_floor":[79,79,79,79,79,79,79,79,79,79,79,62,62,62,54,54,54,54,79,79,79,79,79,79,64,64,30,30,24,24,24,62,38,38,25,84,81,45,45,45,45,84,49,84,84,84,83,83,84,61,84,58],"gold":713,"neow_bonus":"","is_daily":false,"chose_seed":false,"campfire_upgraded":4,"win_rate":0.0,"timestamp":1607904674,"path_taken":["M","M","?","?","M","R","E","PTL","PTL","$","T","M","R","M","E","?","R","BOSS","M","?","?","$","?","E","R","E","T","M","?","M","R","E","R","BOSS","M","?","?","?","?","R","E","R","T","R","E","M","?","M","R","BOSS"],"items_purchased_type":["Relic","Card","Card","Card","Relic","Relic","Relic"],"build_version":"2020-11-30","purchased_purges":4,"victory":true,"max_hp_per_floor":[79,79,79,79,79,79,79,79,79,79,79,79,79,79,79,79,79,79,79,79,79,79,79,79,79,79,79,79,79,79,79,79,79,79,79,84,84,84,84,84,84,84,84,84,84,84,84,84,84,84,84,84],"relic_stats":{"Darkstone Periapt":0,"Lee\u0027s Waffle":39,"Regal Pillow":39,"Gremlin Horn":[16,15],"Torii":17,"counters":[226,969],"Blue Candle":[7],"Juzu Bracelet":5,"Ginger":[14],"War Paint":["Defend_P","Defend_P"],"WarpedTongs":[67],"Sundial":[12],"obtain_stats":[{"TwistedFunnel":0,"Golden Egg":0,"Ginger":15,"Bottled Tornado":21,"Boot":21,"Blood Vial":14,"Replay:Wanted Poster":19,"Sundial":26,"MealTicket":5,"Replay:Bottled Flurry":0,"Kunai":8,"Replay:Wax Seal":30,"Replay:Bottled Steam":28,"ReplayTheSpireMod:Ring of Addiction":5,"Blue Candle":39,"Counterbalance":8,"Velvet Choker":19,"hubris:SphereOfDissonance":43,"Eternal Feather":26,"Pen Nib":11,"Replay:Ancient Bell":36,"SlaversCollar":19,"hubris:BottledHeart":25,"MutagenicStrength":30,"Bird Faced Urn":36,"ReplayTheSpireMod:Ring of Collecting":19,"Lantern":31,"Regal Pillow":43,"Torii":0,"Singing Bowl":0,"Blue Doll":0,"StoneCalendar":24,"Bag of Preparation":31,"Cursed Key":17,"Smiling Mask":40,"Pet Ghost":8,"Replay:Rubber Ducky":44,"Matryoshka":9,"Ring of Fangs":19,"hubris:Backtick":17,"Shovel":24,"WristBlade":34,"Ninja Scroll":0,"Ring of Peace":19,"Chemical X":44,"Replay:Bottled Eggs":2,"Ring of Panic":39,"Ring of the Snake":0,"Potion Belt":19,"Lee\u0027s Waffle":0,"NeowsBlessing":0,"Golden Idol":2,"Damaru":7,"Thread and Needle":0,"The Courier":28,"PreservedInsect":0,"Omamori":9,"Geode":9,"Ring of Greed":5,"Frozen Egg 2":24,"hubris:Towel":4,"MawBank":24,"Replay:Arrowhead":39,"Ornamental Fan":40,"Ring of Misfortune":5,"Orrery":19,"Art of War":45,"Durian":36,"Bottled Lightning":17,"ReplayTheSpireMod:Ring of Challenge":19,"ReplayTheSpireMod:Lightbulb":10,"Toy Ornithopter":26,"Ice Cream":38,"Calipers":0,"Gremlin Horn":0,"Nilry\u0027s Codex":30,"HoveringKite":17,"Vajra":29,"Lizard Tail":9,"Centennial Puzzle":28,"HornCleat":12,"DollysMirror":28,"Strawberry":15,"Iron Hammer":48,"Toxic Egg 2":19,"Byrd Skull":4,"Girya":0,"hubris:Teleporter":0,"Ring of Hypnosis":5,"ReplayTheSpireMod:CursedCoin":28,"Replay:Grab Bag":19,"Oddly Smooth Stone":50,"Ring of Chaos":39,"Letter Opener":37,"War Paint":8,"Question Card":26,"WarpedTongs":16,"OrangePellets":0,"Bottled Flame":2,"Replay:Baseball":41,"Bronze Scales":9,"Molten Egg 2":13,"Simple Rune":39,"Onion Ring":33,"Black Star":34,"ReplayTheSpireMod:TigerMarble":33,"hubris:ToyBattleship":29,"Grinning Jar":0,"Mirror":36,"Meat on the Bone":0,"Darkstone Periapt":6,"ReplayFunnel":28,"ReplayTheSpireMod:Ring of Exchange":8,"Replay:PocketPolymizer":30,"SacredBark":17,"Mango":21,"Snake Skull":8,"Juzu Bracelet":6,"Incense Burner":37,"Replay:Mystery Machine":0,"Empty Cage":17,"ClockworkSouvenir":45,"Replay:Bandana":6,"Dream Catcher":6,"Chameleon Ring":2,"Mummified Hand":12,"Pantograph":9,"Tiny Chest":23,"Red Mask":27,"Replay:Antivirus Software":26,"Replay:Drink Me":34,"Gremlin Food":27,"BargainBundle":4,"ReplayTheSpireMod:Ninjato":44,"Replay:Towering Pillar of Hats":0,"Quantum Egg":10,"Replay:WaspNest":5,"Odd Mushroom":8,"Medical Kit":20,"White Beast Statue":5,"Mercury Hourglass":6,"Calling Bell":36,"Strange Spoon":0,"Anchor":38,"ChewingGum":34,"Bag of Marbles":43,"Snack Pack":41,"Membership Card":0,"PureWater":0,"FossilizedHelix":0,"ReplayTheSpireMod:ShopPack":0},{"TwistedFunnel":15,"Golden Egg":116,"Ginger":212,"Bottled Tornado":126,"Boot":126,"Blood Vial":136,"Replay:Wanted Poster":213,"Sundial":45,"MealTicket":34,"Replay:Bottled Flurry":130,"Kunai":36,"Replay:Wax Seal":13,"Replay:Bottled Steam":46,"ReplayTheSpireMod:Ring of Addiction":34,"Blue Candle":49,"Counterbalance":61,"Velvet Choker":164,"hubris:SphereOfDissonance":222,"Eternal Feather":128,"Pen Nib":70,"Replay:Ancient Bell":174,"SlaversCollar":164,"hubris:BottledHeart":191,"MutagenicStrength":77,"Bird Faced Urn":107,"ReplayTheSpireMod:Ring of Collecting":138,"Lantern":29,"Regal Pillow":82,"Torii":32,"Singing Bowl":182,"Blue Doll":32,"StoneCalendar":76,"Bag of Preparation":47,"Cursed Key":40,"Smiling Mask":50,"Pet Ghost":61,"Replay:Rubber Ducky":83,"Matryoshka":20,"Ring of Fangs":26,"hubris:Backtick":188,"Shovel":191,"WristBlade":30,"Ninja Scroll":32,"Ring of Peace":138,"Chemical X":51,"Replay:Bottled Eggs":16,"Ring of Panic":81,"Ring of the Snake":0,"Potion Belt":9,"Lee\u0027s Waffle":86,"NeowsBlessing":198,"Golden Idol":155,"Damaru":119,"Thread and Needle":116,"The Courier":13,"PreservedInsect":32,"Omamori":69,"Geode":92,"Ring of Greed":34,"Frozen Egg 2":139,"hubris:Towel":197,"MawBank":101,"Replay:Arrowhead":148,"Ornamental Fan":110,"Ring of Misfortune":197,"Orrery":9,"Art of War":52,"Durian":220,"Bottled Lightning":188,"ReplayTheSpireMod:Ring of Challenge":26,"ReplayTheSpireMod:Lightbulb":4,"Toy Ornithopter":12,"Ice Cream":221,"Calipers":130,"Gremlin Horn":56,"Nilry\u0027s Codex":46,"HoveringKite":8,"Vajra":103,"Lizard Tail":36,"Centennial Puzzle":46,"HornCleat":135,"DollysMirror":77,"Strawberry":204,"Iron Hammer":151,"Toxic Egg 2":41,"Byrd Skull":34,"Girya":56,"hubris:Teleporter":182,"Ring of Hypnosis":197,"ReplayTheSpireMod:CursedCoin":46,"Replay:Grab Bag":164,"Oddly Smooth Stone":181,"Ring of Chaos":81,"Letter Opener":49,"War Paint":4,"Question Card":140,"WarpedTongs":212,"OrangePellets":154,"Bottled Flame":65,"Replay:Baseball":149,"Bronze Scales":61,"Molten Egg 2":62,"Simple Rune":175,"Onion Ring":219,"Black Star":145,"ReplayTheSpireMod:TigerMarble":173,"hubris:ToyBattleship":192,"Grinning Jar":15,"Mirror":174,"Meat on the Bone":32,"Darkstone Periapt":3,"ReplayFunnel":170,"ReplayTheSpireMod:Ring of Exchange":119,"Replay:PocketPolymizer":143,"SacredBark":25,"Mango":26,"Snake Skull":20,"Juzu Bracelet":68,"Incense Burner":147,"Replay:Mystery Machine":0,"Empty Cage":72,"ClockworkSouvenir":83,"Replay:Bandana":19,"Dream Catcher":35,"Chameleon Ring":183,"Mummified Hand":38,"Pantograph":4,"Tiny Chest":43,"Red Mask":46,"Replay:Antivirus Software":102,"Replay:Drink Me":48,"Gremlin Food":28,"BargainBundle":34,"ReplayTheSpireMod:Ninjato":178,"Replay:Towering Pillar of Hats":182,"Quantum Egg":21,"Replay:WaspNest":2,"Odd Mushroom":92,"Medical Kit":98,"White Beast Statue":34,"Mercury Hourglass":159,"Calling Bell":220,"Strange Spoon":56,"Anchor":49,"ChewingGum":79,"Bag of Marbles":51,"Snack Pack":149,"Membership Card":32,"PureWater":0,"FossilizedHelix":205,"ReplayTheSpireMod:ShopPack":56},{"TwistedFunnel":80,"Golden Egg":491,"Ginger":899,"Bottled Tornado":527,"Boot":527,"Blood Vial":559,"Replay:Wanted Poster":906,"Sundial":207,"MealTicket":174,"Replay:Bottled Flurry":542,"Kunai":177,"Replay:Wax Seal":63,"Replay:Bottled Steam":208,"ReplayTheSpireMod:Ring of Addiction":174,"Blue Candle":225,"Counterbalance":259,"Velvet Choker":685,"hubris:SphereOfDissonance":949,"Eternal Feather":535,"Pen Nib":291,"Replay:Ancient Bell":724,"SlaversCollar":685,"hubris:BottledHeart":810,"MutagenicStrength":319,"Bird Faced Urn":452,"ReplayTheSpireMod:Ring of Collecting":564,"Lantern":148,"Regal Pillow":339,"Torii":165,"Singing Bowl":769,"Blue Doll":165,"StoneCalendar":316,"Bag of Preparation":212,"Cursed Key":193,"Smiling Mask":228,"Pet Ghost":259,"Replay:Rubber Ducky":344,"Matryoshka":103,"Ring of Fangs":132,"hubris:Backtick":799,"Shovel":810,"WristBlade":157,"Ninja Scroll":165,"Ring of Peace":564,"Chemical X":230,"Replay:Bottled Eggs":84,"Ring of Panic":334,"Ring of the Snake":0,"Potion Belt":44,"Lee\u0027s Waffle":366,"NeowsBlessing":849,"Golden Idol":650,"Damaru":501,"Thread and Needle":491,"The Courier":63,"PreservedInsect":165,"Omamori":286,"Geode":387,"Ring of Greed":174,"Frozen Egg 2":569,"hubris:Towel":845,"MawBank":427,"Replay:Arrowhead":612,"Ornamental Fan":464,"Ring of Misfortune":845,"Orrery":44,"Art of War":231,"Durian":940,"Bottled Lightning":799,"ReplayTheSpireMod:Ring of Challenge":132,"ReplayTheSpireMod:Lightbulb":19,"Toy Ornithopter":57,"Ice Cream":944,"Calipers":542,"Gremlin Horn":247,"Nilry\u0027s Codex":208,"HoveringKite":38,"Vajra":437,"Lizard Tail":177,"Centennial Puzzle":208,"HornCleat":556,"DollysMirror":319,"Strawberry":864,"Iron Hammer":628,"Toxic Egg 2":196,"Byrd Skull":174,"Girya":247,"hubris:Teleporter":769,"Ring of Hypnosis":845,"ReplayTheSpireMod:CursedCoin":208,"Replay:Grab Bag":685,"Oddly Smooth Stone":762,"Ring of Chaos":334,"Letter Opener":225,"War Paint":19,"Question Card":572,"WarpedTongs":899,"OrangePellets":648,"Bottled Flame":270,"Replay:Baseball":619,"Bronze Scales":259,"Molten Egg 2":263,"Simple Rune":730,"Onion Ring":935,"Black Star":594,"ReplayTheSpireMod:TigerMarble":717,"hubris:ToyBattleship":817,"Grinning Jar":80,"Mirror":724,"Meat on the Bone":165,"Darkstone Periapt":13,"ReplayFunnel":705,"ReplayTheSpireMod:Ring of Exchange":501,"Replay:PocketPolymizer":585,"SacredBark":128,"Mango":132,"Snake Skull":103,"Juzu Bracelet":282,"Incense Burner":608,"Replay:Mystery Machine":0,"Empty Cage":304,"ClockworkSouvenir":344,"Replay:Bandana":97,"Dream Catcher":175,"Chameleon Ring":773,"Mummified Hand":182,"Pantograph":19,"Tiny Chest":202,"Red Mask":208,"Replay:Antivirus Software":430,"Replay:Drink Me":223,"Gremlin Food":142,"BargainBundle":174,"ReplayTheSpireMod:Ninjato":748,"Replay:Towering Pillar of Hats":769,"Quantum Egg":107,"Replay:WaspNest":9,"Odd Mushroom":387,"Medical Kit":417,"White Beast Statue":174,"Mercury Hourglass":664,"Calling Bell":940,"Strange Spoon":247,"Anchor":225,"ChewingGum":329,"Bag of Marbles":230,"Snack Pack":619,"Membership Card":165,"PureWater":0,"FossilizedHelix":873,"ReplayTheSpireMod:ShopPack":247}]},"card_choices":[{"not_picked":["CrushJoints","Replay:AtTheReady"],"picked":"Replay:Vibes","floor":1},{"not_picked":["FearNoEvil","Replay:AtTheReady","MentalFortress"],"picked":"SKIP","floor":2},{"not_picked":["EmptyFist","SignatureMove"],"picked":"PathToVictory","floor":5},{"not_picked":["CrushJoints","FearNoEvil","ReachHeaven"],"picked":"SKIP","floor":7},{"not_picked":["BowlingBash","FlyingSleeves"],"picked":"ClearTheMind","floor":12},{"not_picked":["Replay:ManipulateFuture","FollowUp"],"picked":"Wireheading","floor":14},{"not_picked":["CrushJoints","FearNoEvil"],"picked":"Omniscience","floor":15},{"not_picked":["DeusExMachina","Replay:AllIn"],"picked":"DevaForm","floor":18},{"not_picked":["Fasting2","WindmillStrike"],"picked":"Protect","floor":20},{"not_picked":["BowlingBash","Adaptation"],"picked":"LikeWater","floor":21},{"not_picked":["Adaptation","SashWhip"],"picked":"TalkToTheHand+1","floor":25},{"not_picked":["Replay:BluntJabs","BowlingBash+1","Halt+1"],"picked":"SKIP","floor":27},{"not_picked":["EmptyFist","Replay:ManipulateFuture"],"picked":"PathToVictory","floor":29},{"not_picked":["CutThroughFate+1","Wireheading"],"picked":"Prostrate","floor":31},{"not_picked":["WreathOfFlame","DevaForm"],"picked":"Swivel+1","floor":33},{"not_picked":["Scrawl","ConjureBlade"],"picked":"DeusExMachina","floor":35},{"not_picked":["SashWhip+1","Adaptation+1"],"picked":"Consecrate+1","floor":37},{"not_picked":["DevaForm","Indignation"],"picked":"TalkToTheHand+1","floor":43},{"not_picked":["Indignation+1","TalkToTheHand"],"picked":"PathToVictory","floor":47},{"not_picked":["EmptyFist+1","Replay:ManipulateFuture"],"picked":"FollowUp","floor":48},{"not_picked":["Tantrum","BowlingBash+1"],"picked":"InnerPeace+1","floor":50}],"player_experience":122651,"relics_obtained":[{"floor":7,"key":"Gremlin Food"},{"floor":11,"key":"ReplayFunnel"},{"floor":15,"key":"Ginger"},{"floor":21,"key":"War Paint"},{"floor":25,"key":"Sundial"},{"floor":27,"key":"Torii"},{"floor":28,"key":"Regal Pillow"},{"floor":33,"key":"Onion Ring"},{"floor":36,"key":"Replay:Bandana"},{"floor":36,"key":"Blue Candle"},{"floor":36,"key":"Durian"},{"floor":43,"key":"hubris:SphereOfDissonance"},{"floor":45,"key":"Oddly Smooth Stone"},{"floor":47,"key":"Darkstone Periapt"}],"event_choices":[{"cards_removed":["Replay:Vibes"],"damage_healed":0,"gold_gain":0,"player_choice":"Gave Card","damage_taken":0,"relics_obtained":["Juzu Bracelet"],"max_hp_gain":0,"max_hp_loss":0,"event_name":"WeMeetAgain","floor":3,"gold_loss":0},{"damage_healed":0,"gold_gain":0,"player_choice":"Rummage","damage_taken":0,"relics_obtained":["WarpedTongs"],"max_hp_gain":0,"max_hp_loss":0,"event_name":"Accursed Blacksmith","floor":16,"gold_loss":0,"cards_obtained":["Pain"]},{"cards_removed":["Strike_P"],"damage_healed":0,"gold_gain":0,"player_choice":"Purged","damage_taken":0,"max_hp_gain":0,"max_hp_loss":0,"event_name":"Purifier","floor":22,"gold_loss":0},{"damage_healed":0,"gold_gain":0,"player_choice":"Stole Relic","damage_taken":0,"relics_obtained":["Gremlin Horn"],"max_hp_gain":0,"max_hp_loss":0,"event_name":"Addict","floor":24,"gold_loss":0,"cards_obtained":["Shame"]},{"damage_healed":0,"gold_gain":0,"player_choice":"Ignored","damage_taken":0,"max_hp_gain":0,"max_hp_loss":0,"event_name":"N\u0027loth","floor":30,"gold_loss":0},{"damage_healed":0,"gold_gain":0,"player_choice":"Upgraded","damage_taken":0,"max_hp_gain":0,"max_hp_loss":0,"event_name":"Upgrade Shrine","floor":39,"gold_loss":0,"cards_upgraded":["LikeWater"]},{"damage_healed":0,"gold_gain":100,"player_choice":"Pray","damage_taken":0,"max_hp_gain":0,"max_hp_loss":0,"event_name":"Golden Shrine","floor":40,"gold_loss":0},{"damage_healed":0,"gold_gain":0,"player_choice":"Bought 0 Potions","damage_taken":0,"max_hp_gain":0,"max_hp_loss":0,"event_name":"The Woman in Blue","floor":41,"gold_loss":0},{"cards_removed":["Defend_P"],"damage_healed":0,"gold_gain":0,"player_choice":"Removed Skill","damage_taken":0,"max_hp_gain":0,"max_hp_loss":0,"event_name":"Falling","floor":49,"gold_loss":0}],"is_beta":false,"boss_relics":[{"not_picked":["hubris:GrandSneckoEye","ChewingGum"],"picked":"Replay:Wanted Poster"},{"not_picked":["SacredBark","hubris:Stopwatch"],"picked":"Calling Bell"}],"items_purged_floors":[0,0,4,23],"is_endless":false,"potions_floor_spawned":[1,5,7,14,15,25,29,33,37],"ascension_level":2}}