{"host":"ctlqibkg0sskiu65","time":1607946372,"event":{"mods":["2.2 Compatiblity","AchievementEnabler","Aspiration","BaseMod","BetterRewards","Colored Map","Colored Powertips","Conspire","Fiend Mod","Infinite Spire","Minty Spire (QoL Compilation)","Quick Restart","Replay The Spire","Shop Mod","StSLib","The Bladedancer","The Cursed","The Hierophant","The Jungle","The Kombatant","The Servant 0.9.4","TheBandit"],"gold_per_floor":[116,153,153,115,133,133,144,69,69,69,36,36,36,71,71,176,176,186,198,225,94,107,138,138,152,225,241,241,252,286,302,302,302,302],"floor_reached":33,"playtime":1974,"items_purged":["Underhanded Strike"],"score":378,"play_id":"44e726d3-68b4-4904-8803-0425f6273f02","local_time":"20201214054612","is_ascension_mode":true,"campfire_choices":[{"data":"Strike_G","floor":6.0,"key":"SMITH"},{"data":"Strike_G+1","floor":10.0,"key":"SMITH"},{"data":"Caltrops","floor":12.0,"key":"SMITH"},{"floor":15.0,"key":"REST"},{"floor":24,"key":"REST"},{"floor":28,"key":"REST"},{"data":"Defend_G+1","floor":32,"key":"SMITH"}],"circlet_count":0,"master_deck":["Strike_G","Strike_G+2","Strike_G+2","Strike_G","Strike_G","Defend_G+1","Defend_G+2","Defend_G","Defend_G","Defend_G","Survivor","Neutralize+1","Flying Knee","Dagger Spray","Replay:Poison Smokescreen","Dodge and Roll","Caltrops+1","Flying Knee","Predator+1","Bouncing Flask","Deflect+1","Slice","Pot Of Greed","Pot Of Greed"],"relics":["Ring of the Snake","Mango","Simple Rune","Replay:Ringing Soul","Replay:Rubber Ducky","Tingsha","Philosopher\u0027s Stone","Red Mask","aspiration:HatOfInfinitePower","Boot","Matryoshka","Grinning Jar"],"acts_visited":["Exordium","TheCity"],"potions_floor_usage":[25,30,33],"damage_taken":[{"damage":0.0,"enemies":"Small Slimes","floor":1.0,"turns":4.0},{"damage":21.0,"enemies":"conspire:MimicChest","floor":2.0,"turns":6.0},{"damage":3.0,"enemies":"Jaw Worm","floor":5.0,"turns":4.0},{"damage":0.0,"enemies":"Cultist","floor":7.0,"turns":3.0},{"damage":6.0,"enemies":"Lagavulin","floor":14.0,"turns":8.0},{"damage":51.0,"enemies":"Fading Forest","floor":16.0,"turns":11.0},{"damage":27.0,"enemies":"2 Thieves","floor":18.0,"turns":5.0},{"damage":0.0,"enemies":"3 Byrds","floor":19.0,"turns":4.0},{"damage":22.0,"enemies":"Masked Bandits","floor":20.0,"turns":5.0},{"damage":16.0,"enemies":"Snake Plant","floor":22.0,"turns":2.0},{"damage":34,"enemies":"Slavers","floor":23,"turns":5},{"damage":2,"enemies":"Centurion and Healer","floor":25,"turns":7},{"damage":9,"enemies":"Shelled Parasite and Fungi","floor":27,"turns":4},{"damage":13,"enemies":"3 Cultists","floor":29,"turns":5},{"damage":4,"enemies":"Book of Stabbing","floor":30,"turns":5},{"damage":11,"enemies":"Centurion and Healer","floor":31,"turns":7},{"damage":57,"enemies":"conspire:MysteriousRune","floor":33,"turns":9}],"seed_played":"-9190867601858078470","potions_obtained":[{"floor":1.0,"key":"AttackPotion"},{"floor":2.0,"key":"LiquidMemories"},{"floor":5.0,"key":"EssenceOfSteel"},{"floor":14.0,"key":"Adrenaline Potion"},{"floor":18.0,"key":"BlessingOfTheForge"},{"floor":19.0,"key":"Swift Potion"},{"floor":23,"key":"Adrenaline Potion"},{"floor":29,"key":"Dexterity Potion"},{"floor":30,"key":"Fire Potion"}],"is_trial":false,"path_per_floor":["M","?","?","?","M","R","M","$","T","R","$","R","?","E","R","B",null,"M","M","?","?","M","E","R","M","T","M","R","M","E","M","R","B"],"character_chosen":"THE_SILENT","items_purchased":["Simple Rune","Flying Knee","Caltrops"],"campfire_rested":3,"item_purchase_floors":[0,0,11],"current_hp_per_floor":[84,66,66,66,66,66,69,69,69,69,72,72,53,47,75,32,96,72,75,56,56,43,9,41,42,42,33,66,53,52,41,41,0,0],"gold":302,"neow_bonus":"","is_daily":false,"chose_seed":false,"campfire_upgraded":4,"win_rate":0.0,"timestamp":1607946372,"path_taken":["M","?","?","?","?","R","M","$","T","R","?","R","?","E","R","BOSS","M","M","?","?","M","E","R","M","T","M","R","M","E","M","R","BOSS"],"items_purchased_type":["Relic","Card","Card"],"build_version":"2020-12-13","purchased_purges":1,"victory":false,"max_hp_per_floor":[84,87,87,87,90,90,93,93,93,93,96,96,96,96,96,96,96,99,102,105,105,108,108,108,111,111,111,111,111,114,114,114,114,114],"card_choices":[{"not_picked":["Dagger Throw","Noxious Fumes"],"picked":"Underhanded Strike","floor":1.0},{"not_picked":["Deadly Poison","Outmaneuver"],"picked":"Dagger Spray","floor":2.0},{"not_picked":["Dagger Throw","Calculated Gamble"],"picked":"Replay:Poison Smokescreen","floor":5.0},{"not_picked":["Underhanded Strike","Blur"],"picked":"Dodge and Roll","floor":7.0},{"not_picked":["Blade Dance","Flechettes","All Out Attack"],"picked":"SKIP","floor":14.0},{"not_picked":["All Out Attack","ReplayTheSpireMod:Shiv Toss+1"],"picked":"Flying Knee","floor":18.0},{"not_picked":["Reflex","Blade Dance"],"picked":"Predator+1","floor":19.0},{"not_picked":["Masterful Stab","Flechettes"],"picked":"Bouncing Flask","floor":20.0},{"not_picked":["Dodge and Roll","Dagger Spray"],"picked":"Deflect+1","floor":22.0},{"not_picked":["ReplayTheSpireMod:From All Sides","Hidden Blade+1","ReplayTheSpireMod:Necrosis"],"picked":"SKIP","floor":23},{"not_picked":["Acrobatics","Dagger Throw+1"],"picked":"Slice","floor":25},{"not_picked":["Hidden Blade","Dagger Spray","Outmaneuver"],"picked":"SKIP","floor":27},{"not_picked":["Flechettes+1","Acrobatics+1","Expertise"],"picked":"SKIP","floor":29},{"not_picked":["Blade Dance","Tools of the Trade","Noxious Fumes+1"],"picked":"SKIP","floor":30},{"not_picked":["Prepared","Cloak And Dagger","Noxious Fumes"],"picked":"SKIP","floor":31}],"player_experience":129089,"relics_obtained":[{"floor":2.0,"key":"Replay:Ringing Soul"},{"floor":9.0,"key":"Replay:Rubber Ducky"},{"floor":14.0,"key":"Tingsha"},{"floor":20.0,"key":"Red Mask"},{"floor":23,"key":"Boot"},{"floor":26,"key":"Matryoshka"},{"floor":30,"key":"Grinning Jar"}],"event_choices":[{"damage_healed":0.0,"max_hp_gain":0.0,"max_hp_loss":0.0,"gold_gain":0.0,"event_name":"Living Wall","player_choice":"Grow","floor":3.0,"gold_loss":0.0,"damage_taken":0.0,"cards_upgraded":["Strike_G"]},{"damage_healed":0.0,"max_hp_gain":0.0,"max_hp_loss":0.0,"gold_gain":0.0,"event_name":"World of Goop","player_choice":"Left Gold","floor":4.0,"gold_loss":38.0,"damage_taken":0.0},{"damage_healed":0.0,"max_hp_gain":0.0,"max_hp_loss":0.0,"gold_gain":0.0,"event_name":"Shining Light","player_choice":"Entered Light","floor":13.0,"gold_loss":0.0,"damage_taken":19.0,"cards_upgraded":["Defend_G","Neutralize"]},{"damage_healed":0.0,"max_hp_gain":0.0,"max_hp_loss":0.0,"gold_gain":0.0,"event_name":"Masked Bandits","player_choice":"Fought Bandits","floor":20.0,"gold_loss":0.0,"damage_taken":0.0},{"damage_healed":0.0,"max_hp_gain":0.0,"max_hp_loss":0.0,"gold_gain":0.0,"event_name":"WeMeetAgain","player_choice":"Paid Gold","floor":21.0,"gold_loss":131.0,"damage_taken":0.0,"relics_obtained":["aspiration:HatOfInfinitePower"]}],"is_beta":false,"boss_relics":[{"not_picked":["Astrolabe","Sozu"],"picked":"Philosopher\u0027s Stone"}],"items_purged_floors":[8],"is_endless":false,"potions_floor_spawned":[1,2,5,14,18,19,23,29,30],"killed_by":"conspire:MysteriousRune","ascension_level":3}}