{"host":"85dtmvttrcbdj5h5","time":1607916295,"event":{"mods":["AchievementEnabler","BaseMod","Bestiary","Colored Map","Colored Powertips","Filter the Spire","Minty Spire (QoL Compilation)","RNG Fix","Relic Stats"],"gold_per_floor":[112,112,129,129,129,129,7,38,50,82,107,152,25,44,44,172,172,192,206,24,40,40,40,80,80,104,137,137,176,191,206,206,330,330,353,29,53,71,90,90,130,130,179,179,222,222,241,264,264,264,264,264,21,52,52],"floor_reached":56,"playtime":9009,"items_purged":["Strike_R","Strike_R","Shame"],"score":1277,"play_id":"06974102-0546-4b36-a033-80937b2c9293","local_time":"20201213222455","is_ascension_mode":false,"campfire_choices":[{"data":"Bash","floor":6.0,"key":"SMITH"},{"data":"Disarm","floor":15.0,"key":"SMITH"},{"data":"Corruption","floor":25.0,"key":"SMITH"},{"data":"Feel No Pain","floor":28.0,"key":"SMITH"},{"floor":32.0,"key":"REST"},{"floor":40.0,"key":"RECALL"},{"data":"Disarm","floor":46.0,"key":"SMITH"},{"floor":49,"key":"REST"},{"data":"True Grit","floor":52,"key":"SMITH"}],"circlet_count":0,"master_deck":["Strike_R","Strike_R","Strike_R","Defend_R+1","Defend_R","Defend_R","Defend_R","Bash+1","Sword Boomerang","Intimidate+1","Iron Wave","Iron Wave","Clothesline","Shrug It Off","Sever Soul","Disarm+1","Corruption+1","Feed","Warcry+1","Feel No Pain+1","Hemokinesis","Spot Weakness","Limit Break","Shockwave+1","Disarm+1","Reaper","True Grit+1","Clash+1","Dark Embrace","Ghostly Armor+1","Demon Form","Madness","Madness","Pummel+1","Entrench","Burning Pact","True Grit+1"],"relics":["Burning Blood","Golden Idol","MawBank","Gremlin Horn","Paper Frog","Mark of Pain","Strange Spoon","Pen Nib","Nloth\u0027s Gift","Oddly Smooth Stone","InkBottle","Lantern","Black Star","Anchor","Bag of Marbles","Toy Ornithopter","Bag of Preparation","Darkstone Periapt","Bottled Lightning","War Paint","Bottled Tornado"],"acts_visited":["Exordium","TheCity","TheBeyond","TheEnding"],"potions_floor_usage":[47,48,50,55,55,55],"damage_taken":[{"damage":5.0,"enemies":"Small Slimes","floor":1.0,"turns":4.0},{"damage":6.0,"enemies":"Cultist","floor":3.0,"turns":3.0},{"damage":13.0,"enemies":"3 Sentries","floor":8.0,"turns":7.0},{"damage":0.0,"enemies":"2 Louse","floor":10.0,"turns":2.0},{"damage":7.0,"enemies":"Looter","floor":11.0,"turns":3.0},{"damage":13.0,"enemies":"Lagavulin","floor":12.0,"turns":9.0},{"damage":2.0,"enemies":"Exordium Thugs","floor":14.0,"turns":5.0},{"damage":32.0,"enemies":"Hexaghost","floor":16.0,"turns":10.0},{"damage":35.0,"enemies":"Spheric Guardian","floor":18.0,"turns":6.0},{"damage":0.0,"enemies":"Chosen","floor":19.0,"turns":6.0},{"damage":3.0,"enemies":"Snecko","floor":21.0,"turns":6.0},{"damage":1.0,"enemies":"Slavers","floor":24.0,"turns":6.0},{"damage":21.0,"enemies":"Book of Stabbing","floor":27.0,"turns":7.0},{"damage":44.0,"enemies":"Gremlin Leader","floor":29.0,"turns":7.0},{"damage":12.0,"enemies":"Snake Plant","floor":30.0,"turns":6.0},{"damage":4.0,"enemies":"Chosen and Byrds","floor":31.0,"turns":6.0},{"damage":30.0,"enemies":"Collector","floor":33.0,"turns":8.0},{"damage":22.0,"enemies":"3 Darklings","floor":35.0,"turns":5.0},{"damage":2.0,"enemies":"Orb Walker","floor":37.0,"turns":4.0},{"damage":11.0,"enemies":"4 Shapes","floor":38.0,"turns":6.0},{"damage":28.0,"enemies":"Sphere and 2 Shapes","floor":39.0,"turns":8.0},{"damage":16.0,"enemies":"Nemesis","floor":41.0,"turns":11.0},{"damage":42.0,"enemies":"Reptomancer","floor":45.0,"turns":8.0},{"damage":29,"enemies":"Transient","floor":47,"turns":5},{"damage":9,"enemies":"Jaw Worm Horde","floor":48,"turns":7},{"damage":21,"enemies":"Awakened One","floor":50,"turns":7},{"damage":25,"enemies":"Shield and Spear","floor":54,"turns":6},{"damage":57,"enemies":"The Heart","floor":55,"turns":9}],"seed_played":"8987569358163572241","potions_obtained":[{"floor":0.0,"key":"Explosive Potion"},{"floor":0.0,"key":"SpeedPotion"},{"floor":0.0,"key":"Ancient Potion"},{"floor":1.0,"key":"HeartOfIron"},{"floor":10.0,"key":"LiquidBronze"},{"floor":18.0,"key":"EntropicBrew"},{"floor":27.0,"key":"Dexterity Potion"},{"floor":31.0,"key":"Explosive Potion"},{"floor":39.0,"key":"SneckoOil"},{"floor":45.0,"key":"AttackPotion"},{"floor":47,"key":"DuplicationPotion"}],"is_trial":false,"path_per_floor":["M","T","M","?","?","R","$","E","T","M","M","E","$","M","R","B",null,"M","M","$","M","?","?","E","R","T","E","R","E","M","M","R","B",null,"M","$","M","M","M","R","E","?","T","?","E","R","M","M","R","B",null,"R","$","E","B",null],"character_chosen":"IRONCLAD","items_purchased":["Iron Wave","Disarm","Strange Spoon","Feel No Pain","Anchor","BloodPotion","FearPotion","Ancient Potion","Energy Potion","Burning Pact"],"campfire_rested":2,"item_purchase_floors":[7,13,20,20,36,36,53,53,53,53],"current_hp_per_floor":[80,80,80,60,60,60,60,53,53,59,58,51,51,55,55,29,80,51,57,57,63,63,63,71,71,71,56,56,18,15,20,47,23,92,92,92,95,98,88,88,90,77,77,77,62,62,52,77,107,107,107,107,107,107,95],"gold":52,"neow_bonus":"THREE_SMALL_POTIONS","is_daily":false,"chose_seed":false,"campfire_upgraded":6,"win_rate":0.0,"timestamp":1607916295,"path_taken":["M","?","M","?","?","R","?","E","T","M","?","E","$","M","R","BOSS","M","M","$","M","?","?","E","R","T","E","R","E","M","M","R","BOSS","M","$","M","M","M","R","E","?","T","?","E","R","?","M","R","BOSS","R","$","E","BOSS"],"items_purchased_type":["Card","Card","Relic","Card","Relic","Potion","Potion","Potion","Potion","Card"],"build_version":"2020-11-30","purchased_purges":3,"victory":true,"max_hp_per_floor":[80,80,80,80,80,80,80,80,80,80,80,80,80,80,80,80,80,80,80,80,83,83,83,86,86,86,86,86,86,89,92,92,92,92,92,92,95,98,104,104,104,104,104,104,104,104,104,107,107,107,107,107,107,107,107],"relic_stats":{"Darkstone Periapt":0,"Gremlin Horn":[32,32],"counters":[28,177],"Golden Idol":215,"Pen Nib":[20],"Bag of Preparation":[12],"War Paint":["Defend_R","Intimidate"],"MawBank":60,"Burning Blood":144,"Strange Spoon":[114],"Nloth\u0027s Gift":8,"Black Star":3,"obtain_stats":[{"Darkstone Periapt":45,"Lantern":29,"Gremlin Horn":9,"Golden Idol":4,"Oddly Smooth Stone":24,"Pen Nib":22,"Bag of Preparation":43,"War Paint":54,"Bottled Tornado":54,"MawBank":8,"Burning Blood":0,"Peace Pipe":2,"Strange Spoon":20,"Anchor":36,"Mark of Pain":17,"Nloth\u0027s Gift":23,"Black Star":34,"Bag of Marbles":41,"Bottled Lightning":45,"InkBottle":27,"Toy Ornithopter":41,"Paper Frog":12},{"Darkstone Periapt":23,"Lantern":14,"Gremlin Horn":3,"Golden Idol":2,"Oddly Smooth Stone":12,"Pen Nib":11,"Bag of Preparation":22,"War Paint":27,"Bottled Tornado":27,"MawBank":3,"Burning Blood":0,"Peace Pipe":1,"Strange Spoon":10,"Anchor":18,"Mark of Pain":8,"Nloth\u0027s Gift":11,"Black Star":17,"Bag of Marbles":22,"Bottled Lightning":23,"InkBottle":13,"Toy Ornithopter":22,"Paper Frog":6},{"Darkstone Periapt":143,"Lantern":81,"Gremlin Horn":14,"Golden Idol":7,"Oddly Smooth Stone":67,"Pen Nib":61,"Bag of Preparation":135,"War Paint":168,"Bottled Tornado":168,"MawBank":14,"Burning Blood":0,"Peace Pipe":4,"Strange Spoon":55,"Anchor":106,"Mark of Pain":43,"Nloth\u0027s Gift":61,"Black Star":101,"Bag of Marbles":135,"Bottled Lightning":143,"InkBottle":74,"Toy Ornithopter":135,"Paper Frog":28}],"InkBottle":[44],"Toy Ornithopter":20},"card_choices":[{"not_picked":["True Grit","Clash"],"picked":"Sword Boomerang","floor":1.0},{"not_picked":["Metallicize","Headbutt"],"picked":"Intimidate","floor":3.0},{"not_picked":["Flex","Brutality"],"picked":"Iron Wave","floor":8.0},{"not_picked":["Flex","Spot Weakness"],"picked":"Clothesline","floor":10.0},{"not_picked":["Shockwave","Flex"],"picked":"Shrug It Off","floor":11.0},{"not_picked":["Bloodletting","Thunderclap"],"picked":"Sever Soul","floor":12.0},{"not_picked":["Sword Boomerang","Entrench"],"picked":"Corruption","floor":14.0},{"not_picked":["Juggernaut","Reaper"],"picked":"Feed","floor":16.0},{"not_picked":["Armaments","Clothesline","Perfected Strike+1"],"picked":"SKIP","floor":18.0},{"not_picked":["Flex","Clothesline"],"picked":"Warcry+1","floor":19.0},{"not_picked":["Body Slam+1","Metallicize"],"picked":"Hemokinesis","floor":21.0},{"not_picked":["Juggernaut","Armaments"],"picked":"Spot Weakness","floor":24.0},{"not_picked":["Demon Form","Searing Blow"],"picked":"Limit Break","floor":27.0},{"not_picked":["Pommel Strike+1","Juggernaut"],"picked":"Shockwave+1","floor":29.0},{"not_picked":["Combust+1","Armaments"],"picked":"Disarm","floor":30.0},{"not_picked":["Sever Soul","Headbutt","Thunderclap+1"],"picked":"SKIP","floor":31.0},{"not_picked":["Berserk","Fiend Fire"],"picked":"Reaper","floor":33.0},{"not_picked":["Metallicize","Iron Wave"],"picked":"True Grit","floor":35.0},{"not_picked":["Pommel Strike+1","Clothesline"],"picked":"Clash+1","floor":37.0},{"not_picked":["Seeing Red","Pommel Strike"],"picked":"Dark Embrace","floor":38.0},{"not_picked":["Headbutt","Feel No Pain"],"picked":"Ghostly Armor+1","floor":39.0},{"not_picked":["Fiend Fire","Barricade"],"picked":"Demon Form","floor":41.0},{"not_picked":["Iron Wave","Dark Embrace","Sword Boomerang+1"],"picked":"SKIP","floor":45.0},{"not_picked":["Corruption","Heavy Blade"],"picked":"Pummel+1","floor":47},{"not_picked":["Clash+1","Reaper"],"picked":"Entrench","floor":48},{"not_picked":["Limit Break","Anger+1"],"picked":"True Grit+1","floor":54}],"player_experience":21771,"relics_obtained":[{"floor":2.0,"key":"Peace Pipe"},{"floor":8.0,"key":"MawBank"},{"floor":9.0,"key":"Gremlin Horn"},{"floor":12.0,"key":"Paper Frog"},{"floor":24.0,"key":"Oddly Smooth Stone"},{"floor":27.0,"key":"InkBottle"},{"floor":29.0,"key":"Lantern"},{"floor":41.0,"key":"Bag of Marbles"},{"floor":41.0,"key":"Toy Ornithopter"},{"floor":43.0,"key":"Bag of Preparation"},{"floor":45.0,"key":"Darkstone Periapt"},{"floor":45.0,"key":"Bottled Lightning"},{"floor":54,"key":"War Paint"},{"floor":54,"key":"Bottled Tornado"}],"event_choices":[{"damage_healed":0.0,"max_hp_gain":0.0,"max_hp_loss":0.0,"gold_gain":0.0,"event_name":"Golden Idol","player_choice":"Take Damage","floor":4.0,"gold_loss":0.0,"damage_taken":20.0,"relics_obtained":["Golden Idol"]},{"damage_healed":0.0,"max_hp_gain":0.0,"max_hp_loss":0.0,"gold_gain":0.0,"event_name":"The Woman in Blue","player_choice":"Bought 0 Potions","floor":5.0,"gold_loss":0.0,"damage_taken":0.0},{"damage_healed":0.0,"max_hp_gain":0.0,"max_hp_loss":0.0,"gold_gain":0.0,"event_name":"Addict","player_choice":"Stole Relic","floor":22.0,"gold_loss":0.0,"damage_taken":0.0,"relics_obtained":["Pen Nib"],"cards_obtained":["Shame"]},{"damage_healed":0.0,"max_hp_gain":0.0,"max_hp_loss":0.0,"gold_gain":0.0,"event_name":"N\u0027loth","player_choice":"Traded Relic","floor":23.0,"relics_lost":["Peace Pipe"],"gold_loss":0.0,"damage_taken":0.0,"relics_obtained":["Nloth\u0027s Gift"]},{"damage_healed":0.0,"max_hp_gain":0.0,"max_hp_loss":0.0,"gold_gain":0.0,"event_name":"Winding Halls","player_choice":"Embrace Madness","floor":42.0,"gold_loss":0.0,"damage_taken":13.0,"cards_obtained":["Madness","Madness"]},{"damage_healed":0.0,"max_hp_gain":0.0,"max_hp_loss":0.0,"gold_gain":0.0,"event_name":"Tomb of Lord Red Mask","player_choice":"Ignored","floor":44.0,"gold_loss":0.0,"damage_taken":0.0}],"is_beta":false,"boss_relics":[{"not_picked":["Velvet Choker","Astrolabe"],"picked":"Mark of Pain"},{"not_picked":["Runic Pyramid","Calling Bell"],"picked":"Black Star"}],"items_purged_floors":[7,13,36],"is_endless":false,"potions_floor_spawned":[1,3,10,18,27,31,39,45,47],"ascension_level":0}}