{"host":"bvkbjljjfzajhda9","time":1607973061,"event":{"mods":["2.2 Compatiblity","AchievementEnabler","Act Like it!","Ascension Reborn","Aspiration","BaseMod","Better Altar","Better Match","Better Note","Better Sensory Stone","Better Silent Start","Better Skull","Better Third Choice","Better-Laid Plans","BetterRewards","CCEM","Colored Powertips","Conspire","Custom Start","Defuse TimeMaze Blight","Downfall","Energized Spire","Friendly Minions","GifTheSpireLib","Gold Saver","Gremlin Mod","HexUI Lib","Hubris","Infinite Spire","Minty Spire (QoL Compilation)","Permanent Neow","Prisma Mod","Relic Filter","Replay The Spire","Shop Mod","Small Relic Pack","Spikes Relics","StSLib","Stuff the Spire","Transform Curses"],"gold_per_floor":[115,115,115,127,127,155,330,59,59,87,103,103,137,155,155,251,251,268,268,280,240,142,142],"floor_reached":22,"playtime":3435,"items_purged":["Doubt"],"score":202,"play_id":"bdde28be-7db1-4ed8-9f79-37d6ad6d01e9","local_time":"20201214201101","daily_mods":["Heirloom"],"is_ascension_mode":true,"campfire_choices":[{"data":"StuffTheSpire:Incineration","floor":12,"key":"SMITH"},{"data":"Bash","floor":15,"key":"SMITH"}],"circlet_count":0,"master_deck":["Strike_R+1","Strike_R","Strike_R","Defend_R+1","Defend_R","Defend_R","Defend_R","Bash+1","ReplayReversal","StuffTheSpire:Resist+1","Headbutt","StuffTheSpire:Incineration+1","Fiend Fire+1","StuffTheSpire:Incineration+1","Cleave","StuffTheSpire:Incineration","Immolate+1","Rage","Uppercut","Flex+1","Iron Wave+1"],"relics":["Burning Blood","WingedGreaves","Golden Egg","Medical Kit","aspiration:HatOfInfinitePower","StuffTheSpire:CocoNut","Ginger"],"acts_visited":["Exordium","TheCity"],"potions_floor_usage":[13,16,16],"damage_taken":[{"damage":11,"enemies":"conspire:RoseBush","floor":1,"turns":2},{"damage":1,"enemies":"2 Louse","floor":4,"turns":4},{"damage":27,"enemies":"Replay:BlueRogue","floor":6,"turns":10},{"damage":22,"enemies":"Lagavulin","floor":10,"turns":8},{"damage":0,"enemies":"Small Slimes","floor":11,"turns":3},{"damage":1,"enemies":"3 Sentries","floor":13,"turns":6},{"damage":5,"enemies":"Exordium Wildlife","floor":14,"turns":3},{"damage":52,"enemies":"The Guardian","floor":16,"turns":12},{"damage":15,"enemies":"Shell Parasite","floor":18,"turns":3},{"damage":28,"enemies":"3 Byrds","floor":20,"turns":4}],"seed_played":"3887383937355939649","potions_obtained":[{"floor":6,"key":"Reflective Coating"},{"floor":10,"key":"ColorlessPotion"},{"floor":14,"key":"Strength Potion"},{"floor":16,"key":"SpeedPotion"},{"floor":18,"key":"FearPotion"}],"is_trial":true,"path_per_floor":["M","?","?","M","?","E","?","$","T","E","M","R","E","M","R","B",null,"M","?","M","?","$"],"character_chosen":"IRONCLAD","items_purchased":["StuffTheSpire:Incineration","Medical Kit","Flex","Iron Wave"],"campfire_rested":0,"item_purchase_floors":[8,8,22,22],"current_hp_per_floor":[75,75,68,73,73,52,52,52,52,43,49,49,54,55,55,9,87,78,78,56,56,56,56],"gold":142,"neow_bonus":"","is_daily":false,"chose_seed":false,"campfire_upgraded":2,"win_rate":0.0,"timestamp":1607973061,"path_taken":["M","?","?","M","?","E","?","$","T","E","M","R","E","M","R","BOSS","M","?","M","?","$"],"items_purchased_type":["Card","Relic","Card","Card"],"build_version":"2020-12-13","purchased_purges":1,"victory":false,"max_hp_per_floor":[80,80,80,80,80,80,80,80,80,87,87,87,87,87,87,87,87,87,87,87,87,87,87],"card_choices":[{"not_picked":["ReplayTheSpireMod:Strike From Hell","Run Through","Warcry"],"picked":"SKIP","floor":1},{"not_picked":["Anger","Perfected Strike"],"picked":"ReplayReversal","floor":4},{"not_picked":["Shrug It Off","Bloodletting"],"picked":"Headbutt","floor":6},{"not_picked":["Shrug It Off","Disarm"],"picked":"Fiend Fire","floor":10},{"not_picked":["Shrug It Off","StuffTheSpire:Slingshot"],"picked":"StuffTheSpire:Incineration","floor":11},{"not_picked":["Limit Break","Ghostly Armor"],"picked":"Cleave","floor":13},{"not_picked":["StuffTheSpire:Resist","hubris:ReadiedAction"],"picked":"StuffTheSpire:Incineration","floor":14},{"not_picked":["Juggernaut","Impervious"],"picked":"Immolate","floor":16},{"not_picked":["Pommel Strike","Replay:Undeath\u0027s Touch+1"],"picked":"Rage","floor":18},{"not_picked":["Sword Boomerang","Warcry+1"],"picked":"Uppercut","floor":20}],"player_experience":158913,"relics_obtained":[{"floor":6,"key":"Golden Egg"},{"floor":9,"key":"aspiration:HatOfInfinitePower"},{"floor":10,"key":"StuffTheSpire:CocoNut"},{"floor":13,"key":"Ginger"}],"event_choices":[{"cards_removed":["Strike_R"],"damage_healed":0,"gold_gain":0,"player_choice":"Card Removal","damage_taken":7,"max_hp_gain":0,"max_hp_loss":0,"event_name":"Golden Wing","floor":3,"gold_loss":0},{"damage_healed":0,"gold_gain":175,"player_choice":"AGREE","damage_taken":155,"max_hp_gain":0,"max_hp_loss":0,"event_name":"betterThird:BetterSerpent","floor":7,"gold_loss":0},{"damage_healed":0,"gold_gain":0,"player_choice":"Bought 0 Potions","damage_taken":0,"max_hp_gain":0,"max_hp_loss":0,"event_name":"The Woman in Blue","floor":19,"gold_loss":0},{"damage_healed":0,"gold_gain":0,"player_choice":"Upgraded Two","damage_taken":0,"max_hp_gain":0,"max_hp_loss":0,"event_name":"Designer","floor":21,"gold_loss":40,"cards_upgraded":["Defend_R","Strike_R"]}],"is_beta":false,"boss_relics":[{"not_picked":["conspire:SlowCooker","hubris:CrackedHourglass","StuffTheSpire:Kangaroo"]}],"items_purged_floors":[8],"is_endless":false,"potions_floor_spawned":[6,10,14,16,18],"ascension_level":0}}