{"host":"hjw1ay65n7jm40lc","time":1610902243,"event":{"mods":["AchievementEnabler","BaseMod","Block Reminder","Colored Map","Colored Powertips","Curses Come First","Downfall","Googly Eyes","Hermit","Highlight Path","Minty Spire (QoL Compilation)","Quick Restart","Relic Stats","StSLib"],"gold_per_floor":[99,116,134,150,150,184,184,84,94,94,427,444,457,487,501,601,601,601,618,618,618,618,651,675,675,701,712,554,573,573,590,600,695,695,695,715,183,193,193,206,260,287,297,297,313,342,242,275,286,286],"floor_reached":51,"language":"ENG","playtime":19180,"items_purged":["bronze:Strike","bronze:Allocate"],"score":803,"play_id":"0dfb7837-ebe3-4db3-aadf-a932de4316cb","local_time":"20210117115043","is_ascension_mode":true,"campfire_choices":[{"floor":1.0,"key":"RECALL"},{"floor":8.0,"key":"REST"},{"floor":18.0,"key":"REST"},{"floor":30.0,"key":"REST"},{"floor":35.0,"key":"REST"},{"floor":44.0,"key":"REST"},{"floor":47.0,"key":"REST"}],"circlet_count":0,"master_deck":["bronze:Replicate","bronze:Goto","bronze:Frontload","bronze:BronzeArmor","bronze:Flail","bronze:Separator","bronze:Virus","bronze:Deprecate","bronze:SpaghettiCode","bronze:CloningBeam","bronze:CleanCode","bronze:Verify","bronze:Optimize+1","bronze:ForLoop","bronze:AlphaBuild","bronze:HardenedForm","bronze:Shield","bronze:Optimize","bronze:Repulsor","bronze:Iterate","Apotheosis","bronze:Format","bronze:Terminator+1","bronze:GetLatest+1","bronze:Return+1","bronze:Philosophize"],"relics":["Fusion Hammer","Bottled Lightning","White Beast Statue","downfall:HeartBlessingRed","Old Coin","Lantern","Runic Pyramid","Mummified Hand","Bag of Preparation","Meat on the Bone","Boot","Pandora\u0027s Box","Bottled Tornado","Pen Nib","Frozen Egg 2","Pantograph","downfall:HeartBlessingGreen","bronze:SilverBullet"],"acts_visited":["Exordium","TheCity","TheBeyond"],"potions_floor_usage":[49,50,50,50],"damage_taken":[{"damage":0.0,"enemies":"Cultist","floor":2.0,"turns":4.0},{"damage":0.0,"enemies":"Jaw Worm","floor":3.0,"turns":4.0},{"damage":0.0,"enemies":"Small Slimes","floor":4.0,"turns":3.0},{"damage":16.0,"enemies":"3 Sentries","floor":6.0,"turns":7.0},{"damage":1.0,"enemies":"Large Slime","floor":9.0,"turns":5.0},{"damage":4.0,"enemies":"Gremlin Nob","floor":11.0,"turns":3.0},{"damage":2.0,"enemies":"3 Louse","floor":12.0,"turns":2.0},{"damage":1.0,"enemies":"2 Fungi Beasts","floor":13.0,"turns":3.0},{"damage":0.0,"enemies":"Lots of Slimes","floor":15.0,"turns":1.0},{"damage":27.0,"enemies":"WA_ARCHETYPE_RETAIN","floor":16.0,"turns":5.0},{"damage":5.0,"enemies":"3 Byrds","floor":19.0,"turns":4.0},{"damage":5.0,"enemies":"Gremlin Leader","floor":23.0,"turns":5.0},{"damage":7.0,"enemies":"Book of Stabbing","floor":26.0,"turns":3.0},{"damage":0.0,"enemies":"Spheric Guardian","floor":27.0,"turns":2.0},{"damage":0.0,"enemies":"downfall:FleeingMerchant","floor":28.0,"turns":4.0},{"damage":10.0,"enemies":"Centurion and Healer","floor":29.0,"turns":4.0},{"damage":0.0,"enemies":"3 Cultists","floor":31.0,"turns":2.0},{"damage":5.0,"enemies":"Sentry and Sphere","floor":32.0,"turns":3.0},{"damage":69.0,"enemies":"IC_MUSHROOM_ARCHETYPE","floor":33.0,"turns":9.0},{"damage":20.0,"enemies":"3 Shapes","floor":36.0,"turns":8.0},{"damage":15.0,"enemies":"downfall:FleeingMerchant","floor":37.0,"turns":4.0},{"damage":9.0,"enemies":"3 Darklings","floor":38.0,"turns":4.0},{"damage":0.0,"enemies":"Transient","floor":40.0,"turns":5.0},{"damage":27.0,"enemies":"Reptomancer","floor":42.0,"turns":4.0},{"damage":8.0,"enemies":"4 Shapes","floor":43.0,"turns":5.0},{"damage":7.0,"enemies":"3 Darklings","floor":45.0,"turns":3.0},{"damage":28.0,"enemies":"Nemesis","floor":46.0,"turns":7.0},{"damage":22.0,"enemies":"Reptomancer","floor":48.0,"turns":5.0},{"damage":0,"enemies":"Spire Growth","floor":49,"turns":3},{"damage":10,"enemies":"SI_POISON_ARCHETYPE","floor":50,"turns":6}],"seed_played":"8379284610195553833","potions_obtained":[{"floor":2.0,"key":"Strength Potion"},{"floor":9.0,"key":"BlessingOfTheForge"},{"floor":11.0,"key":"bronze:BurnAndBuffPotion"},{"floor":13.0,"key":"bronze:CleanCodePotion"},{"floor":16.0,"key":"Explosive Potion"},{"floor":19.0,"key":"Energy Potion"},{"floor":23.0,"key":"FearPotion"},{"floor":26.0,"key":"FearPotion"},{"floor":29.0,"key":"Regen Potion"},{"floor":33.0,"key":"SneckoOil"},{"floor":38.0,"key":"LiquidBronze"},{"floor":40.0,"key":"Swift Potion"},{"floor":42.0,"key":"DuplicationPotion"},{"floor":43.0,"key":"Block Potion"},{"floor":45.0,"key":"Regen Potion"},{"floor":46.0,"key":"bronze:BurnAndBuffPotion"},{"floor":48.0,"key":"Guardian:BlockOnCardUsePotion"},{"floor":49,"key":"PowerPotion"}],"is_trial":false,"path_per_floor":["R","M","M","M","?","E","T","R","M","?","E","M","M","?","M","B",null,"R","M","?","?","?","E","T","T","E","M","$","M","R","M","M","B",null,"R","M","$","M","?","M","T","E","M","R","M","E","R","E","M","B",null],"character_chosen":"THE_AUTOMATON","items_purchased":["bronze:ForLoop","Bottled Tornado","Apotheosis"],"campfire_rested":6,"item_purchase_floors":[28,37,37],"current_hp_per_floor":[70,70,70,70,75,59,59,75,74,74,70,68,67,67,67,40,75,75,70,70,70,70,65,65,65,58,58,58,48,70,70,65,23,75,75,55,40,43,75,75,75,48,40,62,55,42,64,42,42,57],"gold":286,"neow_bonus":"BOSS_RELIC","is_daily":false,"chose_seed":false,"campfire_upgraded":0,"win_rate":0.0,"timestamp":1610902243,"path_taken":["R","M","?","M","?","E","T","R","M","?","E","M","M","?","M","BOSS","R","M","?","?","?","E","T","?","E","?","$","M","R","M","M","BOSS","R","M","$","M","?","M","T","E","M","R","M","E","R","E","M","BOSS"],"items_purchased_type":["Card","Relic","Card"],"build_version":"2020-12-22","purchased_purges":2,"victory":true,"max_hp_per_floor":[70,70,70,70,75,75,75,75,75,75,75,75,75,75,75,75,75,75,75,75,75,75,75,75,75,75,75,75,75,75,75,75,75,75,75,75,75,75,75,75,75,75,75,75,75,75,75,75,75,75],"relic_stats":{"counters":[30,127],"Mummified Hand":[112],"Pantograph":25,"Pandora\u0027s Box":["bronze:Shield","bronze:Optimize","bronze:Repulsor","bronze:Allocate","bronze:Iterate"],"Pen Nib":[10],"Bag of Preparation":[36],"Boot":[149],"obtain_stats":[{"Lantern":14,"bronze:BronzeCore":0,"downfall:HeartBlessingRed":8,"downfall:HeartBlessingGreen":47,"Pen Nib":41,"Bag of Preparation":24,"Bottled Tornado":37,"Frozen Egg 2":42,"Boot":26,"White Beast Statue":7,"Old Coin":11,"Mummified Hand":23,"Pantograph":46,"Pandora\u0027s Box":34,"Fusion Hammer":0,"Bottled Lightning":6,"bronze:SilverBullet":48,"Runic Pyramid":17,"Meat on the Bone":25},{"Lantern":8,"bronze:BronzeCore":0,"downfall:HeartBlessingRed":4,"downfall:HeartBlessingGreen":27,"Pen Nib":23,"Bag of Preparation":12,"Bottled Tornado":21,"Frozen Egg 2":24,"Boot":13,"White Beast Statue":4,"Old Coin":6,"Mummified Hand":12,"Pantograph":27,"Pandora\u0027s Box":19,"Fusion Hammer":0,"Bottled Lightning":4,"bronze:SilverBullet":28,"Runic Pyramid":10,"Meat on the Bone":12},{"Lantern":31,"bronze:BronzeCore":0,"downfall:HeartBlessingRed":18,"downfall:HeartBlessingGreen":113,"Pen Nib":94,"Bag of Preparation":46,"Bottled Tornado":85,"Frozen Egg 2":98,"Boot":49,"White Beast Statue":18,"Old Coin":26,"Mummified Hand":46,"Pantograph":113,"Pandora\u0027s Box":73,"Fusion Hammer":0,"Bottled Lightning":18,"bronze:SilverBullet":118,"Runic Pyramid":37,"Meat on the Bone":46}],"Meat on the Bone":24},"card_choices":[{"not_picked":["bronze:BronzeOrb","bronze:FineTuning"],"picked":"bronze:Frontload","floor":2.0},{"not_picked":["bronze:Deprecate","bronze:NullPointer"],"picked":"bronze:BronzeArmor","floor":3.0},{"not_picked":["bronze:Iterate","bronze:Shell"],"picked":"bronze:Flail","floor":4.0},{"not_picked":["bronze:NullPointer","bronze:Frontload"],"picked":"bronze:Separator","floor":6.0},{"not_picked":["bronze:BugBarrage","bronze:Branch"],"picked":"bronze:Virus","floor":9.0},{"not_picked":["bronze:WildBeam","bronze:Turbo","bronze:ItsAFeature"],"picked":"SKIP","floor":11.0},{"not_picked":["bronze:Iterate","bronze:ChosenStrike"],"picked":"bronze:SpaghettiCode","floor":12.0},{"not_picked":["bronze:Iterate","bronze:Separator"],"picked":"bronze:CloningBeam","floor":13.0},{"not_picked":["bronze:Branch","bronze:Shield","bronze:Overheat"],"picked":"SKIP","floor":15.0},{"not_picked":["bronze:TinkerersToolbox","bronze:FindAndReplace"],"picked":"bronze:CleanCode","floor":16.0},{"not_picked":["bronze:BuggyMess","bronze:Safeguard","bronze:BronzeArmor"],"picked":"SKIP","floor":19.0},{"not_picked":["bronze:Iterate+1","bronze:ClassDefault"],"picked":"bronze:Verify","floor":23.0},{"not_picked":["bronze:Constructor","bronze:Shield","bronze:ClassDefault"],"picked":"SKIP","floor":26.0},{"not_picked":["bronze:WhirlingStrike","bronze:WildBeam+1"],"picked":"bronze:Optimize+1","floor":27.0},{"not_picked":["bronze:Invalidate","bronze:Safeguard","bronze:Terminator"],"picked":"SKIP","floor":28.0},{"not_picked":["bronze:FineTuning+1","bronze:ThunderWave","bronze:Optimize"],"picked":"SKIP","floor":29.0},{"not_picked":["bronze:WhirlingStrike+1","bronze:ForLoop","bronze:Iterate"],"picked":"SKIP","floor":31.0},{"not_picked":["bronze:DelayedSlice","bronze:WhirlingStrike"],"picked":"bronze:AlphaBuild","floor":32.0},{"not_picked":["bronze:AlphaBuild","bronze:SpaghettiCode"],"picked":"bronze:HardenedForm","floor":33.0},{"not_picked":["bronze:DelayedSlice+1","bronze:BronzeOrb","bronze:FineTuning"],"picked":"SKIP","floor":36.0},{"not_picked":["bronze:FollowUp","bronze:OilSpill+1","bronze:Constructor"],"picked":"SKIP","floor":37.0},{"not_picked":["bronze:FollowUp","bronze:CutThrough+1"],"picked":"bronze:Format","floor":38.0},{"not_picked":["bronze:BronzeArmor+1","bronze:Refactor"],"picked":"bronze:Terminator+1","floor":40.0},{"not_picked":["bronze:Overheat","bronze:Allocate","bronze:Repulsor+1"],"picked":"SKIP","floor":42.0},{"not_picked":["bronze:Constructor","bronze:WhirlingStrike+1","bronze:Branch"],"picked":"SKIP","floor":43.0},{"not_picked":["bronze:BugBarrage+1","bronze:DelayedSlice+1"],"picked":"bronze:GetLatest+1","floor":45.0},{"not_picked":["bronze:ForLoop+1","bronze:CleanCode+1"],"picked":"bronze:Return+1","floor":46.0},{"not_picked":["bronze:NullPointer+1","bronze:Shield+1","bronze:DigitalCarnage+1"],"picked":"SKIP","floor":48.0},{"not_picked":["bronze:FollowUp","bronze:Shield+1"],"picked":"bronze:Philosophize","floor":49}],"player_experience":888805,"relics_obtained":[{"floor":6.0,"key":"Bottled Lightning"},{"floor":7.0,"key":"White Beast Statue"},{"floor":11.0,"key":"Old Coin"},{"floor":23.0,"key":"Mummified Hand"},{"floor":24.0,"key":"Bag of Preparation"},{"floor":25.0,"key":"Meat on the Bone"},{"floor":26.0,"key":"Boot"},{"floor":41.0,"key":"Pen Nib"},{"floor":42.0,"key":"Frozen Egg 2"},{"floor":46.0,"key":"Pantograph"},{"floor":48.0,"key":"bronze:SilverBullet"}],"event_choices":[{"damage_healed":0.0,"max_hp_gain":5.0,"max_hp_loss":0.0,"gold_gain":0.0,"event_name":"Big Fish","player_choice":"Donut","floor":5.0,"gold_loss":0.0,"damage_taken":0.0},{"damage_healed":0.0,"max_hp_gain":0.0,"max_hp_loss":0.0,"gold_gain":0.0,"event_name":"Vampires","player_choice":"Ignored","floor":20.0,"gold_loss":0.0,"damage_taken":0.0},{"damage_healed":32.0,"max_hp_gain":0.0,"max_hp_loss":0.0,"gold_gain":0.0,"event_name":"Wheel of Change","player_choice":"Full Heal","floor":39.0,"gold_loss":0.0,"damage_taken":0.0}],"is_beta":false,"boss_relics":[{"not_picked":["sneckomod:SneckoTalon","Philosopher\u0027s Stone"],"picked":"Runic Pyramid"},{"not_picked":["Runic Dome","Calling Bell"],"picked":"Pandora\u0027s Box"}],"items_purged_floors":[28,37],"is_endless":false,"potions_floor_spawned":[2,9,11,12,13,15,16,19,23,26,27,28,29,31,32,33,36,37,38,40,42,43,45,46,48,49],"ascension_level":1}}