{"host":"o7j6aatxjwpw1421","time":1610862818,"event":{"mods":["2.2 Compatiblity","AchievementEnabler","BaseMod","Colored Map","DeckTracker","Highlight Path","Keyboard Shortcuts","Minty Spire (QoL Compilation)","Permanent Neow","Quick Restart","StSLib","SuperFastMode","everything is the same but u backflip on backflip"],"gold_per_floor":[12,12,28,43,62,62,94,94,166,176,101,127,139,164,176,293,305,332,259,271,35,53,53,53,153,153,164,195,195,215,226,226,326,376,390,401,276,276,292,66,66,120,120,120,120,137,165,182,182,182],"floor_reached":51,"language":"KOR","playtime":2448,"items_purged":["Defend_P","FlyingSleeves","Eruption+1","Defend_P"],"score":1189,"play_id":"68ce8691-62de-4995-9a55-63bb099d19bd","local_time":"20210117145338","is_ascension_mode":true,"campfire_choices":[{"data":"Eruption","floor":6.0,"key":"SMITH"},{"floor":15.0,"key":"REST"},{"data":"PathToVictory","floor":23.0,"key":"SMITH"},{"data":"Study","floor":29,"key":"SMITH"},{"data":"Vault","floor":32,"key":"SMITH"},{"data":"MentalFortress","floor":41,"key":"SMITH"},{"data":"PathToVictory","floor":45,"key":"SMITH"},{"data":"PathToVictory","floor":49,"key":"SMITH"}],"circlet_count":0,"master_deck":["Defend_P","Vigilance","Study+1","MentalFortress+1","Vault+1","PathToVictory+1","PathToVictory+1","EmptyBody+1","PathToVictory+1","Scrawl+1","DeusExMachina"],"relics":["PureWater","CloakClasp","FaceOfCleric","Gremlin Horn","MawBank","Runic Pyramid","Yang","DollysMirror","Question Card","Singing Bowl","Tiny House","Membership Card","Torii","The Courier","TeardropLocket","Anchor"],"acts_visited":["Exordium","TheCity","TheBeyond"],"potions_floor_usage":[28,33,42,50,50],"damage_taken":[{"damage":7.0,"enemies":"Small Slimes","floor":1.0,"turns":4.0},{"damage":0.0,"enemies":"Cultist","floor":3.0,"turns":2.0},{"damage":2.0,"enemies":"Jaw Worm","floor":4.0,"turns":4.0},{"damage":6.0,"enemies":"Red Slaver","floor":5.0,"turns":5.0},{"damage":23.0,"enemies":"3 Sentries","floor":7.0,"turns":8.0},{"damage":6.0,"enemies":"3 Louse","floor":10.0,"turns":4.0},{"damage":0.0,"enemies":"Lagavulin","floor":12.0,"turns":6.0},{"damage":4.0,"enemies":"Exordium Wildlife","floor":14.0,"turns":6.0},{"damage":9.0,"enemies":"The Guardian","floor":16.0,"turns":10.0},{"damage":17.0,"enemies":"Spheric Guardian","floor":18.0,"turns":8.0},{"damage":11.0,"enemies":"2 Thieves","floor":22.0,"turns":3.0},{"damage":14,"enemies":"Centurion and Healer","floor":27,"turns":4},{"damage":0,"enemies":"Book of Stabbing","floor":28,"turns":5},{"damage":0,"enemies":"Chosen and Byrds","floor":30,"turns":4},{"damage":4,"enemies":"Snake Plant","floor":31,"turns":4},{"damage":0,"enemies":"Automaton","floor":33,"turns":8},{"damage":0,"enemies":"Orb Walker","floor":35,"turns":3},{"damage":0,"enemies":"3 Darklings","floor":36,"turns":4},{"damage":4,"enemies":"Spire Growth","floor":39,"turns":4},{"damage":2,"enemies":"2 Orb Walkers","floor":42,"turns":3},{"damage":0,"enemies":"Sphere and 2 Shapes","floor":46,"turns":3},{"damage":0,"enemies":"Giant Head","floor":47,"turns":4},{"damage":0,"enemies":"4 Shapes","floor":48,"turns":3},{"damage":11,"enemies":"Time Eater","floor":50,"turns":4}],"seed_played":"2992635011394328420","potions_obtained":[{"floor":7.0,"key":"CultistPotion"},{"floor":10.0,"key":"SpeedPotion"},{"floor":12.0,"key":"Weak Potion"},{"floor":22.0,"key":"Block Potion"},{"floor":28,"key":"AttackPotion"},{"floor":34,"key":"LiquidMemories"},{"floor":39,"key":"ColorlessPotion"},{"floor":42,"key":"CultistPotion"},{"floor":46,"key":"EssenceOfSteel"}],"is_trial":false,"path_per_floor":["M","?","M","M","M","R","E","?","T","M","$","E","?","M","R","B",null,"M","?","?","$","M","R","$","?","T","M","E","R","M","M","R","B",null,"M","M","$","?","M","$","R","?","T","T","R","M","E","M","R","B",null],"character_chosen":"WATCHER","items_purchased":["DollysMirror","Membership Card"],"campfire_rested":1,"item_purchase_floors":[21,40],"current_hp_per_floor":[58,58,58,56,50,50,27,27,27,22,22,23,16,13,35,27,64,48,48,48,48,38,38,38,38,38,25,28,28,31,28,28,29,80,83,86,86,86,85,85,85,86,86,86,86,87,90,93,93,83],"gold":182,"neow_bonus":"TRANSFORM_TWO_CARDS","is_daily":false,"chose_seed":false,"campfire_upgraded":7,"win_rate":0.0,"timestamp":1610862818,"path_taken":["M","?","M","M","?","R","E","?","T","?","$","E","?","M","R","BOSS","M","?","?","$","?","R","$","?","T","M","E","R","M","M","R","BOSS","M","?","$","?","M","$","R","?","T","?","R","M","E","?","R","BOSS"],"items_purchased_type":["Relic","Relic"],"build_version":"2020-12-22","purchased_purges":4,"victory":true,"max_hp_per_floor":[72,72,72,72,72,72,72,72,72,73,73,74,74,75,75,76,76,77,77,77,77,78,78,78,78,78,79,82,82,85,86,86,87,94,97,100,100,100,103,103,103,106,106,106,106,107,110,113,113,114],"card_choices":[{"not_picked":["BowlingBash","ClearTheMind","FlurryOfBlows"],"picked":"SKIP","floor":1.0},{"not_picked":["LikeWater","Protect"],"picked":"Study","floor":3.0},{"not_picked":["Conclude","Swivel","SashWhip"],"picked":"SKIP","floor":4.0},{"not_picked":["CrushJoints","SandsOfTime"],"picked":"MentalFortress","floor":5.0},{"not_picked":["Fasting2","Study"],"picked":"Vault","floor":7.0},{"not_picked":["Nirvana","Protect","EmptyFist"],"picked":"SKIP","floor":10.0},{"not_picked":["ReachHeaven","EmptyBody","SandsOfTime"],"picked":"SKIP","floor":12.0},{"not_picked":["BattleHymn","EmptyMind"],"picked":"PathToVictory","floor":14.0},{"not_picked":["WreathOfFlame","Halt+1","ThirdEye"],"picked":"SKIP","floor":18.0},{"not_picked":["ClearTheMind","Pray+1"],"picked":"EmptyBody+1","floor":22.0},{"not_picked":["WaveOfTheHand","EmptyBody","ThirdEye","TalkToTheHand"],"picked":"SKIP","floor":27},{"not_picked":["Indignation","CrushJoints","ThirdEye","Study"],"picked":"Singing Bowl","floor":28},{"not_picked":["FollowUp+1","SashWhip","DeceiveReality","EmptyBody+1"],"picked":"Singing Bowl","floor":30},{"not_picked":["EmptyBody","ClearTheMind","Collect+1"],"picked":"PathToVictory","floor":31},{"not_picked":["Judgement","Brilliance","Alpha"],"picked":"Scrawl","floor":33},{"not_picked":["Swivel","Protect+1","EmptyFist","BowlingBash"],"picked":"Singing Bowl","floor":34},{"not_picked":["SashWhip","Consecrate+1","Protect+1","Sanctity+1"],"picked":"Singing Bowl","floor":35},{"not_picked":["Protect+1","Indignation+1","ClearTheMind+1","FollowUp"],"picked":"Singing Bowl","floor":36},{"not_picked":["BowlingBash","SashWhip","Worship","EmptyMind+1"],"picked":"Singing Bowl","floor":39},{"not_picked":["Swivel+1","BattleHymn+1","Meditate","WheelKick"],"picked":"Singing Bowl","floor":42},{"not_picked":["WindmillStrike","FlyingSleeves","ClearTheMind+1"],"picked":"DeusExMachina","floor":46},{"not_picked":["Ragnarok","EmptyBody","FlyingSleeves+1","WheelKick"],"picked":"Singing Bowl","floor":47},{"not_picked":["CrushJoints","Prostrate","Halt+1","Consecrate"],"picked":"Singing Bowl","floor":48}],"player_experience":546535,"relics_obtained":[{"floor":7.0,"key":"CloakClasp"},{"floor":9.0,"key":"Gremlin Horn"},{"floor":12.0,"key":"MawBank"},{"floor":26.0,"key":"Question Card"},{"floor":28,"key":"Singing Bowl"},{"floor":42,"key":"Torii"},{"floor":43,"key":"The Courier"},{"floor":44,"key":"TeardropLocket"},{"floor":47,"key":"Anchor"}],"event_choices":[{"cards_removed":["Strike_P"],"damage_healed":0.0,"max_hp_gain":0.0,"max_hp_loss":0.0,"gold_gain":0.0,"event_name":"Wheel of Change","player_choice":"Card Removal","floor":2.0,"gold_loss":0.0,"damage_taken":0.0},{"damage_healed":0.0,"max_hp_gain":0.0,"max_hp_loss":0.0,"gold_gain":0.0,"event_name":"FaceTrader","player_choice":"Trade","floor":8.0,"gold_loss":0.0,"damage_taken":0.0,"relics_obtained":["FaceOfCleric"]},{"cards_removed":["Strike_P"],"damage_healed":0.0,"max_hp_gain":0.0,"max_hp_loss":0.0,"gold_gain":0.0,"event_name":"Golden Wing","player_choice":"Card Removal","floor":13.0,"gold_loss":0.0,"damage_taken":7.0},{"damage_healed":0.0,"max_hp_gain":0.0,"max_hp_loss":0.0,"gold_gain":0.0,"event_name":"Addict","player_choice":"Obtained Relic","floor":19.0,"gold_loss":85.0,"damage_taken":0.0,"relics_obtained":["Yang"]},{"cards_removed":["Strike_P"],"damage_healed":0.0,"max_hp_gain":0.0,"max_hp_loss":0.0,"gold_gain":0.0,"event_name":"Back to Basics","player_choice":"Elegance","floor":20.0,"gold_loss":0.0,"damage_taken":0.0},{"damage_healed":0.0,"max_hp_gain":0.0,"max_hp_loss":0.0,"gold_gain":100.0,"event_name":"Golden Shrine","player_choice":"Pray","floor":25.0,"gold_loss":0.0,"damage_taken":0.0},{"cards_removed":["SashWhip"],"damage_healed":0,"gold_gain":0,"player_choice":"Removed Attack","damage_taken":0,"max_hp_gain":0,"max_hp_loss":0,"event_name":"Falling","floor":38,"gold_loss":0},{"damage_healed":0,"gold_gain":0,"player_choice":"Fight","damage_taken":0,"max_hp_gain":0,"max_hp_loss":0,"event_name":"Mysterious Sphere","floor":42,"gold_loss":0}],"is_beta":false,"boss_relics":[{"not_picked":["Black Star","Runic Dome"],"picked":"Runic Pyramid"},{"not_picked":["Fusion Hammer","Cursed Key"],"picked":"Tiny House"}],"items_purged_floors":[11,21,37,40],"is_endless":false,"potions_floor_spawned":[7,10,12,16,18,22,28,36,39,42,46],"ascension_level":7}}