{"host":"fworv1gvvajf3x0f","time":1610849855,"event":{"mods":["AchievementEnabler","Aspiration","BaseMod","Better Match","Better Note","Better Sensory Stone","Better Vampires","Colored Map","Colored Powertips","Displayed Cursed Tome","Good Game Mod","Highlight Path","Infinite Spire","Minty Spire (QoL Compilation)","Poor People Problems","Relic Stats","Replay The Spire","StSLib"],"gold_per_floor":[112,126,126,126,51,51,71,71,95,109,109,126,126,183,195,207,207],"floor_reached":16,"language":"ZHS","playtime":1711,"items_purged":["Strike_G"],"score":129,"play_id":"a8db028e-577b-46a3-9cfb-f1162f7f0563","local_time":"20210117101735","is_ascension_mode":true,"campfire_choices":[{"data":"Feed","floor":6,"key":"SMITH"},{"data":"Underhanded Strike","floor":8,"key":"SMITH"},{"data":"Neutralize","floor":11,"key":"SMITH"},{"data":"Acrobatics","floor":13,"key":"SMITH"},{"data":"Endless Agony","floor":15,"key":"SMITH"}],"circlet_count":0,"master_deck":["Strike_G","Strike_G","Strike_G","Strike_G","Defend_G","Defend_G","Defend_G","Defend_G","Defend_G","Survivor","Neutralize+1","Feed+1","Backflip","PiercingWail","Underhanded Strike+1","Pot Of Greed","Pot Of Greed","Acrobatics+1","Endless Agony+1"],"relics":["REME:ComplimentaryCards","aspiration:TomeofQuesting","Sizzling Blood","Grinning Jar","MawBank"],"acts_visited":["Exordium"],"potions_floor_usage":[12,14,16],"damage_taken":[{"damage":6,"enemies":"2 Louse","floor":1,"turns":7},{"damage":0,"enemies":"Jaw Worm","floor":2,"turns":5},{"damage":0,"enemies":"Small Slimes","floor":7,"turns":3},{"damage":12,"enemies":"Red Slaver","floor":10,"turns":5},{"damage":0,"enemies":"Exordium Wildlife","floor":12,"turns":2},{"damage":28,"enemies":"3 Sentries","floor":14,"turns":9},{"damage":80,"enemies":"Fading Forest","floor":16,"turns":10}],"seed_played":"8568946488209291191","potions_obtained":[{"floor":10,"key":"CunningPotion"},{"floor":12,"key":"AttackPotion"},{"floor":14,"key":"Weak Potion"}],"is_trial":false,"path_per_floor":["M","M","$","?","$","R","M","R","T","M","R","M","R","?","R","B"],"character_chosen":"THE_SILENT","items_purchased":[],"campfire_rested":0,"item_purchase_floors":[],"current_hp_per_floor":[67,70,70,74,74,74,82,82,82,78,78,86,86,66,66,0,0],"gold":207,"neow_bonus":"RANDOM_COMMON_RELIC","is_daily":false,"chose_seed":false,"campfire_upgraded":5,"win_rate":0.0,"timestamp":1610849855,"path_taken":["M","M","$","?","$","R","M","R","T","M","R","M","R","?","R","BOSS"],"items_purchased_type":[],"build_version":"2020-12-22","purchased_purges":1,"victory":false,"max_hp_per_floor":[73,76,76,80,80,80,84,84,84,88,88,92,92,96,96,96,96],"relic_stats":{"counters":[7,41],"MawBank":24,"obtain_stats":[{"REME:ComplimentaryCards":0,"aspiration:TomeofQuesting":0,"Sizzling Blood":4,"Grinning Jar":9,"MawBank":14,"Ring of the Snake":0},{"REME:ComplimentaryCards":0,"aspiration:TomeofQuesting":0,"Sizzling Blood":2,"Grinning Jar":3,"MawBank":5,"Ring of the Snake":0},{"REME:ComplimentaryCards":0,"aspiration:TomeofQuesting":0,"Sizzling Blood":12,"Grinning Jar":15,"MawBank":22,"Ring of the Snake":0}]},"card_choices":[{"not_picked":["Underhanded Strike","Masterful Stab"],"picked":"Backflip","floor":1},{"not_picked":["Poisoned Stab","Sucker Punch"],"picked":"PiercingWail","floor":2},{"not_picked":["Skewer","Prepared"],"picked":"Underhanded Strike","floor":7},{"not_picked":["Flying Knee","Wraith Form v2","Dodge and Roll"],"picked":"SKIP","floor":10},{"not_picked":["ReplayTheSpireMod:Speed Training","Cloak And Dagger"],"picked":"Acrobatics","floor":12},{"not_picked":["Dagger Throw","Leg Sweep"],"picked":"Endless Agony","floor":14}],"player_experience":228799,"relics_obtained":[{"floor":9,"key":"Grinning Jar"}],"event_choices":[{"damage_healed":0,"gold_gain":0,"player_choice":"Searched \u00272\u0027 times","damage_taken":0,"relics_obtained":["MawBank"],"max_hp_gain":0,"max_hp_loss":0,"event_name":"Dead Adventurer","floor":14,"gold_loss":0}],"is_beta":false,"boss_relics":[],"items_purged_floors":[5],"is_endless":false,"potions_floor_spawned":[10,12,14],"killed_by":"Fading Forest","ascension_level":3}}