{"host":"81vb4cbob60wa1na","time":1610911826,"event":{"mods":["BaseMod","Downfall","GifTheSpireLib","Hermit","Highlight Path","Minty Spire (QoL Compilation)","StSLib","The Cursed","The Disciple"],"gold_per_floor":[99,117,132,143,198,198,221,235,235,16,29,29,39,139,154,154,154,154],"floor_reached":16,"language":"ENG","playtime":637,"items_purged":[],"score":94,"play_id":"a7d3b79a-21d9-49b1-bbb4-ef4821698423","local_time":"20210117143026","is_ascension_mode":false,"campfire_choices":[{"data":"champ:UltimateStance","floor":1,"key":"SMITH"},{"floor":6,"key":"REST"},{"floor":12,"key":"REST"}],"circlet_count":0,"master_deck":["champ:Strike","champ:Strike","champ:Strike","champ:Strike","champ:Defend","champ:Defend","champ:Defend","champ:Defend","champ:Execute","champ:Taunt","champ:UltimateStance+1","champ:FlashCut","champ:Circumvent","champ:StanceDance","champ:TornadoPunch","champ:DefensiveShout","champ:TornadoPunch","champ:SetATrap","champ:Circumvent"],"relics":["champ:ChampionCrown","Singing Bowl","Omamori","Sling"],"acts_visited":["Exordium"],"potions_floor_usage":[10,11,16,16],"damage_taken":[{"damage":20,"enemies":"Jaw Worm","floor":2,"turns":5},{"damage":20,"enemies":"Cultist","floor":3,"turns":4},{"damage":18,"enemies":"Small Slimes","floor":4,"turns":3},{"damage":73,"enemies":"Gremlin Nob","floor":5,"turns":6},{"damage":17,"enemies":"Blue Slaver","floor":8,"turns":6},{"damage":10,"enemies":"downfall:FleeingMerchant","floor":10,"turns":4},{"damage":19,"enemies":"Large Slime","floor":11,"turns":5},{"damage":0,"enemies":"3 Louse","floor":13,"turns":2},{"damage":1,"enemies":"2 Fungi Beasts","floor":15,"turns":2},{"damage":44,"enemies":"WA_ARCHETYPE_RETAIN","floor":16,"turns":7}],"seed_played":"-1239174653121163295","potions_obtained":[{"floor":4,"key":"champ:OpenerPotion"},{"floor":8,"key":"Ancient Potion"},{"floor":13,"key":"Fire Potion"}],"is_trial":false,"path_per_floor":["R","M","M","M","?","R","T","M","?","$","M","R","M","?","M","B"],"character_chosen":"THE_CHAMP","items_purchased":["Sling","AttackPotion"],"campfire_rested":2,"item_purchase_floors":[10,10],"current_hp_per_floor":[90,75,75,67,4,31,31,24,24,24,17,44,44,44,43,0,0,0],"gold":154,"neow_bonus":"ONE_RANDOM_RARE_CARD","is_daily":false,"chose_seed":false,"campfire_upgraded":1,"win_rate":0.0,"timestamp":1610911826,"path_taken":["R","M","M","M","?","R","T","M","?","$","M","R","?","?","M","BOSS"],"items_purchased_type":["Relic","Potion"],"build_version":"2020-12-22","purchased_purges":0,"victory":false,"max_hp_per_floor":[90,90,90,90,90,90,90,90,90,90,92,92,92,92,92,92,92,92],"card_choices":[{"not_picked":["champ:EndlessRage","champ:RecklessLeap"],"picked":"champ:FlashCut","floor":2},{"not_picked":["champ:BerserkersShout","champ:RecklessLeap"],"picked":"champ:Circumvent","floor":3},{"not_picked":["champ:PerfectedStrike","champ:Backstep"],"picked":"champ:StanceDance","floor":4},{"not_picked":["champ:AdrenalArmor","champ:PerfectedStrike"],"picked":"champ:TornadoPunch","floor":5},{"not_picked":["champ:Circumvent","champ:Lariat"],"picked":"champ:DefensiveShout","floor":8},{"not_picked":["champ:Haymaker","champ:UltimateStance"],"picked":"champ:TornadoPunch","floor":10},{"not_picked":["champ:DeathBlow","champ:EndlessRage","champ:GladiatorStyle"],"picked":"Singing Bowl","floor":11},{"not_picked":["champ:RecklessLeap","champ:Haymaker"],"picked":"champ:SetATrap","floor":13},{"not_picked":["champ:StanceDance","champ:AdrenalArmor"],"picked":"champ:Circumvent","floor":15}],"player_experience":255427,"relics_obtained":[{"floor":5,"key":"Singing Bowl"},{"floor":7,"key":"Omamori"}],"event_choices":[],"is_beta":false,"boss_relics":[],"items_purged_floors":[],"is_endless":false,"potions_floor_spawned":[4,8,13],"killed_by":"WA_ARCHETYPE_RETAIN","ascension_level":0}}