{"host":"684z1xpuwaoqmmh1","time":1610903554,"event":{"mods":["Bard","BaseMod","Downfall","Hermit","Jorbs\u0027s Wanderer Trilogy","Marisa????????","Minty Spire (QoL Compilation)","Robot Space Explorer","Shade Mod","StSLib","The Bug Knight","The Cursed","The Hayseed","The Hierophant","The Marked","The Mystic","The Runesmith","The Senshi","The Spell Scribe"],"gold_per_floor":[218,237,237,125,125,125,135,145,170,201,201,211,239,312,312,415,415,426,426,151,151,163,189,189,221,271,288,288,323,323,342,342,445,445,461,811,503,513,560,595,595,626,626,536,551,551,551,561,561,561,561,561,109,138,138],"floor_reached":56,"language":"ENG","playtime":4896,"items_purged":["Runesmith:Defend_RS","Writhe","Runesmith:Strike_RS"],"score":1610,"play_id":"68293946-7c05-4d8e-b49f-746ceb314709","local_time":"20210117191234","is_ascension_mode":true,"campfire_choices":[{"data":"Runesmith:CraftFirestone","floor":6.0,"key":"SMITH"},{"data":"Runesmith:Fortify","floor":11.0,"key":"SMITH"},{"floor":15.0,"key":"REST"},{"data":"Runesmith:CraftObretio","floor":24.0,"key":"SMITH"},{"floor":28.0,"key":"REST"},{"data":"Runesmith:CraftSpiculum","floor":32,"key":"SMITH"},{"floor":41,"key":"RECALL"},{"data":"Runesmith:Supernova","floor":46,"key":"SMITH"},{"data":"Runesmith:CraftVitae","floor":49,"key":"SMITH"},{"data":"Runesmith:CraftMagma","floor":52,"key":"SMITH"}],"circlet_count":0,"master_deck":["Runesmith:Strike_RS","Runesmith:Defend_RS","Runesmith:Defend_RS","Runesmith:Defend_RS","Runesmith:CraftFirestone+1","Runesmith:Fortify+1","Runesmith:Accelerate","Runesmith:LithiumIon+1","Runesmith:CraftSpiculum+1","Runesmith:NanitesCloud+1","Runesmith:Discharge","Runesmith:CraftMagma+1","Runesmith:CraftProtectio","Runesmith:NanitesCloud","Runesmith:Supernova+1","Runesmith:RuneHurl","Runesmith:EnergizedChisel","Runesmith:CraftObretio+1","Runesmith:PerfectChisel","Runesmith:RuneHurl+1","Runesmith:EnergizedChisel","Runesmith:GrandSlam","Runesmith:Superposition","Runesmith:Firewall+1","Runesmith:CraftVitae+1","Runesmith:ChiselStab+1","Runesmith:GoWithTheFlow+1","Runesmith:Permafrost+1","Runesmith:Firestorm","Runesmith:Accelerate","Runesmith:RunicBlueprint","Runesmith:OneForEveryone"],"relics":["Runesmith:BrokenRuby","Art of War","Strawberry","Runesmith:AutoHammer","Matryoshka","Runic Pyramid","Slimebound:PreparedRelic","Bag of Preparation","HollowMod:LifeEnderRelic","Kunai","Vajra","Centennial Puzzle","InkBottle","MutagenicStrength","Black Star","Old Coin","Potion Belt","CatCart","Juzu Bracelet","theSenshi:SuperSailorFukuRelic","Guardian:PocketSentry","champ:DuelingGlove","Sundial","theSenshi:SailorFukuRelic","Akabeko","HornCleat"],"acts_visited":["Exordium","TheCity","TheBeyond","TheEnding"],"potions_floor_usage":[29,39,42,55,55,55,55,55],"damage_taken":[{"damage":0.0,"enemies":"2 Louse","floor":1.0,"turns":4.0},{"damage":1.0,"enemies":"Jaw Worm","floor":2.0,"turns":3.0},{"damage":0.0,"enemies":"Cultist","floor":7.0,"turns":3.0},{"damage":6.0,"enemies":"Looter","floor":8.0,"turns":4.0},{"damage":11.0,"enemies":"3 Sentries","floor":10.0,"turns":6.0},{"damage":0.0,"enemies":"3 Louse","floor":12.0,"turns":4.0},{"damage":46.0,"enemies":"Gremlin Nob","floor":13.0,"turns":5.0},{"damage":31.0,"enemies":"Slime Boss","floor":16.0,"turns":14.0},{"damage":0.0,"enemies":"Shell Parasite","floor":18.0,"turns":5.0},{"damage":0.0,"enemies":"Chosen","floor":22.0,"turns":4.0},{"damage":2.0,"enemies":"Gremlin Leader","floor":23.0,"turns":10.0},{"damage":43.0,"enemies":"Slavers","floor":25.0,"turns":10.0},{"damage":2.0,"enemies":"3 Cultists","floor":27.0,"turns":6.0},{"damage":0,"enemies":"Gremlin Leader","floor":29,"turns":7},{"damage":0,"enemies":"Cultist and Chosen","floor":31,"turns":4},{"damage":5,"enemies":"Collector","floor":33,"turns":12},{"damage":0,"enemies":"Orb Walker","floor":35,"turns":4},{"damage":0,"enemies":"Mind Bloom Boss Battle","floor":36,"turns":8},{"damage":11,"enemies":"3 Darklings","floor":38,"turns":6},{"damage":2,"enemies":"Orin","floor":39,"turns":13},{"damage":4,"enemies":"Nemesis","floor":40,"turns":7},{"damage":5,"enemies":"Reptomancer","floor":42,"turns":9},{"damage":0,"enemies":"4 Shapes","floor":45,"turns":6},{"damage":0,"enemies":"Transient","floor":48,"turns":5},{"damage":0,"enemies":"Donu and Deca","floor":50,"turns":8},{"damage":0,"enemies":"Shield and Spear","floor":54,"turns":9},{"damage":64,"enemies":"The Heart","floor":55,"turns":11}],"seed_played":"6221127922113238586","potions_obtained":[{"floor":2.0,"key":"Fire Potion"},{"floor":8.0,"key":"SneckoOil"},{"floor":12.0,"key":"FairyPotion"},{"floor":16.0,"key":"CultistPotion"},{"floor":23.0,"key":"Dexterity Potion"},{"floor":27.0,"key":"CultistPotion"},{"floor":29,"key":"EssenceOfSteel"},{"floor":39,"key":"Swift Potion"},{"floor":40,"key":"Weak Potion"}],"is_trial":false,"path_per_floor":["M","M","?","$","?","R","M","M","T","E","R","M","E","?","R","B",null,"M","?","$","?","M","E","R","E","T","M","R","E","?","M","R","B",null,"M","?","$","M","?","E","R","E","T","?","M","R","?","M","R","B",null,"R","$","E","B",null],"character_chosen":"RUNESMITH_CLASS","items_purchased":["Runesmith:CraftSpiculum","Bag of Preparation","Runesmith:EnergizedChisel","Potion Belt","Runesmith:CraftVitae","theSenshi:SailorFukuRelic","Runesmith:Firestorm","Runesmith:Accelerate","Ancient Potion","AttackPotion","Runesmith:RunicBlueprint"],"campfire_rested":2,"item_purchase_floors":[4,20,20,37,37,53,53,53,53,53,53],"current_hp_per_floor":[70,69,69,69,62,62,62,56,63,52,52,52,6,6,29,21,77,77,77,77,77,77,75,75,32,32,30,53,53,53,53,53,48,77,77,77,77,66,64,60,60,55,55,55,55,55,55,55,55,55,77,77,77,77,13],"gold":138,"neow_bonus":"HUNDRED_GOLD","is_daily":false,"chose_seed":false,"campfire_upgraded":7,"win_rate":0.0,"timestamp":1610903554,"path_taken":["M","M","?","$","?","R","M","M","T","E","R","M","E","?","R","BOSS","M","?","$","?","M","E","R","E","T","?","R","E","?","M","R","BOSS","M","?","$","M","?","E","R","E","T","?","M","R","?","M","R","BOSS","R","$","E","BOSS"],"items_purchased_type":["Card","Relic","Card","Relic","Card","Relic","Card","Card","Potion","Potion","Card"],"build_version":"2020-12-22","purchased_purges":3,"victory":true,"max_hp_per_floor":[70,70,70,70,70,70,70,70,77,77,77,77,77,77,77,77,77,77,77,77,77,77,77,77,77,77,77,77,77,77,77,77,77,77,77,77,77,77,77,77,77,77,77,77,77,77,77,77,77,77,77,77,77,77,77],"card_choices":[{"not_picked":["Runesmith:Repurpose","Runesmith:Discharge"],"picked":"Runesmith:Accelerate","floor":1.0},{"not_picked":["Runesmith:HammerThrow","Runesmith:Repurpose"],"picked":"Runesmith:LithiumIon","floor":2.0},{"not_picked":["Runesmith:HammerThrow","Runesmith:ElementalConversion"],"picked":"Runesmith:NanitesCloud","floor":7.0},{"not_picked":["Runesmith:MakeshiftArmor","Runesmith:CraftReservo","Runesmith:Discharge"],"picked":"SKIP","floor":8.0},{"not_picked":["Runesmith:MakeshiftArmor","Runesmith:CraftReservo"],"picked":"Runesmith:Discharge","floor":8.0},{"not_picked":["Runesmith:UnstableHammer","Runesmith:Augment"],"picked":"Runesmith:CraftMagma","floor":10.0},{"not_picked":["Runesmith:RunicBlueprint","Runesmith:Overpower"],"picked":"Runesmith:CraftProtectio","floor":12.0},{"not_picked":["Runesmith:WhiteBalance","Runesmith:NanitesCloud","Runesmith:StaticCage"],"picked":"SKIP","floor":13.0},{"not_picked":["Runesmith:WhiteBalance","Runesmith:StaticCage"],"picked":"Runesmith:NanitesCloud","floor":13.0},{"not_picked":["Runesmith:MetallurgicalResearch","Runesmith:CraftPrismatica"],"picked":"Runesmith:Supernova","floor":16.0},{"not_picked":["Runesmith:Overpower","Runesmith:CraftIncendium+1"],"picked":"Runesmith:RuneHurl","floor":18.0},{"not_picked":["Runesmith:MakeshiftArmor","Runesmith:Terraform","Runesmith:Accelerate"],"picked":"SKIP","floor":22.0},{"not_picked":["Runesmith:CraftMagma","Runesmith:RuneHurl"],"picked":"Runesmith:CraftObretio","floor":23.0},{"not_picked":["Runesmith:BackupBattery","Runesmith:CraftMagma+1"],"picked":"Runesmith:PerfectChisel","floor":25.0},{"not_picked":["Runesmith:CraftMagma","Runesmith:HeatedChisel"],"picked":"Runesmith:RuneHurl+1","floor":27.0},{"not_picked":["Runesmith:Overpower+1","Runesmith:ShiftingStrike","Runesmith:Attraction+1"],"picked":"SKIP","floor":29},{"not_picked":["Runesmith:MakeshiftArmor+1","Runesmith:NanitesCloud"],"picked":"Runesmith:EnergizedChisel","floor":31},{"not_picked":["Runesmith:CraftPrismatica","Runesmith:GenerateForcefield"],"picked":"Runesmith:GrandSlam","floor":33},{"not_picked":["Runesmith:Terraform","Runesmith:Grindstone"],"picked":"Runesmith:Superposition","floor":35},{"not_picked":["Runesmith:EarthShield+1","Runesmith:Refine+1"],"picked":"Runesmith:Firewall+1","floor":36},{"not_picked":["Runesmith:HammerAndChisel+1","Runesmith:PerfectChisel+1","Runesmith:Accelerate"],"picked":"SKIP","floor":38},{"not_picked":["Runesmith:HeatExchange","Runesmith:HammerThrow+1"],"picked":"Runesmith:ChiselStab+1","floor":39},{"not_picked":["Runesmith:CraftReservo","Runesmith:BackupBattery"],"picked":"Runesmith:GoWithTheFlow+1","floor":40},{"not_picked":["Runesmith:UnstableHammer","Runesmith:HammerAndChisel+1"],"picked":"Runesmith:Permafrost+1","floor":42},{"not_picked":["Runesmith:MakeshiftArmor","Runesmith:Discharge","Runesmith:CraftProtectio"],"picked":"SKIP","floor":45},{"not_picked":["Runesmith:EarthShield","Runesmith:Terraform+1","Runesmith:Overpower"],"picked":"SKIP","floor":48},{"not_picked":["Runesmith:Empowerment+1","Runesmith:CraftMagma"],"picked":"Runesmith:OneForEveryone","floor":54}],"player_experience":2864087,"relics_obtained":[{"floor":9.0,"key":"Strawberry"},{"floor":10.0,"key":"Runesmith:AutoHammer"},{"floor":13.0,"key":"Matryoshka"},{"floor":23.0,"key":"HollowMod:LifeEnderRelic"},{"floor":25.0,"key":"Kunai"},{"floor":26.0,"key":"Vajra"},{"floor":26.0,"key":"Centennial Puzzle"},{"floor":29,"key":"InkBottle"},{"floor":36,"key":"Old Coin"},{"floor":39,"key":"CatCart"},{"floor":40,"key":"Juzu Bracelet"},{"floor":40,"key":"theSenshi:SuperSailorFukuRelic"},{"floor":42,"key":"Guardian:PocketSentry"},{"floor":42,"key":"champ:DuelingGlove"},{"floor":43,"key":"Sundial"},{"floor":54,"key":"Akabeko"},{"floor":54,"key":"HornCleat"}],"event_choices":[{"damage_healed":0.0,"max_hp_gain":0.0,"max_hp_loss":0.0,"gold_gain":0.0,"event_name":"Living Wall","player_choice":"Grow","floor":3.0,"gold_loss":0.0,"damage_taken":0.0,"cards_upgraded":["Runesmith:LithiumIon"]},{"damage_healed":0.0,"max_hp_gain":0.0,"max_hp_loss":0.0,"gold_gain":0.0,"event_name":"Scrap Ooze","player_choice":"Success","floor":5.0,"gold_loss":0.0,"damage_taken":7.0,"relics_obtained":["Art of War"]},{"damage_healed":0.0,"max_hp_gain":0.0,"max_hp_loss":0.0,"gold_gain":73.0,"event_name":"Golden Wing","player_choice":"Gained Gold","floor":14.0,"gold_loss":0.0,"damage_taken":0.0},{"damage_healed":0.0,"max_hp_gain":0.0,"max_hp_loss":0.0,"gold_gain":0.0,"event_name":"The Mausoleum","player_choice":"Opened","floor":19.0,"gold_loss":0.0,"damage_taken":0.0,"relics_obtained":["Slimebound:PreparedRelic"],"cards_obtained":["Writhe"]},{"cards_removed":["Runesmith:Strike_RS"],"damage_healed":0.0,"max_hp_gain":0.0,"max_hp_loss":0.0,"gold_gain":0.0,"event_name":"Purifier","player_choice":"Purged","floor":21.0,"gold_loss":0.0,"damage_taken":0.0},{"damage_healed":0,"gold_gain":0,"player_choice":"Inject Mutagens","damage_taken":0,"relics_obtained":["MutagenicStrength"],"max_hp_gain":0,"max_hp_loss":0,"event_name":"Drug Dealer","floor":30,"gold_loss":0},{"damage_healed":0,"gold_gain":0,"player_choice":"Fight","damage_taken":0,"max_hp_gain":0,"max_hp_loss":0,"event_name":"MindBloom","floor":36,"gold_loss":0},{"damage_healed":0,"gold_gain":0,"player_choice":"Fight","damage_taken":0,"max_hp_gain":0,"max_hp_loss":0,"event_name":"OrinTheCat","floor":39,"gold_loss":0},{"cards_removed":["Runesmith:Strike_RS"],"damage_healed":0,"gold_gain":0,"player_choice":"Upgrade and Remove","damage_taken":0,"max_hp_gain":0,"max_hp_loss":0,"event_name":"Designer","floor":44,"gold_loss":90,"cards_upgraded":["Runesmith:NanitesCloud"]},{"damage_healed":0,"gold_gain":0,"player_choice":"Ignored","damage_taken":0,"max_hp_gain":0,"max_hp_loss":0,"event_name":"Tomb of Lord Red Mask","floor":47,"gold_loss":0}],"is_beta":false,"boss_relics":[{"not_picked":["SacredBark","Cursed Key"],"picked":"Runic Pyramid"},{"not_picked":["Tiny House","Empty Cage"],"picked":"Black Star"}],"items_purged_floors":[4,20,37],"is_endless":false,"potions_floor_spawned":[2,8,12,16,23,27,29,33,36,39,40,54],"ascension_level":4}}