{"host":"4c7oxphrh4ok8x7u","time":1610896761,"event":{"mods":["100% Spire Juice","2.2 Compatiblity","Act Like it!","Arknights The Spire","Aspiration","BaseMod","Better Skull","Better Vampires","BetterRewards","Challenge The Spire","Conjunction","Conspire","Custom Start","Dota2Spire","Ekko","Evolution","Fiend Mod","Friendly Minions","FruityMod","GifTheSpireLib","Good Game Mod","Halation","Hermit","HololiveMod","Hubris","Hyrulean Relics","Jedi Mod","Jess\u0027s Bottle","Kratos Character Expansion","Minty Spire (QoL Compilation)","MostiFishMod","Permanent Neow","Poor People Problems","Prisma Mod","Quarter Circle Forward PUNCH!","RatMod","Replay The Spire","Robot Space Explorer","SCP261 Mod","Shade Mod","Slay the Relics Exporter","Small Relic Pack","Spicy Shops","Spikes Relics","Spires And Sneckos","StS++","StSLib","Stuff the Spire","The Animator","The Blue Laboratory","The Death Knight","The Edgeheg","The Exalted","The Fake Hero","The Trickster","TheVacant","TheWitcher","Wandering Minibosses","WarShipGirlsR/????R mod","[GremlinLeader]The Maniac"],"gold_per_floor":[111,111,111,124,140,140,173,186,186,196,41,60,60,71,71,71,71],"floor_reached":16,"language":"RUS","playtime":655,"items_purged":[],"score":154,"play_id":"765403e4-8926-49df-ab0c-6a957f1fab23","local_time":"20210117181921","is_ascension_mode":false,"campfire_choices":[{"floor":6,"key":"RECALL"},{"data":"Fiend:FiendSalvage","floor":13,"key":"SMITH"},{"data":"Fiend:FiendMutativeArms","floor":15,"key":"SMITH"}],"circlet_count":0,"master_deck":["Fiend:FiendDemonSlash","Fiend:FiendDemonSlash","Fiend:FiendDemonSlash","Fiend:FiendDemonSlash","Fiend:FiendDemonSlash","Fiend:FiendFortify","Fiend:FiendFortify","Fiend:FiendFortify","Fiend:FiendFortify","Fiend:FiendConsume","Discovery","Fiend:FiendRam","MostiFishMod:Overload","Fiend:FiendMeditate","Fiend:FiendRadiation","Fiend:FiendSalvage+1","Fiend:FiendGreaterDemonSlash","Fiend:FiendMeatMagnet","Fiend:FiendSalvage","Fiend:FiendMutativeArms+1","Fiend:FiendRam"],"relics":["Fiend:FiendTotem","EVO:Axolotl","DaveBox","REME:ComplimentaryCards","SynthV:TestCard","FeatherPendant","conspire:GlowingRock","hubris:ToyBattleship","RoseTintedShades","DollysMirror"],"acts_visited":["Exordium"],"potions_floor_usage":[],"damage_taken":[{"damage":3,"enemies":"Jaw Worm","floor":1,"turns":3},{"damage":4,"enemies":"2 Louse","floor":4,"turns":2},{"damage":0,"enemies":"Small Slimes","floor":5,"turns":2},{"damage":10,"enemies":"Lagavulin","floor":7,"turns":3},{"damage":2,"enemies":"Exordium Wildlife","floor":8,"turns":3},{"damage":0,"enemies":"2 Fungi Beasts","floor":10,"turns":1},{"damage":4,"enemies":"Blue Slaver","floor":12,"turns":3},{"damage":34,"enemies":"Red Slaver","floor":14,"turns":1},{"damage":16,"enemies":"The Guardian","floor":16,"turns":4}],"seed_played":"-5743983425735591486","potions_obtained":[],"is_trial":false,"path_per_floor":["M","?","?","M","M","R","E","M","T","M","$","M","R","M","R","B"],"character_chosen":"THE_FIEND","items_purchased":["DollysMirror"],"campfire_rested":0,"item_purchase_floors":[11],"current_hp_per_floor":[68,68,65,61,61,61,51,54,54,54,54,50,50,16,16,0,0],"gold":71,"neow_bonus":"RANDOM_COLORLESS","is_daily":false,"chose_seed":false,"campfire_upgraded":2,"win_rate":0.0,"timestamp":1610896761,"path_taken":["M","?","?","M","M","R","E","M","T","M","$","M","R","M","R","BOSS"],"items_purchased_type":["Relic"],"build_version":"2020-12-22","purchased_purges":0,"victory":false,"max_hp_per_floor":[71,71,71,71,71,71,71,72,72,72,72,72,72,72,72,72,72],"card_choices":[{"not_picked":["StSpp:Unbreakable","Flash of Steel"],"picked":"Discovery","floor":0},{"not_picked":["Fiend:FiendMeditate","Fiend:FiendMeatShield"],"picked":"Fiend:FiendRam","floor":1},{"not_picked":["Fiend:FiendRampage","Fiend:FiendRam","Fiend:FiendFiendishCharge","Fiend:FiendSplat"],"picked":"Fiend:FiendMeditate","floor":4},{"not_picked":["Fiend:FiendFleshPlating","Fiend:FiendBloodlust","Fiend:FiendBulkUp","Fiend:FiendBackFromHell"],"picked":"Fiend:FiendRadiation","floor":5},{"not_picked":["Fiend:FiendSiphon","Fiend:FiendExecute","Fiend:FiendAlchemeat","Fiend:FiendUnstableCells"],"picked":"Fiend:FiendSalvage","floor":7},{"not_picked":["Fiend:FiendSplat","Fiend:FiendRadiation","Fiend:FiendRage","Fiend:FiendConserve"],"picked":"Fiend:FiendGreaterDemonSlash","floor":8},{"not_picked":["Fiend:FiendFiendishCharge","Fiend:FiendBloodPrice","Fiend:FiendMeatPaste","Fiend:FiendGreaterDemonSlash"],"picked":"Fiend:FiendMeatMagnet","floor":10},{"not_picked":["Fiend:FiendExecute","Fiend:FiendMeditate","Fiend:FiendTransmeatation","Fiend:FiendVaccine"],"picked":"Fiend:FiendMutativeArms","floor":12},{"not_picked":["Fiend:FiendRage","Fiend:FiendDemonWhip","Fiend:FiendFiendishCharge","Fiend:FiendFleshPlating"],"picked":"Fiend:FiendRam","floor":14}],"player_experience":710535,"relics_obtained":[{"floor":1,"key":"SynthV:TestCard"},{"floor":7,"key":"hubris:ToyBattleship"},{"floor":9,"key":"RoseTintedShades"}],"event_choices":[{"damage_healed":0,"gold_gain":0,"player_choice":"Disagree","damage_taken":0,"max_hp_gain":0,"max_hp_loss":0,"event_name":"conspire:LoneGhost","floor":2,"gold_loss":0}],"is_beta":false,"boss_relics":[],"items_purged_floors":[],"is_endless":false,"potions_floor_spawned":[5,12,14],"killed_by":"The Guardian","ascension_level":0}}