{"host":"7qoz5gmva6til3yp","time":1610861715,"event":{"mods":["AchievementEnabler","BaseMod","Minty Spire (QoL Compilation)","Replay The Spire","StSLib","SuperFastMode"],"gold_per_floor":[110,129,54,4,79,106,106,119,119,446,446,481,499,511,511,611,611,629,644,644,664,675,675,694,720,795,795,807,807,193,209,209,310,310,324,2,22,35,35,35,67,77,77,177,196,196,196,227,227,227],"floor_reached":51,"language":"KOR","playtime":2668,"items_purged":["Strike_B","Defend_B","Strike_B","Strike_B"],"score":1135,"play_id":"ae051ab7-cf8e-4ec4-b34d-090c2e73ddc0","local_time":"20210117143515","is_ascension_mode":true,"campfire_choices":[{"data":"Genetic Algorithm","floor":7.0,"key":"SMITH"},{"data":"Zap","floor":15.0,"key":"SMITH"},{"data":"Fusion","floor":23,"key":"SMITH"},{"data":"Loop","floor":27,"key":"SMITH"},{"floor":32,"key":"DIG"},{"data":"Creative AI","floor":40,"key":"SMITH"},{"data":"Glacier","floor":47,"key":"SMITH"},{"data":"Buffer","floor":49,"key":"SMITH"}],"circlet_count":0,"master_deck":["Strike_B","Defend_B","Defend_B","Zap+1","Dualcast","Sweeping Beam","Genetic Algorithm+1","Conserve Battery","Loop+1","Chill","Ball Lightning","Echo Form","Loop+1","Fusion+1","Glacier+1","Hologram","Coolheaded","Creative AI+1","Turbo+1","Capacitor","Cold Snap","Cold Snap","Buffer+1","ReplayTheSpireMod:System Scan+1","Compile Driver"],"relics":["Cracked Core","NeowsBlessing","Torii","Unceasing Top","Replay:Accelerometer","Carrot","Oddly Smooth Stone","SlaversCollar","Juzu Bracelet","Shuriken","CultistMask","Bird Faced Urn","Raider\u0027s Mask","Omamori","Cursed Key","OrangePellets","Replay:Antivirus Software","Bottled Tornado","ReplayTheSpireMod:Shallot","Blue Candle","Garlic","Blood Vial"],"acts_visited":["Exordium","TheCity","TheBeyond"],"potions_floor_usage":[33,33,38,50],"damage_taken":[{"damage":0.0,"enemies":"2 Louse","floor":1.0,"turns":1.0},{"damage":0.0,"enemies":"Jaw Worm","floor":2.0,"turns":1.0},{"damage":0.0,"enemies":"3 Sentries","floor":6.0,"turns":1.0},{"damage":1.0,"enemies":"Cultist","floor":8.0,"turns":4.0},{"damage":14.0,"enemies":"Gremlin Nob","floor":12.0,"turns":3.0},{"damage":1.0,"enemies":"Looter","floor":13.0,"turns":2.0},{"damage":0.0,"enemies":"Red Slaver","floor":14.0,"turns":3.0},{"damage":3.0,"enemies":"Hexaghost","floor":16.0,"turns":8.0},{"damage":0,"enemies":"Chosen","floor":18,"turns":4},{"damage":25,"enemies":"Shell Parasite","floor":19,"turns":5},{"damage":30,"enemies":"Cultist and Chosen","floor":21,"turns":5},{"damage":7,"enemies":"Sentry and Sphere","floor":22,"turns":6},{"damage":9,"enemies":"Snake Plant","floor":24,"turns":5},{"damage":66,"enemies":"Book of Stabbing","floor":25,"turns":6},{"damage":0,"enemies":"Centurion and Healer","floor":28,"turns":7},{"damage":8,"enemies":"Shelled Parasite and Fungi","floor":31,"turns":6},{"damage":18,"enemies":"Champ","floor":33,"turns":11},{"damage":14,"enemies":"Orb Walker","floor":35,"turns":6},{"damage":39,"enemies":"3 Shapes","floor":37,"turns":5},{"damage":2,"enemies":"Writhing Mass","floor":38,"turns":7},{"damage":33,"enemies":"Nemesis","floor":41,"turns":11},{"damage":49,"enemies":"3 Darklings","floor":42,"turns":8},{"damage":0,"enemies":"Maw","floor":45,"turns":9},{"damage":0,"enemies":"R_Hoarder","floor":48,"turns":9},{"damage":26,"enemies":"Time Eater","floor":50,"turns":13}],"seed_played":"-6122575522878997008","potions_obtained":[{"floor":6.0,"key":"Cursed Concoction"},{"floor":13.0,"key":"Dexterity Potion"},{"floor":14.0,"key":"Milkshake"},{"floor":16.0,"key":"Ancient Potion"},{"floor":20,"key":"PotionOfCapacity"},{"floor":25,"key":"Venom Potion"},{"floor":28,"key":"FocusPotion"},{"floor":37,"key":"AttackPotion"},{"floor":38,"key":"Toxic Potion"},{"floor":42,"key":"Explosive Potion"}],"is_trial":false,"path_per_floor":["M","M","$","?","?","E","R","M","T","$","?","E","M","M","R","B",null,"M","M","?","M","M","R","M","E","T","R","M","?","$","M","R","B",null,"M","$","M","M","?","R","E","M","T","?","M","?","R","E","R","B",null],"character_chosen":"DEFECT","items_purchased":["Loop","Replay:Accelerometer","Carrot","Bird Faced Urn","Raider\u0027s Mask","Hologram","OrangePellets","Replay:Antivirus Software","Capacitor","Cold Snap","Bottled Tornado"],"campfire_rested":0,"item_purchase_floors":[10,10,10,30,30,30,36,36,36,36,36],"current_hp_per_floor":[68,68,68,68,57,57,57,56,56,56,56,42,41,41,41,38,66,66,41,41,11,4,4,45,29,29,29,29,29,29,29,29,19,61,61,61,40,60,60,60,55,26,26,26,44,44,44,68,68,71],"gold":227,"neow_bonus":"THREE_ENEMY_KILL","is_daily":false,"chose_seed":false,"campfire_upgraded":7,"win_rate":0.0,"timestamp":1610861715,"path_taken":["M","M","$","?","?","E","R","M","T","$","?","E","?","M","R","BOSS","M","M","?","?","M","R","M","E","T","R","M","?","?","M","R","BOSS","M","$","M","M","?","R","E","M","T","?","M","?","R","E","R","BOSS"],"items_purchased_type":["Card","Relic","Relic","Relic","Relic","Card","Relic","Relic","Card","Card","Relic"],"build_version":"2020-12-22","purchased_purges":4,"victory":true,"max_hp_per_floor":[75,75,75,75,75,75,75,75,75,75,75,75,75,75,75,75,75,75,75,75,75,75,75,75,75,75,75,75,75,75,75,75,75,75,75,75,75,75,71,71,71,71,71,71,71,71,71,71,71,71],"card_choices":[{"not_picked":["Hologram","Beam Cell"],"picked":"Sweeping Beam","floor":1.0},{"not_picked":["Hologram","Tempest"],"picked":"Genetic Algorithm","floor":2.0},{"not_picked":["Reprogram","Panic Button","Storm"],"picked":"SKIP","floor":6.0},{"not_picked":["Cold Snap","Leap"],"picked":"Conserve Battery","floor":8.0},{"not_picked":["Crystallizer","Fission"],"picked":"Chill","floor":12.0},{"not_picked":["Gash","Beam Cell"],"picked":"Ball Lightning","floor":13.0},{"not_picked":["Rebound","BootSequence","Force Field"],"picked":"SKIP","floor":14.0},{"not_picked":["Rainbow","ReplayRNGCard"],"picked":"Echo Form","floor":16.0},{"not_picked":["Blizzard","Redo"],"picked":"Loop","floor":18},{"not_picked":["ReplayGash","Go for the Eyes+1","Rebound"],"picked":"SKIP","floor":19},{"not_picked":["Stack","Sunder+1","ReplayTheSpireMod:System Scan"],"picked":"SKIP","floor":21},{"not_picked":["Crystallizer+1","Sweeping Beam+1"],"picked":"Fusion","floor":22},{"not_picked":["BasicCrystalCard","Steam Power","Barrage"],"picked":"SKIP","floor":24},{"not_picked":["Blizzard","Hello World","Crystallizer+1"],"picked":"SKIP","floor":25},{"not_picked":["ReplayTheSpireMod:Omega Cannon","Rebound"],"picked":"Glacier","floor":28},{"not_picked":["White Noise","Steam"],"picked":"Coolheaded","floor":31},{"not_picked":["Machine Learning","Fission"],"picked":"Creative AI","floor":33},{"not_picked":["Stack","Consume"],"picked":"Turbo+1","floor":35},{"not_picked":["Hologram","Lockon","Stack+1"],"picked":"SKIP","floor":37},{"not_picked":["Go for the Eyes+1","Static Discharge+1","Fusion"],"picked":"SKIP","floor":38},{"not_picked":["Sweeping Beam+1","Turbo"],"picked":"Buffer","floor":41},{"not_picked":["Hologram+1","Rip and Tear"],"picked":"ReplayTheSpireMod:System Scan+1","floor":42},{"not_picked":["Melter+1","Hologram","Coolheaded"],"picked":"SKIP","floor":45},{"not_picked":["White Noise","Heatsinks"],"picked":"Compile Driver","floor":48}],"player_experience":366523,"relics_obtained":[{"floor":6.0,"key":"Torii"},{"floor":9.0,"key":"Unceasing Top"},{"floor":12.0,"key":"Oddly Smooth Stone"},{"floor":25,"key":"Juzu Bracelet"},{"floor":26,"key":"Shuriken"},{"floor":32,"key":"Omamori"},{"floor":41,"key":"ReplayTheSpireMod:Shallot"},{"floor":43,"key":"Blue Candle"},{"floor":46,"key":"Garlic"},{"floor":48,"key":"Blood Vial"}],"event_choices":[{"cards_removed":["Defend_B"],"damage_healed":0.0,"max_hp_gain":0.0,"max_hp_loss":0.0,"gold_gain":0.0,"event_name":"The Cleric","player_choice":"Card Removal","floor":4.0,"gold_loss":50.0,"damage_taken":0.0},{"damage_healed":0.0,"max_hp_gain":0.0,"max_hp_loss":0.0,"gold_gain":75.0,"event_name":"World of Goop","player_choice":"Gather Gold","floor":5.0,"gold_loss":0.0,"damage_taken":11.0},{"damage_healed":0.0,"max_hp_gain":0.0,"max_hp_loss":0.0,"gold_gain":0.0,"event_name":"Accursed Blacksmith","player_choice":"Forge","floor":11.0,"gold_loss":0.0,"damage_taken":0.0,"cards_upgraded":["Loop"]},{"damage_healed":0,"gold_gain":0,"player_choice":"Got Potions","damage_taken":0,"max_hp_gain":0,"max_hp_loss":0,"event_name":"Lab","floor":20,"gold_loss":0},{"damage_healed":0,"gold_gain":0,"player_choice":"Trade","damage_taken":0,"relics_obtained":["CultistMask"],"max_hp_gain":0,"max_hp_loss":0,"event_name":"FaceTrader","floor":29,"gold_loss":0},{"damage_healed":0,"gold_gain":0,"player_choice":"Max HP","damage_taken":0,"max_hp_gain":0,"max_hp_loss":4,"event_name":"Winding Halls","floor":39,"gold_loss":0},{"damage_healed":0,"gold_gain":100,"player_choice":"Pray","damage_taken":0,"max_hp_gain":0,"max_hp_loss":0,"event_name":"Golden Shrine","floor":44,"gold_loss":0},{"damage_healed":0,"gold_gain":0,"player_choice":"Relic","damage_taken":0,"max_hp_gain":0,"max_hp_loss":0,"event_name":"Wheel of Change","floor":46,"gold_loss":0}],"is_beta":false,"boss_relics":[{"not_picked":["Pandora\u0027s Box","Fusion Hammer"],"picked":"SlaversCollar"},{"not_picked":["Runic Dome","Busted Crown"],"picked":"Cursed Key"}],"items_purged_floors":[3,10,30,36],"is_endless":false,"potions_floor_spawned":[6,13,14,16,19,22,25,28,37,38,42],"ascension_level":8}}