{"host":"kw4o7b3ro2ktmmbe","time":1610878536,"event":{"mods":["100% Spire Juice","BaseMod","Evolution","Minty Spire (QoL Compilation)","StSLib"],"gold_per_floor":[113,113,130,142,217,97,109,109,133,13,29,29,41,56,56,151,31,45,57,36,82,98,142,142,174,207,207,207,228,129,152,152,265,265,288,288,297,318,375,375,404,329,361,393,402,402,424,443,452,452],"floor_reached":51,"language":"ENG","playtime":7487,"items_purged":["Decay"],"score":1045,"play_id":"e7e9a509-ac96-41c5-be12-e738ccee154c","local_time":"20210117231536","is_ascension_mode":true,"campfire_choices":[{"data":"Moonworks:IndiscriminateFireSupport","floor":6.0,"key":"SMITH"},{"data":"Moonworks:MiracleWalker","floor":15.0,"key":"SMITH"},{"data":"Moonworks:Accelerator","floor":24.0,"key":"SMITH"},{"floor":27.0,"key":"REST"},{"floor":32.0,"key":"REST"},{"data":"Moonworks:CloudOfSeagulls","floor":40.0,"key":"SMITH"},{"floor":45.0,"key":"REST"},{"floor":49,"key":"REST"}],"circlet_count":0,"master_deck":["Moonworks:Strike","Moonworks:Strike","Moonworks:Strike","Moonworks:Strike","Moonworks:Defend","Moonworks:Defend","Moonworks:Defend","Moonworks:Ambush","Moonworks:LongDistanceShot","Moonworks:IndiscriminateFireSupport+1","Moonworks:Accelerator+1","Moonworks:NicePresent","Moonworks:MiracleWalker+1","Moonworks:NicePresent","Moonworks:Accelerator","Moonworks:BigMagnum+1","Moonworks:HolyNight","Moonworks:HolyNight","Clumsy","Moonworks:Poppoformation+1","Moonworks:ReproductionOfRecords+1","Moonworks:Blazing","Moonworks:PlushieMaster","Moonworks:CloudOfSeagulls+1","Dark Shackles","Moonworks:CloudOfSeagulls+1","Moonworks:Accelerator","Injury","Moonworks:UnluckyCharm+1","Parasite","Moonworks:ImmovableObject+1","Moonworks:FullSpeedAlicianrone"],"relics":["Moonworks:Homemark","EVO:Axolotl","Cursed Key","Strawberry","Black Star","CeramicFish","Centennial Puzzle","Pen Nib","Anchor","Moonworks:LittleGull","Vajra","Philosopher\u0027s Stone","StoneCalendar","Mummified Hand","Bottled Flame","Oddly Smooth Stone","Dream Catcher","White Beast Statue"],"acts_visited":["Exordium","TheCity","TheBeyond"],"potions_floor_usage":[50],"damage_taken":[{"damage":0.0,"enemies":"Small Slimes","floor":1.0,"turns":3.0},{"damage":0.0,"enemies":"2 Louse","floor":3.0,"turns":2.0},{"damage":7.0,"enemies":"Jaw Worm","floor":4.0,"turns":2.0},{"damage":2.0,"enemies":"Exordium Wildlife","floor":7.0,"turns":2.0},{"damage":0.0,"enemies":"2 Fungi Beasts","floor":11.0,"turns":3.0},{"damage":0.0,"enemies":"Large Slime","floor":13.0,"turns":3.0},{"damage":0.0,"enemies":"Looter","floor":14.0,"turns":1.0},{"damage":0.0,"enemies":"Slime Boss","floor":16.0,"turns":5.0},{"damage":5.0,"enemies":"Chosen","floor":18.0,"turns":2.0},{"damage":0.0,"enemies":"3 Byrds","floor":19.0,"turns":2.0},{"damage":23.0,"enemies":"Snecko","floor":22.0,"turns":4.0},{"damage":0.0,"enemies":"Slavers","floor":23.0,"turns":1.0},{"damage":24.0,"enemies":"Gremlin Leader","floor":25.0,"turns":4.0},{"damage":0.0,"enemies":"Snake Plant","floor":28.0,"turns":2.0},{"damage":0.0,"enemies":"Centurion and Healer","floor":29.0,"turns":1.0},{"damage":2.0,"enemies":"Chosen and Byrds","floor":30.0,"turns":3.0},{"damage":22.0,"enemies":"Snake Plant","floor":31.0,"turns":3.0},{"damage":32.0,"enemies":"Champ","floor":33.0,"turns":5.0},{"damage":0.0,"enemies":"3 Darklings","floor":35.0,"turns":1.0},{"damage":27.0,"enemies":"Orb Walker","floor":38.0,"turns":4.0},{"damage":8.0,"enemies":"2 Orb Walkers","floor":39.0,"turns":2.0},{"damage":6.0,"enemies":"Giant Head","floor":41.0,"turns":4.0},{"damage":19.0,"enemies":"Nemesis","floor":44.0,"turns":1.0},{"damage":6,"enemies":"Writhing Mass","floor":47,"turns":5},{"damage":0,"enemies":"Jaw Worm Horde","floor":48,"turns":1},{"damage":16,"enemies":"Donu and Deca","floor":50,"turns":6}],"seed_played":"1854028509778870364","potions_obtained":[{"floor":11.0,"key":"Energy Potion"},{"floor":13.0,"key":"Swift Potion"},{"floor":14.0,"key":"Energy Potion"},{"floor":16.0,"key":"LiquidBronze"},{"floor":22.0,"key":"Energy Potion"},{"floor":23.0,"key":"SmokeBomb"},{"floor":29.0,"key":"Ancient Potion"},{"floor":31.0,"key":"SteroidPotion"},{"floor":33.0,"key":"SpeedPotion"},{"floor":38.0,"key":"Ancient Potion"},{"floor":41.0,"key":"Moonworks:OneHundredPercentOrangeJuicePotion"},{"floor":44.0,"key":"SkillPotion"},{"floor":47,"key":"SteroidPotion"},{"floor":48,"key":"Energy Potion"}],"is_trial":false,"path_per_floor":["M","?","M","M","?","R","M","?","T","$","M","?","M","M","R","B",null,"M","M","?","T","M","E","R","E","T","R","M","M","M","M","R","B",null,"M","?","?","M","?","R","E","$","T","E","R","T","M","M","R","B",null],"character_chosen":"THE_STARBREAKER","items_purchased":[],"campfire_rested":4,"item_purchase_floors":[],"current_hp_per_floor":[60,60,60,53,42,42,40,45,52,52,52,52,52,52,52,52,67,62,62,62,62,39,39,39,15,15,36,44,44,42,20,41,9,56,56,56,56,32,24,24,26,26,26,7,28,28,22,22,43,27],"gold":452,"neow_bonus":"BOSS_RELIC","is_daily":false,"chose_seed":false,"campfire_upgraded":4,"win_rate":0.0,"timestamp":1610878536,"path_taken":["M","?","M","M","?","R","M","?","T","$","M","?","M","M","R","BOSS","M","M","?","?","M","E","R","E","T","R","M","M","M","M","R","BOSS","M","?","?","M","?","R","E","$","T","E","R","?","M","M","R","BOSS"],"items_purchased_type":[],"build_version":"2020-12-22","purchased_purges":1,"victory":true,"max_hp_per_floor":[60,60,60,60,60,60,60,65,72,72,72,72,72,72,72,72,72,72,72,72,72,72,72,72,72,72,72,72,72,72,72,72,72,72,72,72,72,72,72,72,72,72,72,72,72,72,72,72,72,72],"card_choices":[{"not_picked":["Moonworks:NicePresent","Moonworks:EvilSpyWorkPreparation"],"picked":"Moonworks:IndiscriminateFireSupport","floor":1.0},{"not_picked":["Moonworks:LulusLuckyEgg","Moonworks:ImOnFire","Moonworks:BindingChains"],"picked":"SKIP","floor":3.0},{"not_picked":["Moonworks:Poppoformation","Moonworks:SakisCookie"],"picked":"Moonworks:Accelerator","floor":4.0},{"not_picked":["Moonworks:x16BigRocket","Moonworks:MixPhenomenon"],"picked":"Moonworks:NicePresent","floor":7.0},{"not_picked":["Moonworks:DeployBits","Moonworks:ImOnFire","Moonworks:BigMagnum"],"picked":"SKIP","floor":11.0},{"not_picked":["Moonworks:AwakeningOfTalent","Moonworks:IntelligenceOfficer"],"picked":"Moonworks:MiracleWalker","floor":13.0},{"not_picked":["Moonworks:EvilSpyWorkPreparation","Moonworks:IndiscriminateFireSupport"],"picked":"Moonworks:NicePresent","floor":14.0},{"not_picked":["Moonworks:FinalBattle","Moonworks:GoAway"],"picked":"Moonworks:Accelerator","floor":16.0},{"not_picked":["Moonworks:NicePresent","Moonworks:DeployBits"],"picked":"Moonworks:BigMagnum+1","floor":18.0},{"not_picked":["Moonworks:ImOnFire","Moonworks:NicePresent"],"picked":"Moonworks:HolyNight","floor":19.0},{"not_picked":["Moonworks:IndiscriminateFireSupport","Moonworks:SweetBattle","Moonworks:SakisCookie"],"picked":"SKIP","floor":22.0},{"not_picked":["Moonworks:SakisCookie","Moonworks:CastOff"],"picked":"Moonworks:HolyNight","floor":23.0},{"not_picked":["Moonworks:Assault","Moonworks:ImOnFire","Moonworks:LulusLuckyEgg"],"picked":"SKIP","floor":25.0},{"not_picked":["Moonworks:SakisCookie","Moonworks:BindingChains"],"picked":"Moonworks:Poppoformation+1","floor":29.0},{"not_picked":["Moonworks:Dash","Moonworks:Assault"],"picked":"Moonworks:ReproductionOfRecords+1","floor":30.0},{"not_picked":["Moonworks:SelfDestruct","Moonworks:JonathanRush"],"picked":"Moonworks:Blazing","floor":31.0},{"not_picked":["Moonworks:StarBlastingFuse","Moonworks:ReflectiveShell"],"picked":"Moonworks:PlushieMaster","floor":33.0},{"not_picked":["Moonworks:Dash+1","Moonworks:ImOnFire+1"],"picked":"Moonworks:CloudOfSeagulls","floor":35.0},{"not_picked":["Finesse","Violence"],"picked":"Dark Shackles","floor":37.0},{"not_picked":["Moonworks:SakisCookie+1","Moonworks:BigMagnum"],"picked":"Moonworks:CloudOfSeagulls+1","floor":38.0},{"not_picked":["Moonworks:BigMagnum","Moonworks:JonathanRush+1"],"picked":"Moonworks:Accelerator","floor":39.0},{"not_picked":["Moonworks:LulusLuckyEgg+1","Moonworks:UnpaidWork","Moonworks:x16BigRocket"],"picked":"SKIP","floor":41.0},{"not_picked":["Moonworks:DeployBits+1","Moonworks:SinkOrSwim","Moonworks:AwakeningOfTalent"],"picked":"SKIP","floor":44.0},{"not_picked":["Moonworks:BigMagnum","Moonworks:SealedMemories"],"picked":"Moonworks:UnluckyCharm+1","floor":45.0},{"not_picked":["Moonworks:SakisCookie","Moonworks:DeployBits","Moonworks:LulusLuckyEgg"],"picked":"SKIP","floor":47},{"not_picked":["Moonworks:ImOnFire","Moonworks:Assault"],"picked":"Moonworks:ImmovableObject+1","floor":48},{"not_picked":["Moonworks:SakisCookie","Moonworks:IndiscriminateFireSupport+1"],"picked":"Moonworks:FullSpeedAlicianrone","floor":49}],"player_experience":1843550,"relics_obtained":[{"floor":9.0,"key":"Strawberry"},{"floor":21.0,"key":"CeramicFish"},{"floor":23.0,"key":"Centennial Puzzle"},{"floor":23.0,"key":"Pen Nib"},{"floor":25.0,"key":"Anchor"},{"floor":25.0,"key":"Moonworks:LittleGull"},{"floor":26.0,"key":"Vajra"},{"floor":39.0,"key":"StoneCalendar"},{"floor":41.0,"key":"Mummified Hand"},{"floor":41.0,"key":"Bottled Flame"},{"floor":43.0,"key":"Oddly Smooth Stone"},{"floor":44.0,"key":"Dream Catcher"},{"floor":44.0,"key":"White Beast Statue"}],"event_choices":[{"damage_healed":0.0,"max_hp_gain":0.0,"max_hp_loss":0.0,"gold_gain":0.0,"event_name":"The Cleric","player_choice":"Leave","floor":2.0,"gold_loss":0.0,"damage_taken":0.0},{"damage_healed":0.0,"max_hp_gain":0.0,"max_hp_loss":0.0,"gold_gain":75.0,"event_name":"World of Goop","player_choice":"Gather Gold","floor":5.0,"gold_loss":0.0,"damage_taken":11.0},{"damage_healed":0.0,"max_hp_gain":5.0,"max_hp_loss":0.0,"gold_gain":0.0,"event_name":"Big Fish","player_choice":"Donut","floor":8.0,"gold_loss":0.0,"damage_taken":0.0},{"cards_removed":["Decay"],"damage_healed":0.0,"max_hp_gain":0.0,"max_hp_loss":0.0,"gold_gain":0.0,"event_name":"Living Wall","player_choice":"Forget","floor":12.0,"gold_loss":0.0,"damage_taken":0.0},{"damage_healed":0.0,"max_hp_gain":0.0,"max_hp_loss":0.0,"gold_gain":99.0,"event_name":"Nest","player_choice":"Stole From Cult","floor":20.0,"gold_loss":0.0,"damage_taken":0.0},{"cards_removed":["Moonworks:Defend"],"damage_healed":0.0,"max_hp_gain":0.0,"max_hp_loss":0.0,"gold_gain":0.0,"event_name":"Falling","player_choice":"Removed Skill","floor":36.0,"gold_loss":0.0,"damage_taken":0.0},{"damage_healed":0.0,"max_hp_gain":0.0,"max_hp_loss":0.0,"gold_gain":0.0,"event_name":"SensoryStone","player_choice":"Memory 1","floor":37.0,"gold_loss":0.0,"damage_taken":0.0},{"damage_healed":0.0,"max_hp_gain":0.0,"max_hp_loss":0.0,"gold_gain":0.0,"event_name":"Mysterious Sphere","player_choice":"Fight","floor":39.0,"gold_loss":0.0,"damage_taken":0.0}],"is_beta":false,"boss_relics":[{"not_picked":["Ectoplasm","Busted Crown"],"picked":"Black Star"},{"not_picked":["Runic Pyramid","Fusion Hammer"],"picked":"Philosopher\u0027s Stone"}],"items_purged_floors":[42],"is_endless":false,"potions_floor_spawned":[11,13,14,16,18,22,23,29,31,33,38,41,44,47,48],"ascension_level":5}}