{"host":"fworv1gvvajf3x0f","time":1610854834,"event":{"mods":["AchievementEnabler","Aspiration","BaseMod","Better Match","Better Note","Better Sensory Stone","Better Vampires","Colored Map","Colored Powertips","Displayed Cursed Tome","Good Game Mod","Highlight Path","Infinite Spire","Minty Spire (QoL Compilation)","Poor People Problems","Relic Stats","Replay The Spire","StSLib"],"gold_per_floor":[109,123,133,148,159,159,173,191,191,270,283,283,293,303,303,407,407,418,438,438,458,477,477,495,495,495,495,520,49,118,118,118,216,216,235,77,17,17,34,59,59,59,59],"floor_reached":42,"language":"ZHS","playtime":4921,"items_purged":["Defend_G","Strike_G","Strike_G"],"score":593,"play_id":"47d59b32-ada4-4a1c-bd32-99ed6f3767c5","local_time":"20210117114034","is_ascension_mode":true,"campfire_choices":[{"data":"Draining Mist","floor":6,"key":"SMITH"},{"floor":12,"key":"REST"},{"data":"Bullet Time","floor":15,"key":"SMITH"},{"data":"Burst","floor":23,"key":"SMITH"},{"data":"Outmaneuver","floor":25,"key":"SMITH"},{"data":"Acrobatics","floor":27,"key":"SMITH"},{"floor":32,"key":"REST"},{"floor":41,"key":"RECALL"}],"circlet_count":0,"master_deck":["Strike_G","Strike_G","Defend_G","Defend_G","Defend_G","Survivor","Neutralize","Draining Mist+1","Madness","Prepared","Bullet Time+1","Finisher","Hidden Blade","Well Laid Plans","Underhanded Strike","Phantasmal Killer","Reflex","Backflip","Burst+1","CurseOfTheBell","ReplayTheSpireMod:Scrap Shanks","Blade Dance","Reflex","Acrobatics+1","Tactician","Outmaneuver","Outmaneuver","A Thousand Cuts","Predator","Setup","Blade Dance","Fluid Movement","Dodge and Roll","Coolheaded+1","Panic Button+1","infinitespire:Neurotoxin"],"relics":["Ring of the Serpent","REME:ComplimentaryCards","aspiration:Nostalgia","Sizzling Blood","Mirror","PreservedInsect","Calling Bell","Vajra","Shovel","Replay:Bottled Snecko","Durian","Sundial","Orichalcum","infinitespire:PuzzleCube","Tough Bandages","Kunai","PrismaticShard","Replay:PocketPolymizer"],"acts_visited":["Exordium","TheCity","TheBeyond"],"potions_floor_usage":[11,16,16,16,18,28,28,35,42,42],"damage_taken":[{"damage":10,"enemies":"Small Slimes","floor":1,"turns":4},{"damage":0,"enemies":"2 Louse","floor":2,"turns":2},{"damage":8,"enemies":"Cultist","floor":3,"turns":4},{"damage":32,"enemies":"Lots of Slimes","floor":4,"turns":7},{"damage":13,"enemies":"Exordium Thugs","floor":5,"turns":7},{"damage":3,"enemies":"Exordium Wildlife","floor":7,"turns":4},{"damage":19,"enemies":"Lots of Slimes","floor":8,"turns":4},{"damage":12,"enemies":"2 Fungi Beasts","floor":11,"turns":2},{"damage":0,"enemies":"Red Slaver","floor":13,"turns":3},{"damage":0,"enemies":"Looter","floor":14,"turns":2},{"damage":15,"enemies":"Hexaghost","floor":16,"turns":9},{"damage":19,"enemies":"2 Thieves","floor":18,"turns":4},{"damage":0,"enemies":"Chosen","floor":19,"turns":3},{"damage":0,"enemies":"Centurion and Healer","floor":21,"turns":1},{"damage":27,"enemies":"Snake Plant","floor":22,"turns":5},{"damage":20,"enemies":"3 Cultists","floor":24,"turns":7},{"damage":3,"enemies":"Slavers","floor":28,"turns":4},{"damage":0,"enemies":"Champ","floor":33,"turns":11},{"damage":15,"enemies":"3 Shapes","floor":35,"turns":5},{"damage":25,"enemies":"3 Darklings","floor":39,"turns":5},{"damage":11,"enemies":"Nemesis","floor":40,"turns":7},{"damage":0,"enemies":"Reptomancer","floor":42,"turns":2}],"seed_played":"-592262433924013835","potions_obtained":[{"floor":1,"key":"Reflective Coating"},{"floor":2,"key":"Strength Potion"},{"floor":4,"key":"SteroidPotion"},{"floor":13,"key":"Milkshake"},{"floor":16,"key":"Adrenaline Potion"},{"floor":22,"key":"GhostInAJar"},{"floor":24,"key":"SkillPotion"},{"floor":33,"key":"Explosive Potion"},{"floor":35,"key":"FearPotion"},{"floor":40,"key":"Ancient Potion"}],"is_trial":false,"path_per_floor":["M","M","M","M","M","R","M","M","T","?","M","R","M","M","R","B",null,"M","M","AVR","M","M","R","M","R","T","R","E","$","T","T","R","B",null,"M","$","?","AVR","M","E","R","E"],"character_chosen":"THE_SILENT","items_purchased":["Outmaneuver","infinitespire:PuzzleCube","Tough Bandages","Setup","Blade Dance"],"campfire_rested":2,"item_purchase_floors":[29,29,29,36,36],"current_hp_per_floor":[68,72,68,40,31,31,32,17,17,17,9,31,35,39,39,28,74,59,63,68,72,49,49,33,33,33,33,34,34,34,34,57,61,79,68,68,68,68,47,40,40,40,40],"gold":59,"neow_bonus":"NOSTALGIA","is_daily":false,"chose_seed":false,"campfire_upgraded":5,"win_rate":0.0,"timestamp":1610854834,"path_taken":["M","M","M","M","M","R","M","M","T","?","M","R","?","M","R","BOSS","M","M","AVR","M","M","R","M","R","T","R","E","?","?","?","R","BOSS","M","?","?","AVR","M","E","R","E"],"items_purchased_type":["Card","Relic","Relic","Card","Card"],"build_version":"2020-12-22","purchased_purges":3,"victory":false,"max_hp_per_floor":[74,74,74,74,74,74,74,74,74,74,74,74,74,74,74,74,74,74,74,79,79,79,79,79,79,79,79,79,79,79,79,79,79,79,79,79,79,79,79,79,79,79,79],"relic_stats":{"Tough Bandages":[69],"Shovel":0,"counters":[22,102],"Sundial":[4],"PreservedInsect":147,"Kunai":[19],"Orichalcum":[24],"obtain_stats":[{"Replay:PocketPolymizer":40,"aspiration:Nostalgia":0,"Vajra":17,"PreservedInsect":10,"Sizzling Blood":0,"Orichalcum":28,"PrismaticShard":38,"Calling Bell":17,"REME:ComplimentaryCards":0,"Tough Bandages":29,"Shovel":17,"Sundial":26,"Durian":20,"Replay:Bottled Snecko":17,"Kunai":30,"Mirror":9,"infinitespire:PuzzleCube":29,"Ring of the Serpent":34,"Ring of the Snake":0},{"Replay:PocketPolymizer":21,"aspiration:Nostalgia":0,"Vajra":11,"PreservedInsect":7,"Sizzling Blood":0,"Orichalcum":17,"PrismaticShard":19,"Calling Bell":11,"REME:ComplimentaryCards":0,"Tough Bandages":17,"Shovel":11,"Sundial":16,"Durian":13,"Replay:Bottled Snecko":11,"Kunai":17,"Mirror":7,"infinitespire:PuzzleCube":17,"Ring of the Serpent":18,"Ring of the Snake":0},{"Replay:PocketPolymizer":100,"aspiration:Nostalgia":0,"Vajra":48,"PreservedInsect":32,"Sizzling Blood":0,"Orichalcum":72,"PrismaticShard":88,"Calling Bell":48,"REME:ComplimentaryCards":0,"Tough Bandages":72,"Shovel":48,"Sundial":68,"Durian":55,"Replay:Bottled Snecko":48,"Kunai":72,"Mirror":32,"infinitespire:PuzzleCube":72,"Ring of the Serpent":83,"Ring of the Snake":0}]},"card_choices":[{"not_picked":["Dagger Spray","Bane"],"picked":"Draining Mist","floor":1},{"not_picked":["Dagger Throw","Cloak And Dagger"],"picked":"Prepared","floor":2},{"not_picked":["PiercingWail","Dodge and Roll"],"picked":"Bullet Time","floor":3},{"not_picked":["Flying Knee","Dagger Throw","Prepared"],"picked":"SKIP","floor":4},{"not_picked":["Blade Dance","Deadly Poison"],"picked":"Finisher","floor":5},{"not_picked":["Quick Slash","Underhanded Strike"],"picked":"Hidden Blade","floor":7},{"not_picked":["Finisher","Bouncing Flask"],"picked":"Well Laid Plans","floor":8},{"not_picked":["Distraction","Flying Knee"],"picked":"Underhanded Strike","floor":10},{"not_picked":["Deadly Poison","Reflex"],"picked":"Phantasmal Killer","floor":11},{"not_picked":["PiercingWail","Flying Knee"],"picked":"Reflex","floor":13},{"not_picked":["Dagger Spray","Flying Knee"],"picked":"Backflip","floor":14},{"not_picked":["Envenom","Adrenaline"],"picked":"Burst","floor":16},{"not_picked":["Poisoned Stab","Calculated Gamble+1"],"picked":"ReplayTheSpireMod:Scrap Shanks","floor":18},{"not_picked":["Poisoned Stab+1","Dodge and Roll+1"],"picked":"Blade Dance","floor":19},{"not_picked":["Dagger Throw","Malaise"],"picked":"Reflex","floor":21},{"not_picked":["Dagger Spray","Dash+1"],"picked":"Acrobatics","floor":22},{"not_picked":["PiercingWail","Dagger Spray"],"picked":"Outmaneuver","floor":24},{"not_picked":["Glass Knife","Dodge and Roll+1"],"picked":"Tactician","floor":28},{"not_picked":["After Image","Atom Bomb"],"picked":"A Thousand Cuts","floor":33},{"not_picked":["Well Laid Plans","Flechettes"],"picked":"Predator","floor":35},{"not_picked":["PathToVictory","WaveOfTheHand+1"],"picked":"Coolheaded+1","floor":39},{"not_picked":["Steam+1","Cold Snap+1"],"picked":"Panic Button+1","floor":40}],"player_experience":230510,"relics_obtained":[{"floor":9,"key":"Mirror"},{"floor":10,"key":"PreservedInsect"},{"floor":17,"key":"Vajra"},{"floor":17,"key":"Shovel"},{"floor":17,"key":"Replay:Bottled Snecko"},{"floor":26,"key":"Sundial"},{"floor":28,"key":"Orichalcum"},{"floor":30,"key":"Kunai"},{"floor":40,"key":"Replay:PocketPolymizer"}],"event_choices":[{"damage_healed":0,"gold_gain":0,"cards_transformed":["Defend_G","Strike_G"],"player_choice":"Transformed Cards","damage_taken":0,"max_hp_gain":0,"max_hp_loss":0,"event_name":"Designer","floor":37,"gold_loss":60,"cards_obtained":["Fluid Movement","Dodge and Roll"]}],"is_beta":false,"boss_relics":[{"not_picked":["Fusion Hammer","WristBlade"],"picked":"Calling Bell"},{"not_picked":["Replay:Wanted Poster","Abe\u0027s Treasure"],"picked":"Ring of the Serpent"}],"items_purged_floors":[20,36,38],"is_endless":false,"potions_floor_spawned":[1,2,4,13,16,22,24,33,35,40],"killed_by":"Reptomancer","ascension_level":3}}