{"host":"sav7uxregyirlf69","time":1610894763,"event":{"mods":["AchievementEnabler","BaseMod","Colored Map","DeckTracker","Keyboard Shortcuts","Minty Spire (QoL Compilation)","READ ME - Guardian Mod","StSLib","SuperFastMode"],"gold_per_floor":[118,118,118,131,146,146,160,160,208,243,257,257,277,296,296,372,372,386,402,317,37,63,63,63,63,63,63,88,108,139,158,158,232,232,232,232],"floor_reached":35,"language":"KOR","playtime":688,"items_purged":["Strike_G"],"score":804,"play_id":"7d0dd52d-f655-47f4-9f95-b69eabf77757","local_time":"20210117234603","is_ascension_mode":true,"campfire_choices":[{"data":"Cloak And Dagger","floor":6,"key":"SMITH"},{"data":"Deadly Poison","floor":8,"key":"SMITH"},{"floor":15,"key":"REST"},{"floor":23,"key":"REST"},{"data":"Venomology","floor":25,"key":"SMITH"},{"data":"Catalyst","floor":27,"key":"SMITH"},{"floor":32,"key":"REST"}],"circlet_count":0,"master_deck":["AscendersBane","Strike_G","Strike_G","Strike_G","Defend_G","Defend_G","Defend_G","Defend_G","Defend_G+1","Survivor+1","Neutralize+1","Backstab","Cloak And Dagger+1","Deadly Poison+1","Catalyst+1","Venomology+1","Well Laid Plans","Crippling Poison","Adrenaline"],"relics":["Ring of the Snake","NeowsBlessing","Nunchaku","Toy Ornithopter","Busted Crown","Prayer Wheel","Art of War","Juzu Bracelet","Bag of Marbles","Red Mask","Happy Flower","Fusion Hammer"],"acts_visited":["Exordium","TheCity","TheBeyond"],"potions_floor_usage":[13,13,14,18,28,28,29,30,30,31,33,33,33,35,35],"damage_taken":[{"damage":0,"enemies":"2 Louse","floor":1,"turns":1},{"damage":0,"enemies":"Cultist","floor":4,"turns":1},{"damage":0,"enemies":"Small Slimes","floor":5,"turns":1},{"damage":6,"enemies":"Gremlin Gang","floor":7,"turns":5},{"damage":29,"enemies":"3 Sentries","floor":10,"turns":14},{"damage":1,"enemies":"Looter","floor":11,"turns":3},{"damage":10,"enemies":"Exordium Thugs","floor":13,"turns":5},{"damage":0,"enemies":"Gremlin Gang","floor":14,"turns":3},{"damage":4,"enemies":"The Guardian","floor":16,"turns":11},{"damage":7,"enemies":"Chosen","floor":18,"turns":7},{"damage":26,"enemies":"Spheric Guardian","floor":19,"turns":9},{"damage":24,"enemies":"Masked Bandits","floor":28,"turns":5},{"damage":14,"enemies":"Shelled Parasite and Fungi","floor":29,"turns":4},{"damage":13,"enemies":"Book of Stabbing","floor":30,"turns":4},{"damage":3,"enemies":"Centurion and Healer","floor":31,"turns":6},{"damage":33,"enemies":"Automaton","floor":33,"turns":7},{"damage":44,"enemies":"3 Darklings","floor":35,"turns":8}],"seed_played":"-1882977636041949134","potions_obtained":[{"floor":1,"key":"Energy Potion"},{"floor":4,"key":"GamblersBrew"},{"floor":11,"key":"PowerPotion"},{"floor":13,"key":"CunningPotion"},{"floor":28,"key":"SteroidPotion"},{"floor":29,"key":"CunningPotion"},{"floor":30,"key":"FearPotion"},{"floor":33,"key":"Fruit Juice"}],"is_trial":false,"path_per_floor":["M","?","?","M","M","R","M","R","T","E","M","?","M","M","R","B",null,"M","M","?","$","T","R","?","R","T","R","?","M","E","M","R","B",null,"M"],"character_chosen":"THE_SILENT","items_purchased":["Art of War","Well Laid Plans"],"campfire_rested":3,"item_purchase_floors":[21,21],"current_hp_per_floor":[59,39,39,39,39,39,33,33,33,4,3,3,3,8,27,23,55,53,27,27,27,27,46,28,28,28,28,14,5,2,4,25,7,55,26,26],"gold":232,"neow_bonus":"THREE_ENEMY_KILL","is_daily":false,"chose_seed":false,"campfire_upgraded":4,"win_rate":0.0,"timestamp":1610894763,"path_taken":["M","?","?","?","M","R","M","R","T","E","M","?","M","M","R","BOSS","M","?","?","$","?","R","?","R","T","R","?","M","E","M","R","BOSS","M"],"items_purchased_type":["Relic","Card"],"build_version":"2020-12-22","purchased_purges":1,"victory":false,"max_hp_per_floor":[66,66,66,66,66,66,66,66,66,66,66,66,66,66,66,66,66,66,66,66,66,66,66,71,71,71,71,71,71,71,71,71,71,71,76,76],"card_choices":[{"not_picked":["Finisher","Slice","Deflect"],"picked":"SKIP","floor":1},{"not_picked":["Outmaneuver","Accuracy"],"picked":"Backstab","floor":4},{"not_picked":["Slice","PiercingWail"],"picked":"Cloak And Dagger","floor":5},{"not_picked":["Outmaneuver","Underhanded Strike"],"picked":"Deadly Poison","floor":7},{"not_picked":["Calculated Gamble","Cloak And Dagger"],"picked":"Catalyst","floor":10},{"not_picked":["Slice","PiercingWail","Heel Hook"],"picked":"SKIP","floor":11},{"not_picked":["Caltrops","Underhanded Strike","Outmaneuver"],"picked":"SKIP","floor":13},{"not_picked":["Dagger Spray","All Out Attack","Prepared"],"picked":"SKIP","floor":14},{"not_picked":["Glass Knife","Unload"],"picked":"Venomology","floor":16},{"not_picked":["Caltrops"],"picked":"SKIP","floor":18},{"not_picked":["Setup+1"],"picked":"SKIP","floor":19},{"not_picked":[],"picked":"Crippling Poison","floor":28},{"not_picked":["Poisoned Stab"],"picked":"SKIP","floor":29},{"not_picked":["Quick Slash"],"picked":"SKIP","floor":29},{"not_picked":["Acrobatics"],"picked":"SKIP","floor":30},{"not_picked":["Poisoned Stab"],"picked":"SKIP","floor":31},{"not_picked":["Deflect"],"picked":"SKIP","floor":31},{"not_picked":[],"picked":"Adrenaline","floor":33}],"player_experience":1303706,"relics_obtained":[{"floor":9,"key":"Nunchaku"},{"floor":10,"key":"Toy Ornithopter"},{"floor":22,"key":"Juzu Bracelet"},{"floor":26,"key":"Bag of Marbles"},{"floor":28,"key":"Red Mask"},{"floor":30,"key":"Happy Flower"}],"event_choices":[{"damage_healed":0,"gold_gain":0,"player_choice":"Entered Light","damage_taken":20,"max_hp_gain":0,"max_hp_loss":0,"event_name":"Shining Light","floor":2,"gold_loss":0,"cards_upgraded":["Defend_G","Neutralize"]},{"damage_healed":0,"gold_gain":0,"player_choice":"Upgraded","damage_taken":0,"max_hp_gain":0,"max_hp_loss":0,"event_name":"Upgrade Shrine","floor":3,"gold_loss":0,"cards_upgraded":["Survivor"]},{"cards_removed":["Strike_G"],"damage_healed":0,"gold_gain":0,"player_choice":"Purged","damage_taken":0,"max_hp_gain":0,"max_hp_loss":0,"event_name":"Purifier","floor":12,"gold_loss":0},{"damage_healed":0,"gold_gain":0,"player_choice":"Obtained Relic","damage_taken":0,"relics_obtained":["Prayer Wheel"],"max_hp_gain":0,"max_hp_loss":0,"event_name":"Addict","floor":20,"gold_loss":85},{"damage_healed":0,"gold_gain":0,"player_choice":"Shed Blood","damage_taken":23,"max_hp_gain":5,"max_hp_loss":0,"event_name":"Forgotten Altar","floor":24,"gold_loss":0},{"damage_healed":0,"gold_gain":0,"player_choice":"Fought Bandits","damage_taken":0,"max_hp_gain":0,"max_hp_loss":0,"event_name":"Masked Bandits","floor":28,"gold_loss":0}],"is_beta":false,"boss_relics":[{"not_picked":["Snecko Eye","Runic Dome"],"picked":"Busted Crown"},{"not_picked":["Sozu","Black Star"],"picked":"Fusion Hammer"}],"items_purged_floors":[21],"is_endless":false,"potions_floor_spawned":[1,4,11,13,28,29,30,33],"killed_by":"3 Darklings","ascension_level":20}}