{"host":"d66n7ln59ex8canu","time":1610907840,"event":{"mods":["AchievementEnabler","BaseMod","Colored Map","Minty Spire (QoL Compilation)","Quick Restart","StSLib"],"gold_per_floor":[17,37,48,323,340,340,365,377,377,377,377,377],"floor_reached":11,"language":"ENG","playtime":381,"items_purged":[],"score":101,"play_id":"da1136b2-058e-4c59-9651-f69a646a5180","local_time":"20210117132400","is_ascension_mode":true,"campfire_choices":[{"data":"Capacitor","floor":6,"key":"SMITH"}],"circlet_count":0,"master_deck":["Strike_B","Strike_B","Strike_B","Strike_B","Defend_B","Defend_B","Defend_B+1","Defend_B","Zap","Dualcast","Capacitor+1","Glacier","Leap+1","Regret","Barrage","Leap","Blizzard"],"relics":["Cracked Core","Turnip","HornCleat","War Paint"],"acts_visited":["Exordium"],"potions_floor_usage":[7,11],"damage_taken":[{"damage":6,"enemies":"Cultist","floor":1,"turns":4},{"damage":8,"enemies":"Jaw Worm","floor":2,"turns":4},{"damage":4,"enemies":"2 Louse","floor":3,"turns":3},{"damage":13,"enemies":"Large Slime","floor":5,"turns":10},{"damage":13,"enemies":"Lagavulin","floor":7,"turns":10},{"damage":10,"enemies":"Blue Slaver","floor":8,"turns":5},{"damage":42,"enemies":"Gremlin Nob","floor":11,"turns":5}],"seed_played":"4756965651161442595","potions_obtained":[{"floor":1,"key":"SneckoOil"},{"floor":2,"key":"SpeedPotion"},{"floor":3,"key":"SteroidPotion"}],"is_trial":false,"path_per_floor":["M","M","M","?","M","R","E","M","T","?","E"],"character_chosen":"DEFECT","items_purchased":[],"campfire_rested":0,"item_purchase_floors":[],"current_hp_per_floor":[62,54,50,50,37,37,24,14,14,39,0,0],"gold":377,"neow_bonus":"ONE_RARE_RELIC","is_daily":false,"chose_seed":false,"campfire_upgraded":1,"win_rate":0.0,"timestamp":1610907840,"path_taken":["M","M","M","?","M","R","E","?","T","?","E"],"items_purchased_type":[],"build_version":"2020-12-22","purchased_purges":0,"victory":false,"max_hp_per_floor":[75,75,75,75,75,75,75,75,75,75,75,75],"card_choices":[{"not_picked":["Force Field","Glacier"],"picked":"Capacitor","floor":1},{"not_picked":["Barrage","Go for the Eyes"],"picked":"Glacier","floor":2},{"not_picked":["Capacitor","Compile Driver"],"picked":"Leap","floor":3},{"not_picked":["Sweeping Beam","Sunder"],"picked":"Barrage","floor":5},{"not_picked":["Gash","Storm"],"picked":"Leap","floor":7},{"not_picked":["Hyperbeam","Leap"],"picked":"Blizzard","floor":8}],"player_experience":324449,"relics_obtained":[{"floor":7,"key":"HornCleat"},{"floor":9,"key":"War Paint"}],"event_choices":[{"damage_healed":0,"gold_gain":275,"player_choice":"Desecrate","damage_taken":0,"max_hp_gain":0,"max_hp_loss":0,"event_name":"Golden Shrine","floor":4,"gold_loss":0,"cards_obtained":["Regret"]},{"damage_healed":25,"gold_gain":0,"player_choice":"Banana","damage_taken":0,"max_hp_gain":0,"max_hp_loss":0,"event_name":"Big Fish","floor":10,"gold_loss":0}],"is_beta":false,"boss_relics":[],"items_purged_floors":[],"is_endless":false,"potions_floor_spawned":[1,2,3],"killed_by":"Gremlin Nob","ascension_level":7}}