{"host":"vfg9szunmpjwj08o","time":1610890472,"event":{"mods":["Act Like it!","BaseMod","Challenge The Spire","Colored Map","Colored Powertips","Conspire","Dark Map","Fox Events","Minty Spire (QoL Compilation)","Relic Stats","StSLib","Waifu the Spire"],"gold_per_floor":[113,188,201,219,52,52,87,100,100,100,100],"floor_reached":10,"language":"ENG","playtime":301,"items_purged":["Strike_B"],"score":133,"play_id":"305a0ae8-23bc-4ad4-a179-35a03807d58f","local_time":"20210117143432","is_ascension_mode":true,"campfire_choices":[{"data":"Discovery","floor":6,"key":"SMITH"}],"circlet_count":0,"master_deck":["AscendersBane","Strike_B+1","Strike_B+1","Strike_B","Defend_B","Defend_B","Defend_B","Defend_B","Zap","Dualcast","Self Repair","Coolheaded","Machine Learning","Discovery+1","Creative AI"],"relics":["Cracked Core","NeowsBlessing","Whetstone","conspire:Dentures"],"acts_visited":["Exordium"],"potions_floor_usage":[1],"damage_taken":[{"damage":0,"enemies":"Jaw Worm","floor":1,"turns":1},{"damage":0,"enemies":"Cultist","floor":3,"turns":1},{"damage":0,"enemies":"conspire:RoseBush","floor":4,"turns":1},{"damage":42,"enemies":"Lagavulin","floor":7,"turns":8},{"damage":7,"enemies":"Looter","floor":8,"turns":5},{"damage":47,"enemies":"Gremlin Nob","floor":10,"turns":3}],"seed_played":"7256895330356129569","potions_obtained":[{"floor":1,"key":"Fruit Juice"},{"floor":4,"key":"Explosive Potion"}],"is_trial":false,"path_per_floor":["M","?","M","M","$","R","E","M","T","E"],"character_chosen":"DEFECT","items_purchased":["Discovery"],"campfire_rested":0,"item_purchase_floors":[5],"current_hp_per_floor":[69,58,58,58,58,58,23,23,23,0,0],"gold":100,"neow_bonus":"THREE_ENEMY_KILL","is_daily":false,"chose_seed":false,"campfire_upgraded":1,"win_rate":0.0,"timestamp":1610890472,"path_taken":["M","?","M","M","$","R","E","M","T","E"],"items_purchased_type":["Card"],"build_version":"2020-12-22","purchased_purges":1,"victory":false,"max_hp_per_floor":[76,76,76,76,76,76,76,76,76,76,76],"relic_stats":{"counters":[6,19],"Whetstone":["Strike_B","Strike_B"],"obtain_stats":[{"conspire:Dentures":9,"NeowsBlessing":0,"Whetstone":7,"Cracked Core":0},{"conspire:Dentures":5,"NeowsBlessing":0,"Whetstone":4,"Cracked Core":0},{"conspire:Dentures":16,"NeowsBlessing":0,"Whetstone":11,"Cracked Core":0}]},"card_choices":[{"not_picked":["Melter","Leap"],"picked":"Self Repair","floor":1},{"not_picked":["Conserve Battery","Static Discharge"],"picked":"Coolheaded","floor":3},{"not_picked":["Skim","Reprogram"],"picked":"Machine Learning","floor":4},{"not_picked":["Ball Lightning","Double Energy"],"picked":"Creative AI","floor":7},{"not_picked":["Beam Cell","Auto Shields","Redo"],"picked":"SKIP","floor":8}],"player_experience":1069150,"relics_obtained":[{"floor":7,"key":"Whetstone"},{"floor":9,"key":"conspire:Dentures"}],"event_choices":[{"damage_healed":0,"gold_gain":75,"player_choice":"Gather Gold","damage_taken":11,"max_hp_gain":0,"max_hp_loss":0,"event_name":"World of Goop","floor":2,"gold_loss":0}],"is_beta":false,"boss_relics":[],"items_purged_floors":[5],"is_endless":false,"potions_floor_spawned":[1,4],"killed_by":"Gremlin Nob","ascension_level":19}}