{"host":"5icjlaq41ghjcr7h","time":1610857424,"event":{"mods":["AchievementEnabler","BaseMod","Colored Map","Minty Spire (QoL Compilation)","SuperFastMode","everything is the same but u backflip on backflip"],"gold_per_floor":[116,116,135,148,167,167,185,185,185,199,199,199],"floor_reached":11,"language":"KOR","playtime":177,"items_purged":[],"score":77,"play_id":"4d22ef54-a632-4232-b5ca-e4d5b8f3e683","local_time":"20210117132344","is_ascension_mode":true,"campfire_choices":[{"floor":6,"key":"RECALL"}],"circlet_count":0,"master_deck":["Strike_B","Strike_B","Strike_B","Defend_B","Defend_B","Defend_B","Defend_B","Zap","Dualcast","Conserve Battery","Conserve Battery","Glacier","Skim","Genetic Algorithm"],"relics":["Cracked Core","NeowsBlessing","Golden Idol","White Beast Statue"],"acts_visited":["Exordium"],"potions_floor_usage":[],"damage_taken":[{"damage":0,"enemies":"2 Louse","floor":1,"turns":1},{"damage":0,"enemies":"Cultist","floor":3,"turns":1},{"damage":0,"enemies":"Jaw Worm","floor":4,"turns":1},{"damage":0,"enemies":"Exordium Wildlife","floor":5,"turns":4},{"damage":0,"enemies":"Red Slaver","floor":7,"turns":5},{"damage":10,"enemies":"3 Louse","floor":10,"turns":4},{"damage":68,"enemies":"Gremlin Nob","floor":11,"turns":5}],"seed_played":"-4801219766614580497","potions_obtained":[{"floor":1,"key":"Strength Potion"},{"floor":7,"key":"Explosive Potion"},{"floor":10,"key":"Dexterity Potion"}],"is_trial":false,"path_per_floor":["M","?","M","M","M","R","M","?","T","M","E"],"character_chosen":"DEFECT","items_purchased":[],"campfire_rested":0,"item_purchase_floors":[],"current_hp_per_floor":[75,75,75,75,75,75,75,57,57,47,0,0],"gold":199,"neow_bonus":"THREE_ENEMY_KILL","is_daily":false,"chose_seed":false,"campfire_upgraded":0,"win_rate":0.0,"timestamp":1610857424,"path_taken":["M","?","?","M","?","R","M","?","T","M","E"],"items_purchased_type":[],"build_version":"2020-12-22","purchased_purges":0,"victory":false,"max_hp_per_floor":[75,75,75,75,75,75,75,75,75,75,75,75],"card_choices":[{"not_picked":["Rip and Tear","Scrape"],"picked":"Conserve Battery","floor":1},{"not_picked":["Reprogram","Streamline"],"picked":"Conserve Battery","floor":3},{"not_picked":["Steam","Compile Driver"],"picked":"Glacier","floor":4},{"not_picked":["Barrage","Beam Cell","Rebound"],"picked":"SKIP","floor":5},{"not_picked":["Rip and Tear","Go for the Eyes"],"picked":"Skim","floor":7},{"not_picked":["Ball Lightning","Redo"],"picked":"Genetic Algorithm","floor":10}],"player_experience":132790,"relics_obtained":[{"floor":9,"key":"White Beast Statue"}],"event_choices":[{"cards_removed":["Strike_B"],"damage_healed":0,"gold_gain":0,"player_choice":"Offered Basic","damage_taken":0,"max_hp_gain":0,"max_hp_loss":0,"event_name":"Bonfire Elementals","floor":2,"gold_loss":0},{"damage_healed":0,"gold_gain":0,"player_choice":"Take Damage","damage_taken":18,"relics_obtained":["Golden Idol"],"max_hp_gain":0,"max_hp_loss":0,"event_name":"Golden Idol","floor":8,"gold_loss":0}],"is_beta":false,"boss_relics":[],"items_purged_floors":[],"is_endless":false,"potions_floor_spawned":[1,7,10],"killed_by":"Gremlin Nob","ascension_level":3}}