{"host":"01gbg40krdpein5y","time":1610856071,"event":{"mods":["BaseMod","BetterRewards","Minty Spire (QoL Compilation)","Permanent Neow","Remove Card Discount Mod","SuperFastMode","Transform Curses"],"gold_per_floor":[112,112,112,122,133,133,308,5,5,5,22,33,45,64,64,165,165,181,198,198,43,60,60,60],"floor_reached":23,"language":"ENG","playtime":33135,"items_purged":["Doubt"],"score":210,"play_id":"8dd7c74b-b253-434f-bec5-8ee9d46ae822","local_time":"20210116200111","is_ascension_mode":false,"campfire_choices":[{"data":"Metallicize","floor":6,"key":"SMITH"},{"data":"Bash","floor":10,"key":"SMITH"},{"data":"Intimidate","floor":15,"key":"SMITH"}],"circlet_count":0,"master_deck":["Defend_R","Defend_R","Defend_R","Defend_R","Bash+1","Entrench+1","Dropkick","Metallicize+1","Intimidate+1","Thunderclap","Carnage","Fiend Fire","Flex+1","Flame Barrier","Bite","Bite","Bite","Bite","Bite","Spot Weakness+1"],"relics":["Black Blood","Pen Nib","HandDrill","Whetstone","FossilizedHelix","Lee\u0027s Waffle"],"acts_visited":["Exordium","TheCity"],"potions_floor_usage":[4,5,16,16,16,22,23],"damage_taken":[{"damage":5,"enemies":"Small Slimes","floor":1,"turns":4},{"damage":0,"enemies":"2 Louse","floor":4,"turns":3},{"damage":13,"enemies":"Jaw Worm","floor":5,"turns":3},{"damage":17,"enemies":"Lots of Slimes","floor":11,"turns":6},{"damage":0,"enemies":"Red Slaver","floor":12,"turns":2},{"damage":9,"enemies":"Exordium Thugs","floor":13,"turns":7},{"damage":0,"enemies":"2 Fungi Beasts","floor":14,"turns":3},{"damage":26,"enemies":"Slime Boss","floor":16,"turns":11},{"damage":7,"enemies":"Shell Parasite","floor":18,"turns":5},{"damage":16,"enemies":"Spheric Guardian","floor":19,"turns":4},{"damage":50,"enemies":"Cultist and Chosen","floor":22,"turns":9},{"damage":43,"enemies":"Gremlin Leader","floor":23,"turns":2}],"seed_played":"-7194144206411278569","potions_obtained":[{"floor":0,"key":"PowerPotion"},{"floor":0,"key":"BloodPotion"},{"floor":0,"key":"ElixirPotion"},{"floor":5,"key":"Swift Potion"},{"floor":14,"key":"Strength Potion"},{"floor":16,"key":"GamblersBrew"},{"floor":22,"key":"PowerPotion"}],"is_trial":false,"path_per_floor":["M","?","?","M","M","R","?","$","T","R","M","M","M","M","R","B",null,"M","M","?","$","M","E"],"character_chosen":"IRONCLAD","items_purchased":["HandDrill","Whetstone","Lee\u0027s Waffle"],"campfire_rested":0,"item_purchase_floors":[8,8,21],"current_hp_per_floor":[80,62,62,80,73,73,73,73,73,73,62,68,65,71,71,51,80,80,76,56,63,37,0,0],"gold":60,"neow_bonus":"THREE_SMALL_POTIONS","is_daily":false,"chose_seed":false,"campfire_upgraded":3,"win_rate":0.0,"timestamp":1610856071,"path_taken":["M","?","?","M","M","R","?","$","T","R","?","M","M","?","R","BOSS","M","M","?","?","M","E"],"items_purchased_type":["Relic","Relic","Relic"],"build_version":"2020-12-22","purchased_purges":1,"victory":false,"max_hp_per_floor":[80,80,80,80,80,80,80,80,80,80,80,80,80,80,80,80,80,80,80,56,63,63,63,63],"card_choices":[{"not_picked":["Shrug It Off","Havoc"],"picked":"Entrench","floor":1},{"not_picked":["Iron Wave","Clothesline"],"picked":"Dropkick","floor":4},{"not_picked":["Body Slam","Pommel Strike"],"picked":"Metallicize","floor":5},{"not_picked":["Hemokinesis","Rupture"],"picked":"Intimidate","floor":11},{"not_picked":["Body Slam","Ghostly Armor","Brutality"],"picked":"SKIP","floor":12},{"not_picked":["Clothesline","Headbutt"],"picked":"Thunderclap","floor":13},{"not_picked":["Hemokinesis","Evolve"],"picked":"Carnage","floor":14},{"not_picked":["Demon Form","Impervious"],"picked":"Fiend Fire","floor":16},{"not_picked":["Cleave","Headbutt"],"picked":"Flex+1","floor":18},{"not_picked":["Dark Embrace","True Grit"],"picked":"Flame Barrier","floor":19},{"not_picked":["True Grit","Second Wind"],"picked":"Spot Weakness+1","floor":22}],"player_experience":390411,"relics_obtained":[{"floor":9,"key":"FossilizedHelix"}],"event_choices":[{"damage_healed":0,"gold_gain":0,"player_choice":"Success","damage_taken":18,"relics_obtained":["Pen Nib"],"max_hp_gain":0,"max_hp_loss":0,"event_name":"Scrap Ooze","floor":2,"gold_loss":0},{"damage_healed":0,"gold_gain":0,"player_choice":"Grow","damage_taken":0,"max_hp_gain":0,"max_hp_loss":0,"event_name":"Living Wall","floor":3,"gold_loss":0,"cards_upgraded":["Entrench"]},{"damage_healed":0,"gold_gain":175,"player_choice":"AGREE","damage_taken":0,"max_hp_gain":0,"max_hp_loss":0,"event_name":"Liars Game","floor":7,"gold_loss":0,"cards_obtained":["Doubt"]},{"damage_healed":0,"gold_gain":0,"player_choice":"Became a vampire","damage_taken":0,"max_hp_gain":0,"max_hp_loss":24,"event_name":"Vampires","floor":20,"gold_loss":0,"cards_obtained":["Bite","Bite","Bite","Bite","Bite"]}],"is_beta":false,"boss_relics":[{"not_picked":["Fusion Hammer","Runic Pyramid"],"picked":"Black Blood"}],"items_purged_floors":[8],"is_endless":false,"potions_floor_spawned":[5,14,16,22],"killed_by":"Gremlin Leader","ascension_level":0}}