{"host":"5gc11emcm5chfr5t","time":1610857631,"event":{"mods":["2.2 Compatiblity","AchievementEnabler","BaseMod","Bestiary","Better Note","Colored Map","Colored Powertips","Downfall","Googly Eyes","Minty Spire (QoL Compilation)","Rare Cards Sparkle","StSLib"],"gold_per_floor":[99,99,99,126,126,126,126,158,174,205,190,90,123,423,433,433,433],"floor_reached":16,"language":"ENG","playtime":478,"items_purged":[],"score":278,"play_id":"97e46ac2-d03e-40fc-9d04-e8e4da4e0abd","local_time":"20210116232711","is_ascension_mode":true,"campfire_choices":[{"floor":1,"key":"RECALL"},{"floor":12,"key":"REST"}],"circlet_count":0,"master_deck":["AscendersBane","sneckomod:Strike","sneckomod:Strike","sneckomod:Strike","sneckomod:Defend","sneckomod:Defend","sneckomod:Defend","sneckomod:TailWhip","sneckomod:SnekBite","sneckomod:Unknown","sneckomod:Unknown","sneckomod:Unknown2Cost","sneckomod:UnknownUncommonPower","sneckomod:UnendingSupply","sneckomod:DiceBlock","sneckomod:UnknownX","sneckomod:PureSnecko","sneckomod:QuickBite+1","downfall:Icky","downfall:Icky","downfall:Icky","sneckomod:RainOfDice+1"],"relics":["sneckomod:SneckoSoul","downfall:HeartsMalice","Molten Egg 2","downfall:BrokenWingStatue","Darkstone Periapt","Akabeko","Tiny Chest","downfall:HeartBlessingRed","Bronze Scales"],"acts_visited":["Exordium"],"potions_floor_usage":[10,16,16],"damage_taken":[{"damage":0,"enemies":"2 Louse","floor":2,"turns":1},{"damage":0,"enemies":"Jaw Worm","floor":6,"turns":1},{"damage":0,"enemies":"Lagavulin","floor":8,"turns":1},{"damage":0,"enemies":"Small Slimes","floor":9,"turns":2},{"damage":18,"enemies":"3 Sentries","floor":10,"turns":6},{"damage":0,"enemies":"downfall:FleeingMerchant","floor":11,"turns":4},{"damage":54,"enemies":"Lagavulin","floor":13,"turns":8},{"damage":0,"enemies":"Exordium Wildlife","floor":15,"turns":3},{"damage":34,"enemies":"WA_ARCHETYPE_RETAIN","floor":16,"turns":6}],"seed_played":"8929241013343949062","potions_obtained":[{"floor":8,"key":"Energy Potion"},{"floor":13,"key":"Fire Potion"},{"floor":15,"key":"SteroidPotion"}],"is_trial":false,"path_per_floor":["R","M","?","T","?","M","T","E","M","E","$","R","E","?","M","B"],"character_chosen":"THE_SNECKO","items_purchased":[],"campfire_rested":1,"item_purchase_floors":[],"current_hp_per_floor":[75,75,64,64,64,64,64,64,64,46,46,70,16,34,34,0,0],"gold":433,"neow_bonus":"THREE_ENEMY_KILL","is_daily":false,"chose_seed":false,"campfire_upgraded":0,"win_rate":0.0,"timestamp":1610857631,"path_taken":["R","M","?","?","?","?","T","E","M","E","$","R","E","?","M","BOSS"],"items_purchased_type":[],"build_version":"2020-12-22","purchased_purges":0,"victory":false,"max_hp_per_floor":[83,83,83,83,83,83,83,83,83,83,83,83,83,101,101,101,101],"card_choices":[{"not_picked":["sneckomod:UnknownX","sneckomod:DiceCrush"],"picked":"sneckomod:Unknown2Cost","floor":2},{"not_picked":["sneckomod:UnknownClassHEXA_GHOST_PURPLE","sneckomod:SoulDraw"],"picked":"sneckomod:UnknownUncommonPower","floor":6},{"not_picked":["sneckomod:UnknownVulnerable","sneckomod:Memorize"],"picked":"sneckomod:UnendingSupply","floor":8},{"not_picked":["sneckomod:UnknownClassSLIMEBOUND","sneckomod:UnknownClassTHE_BRONZE_AUTOMATON"],"picked":"sneckomod:DiceBlock","floor":9},{"not_picked":["sneckomod:UnknownClassGREEN","sneckomod:Unknown1Cost"],"picked":"sneckomod:UnknownX","floor":10},{"not_picked":["sneckomod:UnknownClassTHE_BRONZE_AUTOMATON","sneckomod:TrashToTreasure"],"picked":"sneckomod:PureSnecko","floor":11},{"not_picked":["sneckomod:UnknownClassSLIMEBOUND","sneckomod:Mudshield"],"picked":"sneckomod:QuickBite+1","floor":13},{"not_picked":["sneckomod:UnknownBlock","sneckomod:Nope"],"picked":"sneckomod:RainOfDice+1","floor":15}],"player_experience":550883,"relics_obtained":[{"floor":7,"key":"Darkstone Periapt"},{"floor":8,"key":"Akabeko"},{"floor":10,"key":"Tiny Chest"},{"floor":13,"key":"Bronze Scales"}],"event_choices":[{"damage_healed":0,"gold_gain":0,"player_choice":"Success","damage_taken":11,"relics_obtained":["Molten Egg 2"],"max_hp_gain":0,"max_hp_loss":0,"event_name":"Scrap Ooze","floor":3,"gold_loss":0}],"is_beta":false,"boss_relics":[],"items_purged_floors":[],"is_endless":false,"potions_floor_spawned":[8,13,15],"killed_by":"WA_ARCHETYPE_RETAIN","ascension_level":20}}