{"host":"5jzx1090woovszu4","time":1610917751,"event":{"mods":["BaseMod","Minty Spire (QoL Compilation)","Robot Space Explorer","Spicy Shops","StSLib","The Marked"],"gold_per_floor":[109,69,81,81,98,98,98,98,123,6,6,6,31,72,72,193,193,208,133,232,232,232,270,270,11,56,81,112,43,78,91,91,217,217,241,257,272,288,303,303,26,26,26,46,146,170,194,194,194,194,194,194,6,41,41,41],"floor_reached":55,"language":"ENG","playtime":3735,"items_purged":["theMarked:Strike","theMarked:Strike"],"score":725,"play_id":"80c082f3-d40a-4313-8966-5e497e1a36ea","local_time":"20210117220911","is_ascension_mode":false,"campfire_choices":[{"data":"theMarked:SoldierOfQuellstein","floor":6.0,"key":"SMITH"},{"data":"theMarked:EmpowerWeapon","floor":11.0,"key":"SMITH"},{"floor":15.0,"key":"REST"},{"floor":24.0,"key":"REST"},{"floor":32.0,"key":"REST"},{"floor":40,"key":"REST"},{"floor":42,"key":"RECALL"},{"floor":49,"key":"REST"},{"data":"theMarked:ReduceFriction","floor":52,"key":"SMITH"}],"circlet_count":0,"master_deck":["theMarked:Strike","theMarked:Strike","theMarked:Defend+1","theMarked:Defend","theMarked:Defend","theMarked:Defend","theMarked:SoldierOfQuellstein+1","theMarked:EmpowerWeapon+1","theMarked:Static+1","theMarked:ElementalBlade","theMarked:ReduceFriction+1","theMarked:Static","theMarked:Levitate","theMarked:TurnInvisible","theMarked:SwordAndMagic+1","theMarked:Polarize","theMarked:ParalyzingBlade","theMarked:TakeOffHeels","theMarked:Parkour+1","theMarked:WastefulDefense+1","theMarked:EmpowerWeapon+1","theMarked:SoldierForm","theMarked:WastefulDefense+1","theMarked:RepellingDischarge+1","Master of Strategy","theMarked:Convert+1"],"relics":["theMarked:ArtifactOfAir","Tiny Chest","Golden Idol","Molten Egg 2","theMarked:SpiritSword","Mummified Hand","Akabeko","White Beast Statue","Nunchaku","Oddly Smooth Stone","Calipers","theMarked:Eyepatch","Membership Card","Happy Flower","Strange Spoon","Shuriken"],"acts_visited":["Exordium","TheCity","TheBeyond","TheEnding"],"potions_floor_usage":[37,37,38,50,50,50,54,55],"damage_taken":[{"damage":1.0,"enemies":"Jaw Worm","floor":1.0,"turns":4.0},{"damage":1.0,"enemies":"Cultist","floor":3.0,"turns":3.0},{"damage":0.0,"enemies":"Small Slimes","floor":5.0,"turns":2.0},{"damage":8.0,"enemies":"Red Slaver","floor":13.0,"turns":2.0},{"damage":18.0,"enemies":"Gremlin Nob","floor":14.0,"turns":3.0},{"damage":23.0,"enemies":"The Guardian","floor":16.0,"turns":6.0},{"damage":17.0,"enemies":"2 Thieves","floor":18.0,"turns":3.0},{"damage":14.0,"enemies":"Book of Stabbing","floor":23.0,"turns":5.0},{"damage":4.0,"enemies":"Shell Parasite","floor":27.0,"turns":3.0},{"damage":31.0,"enemies":"Slavers","floor":28.0,"turns":5.0},{"damage":15.0,"enemies":"Gremlin Leader","floor":30.0,"turns":5.0},{"damage":11.0,"enemies":"Snecko","floor":31.0,"turns":4.0},{"damage":24.0,"enemies":"Champ","floor":33.0,"turns":4.0},{"damage":9,"enemies":"Orb Walker","floor":35,"turns":4},{"damage":5,"enemies":"3 Shapes","floor":36,"turns":6},{"damage":0,"enemies":"Jaw Worm Horde","floor":37,"turns":4},{"damage":17,"enemies":"3 Darklings","floor":38,"turns":4},{"damage":8,"enemies":"Spire Growth","floor":39,"turns":4},{"damage":14,"enemies":"Jaw Worm Horde","floor":44,"turns":3},{"damage":41,"enemies":"4 Shapes","floor":46,"turns":9},{"damage":0,"enemies":"Sphere and 2 Shapes","floor":47,"turns":4},{"damage":28,"enemies":"Awakened One","floor":50,"turns":11},{"damage":28,"enemies":"Shield and Spear","floor":54,"turns":6},{"damage":56,"enemies":"The Heart","floor":55,"turns":3}],"seed_played":"-2694441267143660301","potions_obtained":[{"floor":2.0,"key":"SmokeBomb"},{"floor":2.0,"key":"theMarked:ChargePotion"},{"floor":2.0,"key":"Energy Potion"},{"floor":3.0,"key":"Ancient Potion"},{"floor":5.0,"key":"FairyPotion"},{"floor":16.0,"key":"Dexterity Potion"},{"floor":27.0,"key":"Dexterity Potion"},{"floor":30.0,"key":"SteroidPotion"},{"floor":31.0,"key":"theMarked:ChargePotion"},{"floor":33,"key":"Strength Potion"},{"floor":35,"key":"Explosive Potion"},{"floor":36,"key":"Energy Potion"},{"floor":37,"key":"Dexterity Potion"},{"floor":38,"key":"LiquidBronze"},{"floor":39,"key":"FearPotion"},{"floor":44,"key":"SpeedPotion"},{"floor":54,"key":"Strength Potion"}],"is_trial":false,"path_per_floor":["M","?","M","?","M","R","$","?","T","$","R","?","M","E","R","B",null,"M","?","?","T","?","E","R","$","T","M","E","$","E","M","R","B",null,"M","M","M","M","M","R","$","R","T","M","?","M","M","T","R","B",null,"R","$","E","B"],"character_chosen":"THE_DEFAULT","items_purchased":["theMarked:ReduceFriction","White Beast Statue","theMarked:Polarize","Membership Card","theMarked:SoldierForm","Strange Spoon","Master of Strategy","SpeedPotion"],"campfire_rested":5,"item_purchase_floors":[10,25,29,41,41,53,53,53],"current_hp_per_floor":[76,76,75,75,75,75,75,60,60,60,60,41,33,15,38,15,77,60,60,60,60,60,46,69,69,69,65,34,34,19,8,31,7,77,68,63,63,46,38,61,61,61,61,47,47,6,6,6,29,1,77,77,77,49,0,0],"gold":41,"neow_bonus":"TEN_PERCENT_HP_BONUS","is_daily":false,"chose_seed":false,"campfire_upgraded":3,"win_rate":0.0,"timestamp":1610917751,"path_taken":["M","?","?","?","?","R","$","?","T","$","R","?","M","E","R","BOSS","M","?","?","?","?","E","R","?","T","M","E","$","E","M","R","BOSS","BOSS","M","M","M","M","M","R","$","R","T","M","?","M","M","?","R","BOSS","R","$","E","BOSS"],"items_purchased_type":["Card","Relic","Card","Relic","Card","Relic","Card","Potion"],"build_version":"2020-12-22","purchased_purges":2,"victory":false,"max_hp_per_floor":[77,77,77,77,77,77,77,77,77,77,77,77,77,77,77,77,77,77,77,77,77,77,77,77,77,77,77,77,77,77,77,77,77,77,77,77,77,77,77,77,77,77,77,77,77,77,77,77,77,77,77,77,77,77,77,77],"card_choices":[{"not_picked":["theMarked:CreepingChasm","theMarked:KeepCalmAndFightOn"],"picked":"theMarked:EmpowerWeapon","floor":1.0},{"not_picked":["theMarked:Frustration","theMarked:ParalyzingBlade"],"picked":"theMarked:Static","floor":3.0},{"not_picked":["theMarked:ChainLightning","theMarked:RepellingDischarge"],"picked":"theMarked:ElementalBlade","floor":5.0},{"not_picked":["theMarked:EmpowerWeapon","theMarked:Opportunist"],"picked":"theMarked:Static","floor":13.0},{"not_picked":["theMarked:ShockingTouch+1","theMarked:HeritageOfTheMarked"],"picked":"theMarked:Levitate","floor":14.0},{"not_picked":["theMarked:ChannelForce","theMarked:SoldierForm"],"picked":"theMarked:TurnInvisible","floor":16.0},{"not_picked":["theMarked:Aftermath","theMarked:BanishingStrike+1","theMarked:RogueSparks+1"],"picked":"SKIP","floor":18.0},{"not_picked":["theMarked:Opportunist","theMarked:Parry","theMarked:WardOff"],"picked":"SKIP","floor":23.0},{"not_picked":["theMarked:BanishingWave+1","theMarked:Aftermath","theMarked:WastefulAttack+1"],"picked":"SKIP","floor":27.0},{"not_picked":["theMarked:Aftermath+1","theMarked:Improvise+1"],"picked":"theMarked:SwordAndMagic+1","floor":28.0},{"not_picked":["theMarked:ShockingTouch+1","theMarked:MysticalArsenal"],"picked":"theMarked:ParalyzingBlade","floor":30.0},{"not_picked":["theMarked:CreepingChasm","theMarked:TunnelVision+1","theMarked:Parkour+1"],"picked":"SKIP","floor":31.0},{"not_picked":["theMarked:Abjuration+1","theMarked:Vacuum+1"],"picked":"theMarked:TakeOffHeels","floor":33},{"not_picked":["theMarked:ElectricStrings+1","theMarked:BanishingStrike+1","theMarked:ChainLightning+1"],"picked":"SKIP","floor":35},{"not_picked":["theMarked:DeterminationOfTheMarked","theMarked:Generate+1"],"picked":"theMarked:Parkour+1","floor":36},{"not_picked":["theMarked:Standoff","theMarked:ContemptForTheProud+1","theMarked:Opportunist+1"],"picked":"SKIP","floor":37},{"not_picked":["theMarked:GodGivenPower","theMarked:WardOff"],"picked":"theMarked:WastefulDefense+1","floor":38},{"not_picked":["theMarked:ResourceFulStrike+1","theMarked:Indomitable"],"picked":"theMarked:EmpowerWeapon+1","floor":39},{"not_picked":["theMarked:SwordAndMagic+1","theMarked:ElectricStrings+1"],"picked":"theMarked:WastefulDefense+1","floor":44},{"not_picked":["theMarked:ShockingTouch+1","theMarked:Snap+1"],"picked":"theMarked:RepellingDischarge+1","floor":46},{"not_picked":["theMarked:Indomitable+1","theMarked:WastefulAttack+1","theMarked:Reabsorb+1"],"picked":"SKIP","floor":47},{"not_picked":["theMarked:Static","theMarked:Electrify"],"picked":"theMarked:Convert+1","floor":54}],"player_experience":598976,"relics_obtained":[{"floor":9.0,"key":"Tiny Chest"},{"floor":14.0,"key":"Molten Egg 2"},{"floor":21.0,"key":"Mummified Hand"},{"floor":23.0,"key":"Akabeko"},{"floor":26.0,"key":"Nunchaku"},{"floor":28.0,"key":"Oddly Smooth Stone"},{"floor":30.0,"key":"Calipers"},{"floor":48,"key":"Happy Flower"},{"floor":54,"key":"Shuriken"}],"event_choices":[{"damage_healed":0.0,"max_hp_gain":0.0,"max_hp_loss":0.0,"gold_gain":0.0,"event_name":"The Woman in Blue","player_choice":"Bought 3 Potions","floor":2.0,"gold_loss":0.0,"damage_taken":0.0},{"damage_healed":0.0,"max_hp_gain":0.0,"max_hp_loss":0.0,"gold_gain":0.0,"event_name":"NoteForYourself","player_choice":"Ignored","floor":4.0,"gold_loss":0.0,"damage_taken":0.0},{"damage_healed":0.0,"max_hp_gain":0.0,"max_hp_loss":0.0,"gold_gain":0.0,"event_name":"Shining Light","player_choice":"Entered Light","floor":8.0,"gold_loss":0.0,"damage_taken":15.0,"cards_upgraded":["theMarked:Static","theMarked:Defend"]},{"damage_healed":0.0,"max_hp_gain":0.0,"max_hp_loss":0.0,"gold_gain":0.0,"event_name":"Golden Idol","player_choice":"Take Damage","floor":12.0,"gold_loss":0.0,"damage_taken":19.0,"relics_obtained":["Golden Idol"]},{"cards_removed":["theMarked:Strike"],"damage_healed":0.0,"max_hp_gain":0.0,"max_hp_loss":0.0,"gold_gain":0.0,"event_name":"Beggar","player_choice":"Gave Gold","floor":19.0,"gold_loss":75.0,"damage_taken":0.0},{"damage_healed":0.0,"max_hp_gain":0.0,"max_hp_loss":0.0,"gold_gain":99.0,"event_name":"Nest","player_choice":"Stole From Cult","floor":20.0,"gold_loss":0.0,"damage_taken":0.0},{"damage_healed":0.0,"max_hp_gain":0.0,"max_hp_loss":0.0,"gold_gain":0.0,"event_name":"Vampires","player_choice":"Ignored","floor":22.0,"gold_loss":0.0,"damage_taken":0.0},{"damage_healed":0,"gold_gain":100,"player_choice":"Pray","damage_taken":0,"max_hp_gain":0,"max_hp_loss":0,"event_name":"Golden Shrine","floor":45,"gold_loss":0}],"is_beta":false,"boss_relics":[{"not_picked":["Calling Bell","Astrolabe"],"picked":"theMarked:SpiritSword"},{"not_picked":["Sozu","Runic Pyramid"],"picked":"theMarked:Eyepatch"}],"items_purged_floors":[10,41],"is_endless":false,"potions_floor_spawned":[3,5,16,27,28,30,31,33,35,36,37,38,39,44,46,47,54],"killed_by":"The Heart","ascension_level":0}}