{"host":"hmtuahrtrcu9fql1","time":1610862928,"event":{"mods":["AchievementEnabler","BaseMod","Colored Map","Minty Spire (QoL Compilation)","Rare Cards Sparkle","SuperFastMode"],"gold_per_floor":[111,111,111,111,211,239,239,255,255,255,275,306,306,319,319,416,416,435,435,451,465,481,481,481],"floor_reached":23,"language":"KOR","playtime":377,"items_purged":[],"score":249,"play_id":"d96975db-378e-429c-ab86-b2587b11392a","local_time":"20210117145528","is_ascension_mode":true,"campfire_choices":[{"data":"Spot Weakness","floor":7,"key":"SMITH"},{"data":"Bash","floor":15,"key":"SMITH"}],"circlet_count":0,"master_deck":["Strike_R","Strike_R","Strike_R","Strike_R","Defend_R","Defend_R","Defend_R","Bash+1","Spot Weakness+1","Thunderclap+1","Whirlwind+1","Heavy Blade+1"],"relics":["Burning Blood","NeowsBlessing","Oddly Smooth Stone","Darkstone Periapt","HornCleat","Molten Egg 2","Anchor","Runic Pyramid"],"acts_visited":["Exordium","TheCity"],"potions_floor_usage":[],"damage_taken":[{"damage":0,"enemies":"Small Slimes","floor":1,"turns":1},{"damage":0,"enemies":"3 Sentries","floor":6,"turns":2},{"damage":0,"enemies":"2 Louse","floor":8,"turns":1},{"damage":4,"enemies":"Cultist","floor":11,"turns":4},{"damage":36,"enemies":"Gremlin Nob","floor":12,"turns":5},{"damage":6,"enemies":"Large Slime","floor":14,"turns":5},{"damage":26,"enemies":"The Guardian","floor":16,"turns":9},{"damage":19,"enemies":"3 Byrds","floor":18,"turns":5},{"damage":24,"enemies":"Chosen","floor":20,"turns":5},{"damage":32,"enemies":"Snake Plant","floor":21,"turns":5},{"damage":21,"enemies":"Snecko","floor":22,"turns":4},{"damage":15,"enemies":"Book of Stabbing","floor":23,"turns":3}],"seed_played":"4477255426053787017","potions_obtained":[{"floor":6,"key":"DistilledChaos"},{"floor":8,"key":"Explosive Potion"},{"floor":19,"key":"AttackPotion"},{"floor":19,"key":"EssenceOfSteel"}],"is_trial":false,"path_per_floor":["M","?","?","?","?","E","R","M","T","?","M","E","?","M","R","B",null,"M","?","M","M","M","E"],"character_chosen":"IRONCLAD","items_purchased":[],"campfire_rested":0,"item_purchase_floors":[],"current_hp_per_floor":[80,85,78,60,60,66,66,72,72,72,74,44,44,44,44,24,85,72,72,54,28,13,0,0],"gold":481,"neow_bonus":"THREE_ENEMY_KILL","is_daily":false,"chose_seed":false,"campfire_upgraded":2,"win_rate":0.0,"timestamp":1610862928,"path_taken":["M","?","?","?","?","E","R","?","T","?","M","E","?","?","R","BOSS","M","?","M","?","?","E"],"items_purchased_type":[],"build_version":"2020-12-22","purchased_purges":0,"victory":false,"max_hp_per_floor":[80,85,85,85,85,85,85,85,85,85,85,85,85,85,85,85,85,85,85,85,85,85,85,85],"card_choices":[{"not_picked":["Clothesline","Thunderclap","Rage"],"picked":"SKIP","floor":1},{"not_picked":["Iron Wave","Anger"],"picked":"Spot Weakness","floor":6},{"not_picked":["Reckless Charge","Shrug It Off","True Grit"],"picked":"SKIP","floor":8},{"not_picked":["Sword Boomerang","Body Slam","Headbutt"],"picked":"SKIP","floor":11},{"not_picked":["Infernal Blade","Uppercut+1"],"picked":"Thunderclap+1","floor":12},{"not_picked":["Uppercut+1","Clothesline+1","Body Slam+1"],"picked":"SKIP","floor":14},{"not_picked":["Feel No Pain","Entrench"],"picked":"Whirlwind+1","floor":18},{"not_picked":["Iron Wave+1","Cleave+1","Armaments+1"],"picked":"SKIP","floor":20},{"not_picked":["Twin Strike+1","Entrench"],"picked":"Heavy Blade+1","floor":21},{"not_picked":["Sever Soul+1","Thunderclap+1","Spot Weakness"],"picked":"SKIP","floor":22}],"player_experience":11143,"relics_obtained":[{"floor":6,"key":"Darkstone Periapt"},{"floor":9,"key":"HornCleat"},{"floor":12,"key":"Molten Egg 2"}],"event_choices":[{"damage_healed":0,"gold_gain":0,"player_choice":"Donut","damage_taken":0,"max_hp_gain":5,"max_hp_loss":0,"event_name":"Big Fish","floor":2,"gold_loss":0},{"cards_removed":["Strike_R"],"damage_healed":0,"gold_gain":0,"player_choice":"Card Removal","damage_taken":7,"max_hp_gain":0,"max_hp_loss":0,"event_name":"Golden Wing","floor":3,"gold_loss":0},{"damage_healed":0,"gold_gain":0,"player_choice":"Success","damage_taken":18,"relics_obtained":["Oddly Smooth Stone"],"max_hp_gain":0,"max_hp_loss":0,"event_name":"Scrap Ooze","floor":4,"gold_loss":0},{"damage_healed":0,"gold_gain":100,"player_choice":"Pray","damage_taken":0,"max_hp_gain":0,"max_hp_loss":0,"event_name":"Golden Shrine","floor":5,"gold_loss":0},{"cards_removed":["Defend_R"],"damage_healed":0,"gold_gain":0,"player_choice":"Forget","damage_taken":0,"max_hp_gain":0,"max_hp_loss":0,"event_name":"Living Wall","floor":10,"gold_loss":0},{"damage_healed":0,"gold_gain":0,"player_choice":"Gave Potion","damage_taken":0,"relics_obtained":["Anchor"],"max_hp_gain":0,"max_hp_loss":0,"event_name":"WeMeetAgain","floor":13,"gold_loss":0},{"damage_healed":0,"gold_gain":0,"player_choice":"Got Potions","damage_taken":0,"max_hp_gain":0,"max_hp_loss":0,"event_name":"Lab","floor":19,"gold_loss":0}],"is_beta":false,"boss_relics":[{"not_picked":["Busted Crown","Tiny House"],"picked":"Runic Pyramid"}],"items_purged_floors":[],"is_endless":false,"potions_floor_spawned":[6,8,12,18],"killed_by":"Book of Stabbing","ascension_level":2}}