{"host":"btkahjvw3wdsn6lk","time":1610869300,"event":{"mods":["100% Spire Juice","ATMod(°¢èªMod)","Act Like it!","BaseMod","Dota2Spire","Gensokyo","Highlight Path","Minty Spire (QoL Compilation)","RumiaBox-Â¶Ã×æ«µÄÉñÃØºÐ×Ó","Spicy Shops","StSLib","¡¾ÒÅÎï¿¨ÅÆ¡¿REMEMod"],"gold_per_floor":[117,128,146,163,30,30,59,59,59,59,85,85,112,64,64,164,164,183,183,194,194,214,243,243,243,325,345,345,202,114,127,127,527,527,746,746,764,367,384,712,726,726,751,271,303,303,314,314,314,314,314,314,17,48,73],"floor_reached":56,"language":"ZHS","playtime":3714,"items_purged":["Moonworks:Defend","Writhe"],"score":1746,"play_id":"fc70d214-0bc8-4faa-8349-58b0b179fd47","local_time":"20210117154140","is_ascension_mode":true,"campfire_choices":[{"data":"AT_FamilyPortrait","floor":6.0,"key":"SMITH"},{"data":"REME_AllRoundStrike","floor":8.0,"key":"SMITH"},{"data":"Moonworks:BackdoorTrade","floor":15.0,"key":"SMITH"},{"floor":24.0,"key":"RECALL"},{"data":"REME_ProfessionalPlagiarism","floor":28.0,"key":"SMITH"},{"data":"Moonworks:HolyNight","floor":32.0,"key":"SMITH"},{"data":"Moonworks:SubspaceTunnel","floor":42.0,"key":"SMITH"},{"data":"Gensokyo:MorningStar","floor":44.0,"key":"SMITH"},{"data":"Moonworks:LongDistanceShot","floor":46.0,"key":"SMITH"},{"data":"Moonworks:JonathanRush","floor":49,"key":"SMITH"},{"data":"Moonworks:JonathanRush","floor":52,"key":"SMITH"}],"circlet_count":0,"master_deck":["Moonworks:Defend","Moonworks:Defend+1","Moonworks:Ambush","Moonworks:LongDistanceShot+1","Gensokyo:MorningStar+1","AT_FamilyPortrait+1","Moonworks:JonathanRush+1","Moonworks:BackdoorTrade+1","Moonworks:NicePresent+1","Moonworks:JonathanRush+1","REME_AllRoundStrike+1","AT_FamilyPortrait+1","REME_ProfessionalPlagiarism+1","Moonworks:JonathanRush","Writhe","Moonworks:JonathanRush+1","Moonworks:HolyNight+1","Moonworks:SubspaceTunnel+1","Moonworks:NicePresent+1","Moonworks:JonathanRush","Moonworks:NicePresent+1","Moonworks:JonathanRush"],"relics":["Moonworks:BrokenBomb","Moonworks:Homemark","AT_ATBox","REME_ComplimentaryCards","Anchor","Singing Bowl","GodSword3","Ornamental Fan","Ice Cream","InkBottle","Gensokyo:CelestialsFlawlessClothing","AT_BellowingDragoncrestRing","Dota2Spire:UrnOfShadows","GodSword1","DollysMirror","Dota2Spire:PhaseBoots","Dota2Spire:Bloodstone","Blood Vial","Gensokyo:MosesMiracle","Dota2Spire:ShivaGuard","PreservedInsect","War Paint","Dota2Spire:MantaStyle","AddBug","Dota2Spire:PhaseBoots","REME_CardOfGreed","TheAbacus","Regal Pillow","Dota2Spire:BlackKingBar","Lizard Tail","Nunchaku","REME_CardOfGreed","Dream Catcher","Moonworks:LittleGull","AT_MibuBalloonWealth"],"acts_visited":["Exordium","Gensokyo:Gensokyo","Gensokyo:Gensokyoer","TheEnding"],"potions_floor_usage":[55,55,55],"damage_taken":[{"damage":0.0,"enemies":"Gensokyo:2_Kodama","floor":1.0,"turns":2.0},{"damage":0.0,"enemies":"Gensokyo:Python","floor":2.0,"turns":2.0},{"damage":0.0,"enemies":"Gensokyo:3_Fairies","floor":3.0,"turns":3.0},{"damage":7.0,"enemies":"Gensokyo:CorruptedTreant","floor":4.0,"turns":3.0},{"damage":8.0,"enemies":"Gensokyo:Mamizou","floor":7.0,"turns":7.0},{"damage":5.0,"enemies":"Gensokyo:Aya","floor":11.0,"turns":4.0},{"damage":8.0,"enemies":"Gensokyo:Mamizou","floor":13.0,"turns":6.0},{"damage":20.0,"enemies":"Gensokyo:Yukari","floor":16.0,"turns":4.0},{"damage":0.0,"enemies":"Gensokyo:CosmicMonolith","floor":18.0,"turns":2.0},{"damage":0.0,"enemies":"Gensokyo:3_Dogs","floor":20.0,"turns":2.0},{"damage":2.0,"enemies":"Gensokyo:Chomper_and_Gloop","floor":22.0,"turns":2.0},{"damage":0.0,"enemies":"Gensokyo:Reisen","floor":23.0,"turns":2.0},{"damage":0.0,"enemies":"Gensokyo:Mirror_and_Dog","floor":27.0,"turns":1.0},{"damage":3.0,"enemies":"Gensokyo:Koishi","floor":30.0,"turns":3.0},{"damage":0.0,"enemies":"Gensokyo:Slime_Group","floor":31.0,"turns":2.0},{"damage":6.0,"enemies":"Gensokyo:Eternal_Rivals","floor":33.0,"turns":3.0},{"damage":0.0,"enemies":"Gensokyo:3_Boulders","floor":35.0,"turns":2.0},{"damage":0.0,"enemies":"Gensokyo:3_Bats","floor":37.0,"turns":2.0},{"damage":0.0,"enemies":"Gensokyo:Sharpion","floor":39.0,"turns":2.0},{"damage":0.0,"enemies":"Gensokyo:Doremy","floor":40.0,"turns":2.0},{"damage":0.0,"enemies":"Gensokyo:4_Bats","floor":41.0,"turns":1.0},{"damage":0.0,"enemies":"Gensokyo:Kasen","floor":45.0,"turns":1.0},{"damage":0.0,"enemies":"Gensokyo:Rafflesia","floor":47.0,"turns":2.0},{"damage":0,"enemies":"Gensokyo:Scarlet_Devils","floor":50,"turns":2},{"damage":0,"enemies":"Shield and Spear","floor":54,"turns":1},{"damage":0,"enemies":"The Heart","floor":55,"turns":3}],"seed_played":"6379886583232410053","potions_obtained":[{"floor":1.0,"key":"EntropicBrew"},{"floor":7.0,"key":"LiquidBronze"},{"floor":16.0,"key":"Energy Potion"},{"floor":20.0,"key":"AttackPotion"},{"floor":23.0,"key":"Fire Potion"},{"floor":37.0,"key":"REME_GoldPotion"},{"floor":40.0,"key":"ColorlessPotion"},{"floor":45.0,"key":"FearPotion"}],"is_trial":false,"path_per_floor":["M","M","M","M","$","R","E","R","T","?","E","?","E","$","R","B",null,"M","?","M","?","M","E","R","?","T","M","R","COS","E","M","R","B",null,"M","?","M","COS","M","E","M","R","T","R","E","R","M","?","R","B",null,"R","$","E","B",null],"character_chosen":"THE_STARBREAKER","items_purchased":["Moonworks:NicePresent","Singing Bowl","Moonworks:JonathanRush","GodSword3","Ornamental Fan","REME_AllRoundStrike","Dota2Spire:HealingSalve","GodSword1","DollysMirror","Fruit Juice","Dota2Spire:PhaseBoots","REME_ProfessionalPlagiarism","Moonworks:LittleGull","Moonworks:JonathanRush"],"campfire_rested":0,"item_purchase_floors":[5,5,5,5,5,5,14,14,14,14,14,14,53,53],"current_hp_per_floor":[60,60,60,53,53,53,47,47,47,32,29,5,66,71,76,58,78,80,74,74,74,76,80,80,80,80,80,80,80,79,81,81,76,82,84,84,84,84,86,86,88,88,88,88,90,90,90,90,90,90,90,90,90,92,92],"gold":73,"neow_bonus":"RANDOM_COMMON_RELIC","is_daily":false,"chose_seed":false,"campfire_upgraded":10,"win_rate":0.0,"timestamp":1610869300,"path_taken":["M","M","M","M","?","R","E","R","T","?","E","?","E","$","R","BOSS","M","?","M","?","?","E","R","?","T","M","R","COS","E","M","R","BOSS","M","?","M","COS","M","E","M","R","T","R","E","R","M","?","R","BOSS","R","$","E","BOSS"],"items_purchased_type":["Card","Relic","Card","Relic","Relic","Card","Potion","Relic","Relic","Potion","Relic","Card","Relic","Card"],"build_version":"2020-12-22","purchased_purges":2,"victory":true,"max_hp_per_floor":[60,60,60,60,60,60,62,62,62,62,64,64,66,71,76,78,78,80,74,74,74,78,80,80,80,80,80,80,80,82,82,82,82,82,84,84,84,84,86,86,88,88,88,88,90,90,90,90,90,90,90,90,90,92,92],"card_choices":[{"not_picked":["Moonworks:SealedMemories","Moonworks:FullSpeedAlicianrone"],"picked":"Moonworks:JonathanRush","floor":1.0},{"not_picked":["Moonworks:Assault","Moonworks:ScrambledEve"],"picked":"Moonworks:JonathanRush","floor":2.0},{"not_picked":["Moonworks:CookingTime","Moonworks:StiffCrystal","Moonworks:BigMagnum"],"picked":"SKIP","floor":3.0},{"not_picked":["Moonworks:IndiscriminateFireSupport","Moonworks:BeyondHell"],"picked":"Moonworks:BackdoorTrade","floor":4.0},{"not_picked":["Moonworks:BigMagnum","Moonworks:LulusLuckyEgg","Moonworks:CastOff"],"picked":"Singing Bowl","floor":7.0},{"not_picked":["Moonworks:Heat300Percent","Moonworks:ForcedRevival","Moonworks:EvilSpyWorkPreparation"],"picked":"Singing Bowl","floor":11.0},{"not_picked":["Moonworks:DeployBits","Moonworks:RedAndBlue","Moonworks:Assault"],"picked":"Singing Bowl","floor":13.0},{"not_picked":["Moonworks:ShieldCounter","Moonworks:OutOfAmmo","Moonworks:FinalBattle"],"picked":"Singing Bowl","floor":16.0},{"not_picked":["Moonworks:Assault","Moonworks:BigBangBell","Moonworks:EvilSpyWorkPreparation"],"picked":"Singing Bowl","floor":18.0},{"not_picked":["Moonworks:EvilSpyWorkPreparation","Moonworks:IndiscriminateFireSupport+1"],"picked":"Moonworks:JonathanRush","floor":20.0},{"not_picked":["Moonworks:FullSpeedAlicianrone+1","Moonworks:ImOnFire","Moonworks:BindingChains+1"],"picked":"Singing Bowl","floor":22.0},{"not_picked":["Moonworks:IndiscriminateFireSupport","Moonworks:LulusLuckyEgg","Moonworks:Assault"],"picked":"Singing Bowl","floor":23.0},{"not_picked":["Moonworks:WeAreWaruda","Moonworks:LulusLuckyEgg"],"picked":"Moonworks:JonathanRush+1","floor":27.0},{"not_picked":["Moonworks:EvilSpyWorkPreparation","Moonworks:Flamethrower","Moonworks:CloudOfSeagulls"],"picked":"Singing Bowl","floor":30.0},{"not_picked":["Moonworks:Assault+1","Moonworks:WindyEnchantment"],"picked":"Moonworks:HolyNight","floor":31.0},{"not_picked":["Moonworks:ReflectiveShell","Moonworks:WeAreWaruda"],"picked":"Moonworks:SubspaceTunnel","floor":33.0},{"not_picked":["Moonworks:FinalSurgery+1","Moonworks:Assault","Moonworks:EvilSpyWorkPreparation"],"picked":"Singing Bowl","floor":35.0},{"not_picked":["Moonworks:DeployBits+1","Moonworks:Poppoformation"],"picked":"Moonworks:NicePresent+1","floor":37.0},{"not_picked":["Moonworks:CloudOfSeagulls+1","Moonworks:LulusLuckyEgg+1","Moonworks:UnluckyCharm"],"picked":"Singing Bowl","floor":39.0},{"not_picked":["Moonworks:CastOff+1","Moonworks:AngelHand"],"picked":"Moonworks:JonathanRush","floor":40.0},{"not_picked":["Moonworks:DeployBits","Moonworks:LuckyCharm+1","Moonworks:ExtendedPhotonRifle+1"],"picked":"Singing Bowl","floor":41.0},{"not_picked":["Moonworks:MetallicMonocoque","Moonworks:CloudOfSeagulls","Moonworks:EvilSpyWorkPreparation+1"],"picked":"Singing Bowl","floor":45.0},{"not_picked":["Moonworks:CastOff","Moonworks:BigMagnum+1"],"picked":"Moonworks:NicePresent+1","floor":47.0},{"not_picked":["Moonworks:SakisCookie","Moonworks:Assault+1","Moonworks:CloudOfSeagulls+1"],"picked":"Singing Bowl","floor":54}],"player_experience":392068,"relics_obtained":[{"floor":7.0,"key":"Ice Cream"},{"floor":9.0,"key":"InkBottle"},{"floor":11.0,"key":"AT_BellowingDragoncrestRing"},{"floor":13.0,"key":"Dota2Spire:UrnOfShadows"},{"floor":23.0,"key":"Dota2Spire:ShivaGuard"},{"floor":27.0,"key":"Gensokyo:MosesMiracle"},{"floor":30.0,"key":"PreservedInsect"},{"floor":35.0,"key":"Dota2Spire:PhaseBoots"},{"floor":40.0,"key":"Dota2Spire:BlackKingBar"},{"floor":43.0,"key":"Nunchaku"},{"floor":45.0,"key":"REME_CardOfGreed"},{"floor":45.0,"key":"Dream Catcher"},{"floor":54,"key":"AT_MibuBalloonWealth"}],"event_choices":[],"is_beta":false,"boss_relics":[{"not_picked":["Philosopher\u0027s Stone","REME_ChargedStone"],"picked":"Dota2Spire:Bloodstone"},{"not_picked":["SlaversCollar","SacredBark"],"picked":"AddBug"}],"items_purged_floors":[5,14],"is_endless":false,"potions_floor_spawned":[1,7,16,20,23,37,40,45,54],"ascension_level":1}}