{"host":"pyvqvk2ltcevcwmf","time":1610880971,"event":{"mods":["BaseMod","BetterRewards","Good Game Mod","Marisa£®ÏF”Í°°ƒß¿Ì…≥£©","Minty Spire (QoL Compilation)","Poor People Problems","Rare Cards Sparkle","Shop Mod","Spicy Shops","StSLib","The Alterego","The Servant 0.9.4","Youmu£®ªÍ∆«—˝√Œ£©"],"gold_per_floor":[118,218,233,251,426,470,470,520,520,569,569,616,28,87,87,204,204,248,267,279,279,279,279,319,347,359,415,427,480,503,515,527,662,674,718,730,742,754,786,826,854,944,956,1033,1087,212,212,258,258,258],"floor_reached":51,"language":"ZHS","playtime":3802,"items_purged":["Doubt","Strike_MRS"],"score":992,"play_id":"36d1eee2-9740-4a71-b0a5-10a9ab560932","local_time":"20210117185611","is_ascension_mode":true,"campfire_choices":[{"floor":11.0,"key":"REST"},{"data":"Apotheosis","floor":15.0,"key":"SMITH"},{"data":"CollectingQuirk","floor":23.0,"key":"SMITH"},{"data":"MaximisePower","floor":32.0,"key":"SMITH"},{"data":"MillisecondPulsars","floor":49,"key":"SMITH"}],"circlet_count":0,"master_deck":["Strike_MRS","Strike_MRS+1","Strike_MRS","Defend_MRS","MasterSpark","UpSweep+1","OrrerysSun","UnstableBomb+1","DoubleSpark","WitchOfGreed","BlazingStar+1","GrandCross","SuperPerseids","Singularity","Parasite","Parasite","Apotheosis+1","MaximisePower+1","CollectingQuirk+1","GravityBeat+1","AsteroidBelt+1","AsteroidBelt","SuperNova","WitchLeyline","6A","ShootingEcho","UnstableBomb","MillisecondPulsars+1","WitchLeyline+1","MaximisePower","6A+1","DC","DragonMeteor","WitchOfGreed+1","GravityBeat+1","EarthLightRay+1","MilkyWay+1","PulseMagic","MysteriousBeam","StarBarrage+1"],"relics":["MiniHakkero","REME:ComplimentaryCards","NeowsBlessing","Smiling Mask","Mummified Hand","Akabeko","PreservedInsect","Bronze Scales","ShroomBag","MerchantsRug","Oddly Smooth Stone","Black Star","Juzu Bracelet","MutagenicStrength","Bird Faced Urn","Ornamental Fan","Eternal Feather","InkBottle","Centennial Puzzle","StoneCalendar","Coffee Dripper","Happy Flower","Calipers","Frozen Egg 2","AmplifyWand","Pen Nib","Nunchaku","Sling","War Paint","Molten Egg 2","Pear"],"acts_visited":["Exordium","TheCity","TheBeyond"],"potions_floor_usage":[42,45,45],"damage_taken":[{"damage":0.0,"enemies":"Jaw Worm","floor":1.0,"turns":1.0},{"damage":0.0,"enemies":"Cultist","floor":3.0,"turns":1.0},{"damage":0.0,"enemies":"2 Louse","floor":4.0,"turns":1.0},{"damage":21.0,"enemies":"Gremlin Nob","floor":6.0,"turns":4.0},{"damage":14.0,"enemies":"Lagavulin","floor":8.0,"turns":7.0},{"damage":14.0,"enemies":"Gremlin Nob","floor":10.0,"turns":3.0},{"damage":15.0,"enemies":"Lagavulin","floor":12.0,"turns":5.0},{"damage":0.0,"enemies":"Gremlin Nob","floor":14.0,"turns":2.0},{"damage":27.0,"enemies":"Hexaghost","floor":16.0,"turns":8.0},{"damage":22.0,"enemies":"2 Thieves","floor":18.0,"turns":4.0},{"damage":0.0,"enemies":"Spheric Guardian","floor":19.0,"turns":2.0},{"damage":0.0,"enemies":"3 Cultists","floor":20.0,"turns":3.0},{"damage":23.0,"enemies":"Gremlin Leader","floor":24.0,"turns":5.0},{"damage":0.0,"enemies":"Snecko","floor":25.0,"turns":3.0},{"damage":3.0,"enemies":"Slavers","floor":27.0,"turns":3.0},{"damage":6.0,"enemies":"Book of Stabbing","floor":29.0,"turns":3.0},{"damage":0.0,"enemies":"Snake Plant","floor":30.0,"turns":1.0},{"damage":26.0,"enemies":"Collector","floor":33.0,"turns":5.0},{"damage":0.0,"enemies":"3 Shapes","floor":35.0,"turns":2.0},{"damage":7,"enemies":"3 Darklings","floor":39,"turns":2},{"damage":0,"enemies":"Giant Head","floor":40,"turns":3},{"damage":4,"enemies":"Jaw Worm Horde","floor":41,"turns":2},{"damage":36,"enemies":"2 Orb Walkers","floor":42,"turns":3},{"damage":18,"enemies":"Maw","floor":44,"turns":5},{"damage":0,"enemies":"3 Darklings","floor":45,"turns":1},{"damage":0,"enemies":"Reptomancer","floor":48,"turns":2},{"damage":20,"enemies":"Donu and Deca","floor":50,"turns":4}],"seed_played":"4499722078850652042","potions_obtained":[{"floor":1.0,"key":"FearPotion"},{"floor":3.0,"key":"AttackPotion"},{"floor":6.0,"key":"AttackPotion"},{"floor":10.0,"key":"Ancient Potion"},{"floor":10.0,"key":"LiquidMemories"},{"floor":12.0,"key":"LiquidBronze"},{"floor":14.0,"key":"Fruit Juice"},{"floor":14.0,"key":"Explosive Potion"},{"floor":16.0,"key":"Explosive Potion"},{"floor":18.0,"key":"Explosive Potion"},{"floor":18.0,"key":"Energy Potion"},{"floor":24.0,"key":"Explosive Potion"},{"floor":27.0,"key":"BottledSpark"},{"floor":30.0,"key":"Strength Potion"},{"floor":33.0,"key":"BlessingOfTheForge"},{"floor":35.0,"key":"DuplicationPotion"},{"floor":35.0,"key":"SpeedPotion"},{"floor":39,"key":"PowerPotion"},{"floor":42,"key":"Explosive Potion"},{"floor":44,"key":"BottledSpark"},{"floor":45,"key":"StarNLove"},{"floor":45,"key":"FairyPotion"},{"floor":48,"key":"SteroidPotion"}],"is_trial":false,"path_per_floor":["M","?","M","M","?","E","?","E","T","E","R","E","$","E","R","B",null,"M","M","M","?","?","R","E","M","T","E","?","E","M","?","R","B",null,"M","?","?","?","M","E","M","?","T","M","M","$","T","E","R","B",null],"character_chosen":"MARISA","items_purchased":["ShroomBag","Apotheosis","Whetstone","MerchantsRug","MilkyWay","PulseMagic","MysteriousBeam","AmplifyWand","Pen Nib","Nunchaku","Sling"],"campfire_rested":1,"item_purchase_floors":[13,13,13,13,46,46,46,46,46,46,46],"current_hp_per_floor":[75,75,75,75,75,54,39,25,25,11,33,18,18,22,27,4,80,60,62,64,64,64,64,45,51,51,52,52,54,54,54,72,58,80,80,80,80,80,79,80,76,60,60,58,66,66,66,82,104,102],"gold":258,"neow_bonus":"THREE_ENEMY_KILL","is_daily":false,"chose_seed":false,"campfire_upgraded":4,"win_rate":0.0,"timestamp":1610880971,"path_taken":["M","?","?","M","?","E","?","E","T","E","R","E","$","E","R","BOSS","M","M","M","?","?","R","E","M","T","E","?","E","M","?","R","BOSS","M","?","?","?","M","E","M","?","T","M","M","$","?","E","R","BOSS"],"items_purchased_type":["Relic","Card","Relic","Relic","Card","Card","Card","Relic","Relic","Relic","Relic"],"build_version":"2020-12-22","purchased_purges":2,"victory":true,"max_hp_per_floor":[75,75,75,75,75,75,75,75,75,75,75,75,75,75,80,80,80,80,80,80,80,80,80,80,80,80,80,80,80,80,80,80,80,80,80,80,80,80,80,80,80,94,94,94,94,94,94,104,104,104],"card_choices":[{"not_picked":["AlicesGift","Acceleration"],"picked":"UnstableBomb","floor":1.0},{"not_picked":["ShootingEcho","6A"],"picked":"DoubleSpark","floor":3.0},{"not_picked":["GasGiant","GalacticHalo"],"picked":"WitchOfGreed","floor":4.0},{"not_picked":["ManaConvection","GalacticHalo"],"picked":"BlazingStar","floor":6.0},{"not_picked":["Occultation","DarkMatter"],"picked":"GrandCross","floor":8.0},{"not_picked":["6A","EarthLightRay"],"picked":"SuperPerseids","floor":10.0},{"not_picked":["DragonMeteor","6A"],"picked":"Singularity","floor":12.0},{"not_picked":["BlazeAway","PropBag"],"picked":"MaximisePower","floor":14.0},{"not_picked":["FinalSpark","JA"],"picked":"CollectingQuirk","floor":16.0},{"not_picked":["SporeBomb","LuminesStrike"],"picked":"GravityBeat+1","floor":18.0},{"not_picked":["GravityBeat","BlazeAway"],"picked":"AsteroidBelt","floor":19.0},{"not_picked":["SprinkleStarSeal","LuminesStrike"],"picked":"AsteroidBelt","floor":20.0},{"not_picked":["LuminesStrike","OpenUniverse"],"picked":"SuperNova","floor":24.0},{"not_picked":["GalacticHalo","6A"],"picked":"WitchLeyline","floor":25.0},{"not_picked":["DarkSpark","AlicesGift"],"picked":"6A","floor":27.0},{"not_picked":["MysteriousBeam+1","EnergyRecoil"],"picked":"ShootingEcho","floor":29.0},{"not_picked":["GalacticHalo","AsteroidBelt"],"picked":"UnstableBomb","floor":30.0},{"not_picked":["StarDustReverie","BlazingStar"],"picked":"MillisecondPulsars","floor":33.0},{"not_picked":["RefractionSpark+1","MysteriousBeam"],"picked":"WitchLeyline+1","floor":35.0},{"not_picked":["StarBarrage+1","Acceleration+1"],"picked":"6A+1","floor":39},{"not_picked":["EnergyRecoil+1","SporeBomb"],"picked":"DC","floor":40},{"not_picked":["LuminesStrike+1","DC+1"],"picked":"DragonMeteor","floor":41},{"not_picked":["MachineGunSpark","BinaryStars"],"picked":"WitchOfGreed+1","floor":42},{"not_picked":["MagicAbsorber+1","NonDirectionalLaser"],"picked":"GravityBeat+1","floor":44},{"not_picked":["6A+1","Acceleration+1"],"picked":"EarthLightRay+1","floor":45},{"not_picked":["UnstableBomb+1","6A+1"],"picked":"StarBarrage+1","floor":48}],"player_experience":171186,"relics_obtained":[{"floor":6.0,"key":"Smiling Mask"},{"floor":8.0,"key":"Mummified Hand"},{"floor":9.0,"key":"Akabeko"},{"floor":10.0,"key":"PreservedInsect"},{"floor":12.0,"key":"Bronze Scales"},{"floor":14.0,"key":"Oddly Smooth Stone"},{"floor":24.0,"key":"MawBank"},{"floor":24.0,"key":"Bird Faced Urn"},{"floor":26.0,"key":"Ornamental Fan"},{"floor":27.0,"key":"Eternal Feather"},{"floor":27.0,"key":"InkBottle"},{"floor":29.0,"key":"Centennial Puzzle"},{"floor":29.0,"key":"StoneCalendar"},{"floor":40,"key":"Happy Flower"},{"floor":40,"key":"Calipers"},{"floor":42,"key":"Mango"},{"floor":43,"key":"Frozen Egg 2"},{"floor":47,"key":"War Paint"},{"floor":48,"key":"Molten Egg 2"},{"floor":48,"key":"Pear"}],"event_choices":[{"damage_healed":0.0,"max_hp_gain":0.0,"max_hp_loss":0.0,"gold_gain":100.0,"event_name":"Wheel of Change","player_choice":"Gold","floor":2.0,"gold_loss":0.0,"damage_taken":0.0},{"damage_healed":0.0,"max_hp_gain":0.0,"max_hp_loss":0.0,"gold_gain":175.0,"event_name":"Liars Game","player_choice":"AGREE","floor":5.0,"gold_loss":0.0,"damage_taken":0.0,"cards_obtained":["Doubt"]},{"damage_healed":0.0,"max_hp_gain":0.0,"max_hp_loss":0.0,"gold_gain":0.0,"event_name":"Shining Light","player_choice":"Entered Light","floor":7.0,"gold_loss":0.0,"damage_taken":15.0,"cards_upgraded":["UpSweep","UnstableBomb"]},{"damage_healed":0.0,"max_hp_gain":0.0,"max_hp_loss":0.0,"gold_gain":0.0,"event_name":"The Mausoleum","player_choice":"Opened","floor":21.0,"gold_loss":0.0,"damage_taken":0.0,"relics_obtained":["Juzu Bracelet"],"cards_obtained":["Writhe"]},{"damage_healed":0.0,"max_hp_gain":0.0,"max_hp_loss":0.0,"gold_gain":0.0,"event_name":"Drug Dealer","player_choice":"Inject Mutagens","floor":22.0,"gold_loss":0.0,"damage_taken":0.0,"relics_obtained":["MutagenicStrength"]},{"cards_removed":["Writhe"],"damage_healed":0.0,"max_hp_gain":0.0,"max_hp_loss":0.0,"gold_gain":0.0,"event_name":"Purifier","player_choice":"Purged","floor":28.0,"gold_loss":0.0,"damage_taken":0.0},{"cards_removed":["Defend_MRS"],"damage_healed":0.0,"max_hp_gain":0.0,"max_hp_loss":0.0,"gold_gain":0.0,"event_name":"Back to Basics","player_choice":"Elegance","floor":31.0,"gold_loss":0.0,"damage_taken":0.0},{"damage_healed":0.0,"max_hp_gain":0.0,"max_hp_loss":0.0,"gold_gain":0.0,"cards_transformed":["Defend_MRS"],"event_name":"Transmorgrifier","player_choice":"Transformed","floor":36.0,"gold_loss":0.0,"damage_taken":0.0,"cards_obtained":["MaximisePower"]},{"cards_removed":["Defend_MRS"],"damage_healed":0.0,"max_hp_gain":0.0,"max_hp_loss":0.0,"gold_gain":0.0,"event_name":"Falling","player_choice":"Removed Skill","floor":37.0,"gold_loss":0.0,"damage_taken":0.0},{"damage_healed":0.0,"max_hp_gain":0.0,"max_hp_loss":0.0,"gold_gain":0.0,"event_name":"Tomb of Lord Red Mask","player_choice":"Ignored","floor":38.0,"gold_loss":0.0,"damage_taken":0.0},{"damage_healed":0,"gold_gain":0,"player_choice":"Fight","damage_taken":0,"max_hp_gain":0,"max_hp_loss":0,"event_name":"Mysterious Sphere","floor":42,"gold_loss":0}],"is_beta":false,"boss_relics":[{"not_picked":["Ectoplasm","Busted Crown"],"picked":"Black Star"},{"not_picked":["Snecko Eye","Fusion Hammer"],"picked":"Coffee Dripper"}],"items_purged_floors":[13,46],"is_endless":false,"potions_floor_spawned":[1,3,6,10,14,18,30,33,35,39,45,48],"ascension_level":1}}