{"host":"3zhcrllo23fhqv4x","time":1610909846,"event":{"mods":["AchievementEnabler","BaseMod","Downfall","Hermit","Jorbs\u0027s Wanderer Trilogy","Marisa????????","Minty Spire (QoL Compilation)","Remilia??????","StSLib","The Cursed","The Disciple","The Hierophant","The Runesmith","The Servant 0.9.4"],"gold_per_floor":[99,109,127,227,243,143,166,178,188,198,8,8,8,25,45,150,150,150,170,187,287,305,317,386,398,298,298,298,298],"floor_reached":27,"language":"ENG","playtime":1323,"items_purged":[],"score":236,"play_id":"cab7bd5e-4b02-4304-94ff-0df30a35530d","local_time":"20210117135726","is_ascension_mode":false,"campfire_choices":[{"floor":1,"key":"RECALL"},{"data":"champ:GutPunch","floor":6,"key":"SMITH"},{"data":"champ:Parry","floor":13,"key":"SMITH"},{"data":"champ:ShieldWall","floor":18,"key":"SMITH"},{"floor":26,"key":"REST"}],"circlet_count":0,"master_deck":["champ:Strike","champ:Strike","champ:Strike","champ:Strike","champ:Defend","champ:Defend","champ:Defend","champ:Defend","champ:Execute","champ:Taunt","Bandage Up","champ:IronFortress","champ:AdrenalArmor","champ:GutPunch+1","champ:PreciseThrust","champ:StanceDance","champ:Parry+1","champ:ArenaPreparation","champ:DefensiveShout","champ:ShieldWall+1","champ:FocusedDefense","champ:CheapShot","champ:EnGarde+1","champ:Backstep","champ:FanOfKnives","champ:Circumvent+1","champ:PreciseThrust+1"],"relics":["champ:ChampionCrown","downfall:HeartBlessingRed","champ:FightingForDummies","Toy Ornithopter","SacredBark","downfall:HeartBlessingBlue"],"acts_visited":["Exordium","TheCity"],"potions_floor_usage":[16,16,16,23,23],"damage_taken":[{"damage":20,"enemies":"Small Slimes","floor":2,"turns":4},{"damage":27,"enemies":"Cultist","floor":3,"turns":5},{"damage":26,"enemies":"Jaw Worm","floor":5,"turns":5},{"damage":15,"enemies":"Red Slaver","floor":8,"turns":4},{"damage":30,"enemies":"Lots of Slimes","floor":9,"turns":5},{"damage":26,"enemies":"Blue Slaver","floor":10,"turns":3},{"damage":15,"enemies":"downfall:FleeingMerchant","floor":11,"turns":4},{"damage":17,"enemies":"3 Louse","floor":14,"turns":4},{"damage":5,"enemies":"Exordium Wildlife","floor":15,"turns":3},{"damage":120,"enemies":"SI_SHIV_ARCHETYPE","floor":16,"turns":10},{"damage":10,"enemies":"Shell Parasite","floor":19,"turns":3},{"damage":24,"enemies":"Spheric Guardian","floor":20,"turns":4},{"damage":41,"enemies":"Snake Plant","floor":22,"turns":4},{"damage":27,"enemies":"Centurion and Healer","floor":23,"turns":7},{"damage":75,"enemies":"Sentry and Sphere","floor":25,"turns":7},{"damage":88,"enemies":"Gremlin Leader","floor":27,"turns":6}],"seed_played":"5370080460542829210","potions_obtained":[{"floor":3,"key":"Regen Potion"},{"floor":10,"key":"GamblersBrew"},{"floor":14,"key":"bronze:BurnAndBuffPotion"},{"floor":15,"key":"Fire Potion"},{"floor":16,"key":"Weak Potion"},{"floor":19,"key":"Guardian:BlockOnCardUsePotion"},{"floor":22,"key":"EssenceOfSteel"},{"floor":23,"key":"bronze:BurnAndBuffPotion"},{"floor":25,"key":"GamblersBrew"}],"is_trial":false,"path_per_floor":["R","M","M","?","M","R","T","M","M","M","$","?","R","M","M","B",null,"R","M","M","?","M","M","T","M","R","E"],"character_chosen":"THE_CHAMP","items_purchased":["Toy Ornithopter","champ:DefensiveShout"],"campfire_rested":1,"item_purchase_floors":[11,11],"current_hp_per_floor":[90,90,87,87,84,84,84,83,82,80,84,89,89,86,90,54,95,95,95,81,81,60,72,72,42,83,0,0,0],"gold":298,"neow_bonus":"RANDOM_COLORLESS","is_daily":false,"chose_seed":false,"campfire_upgraded":3,"win_rate":0.0,"timestamp":1610909846,"path_taken":["R","M","M","?","M","R","T","M","?","M","$","?","R","M","M","BOSS","R","M","M","?","M","M","T","?","R","E"],"items_purchased_type":["Relic","Card"],"build_version":"2020-12-22","purchased_purges":0,"victory":false,"max_hp_per_floor":[90,90,90,90,90,90,90,90,90,90,90,95,95,95,95,95,95,95,95,95,95,95,95,95,95,105,105,105,105],"card_choices":[{"not_picked":["Blind","Deep Breath"],"picked":"Bandage Up","floor":0},{"not_picked":["champ:EndlessRage","champ:DefensiveShout"],"picked":"champ:IronFortress","floor":2},{"not_picked":["champ:Shatter","champ:Circumvent"],"picked":"champ:AdrenalArmor","floor":3},{"not_picked":["champ:BladeFlurry","champ:FalseCounter"],"picked":"champ:GutPunch","floor":5},{"not_picked":["champ:IgnorePain","champ:BladeFlurry"],"picked":"champ:PreciseThrust","floor":8},{"not_picked":["champ:EndlessRage","champ:BerserkersShout"],"picked":"champ:StanceDance","floor":9},{"not_picked":["champ:EnGarde","champ:Lariat"],"picked":"champ:Parry","floor":10},{"not_picked":["champ:Parry","champ:PreciseThrust"],"picked":"champ:ArenaPreparation","floor":11},{"not_picked":["champ:DeathBlow","champ:FlashCut"],"picked":"champ:ShieldWall","floor":14},{"not_picked":["champ:Parry","champ:DefensiveShout"],"picked":"champ:FocusedDefense","floor":15},{"not_picked":["champ:UltimateStance","champ:SwordThrow"],"picked":"champ:CheapShot","floor":16},{"not_picked":["champ:PerfectedStrike","champ:GutPunch"],"picked":"champ:EnGarde+1","floor":19},{"not_picked":["champ:Shatter+1","champ:BladeFlurry+1"],"picked":"champ:Backstep","floor":20},{"not_picked":["champ:Haymaker","champ:DefensiveShout"],"picked":"champ:FanOfKnives","floor":22},{"not_picked":["champ:RapidStrikes","champ:GutPunch"],"picked":"champ:Circumvent+1","floor":23},{"not_picked":["champ:BerserkersShout","champ:PerfectedStrike"],"picked":"champ:PreciseThrust+1","floor":25}],"player_experience":304789,"relics_obtained":[{"floor":7,"key":"champ:FightingForDummies"}],"event_choices":[{"damage_healed":0,"gold_gain":0,"player_choice":"Donut","damage_taken":0,"max_hp_gain":5,"max_hp_loss":0,"event_name":"Big Fish","floor":12,"gold_loss":0}],"is_beta":false,"boss_relics":[{"not_picked":["Runic Dome","Velvet Choker"],"picked":"SacredBark"}],"items_purged_floors":[],"is_endless":false,"potions_floor_spawned":[3,10,14,15,16,19,22,23,25],"killed_by":"Gremlin Leader","ascension_level":0}}