{"host":"yqhiqbig8kve4qcd","time":1610869217,"event":{"mods":["Aspiration","BaseMod","Block Reminder","Colored Powertips","Conspire","Downfall","Filter the Spire","Hermit","Hubris","Infinite Spire","Minty Spire (QoL Compilation)","Permanent Neow","Quick Restart","StSLib","The Jungle","vexMod"],"gold_per_floor":[118,151,151,105,178,178,195,195,246,261,275,275,275,175,175,313,313,325,325,325,373,373,425,425,466,466,466,529,529,596,620,620,751,751],"floor_reached":33,"language":"ENG","playtime":1831,"items_purged":[],"score":273,"play_id":"5f6337ad-de4f-4483-badb-ee4d817a267e","local_time":"20210117024017","is_ascension_mode":false,"campfire_choices":[{"data":"hermit:BodyArmor","floor":6,"key":"SMITH"},{"data":"hermit:Showdown","floor":8,"key":"SMITH"},{"data":"hermit:Midnight","floor":12,"key":"SMITH"},{"floor":15,"key":"REST"},{"floor":24,"key":"REST"},{"floor":27,"key":"REST"},{"floor":29,"key":"REST"},{"floor":32,"key":"REST"}],"circlet_count":0,"master_deck":["hermit:Strike_Hermit","hermit:Strike_Hermit","hermit:Strike_Hermit","hermit:Strike_Hermit","hermit:Defend_Hermit","hermit:Defend_Hermit","hermit:Defend_Hermit","hermit:Defend_Hermit","hermit:Snapshot","hermit:Covet","hermit:Headshot","hermit:Deadeye","hermit:BodyArmor+1","hermit:Showdown+1","hermit:Midnight+1","Injury","conspire:SpireCoStock","conspire:SpireCoStock","hermit:HighNoon","hermit:Manifest+1","infinitespire:Starlight","Writhe","hermit:Roulette+1","Trip+1","Sever Soul","Self Repair","PiercingWail"],"relics":["hermit:Momento","aspiration:Nostalgia","infinitespire:DarkRift","Question Card","hubris:Icosahedron","conspire:DeflatedDodgeball","vexMod:BarristanHead","Golden Idol","Runic Pyramid","bronze:MakeshiftBattery","hubris:HerbalPaste","Ornamental Fan","PrismaticShard","Girya","Bottled Tornado","Anchor"],"acts_visited":["Exordium","TheCity"],"potions_floor_usage":[16,16,18,30,33,33,33,33,33,33],"damage_taken":[{"damage":0,"enemies":"Cultist","floor":1,"turns":2},{"damage":14,"enemies":"conspire:MimicChest","floor":2,"turns":5},{"damage":0,"enemies":"Small Slimes","floor":7,"turns":4},{"damage":1,"enemies":"Jaw Worm","floor":10,"turns":2},{"damage":7,"enemies":"Blue Slaver","floor":11,"turns":3},{"damage":31,"enemies":"The Guardian","floor":16,"turns":15},{"damage":37,"enemies":"2 Thieves","floor":18,"turns":4},{"damage":43,"enemies":"Shell Parasite","floor":21,"turns":13},{"damage":3,"enemies":"conspire:Head Lice","floor":23,"turns":4},{"damage":11,"enemies":"Snecko","floor":25,"turns":4},{"damage":61,"enemies":"Gremlin Leader","floor":28,"turns":7},{"damage":8,"enemies":"3 Cultists","floor":30,"turns":4},{"damage":43,"enemies":"Sentry and Sphere","floor":31,"turns":7},{"damage":107,"enemies":"Automaton","floor":33,"turns":12}],"seed_played":"8802762212729996846","potions_obtained":[{"floor":1,"key":"conspire:TimeTravelPotion"},{"floor":2,"key":"hermit:Tonic"},{"floor":16,"key":"SteroidPotion"},{"floor":21,"key":"sneckomod:MuddlingPotion"},{"floor":30,"key":"EntropicBrew"},{"floor":31,"key":"Slimebound:ThreeZeroPotion"}],"is_trial":false,"path_per_floor":["M","?","?","$","T","R","M","R","T","M","M","R","?","?","R","B",null,"M","AVR","?","M","?","E","R","M","T","R","E","R","M","M","R","B"],"character_chosen":"HERMIT","items_purchased":["hermit:BodyArmor"],"campfire_rested":5,"item_purchase_floors":[4],"current_hp_per_floor":[75,61,61,61,61,61,61,61,61,60,63,63,63,63,75,44,75,58,58,58,31,23,26,48,53,53,75,27,49,57,37,59,0,0],"gold":751,"neow_bonus":"NOSTALGIA","is_daily":false,"chose_seed":false,"campfire_upgraded":3,"win_rate":0.0,"timestamp":1610869217,"path_taken":["M","?","?","$","?","R","M","R","T","M","?","R","?","?","R","BOSS","M","AVR","?","M","?","E","R","M","T","R","E","R","M","M","R","BOSS"],"items_purchased_type":["Card"],"build_version":"2020-12-22","purchased_purges":0,"victory":false,"max_hp_per_floor":[75,75,75,75,75,75,75,75,75,75,75,75,75,75,75,75,75,75,75,75,75,75,75,75,75,75,75,75,75,75,75,75,75,75],"card_choices":[{"not_picked":["hermit:PistolWhip","hermit:Determination"],"picked":"hermit:Headshot","floor":1},{"not_picked":["hermit:Glare","hermit:Roulette"],"picked":"hermit:Deadeye","floor":2},{"not_picked":["hermit:WideOpen","hermit:FlashPowder","hermit:Roulette"],"picked":"hermit:Showdown","floor":7},{"not_picked":["hermit:LowProfile","hermit:Snipe","hermit:Headshot","hermit:Horror"],"picked":"SKIP","floor":10},{"not_picked":["hermit:SprayPray","hermit:OverwhelmingPower","hermit:Shortfuse"],"picked":"hermit:Midnight","floor":11},{"not_picked":["hermit:RoundhouseKick","hermit:EternalForm","hermit:HeroicBravado"],"picked":"hermit:HighNoon","floor":16},{"not_picked":["hermit:TrackingShot","hermit:Coalescence","hermit:Virtue+1"],"picked":"hermit:Manifest+1","floor":18},{"not_picked":["hermit:TrackingShot+1","hermit:SprayPray","hermit:Horror"],"picked":"hermit:Roulette+1","floor":21},{"not_picked":["Fasting2","bronze:DelayedSlice","bronze:Allocate+1"],"picked":"Trip+1","floor":23},{"not_picked":["Quick Slash","Shrug It Off","Slimebound:SamplingLick"],"picked":"Sever Soul","floor":25},{"not_picked":["Metamorphosis","sneckomod:UnknownCommonSkill","hermit:Brawl"],"picked":"Self Repair","floor":28},{"not_picked":["hermit:Deadeye","hermit:Quickdraw+1","Panacea"],"picked":"PiercingWail","floor":30},{"not_picked":["PiercingWail+1","Ball Lightning+1","bronze:BronzeOrb","sneckomod:SlitherStrike"],"picked":"SKIP","floor":31}],"player_experience":441639,"relics_obtained":[{"floor":2,"key":"Question Card"},{"floor":5,"key":"conspire:DeflatedDodgeball"},{"floor":9,"key":"vexMod:BarristanHead"},{"floor":22,"key":"PrismaticShard"},{"floor":23,"key":"Girya"},{"floor":26,"key":"Bottled Tornado"},{"floor":28,"key":"Anchor"}],"event_choices":[{"damage_healed":0,"gold_gain":0,"player_choice":"Take Wound","damage_taken":0,"relics_obtained":["Golden Idol"],"max_hp_gain":0,"max_hp_loss":0,"event_name":"Golden Idol","floor":13,"gold_loss":0,"cards_obtained":["Injury"]},{"damage_healed":0,"gold_gain":0,"player_choice":"Invest 2","damage_taken":0,"max_hp_gain":0,"max_hp_loss":0,"event_name":"conspire:Investor","floor":14,"gold_loss":0},{"damage_healed":0,"gold_gain":0,"player_choice":"Opened","damage_taken":0,"relics_obtained":["Ornamental Fan"],"max_hp_gain":0,"max_hp_loss":0,"event_name":"The Mausoleum","floor":20,"gold_loss":0,"cards_obtained":["Writhe"]}],"is_beta":false,"boss_relics":[{"not_picked":["Tiny House","Black Star"],"picked":"Runic Pyramid"}],"items_purged_floors":[],"is_endless":false,"potions_floor_spawned":[1,2,16,21,30,31],"killed_by":"Automaton","ascension_level":0}}