{"host":"cf32014d19ld5mat","time":1610884677,"event":{"mods":["AchievementEnabler","BaseMod","Block Reminder","Minty Spire (QoL Compilation)","Random Character Button","Relic Stats","StSLib"],"gold_per_floor":[118,132,149,159,159,193,256,256,256,268,268,311,325,363,363,488,488,512,19,19,19,19,19,34,58,58,81,81,81,96,127,127,257,257,271,296,629,53,53,53,53,83,83,83,107,142,0,15,15,15],"floor_reached":51,"language":"ENG","playtime":2816,"items_purged":["EmptyBody+1"],"score":1240,"play_id":"0e830283-e2b3-4ac7-9dd3-2462da087c77","local_time":"20210117115757","is_ascension_mode":true,"campfire_choices":[{"data":"Ragnarok","floor":8.0,"key":"SMITH"},{"data":"Vigilance","floor":15.0,"key":"SMITH"},{"data":"Meditate","floor":23,"key":"SMITH"},{"data":"Meditate","floor":28,"key":"SMITH"},{"data":"LikeWater","floor":32,"key":"SMITH"},{"floor":40,"key":"REST"},{"floor":44,"key":"REST"},{"data":"Omniscience","floor":49,"key":"SMITH"}],"circlet_count":0,"master_deck":["AscendersBane","Eruption","Vigilance+1","FlurryOfBlows","Ragnarok+1","Consecrate","Halt","Protect","Omniscience+1","Sanctity","Brilliance","Omniscience","Worship","FlurryOfBlows","InnerPeace","Halt+1","Wallop","Wallop","Meditate+1","FlyingSleeves","Protect","LikeWater+1","Omniscience+1","Apotheosis+1","Metamorphosis+1","ThirdEye+1","LikeWater","TalkToTheHand+1"],"relics":["PureWater","Darkstone Periapt","Yang","Strawberry","Anchor","Pandora\u0027s Box","Kunai","Bag of Preparation","Mummified Hand","Toxic Egg 2","Runic Pyramid","CloakClasp","Molten Egg 2","Akabeko","Ancient Tea Set","Red Mask"],"acts_visited":["Exordium","TheCity","TheBeyond"],"potions_floor_usage":[18,42,50],"damage_taken":[{"damage":5.0,"enemies":"Small Slimes","floor":1.0,"turns":5.0},{"damage":0.0,"enemies":"2 Louse","floor":2.0,"turns":3.0},{"damage":7.0,"enemies":"Jaw Worm","floor":3.0,"turns":3.0},{"damage":6.0,"enemies":"Looter","floor":4.0,"turns":3.0},{"damage":7.0,"enemies":"3 Sentries","floor":6.0,"turns":4.0},{"damage":14.0,"enemies":"Lagavulin Event","floor":7.0,"turns":3.0},{"damage":0.0,"enemies":"3 Louse","floor":10.0,"turns":3.0},{"damage":7.0,"enemies":"Lagavulin","floor":12.0,"turns":6.0},{"damage":0.0,"enemies":"Large Slime","floor":13.0,"turns":3.0},{"damage":0.0,"enemies":"3 Sentries","floor":14.0,"turns":4.0},{"damage":32.0,"enemies":"The Guardian","floor":16.0,"turns":10.0},{"damage":0,"enemies":"Shell Parasite","floor":18,"turns":1},{"damage":0,"enemies":"2 Thieves","floor":24,"turns":4},{"damage":5,"enemies":"Sentry and Sphere","floor":25,"turns":3},{"damage":0,"enemies":"Cultist and Chosen","floor":27,"turns":5},{"damage":2,"enemies":"Snake Plant","floor":30,"turns":4},{"damage":0,"enemies":"Gremlin Leader","floor":31,"turns":5},{"damage":4,"enemies":"Champ","floor":33,"turns":7},{"damage":0,"enemies":"3 Shapes","floor":35,"turns":2},{"damage":45,"enemies":"3 Darklings","floor":36,"turns":5},{"damage":0,"enemies":"Giant Head","floor":42,"turns":3},{"damage":1,"enemies":"Nemesis","floor":46,"turns":7},{"damage":0,"enemies":"4 Shapes","floor":48,"turns":4},{"damage":20,"enemies":"Time Eater","floor":50,"turns":12}],"seed_played":"-980089617631774922","potions_obtained":[{"floor":3.0,"key":"DistilledChaos"},{"floor":6.0,"key":"AttackPotion"},{"floor":10.0,"key":"Weak Potion"},{"floor":13.0,"key":"GamblersBrew"},{"floor":16.0,"key":"SneckoOil"},{"floor":30,"key":"Explosive Potion"},{"floor":33,"key":"DuplicationPotion"},{"floor":46,"key":"Ancient Potion"}],"is_trial":false,"path_per_floor":["M","M","M","M","?","E","?","R","T","M","?","E","M","E","R","B",null,"M","$","?","$","?","R","M","M","T","M","R","?","M","E","R","B",null,"M","M","?","$","?","R","?","E","T","R","T","E","?","M","R","B",null],"character_chosen":"WATCHER","items_purchased":["Kunai","Bag of Preparation","Wallop","Apotheosis+1","CloakClasp"],"campfire_rested":2,"item_purchase_floors":[19,19,19,38,38],"current_hp_per_floor":[67,67,60,54,59,52,38,38,38,38,38,38,38,38,38,6,65,65,65,65,65,65,65,65,60,60,60,60,60,58,58,58,54,77,77,32,32,32,32,57,57,57,57,82,82,81,81,81,81,61],"gold":15,"neow_bonus":"TEN_PERCENT_HP_BONUS","is_daily":false,"chose_seed":false,"campfire_upgraded":6,"win_rate":0.0,"timestamp":1610884677,"path_taken":["M","M","M","M","?","E","?","R","T","?","?","E","M","E","R","BOSS","M","$","?","$","?","R","M","M","T","M","R","?","M","E","R","BOSS","M","M","?","$","?","R","?","E","T","R","?","E","?","M","R","BOSS"],"items_purchased_type":["Relic","Relic","Card","Card","Relic"],"build_version":"2020-12-22","purchased_purges":1,"victory":true,"max_hp_per_floor":[79,79,79,79,84,84,84,84,84,84,78,85,85,85,85,85,85,85,85,85,85,85,85,85,85,85,85,85,85,85,85,85,85,85,85,85,85,85,85,85,85,85,85,85,85,85,85,85,85,85],"relic_stats":{"Darkstone Periapt":0,"counters":[24,109],"Mummified Hand":[19],"Yang":[223],"Pandora\u0027s Box":["Sanctity","Brilliance","Omniscience","Brilliance","Worship","FlurryOfBlows","Meditate","InnerPeace"],"Bag of Preparation":[24],"CloakClasp":[129],"Kunai":[32],"obtain_stats":[{"Darkstone Periapt":6,"Golden Idol":11,"Yang":9,"Bag of Preparation":19,"CloakClasp":38,"Ancient Tea Set":46,"Akabeko":45,"Anchor":14,"Mummified Hand":26,"Strawberry":12,"Pandora\u0027s Box":17,"Molten Egg 2":42,"Red Mask":47,"Kunai":19,"PureWater":0,"Toxic Egg 2":31,"Runic Pyramid":34},{"Darkstone Periapt":5,"Golden Idol":7,"Yang":6,"Bag of Preparation":12,"CloakClasp":20,"Ancient Tea Set":22,"Akabeko":21,"Anchor":10,"Mummified Hand":14,"Strawberry":8,"Pandora\u0027s Box":11,"Molten Egg 2":21,"Red Mask":22,"Kunai":12,"PureWater":0,"Toxic Egg 2":17,"Runic Pyramid":18},{"Darkstone Periapt":18,"Golden Idol":24,"Yang":21,"Bag of Preparation":48,"CloakClasp":83,"Ancient Tea Set":93,"Akabeko":86,"Anchor":37,"Mummified Hand":55,"Strawberry":30,"Pandora\u0027s Box":47,"Molten Egg 2":86,"Red Mask":93,"Kunai":48,"PureWater":0,"Toxic Egg 2":69,"Runic Pyramid":76}]},"card_choices":[{"not_picked":["Vengeance","SashWhip"],"picked":"FlurryOfBlows","floor":1.0},{"not_picked":["Protect","SashWhip"],"picked":"ReachHeaven","floor":2.0},{"not_picked":["Protect","ThirdEye"],"picked":"Ragnarok","floor":3.0},{"not_picked":["EmptyBody","Collect"],"picked":"Consecrate","floor":4.0},{"not_picked":["FollowUp","WreathOfFlame"],"picked":"Halt","floor":6.0},{"not_picked":["FlurryOfBlows","FlyingSleeves"],"picked":"Protect","floor":10.0},{"not_picked":["ThirdEye","Devotion"],"picked":"JustLucky","floor":12.0},{"not_picked":["JustLucky","SashWhip","PathToVictory"],"picked":"SKIP","floor":13.0},{"not_picked":["Halt","ForeignInfluence","FlurryOfBlows"],"picked":"SKIP","floor":14.0},{"not_picked":["Devotion","Brilliance"],"picked":"Omniscience","floor":16.0},{"not_picked":["InnerPeace","FlurryOfBlows"],"picked":"Halt+1","floor":18},{"not_picked":["ClearTheMind","FollowUp"],"picked":"Protect","floor":24},{"not_picked":["FollowUp+1","ReachHeaven+1","Fasting2"],"picked":"SKIP","floor":25},{"not_picked":["InnerPeace","FollowUp","EmptyFist"],"picked":"SKIP","floor":27},{"not_picked":["Crescendo","Fasting2","Weave+1"],"picked":"SKIP","floor":30},{"not_picked":["BowlingBash","EmptyBody+1"],"picked":"LikeWater","floor":31},{"not_picked":["Blasphemy+1","DeusExMachina+1"],"picked":"Omniscience+1","floor":33},{"not_picked":["Sanctity+1","BowlingBash"],"picked":"EmptyBody+1","floor":35},{"not_picked":["Crescendo+1","WreathOfFlame+1","JustLucky"],"picked":"SKIP","floor":36},{"not_picked":["Apotheosis+1","Impatience+1"],"picked":"Metamorphosis+1","floor":41},{"not_picked":["FlyingSleeves+1","Scrawl+1"],"picked":"ThirdEye+1","floor":42},{"not_picked":["ThirdEye+1","Blasphemy+1"],"picked":"LikeWater","floor":46},{"not_picked":["FlurryOfBlows+1","EmptyFist+1"],"picked":"TalkToTheHand+1","floor":48}],"player_experience":979759,"relics_obtained":[{"floor":6.0,"key":"Darkstone Periapt"},{"floor":9.0,"key":"Yang"},{"floor":12.0,"key":"Strawberry"},{"floor":14.0,"key":"Anchor"},{"floor":26,"key":"Mummified Hand"},{"floor":31,"key":"Toxic Egg 2"},{"floor":42,"key":"Molten Egg 2"},{"floor":45,"key":"Akabeko"},{"floor":46,"key":"Ancient Tea Set"}],"event_choices":[{"damage_healed":0.0,"max_hp_gain":5.0,"max_hp_loss":0.0,"gold_gain":0.0,"event_name":"Big Fish","player_choice":"Donut","floor":5.0,"gold_loss":0.0,"damage_taken":0.0},{"damage_healed":0.0,"max_hp_gain":0.0,"max_hp_loss":0.0,"gold_gain":0.0,"event_name":"Dead Adventurer","player_choice":"Searched \u00271\u0027 times","floor":7.0,"gold_loss":0.0,"damage_taken":0.0},{"damage_healed":0.0,"max_hp_gain":0.0,"max_hp_loss":6.0,"gold_gain":0.0,"event_name":"Golden Idol","player_choice":"Lose Max HP","floor":11.0,"gold_loss":0.0,"damage_taken":0.0,"relics_obtained":["Golden Idol"]},{"damage_healed":0,"gold_gain":0,"player_choice":"Read","damage_taken":0,"max_hp_gain":0,"max_hp_loss":0,"event_name":"The Library","floor":20,"gold_loss":0,"cards_obtained":["Wallop"]},{"damage_healed":0,"gold_gain":0,"cards_transformed":["JustLucky","ReachHeaven"],"player_choice":"Became Test Subject","damage_taken":0,"max_hp_gain":0,"max_hp_loss":0,"event_name":"Drug Dealer","floor":22,"gold_loss":0,"cards_obtained":["Meditate","FlyingSleeves"]},{"cards_removed":["Brilliance"],"damage_healed":0,"gold_gain":0,"player_choice":"Purged","damage_taken":0,"max_hp_gain":0,"max_hp_loss":0,"event_name":"Purifier","floor":29,"gold_loss":0},{"damage_healed":0,"gold_gain":333,"player_choice":"Gave Idol","damage_taken":0,"max_hp_gain":0,"max_hp_loss":0,"event_name":"The Moai Head","floor":37,"relics_lost":["Golden Idol"],"gold_loss":0},{"cards_removed":["Meditate"],"damage_healed":0,"gold_gain":0,"player_choice":"Removed Skill","damage_taken":0,"max_hp_gain":0,"max_hp_loss":0,"event_name":"Falling","floor":39,"gold_loss":0},{"damage_healed":0,"gold_gain":0,"player_choice":"Memory 1","damage_taken":0,"max_hp_gain":0,"max_hp_loss":0,"event_name":"SensoryStone","floor":41,"gold_loss":0},{"damage_healed":0,"gold_gain":0,"player_choice":"Paid","damage_taken":0,"relics_obtained":["Red Mask"],"max_hp_gain":0,"max_hp_loss":0,"event_name":"Tomb of Lord Red Mask","floor":47,"gold_loss":142}],"is_beta":false,"boss_relics":[{"not_picked":["Runic Dome","Philosopher\u0027s Stone"],"picked":"Pandora\u0027s Box"},{"not_picked":["Empty Cage","Snecko Eye"],"picked":"Runic Pyramid"}],"items_purged_floors":[38],"is_endless":false,"potions_floor_spawned":[3,6,10,13,16,30,33,46,48],"ascension_level":10}}