{"host":"9jj9tzo2iym4bpat","time":1610891704,"event":{"mods":["Act Like it!","BaseMod","CapriCore","Colored Map","Dark Map","Luminous","Minty Spire (QoL Compilation)","Permanent Neow","StSLib","Td1madao Mod","The Animator","The Immortal","The Marked","The Servant 0.9.4","Yakumo Yukari mod"],"gold_per_floor":[114,114,143,38,59,59,42,75,99,99,114,114,114],"floor_reached":12,"language":"ENG","playtime":364,"items_purged":["Strike_G"],"score":90,"play_id":"acef892e-67df-4c37-b3ff-1542a938686a","local_time":"20210117075504","is_ascension_mode":true,"campfire_choices":[{"data":"Accuracy","floor":6,"key":"SMITH"},{"floor":10,"key":"REST"}],"circlet_count":0,"master_deck":["Strike_G","Strike_G","Strike_G","Strike_G","Defend_G","Defend_G","Defend_G","Defend_G","Defend_G","Survivor","Neutralize","Masterful Stab","Dagger Spray","Accuracy+1","Deflect","PiercingWail"],"relics":["Ring of the Snake","Strawberry","CeramicFish","Blood Vial","Dream Catcher"],"acts_visited":["Exordium"],"potions_floor_usage":[8,12],"damage_taken":[{"damage":0,"enemies":"Jaw Worm","floor":1,"turns":4},{"damage":0,"enemies":"2 Louse","floor":3,"turns":2},{"damage":2,"enemies":"Small Slimes","floor":5,"turns":4},{"damage":64,"enemies":"Gremlin Nob","floor":8,"turns":7},{"damage":0,"enemies":"3 Louse","floor":11,"turns":3},{"damage":43,"enemies":"Lagavulin","floor":12,"turns":9}],"seed_played":"8814516216384144718","potions_obtained":[{"floor":3,"key":"Strength Potion"},{"floor":5,"key":"Block Potion"}],"is_trial":false,"path_per_floor":["M","?","M","$","M","R","$","E","T","R","M","E"],"character_chosen":"THE_SILENT","items_purchased":["Accuracy","PiercingWail"],"campfire_rested":1,"item_purchase_floors":[4,7],"current_hp_per_floor":[77,74,74,74,72,72,72,8,8,31,33,0,0],"gold":114,"neow_bonus":"RANDOM_COMMON_RELIC","is_daily":false,"chose_seed":false,"campfire_upgraded":1,"win_rate":0.0,"timestamp":1610891704,"path_taken":["M","?","M","$","M","R","$","E","T","R","M","E"],"items_purchased_type":["Card","Card"],"build_version":"2020-12-22","purchased_purges":1,"victory":false,"max_hp_per_floor":[77,77,77,77,77,77,77,77,77,77,77,77,77],"card_choices":[{"not_picked":["Bane","Expertise"],"picked":"Masterful Stab","floor":1},{"not_picked":["Backflip","Dagger Throw"],"picked":"Dagger Spray","floor":3},{"not_picked":["Terror","Tactician"],"picked":"Deflect","floor":5},{"not_picked":["Skewer","Calculated Gamble","Sucker Punch"],"picked":"SKIP","floor":8},{"not_picked":["Bane","Quick Slash","Prepared"],"picked":"SKIP","floor":11}],"player_experience":263059,"relics_obtained":[{"floor":8,"key":"Blood Vial"},{"floor":9,"key":"Dream Catcher"}],"event_choices":[{"damage_healed":0,"gold_gain":0,"player_choice":"Success","damage_taken":3,"relics_obtained":["CeramicFish"],"max_hp_gain":0,"max_hp_loss":0,"event_name":"Scrap Ooze","floor":2,"gold_loss":0}],"is_beta":false,"boss_relics":[],"items_purged_floors":[4],"is_endless":false,"potions_floor_spawned":[3,5],"killed_by":"Lagavulin","ascension_level":3}}