{"host":"3po7ngt2j61s4rmj","time":1610852346,"event":{"mods":["BaseMod","JesterMod","Minty Spire (QoL Compilation)","Relic Stats","Shade Mod","StSLib","The Jungle"],"gold_per_floor":[138,198,250,306,366,413,413,506,531,531,531,589,559,524,524,624,624,668,680,692,742,754,754],"floor_reached":22,"language":"ENG","playtime":1877,"items_purged":[],"score":255,"play_id":"61c4f1c0-0a1e-405d-b1a7-0ab7e890e1e3","local_time":"20210116195906","is_ascension_mode":true,"campfire_choices":[{"floor":7.0,"key":"REST"},{"floor":10.0,"key":"REST"},{"data":"jesterMod:Patience","floor":15.0,"key":"SMITH"}],"circlet_count":0,"master_deck":["jesterMod:Strike","jesterMod:Strike","jesterMod:Strike","jesterMod:Strike","jesterMod:Sickle","jesterMod:Defend","jesterMod:Defend","jesterMod:Defend","jesterMod:Defend","jesterMod:Dodge","HandOfGreed","jesterMod:Illness","jesterMod:Precipitation","jesterMod:Patience+1","jesterMod:Patience","jesterMod:Placebo","jesterMod:TrickyDodge","jesterMod:RecklessStrike","jesterMod:Leeches","CurseOfTheBell","jesterMod:DancingMad"],"relics":["jesterMod:JesterCap","Anchor","Potion Belt","Calling Bell","MawBank","Matryoshka","Unceasing Top"],"acts_visited":["Exordium","Exordium"],"potions_floor_usage":[21,22],"damage_taken":[{"damage":0.0,"enemies":"Jaw Worm","floor":1.0,"turns":4.0},{"damage":0.0,"enemies":"Small Slimes","floor":2.0,"turns":3.0},{"damage":0.0,"enemies":"2 Louse","floor":3.0,"turns":3.0},{"damage":1.0,"enemies":"2 Fungi Beasts","floor":4.0,"turns":4.0},{"damage":6.0,"enemies":"Exordium Thugs","floor":5.0,"turns":4.0},{"damage":15.0,"enemies":"Lagavulin","floor":6.0,"turns":5.0},{"damage":37.0,"enemies":"3 Sentries","floor":8.0,"turns":11.0},{"damage":0.0,"enemies":"Exordium Wildlife","floor":12.0,"turns":4.0},{"damage":1.0,"enemies":"Looter","floor":13.0,"turns":4.0},{"damage":21.0,"enemies":"Hexaghost","floor":16.0,"turns":13.0},{"damage":36.0,"enemies":"theJungle:GiantWrat","floor":18.0,"turns":6.0},{"damage":35,"enemies":"theJungle:Flameango_and_Byrd","floor":21,"turns":9},{"damage":29,"enemies":"theJungle:2_Snecko_Cultists","floor":22,"turns":2}],"seed_played":"6911607870865304454","potions_obtained":[{"floor":3.0,"key":"Dexterity Potion"},{"floor":4.0,"key":"Explosive Potion"},{"floor":5.0,"key":"SneckoOil"},{"floor":8.0,"key":"ColorlessPotion"},{"floor":16.0,"key":"Energy Potion"}],"is_trial":false,"path_per_floor":["M","M","M","M","M","E","R","E","T","R","?","M","M","?","R","B",null,"M","$","?","M","M"],"character_chosen":"THE_JESTER","items_purchased":[],"campfire_rested":2,"item_purchase_floors":[],"current_hp_per_floor":[45,45,45,44,38,23,44,7,7,28,28,28,27,44,44,23,58,40,40,40,25,0,0],"gold":754,"neow_bonus":"RANDOM_COLORLESS_2","is_daily":false,"chose_seed":false,"campfire_upgraded":1,"win_rate":0.0,"timestamp":1610852346,"path_taken":["M","M","M","M","M","E","R","E","T","R","?","M","M","?","R","BOSS","M","$","?","M","M"],"items_purchased_type":[],"build_version":"2020-12-22","purchased_purges":0,"victory":false,"max_hp_per_floor":[70,70,70,70,70,70,70,70,70,70,70,70,70,70,70,70,70,70,70,70,70,70,70],"relic_stats":{"counters":[13,72],"MawBank":60,"obtain_stats":[{"Potion Belt":9,"Calling Bell":17,"Anchor":6,"Matryoshka":17,"jesterMod:JesterCap":0,"MawBank":17,"Unceasing Top":17},{"Potion Belt":7,"Calling Bell":10,"Anchor":6,"Matryoshka":10,"jesterMod:JesterCap":0,"MawBank":10,"Unceasing Top":10},{"Potion Belt":34,"Calling Bell":55,"Anchor":23,"Matryoshka":55,"jesterMod:JesterCap":0,"MawBank":55,"Unceasing Top":55}],"Unceasing Top":[0]},"card_choices":[{"not_picked":["Violence","Apotheosis"],"picked":"HandOfGreed","floor":0.0},{"not_picked":["jesterMod:BouncingKnife","jesterMod:JugglerBlade","jesterMod:LightTheWick"],"picked":"SKIP","floor":1.0},{"not_picked":["jesterMod:JackInTheBox","jesterMod:Talion"],"picked":"jesterMod:Illness","floor":2.0},{"not_picked":["jesterMod:OblivionStrike","jesterMod:Illness"],"picked":"jesterMod:Precipitation","floor":3.0},{"not_picked":["jesterMod:JackInTheBox","jesterMod:MudBall"],"picked":"jesterMod:Patience","floor":4.0},{"not_picked":["jesterMod:RecklessStrike","jesterMod:JackInTheBox"],"picked":"jesterMod:Patience","floor":5.0},{"not_picked":["jesterMod:Frustration","jesterMod:Unleash","jesterMod:ButterKnife"],"picked":"SKIP","floor":6.0},{"not_picked":["jesterMod:RecklessStrike","jesterMod:Precipitation"],"picked":"jesterMod:Placebo","floor":8.0},{"not_picked":["jesterMod:Precipitation","jesterMod:Pause"],"picked":"jesterMod:TrickyDodge","floor":12.0},{"not_picked":["jesterMod:Arrythmia","jesterMod:SmokeScreen"],"picked":"jesterMod:RecklessStrike","floor":13.0},{"not_picked":["jesterMod:Finale","jesterMod:Frustration"],"picked":"jesterMod:Leeches","floor":16.0},{"not_picked":["jesterMod:Disposophobia","jesterMod:JackInTheBox"],"picked":"jesterMod:DancingMad","floor":18.0},{"not_picked":["jesterMod:SwiftDodge+1","jesterMod:Rebuff","jesterMod:ButterKnife"],"picked":"SKIP","floor":21}],"player_experience":1077536,"relics_obtained":[{"floor":6.0,"key":"Anchor"},{"floor":9.0,"key":"Potion Belt"},{"floor":17.0,"key":"MawBank"},{"floor":17.0,"key":"Matryoshka"},{"floor":17.0,"key":"Unceasing Top"}],"event_choices":[{"damage_healed":0.0,"max_hp_gain":0.0,"max_hp_loss":0.0,"gold_gain":0.0,"event_name":"Dead Adventurer","player_choice":"Searched \u00270\u0027 times","floor":11.0,"gold_loss":0.0,"damage_taken":0.0},{"damage_healed":17.0,"max_hp_gain":0.0,"max_hp_loss":0.0,"gold_gain":0.0,"event_name":"The Cleric","player_choice":"Healed","floor":14.0,"gold_loss":35.0,"damage_taken":0.0}],"is_beta":false,"boss_relics":[{"not_picked":["Fusion Hammer","jesterMod:LoadedDice"],"picked":"Calling Bell"}],"items_purged_floors":[],"is_endless":false,"potions_floor_spawned":[3,4,5,8,16],"killed_by":"theJungle:2_Snecko_Cultists","ascension_level":6}}