{"host":"c5slkkw8hp42e20v","time":1610872736,"event":{"mods":["AchievementEnabler","BaseMod","Better Note","BetterRewards","Colored Powertips","DeckTracker","Friendly Minions","GifTheSpireLib","Hermit","Highlight Path","Minty Spire (QoL Compilation)","Quick Restart","Rare Cards Sparkle","Replay The Spire","Spicy Shops","StSLib","The Animator","The Hierophant","The Poker Player","????"],"gold_per_floor":[114,50,60,60,79,112,163,163,163],"floor_reached":8,"language":"ENG","playtime":370,"items_purged":[],"score":58,"play_id":"9ef83b6b-791d-444b-88a5-3307aab88198","local_time":"20210117023856","is_ascension_mode":false,"campfire_choices":[],"circlet_count":0,"master_deck":["Strike_G","Strike_G","Strike_G","Strike_G","Strike_G","Defend_G","Defend_G","Defend_G","Defend_G","Defend_G","Survivor","Neutralize","Acrobatics","HandOfGreed","Crow Ritual+1","ReplayTheSpireMod:Uncanny Aura","Storm of Steel","Sucker Punch","Noxious Fumes","Finisher"],"relics":["Ring of the Snake","NeowsBlessing","ReplayTheSpireMod:ShopPack","ReplayTheSpireMod:TigerMarble"],"acts_visited":["Exordium"],"potions_floor_usage":[8,8,8],"damage_taken":[{"damage":0,"enemies":"Cultist","floor":1,"turns":1},{"damage":0,"enemies":"Jaw Worm","floor":3,"turns":1},{"damage":0,"enemies":"Small Slimes","floor":5,"turns":1},{"damage":31,"enemies":"Gremlin Nob","floor":6,"turns":5},{"damage":29,"enemies":"Gremlin Gang","floor":7,"turns":9},{"damage":13,"enemies":"Lagavulin","floor":8,"turns":3}],"seed_played":"-5482484179792583397","potions_obtained":[{"floor":1,"key":"Adrenaline Potion"},{"floor":6,"key":"PowerPotion"}],"is_trial":false,"path_per_floor":["M","$","M","?","M","E","M","E"],"character_chosen":"THE_SILENT","items_purchased":["ReplayTheSpireMod:ShopPack"],"campfire_rested":0,"item_purchase_floors":[2],"current_hp_per_floor":[70,70,70,70,70,39,10,0,0],"gold":163,"neow_bonus":"THREE_ENEMY_KILL","is_daily":false,"chose_seed":false,"campfire_upgraded":0,"win_rate":0.0,"timestamp":1610872736,"path_taken":["M","?","?","?","?","E","M","E"],"items_purchased_type":["Relic"],"build_version":"2020-12-22","purchased_purges":0,"victory":false,"max_hp_per_floor":[70,70,70,70,70,70,70,70,70],"card_choices":[{"not_picked":["Fluid Movement","Underhanded Strike"],"picked":"Acrobatics","floor":1},{"not_picked":["ReplayTheSpireMod:Necrogeddon","ReplayTheSpireMod:Brewmster"],"picked":"HandOfGreed","floor":2},{"not_picked":["Deep Breath","Mind Blast"],"picked":"Crow Ritual","floor":2},{"not_picked":["Mind Blast","Deep Breath"],"picked":"ReplayTheSpireMod:Uncanny Aura","floor":2},{"not_picked":["Escape Plan","ReplayTheSpireMod:Speed Training"],"picked":"Storm of Steel","floor":3},{"not_picked":["Bane","Backflip"],"picked":"Sucker Punch","floor":5},{"not_picked":["Wraith Form v2","Choke"],"picked":"Noxious Fumes","floor":6},{"not_picked":["Bane","Sneak Up"],"picked":"Finisher","floor":7}],"player_experience":55326,"relics_obtained":[{"floor":6,"key":"ReplayTheSpireMod:TigerMarble"}],"event_choices":[{"damage_healed":0,"gold_gain":0,"player_choice":"Upgraded","damage_taken":0,"max_hp_gain":0,"max_hp_loss":0,"event_name":"Upgrade Shrine","floor":4,"gold_loss":0,"cards_upgraded":["Crow Ritual"]}],"is_beta":false,"boss_relics":[],"items_purged_floors":[],"is_endless":false,"potions_floor_spawned":[1,6],"killed_by":"Lagavulin","ascension_level":0}}