{"host":"gkh5j5k5w4qf7k7n","time":1610890294,"event":{"mods":["2.2 Compatiblity","AchievementEnabler","Arknights The Spire","BaseMod","Colored Map","Colored Powertips","GifTheSpireLib","Hermit","Keyboard Shortcuts","Minty Spire (QoL Compilation)","Quick Restart","Replay The Spire","StSLib","SuperFastMode","The Druid","The Problem Sleuth","TheBandit","¡¼?Úª?ø«¡½REMEMod"],"gold_per_floor":[113,38,38,53,66,66,78,112,112,147,162,188,118,148,148,148,148,148],"floor_reached":17,"language":"KOR","playtime":504,"items_purged":["Strike_B"],"score":280,"play_id":"40aadb3a-1b1c-4183-8b43-4cbae2f1e593","local_time":"20210117223134","is_ascension_mode":true,"campfire_choices":[{"data":"Streamline","floor":6,"key":"SMITH"}],"circlet_count":0,"master_deck":["AscendersBane","Strike_B","Strike_B","Strike_B","Defend_B","Defend_B","Defend_B","Zap","Dualcast","Replay:Sssssssssstrike","Streamline+1","Auto Shields","Machine Learning","Rainbow","Seek"],"relics":["REME_ComplimentaryCards","Snecko Eye","Replay:Ringing Soul","Mummified Hand","ReplayTheSpireMod:Ninjato","Bronze Scales","Boot"],"acts_visited":["Exordium"],"potions_floor_usage":[12,12],"damage_taken":[{"damage":2,"enemies":"Small Slimes","floor":1,"turns":3},{"damage":1,"enemies":"Cultist","floor":4,"turns":3},{"damage":0,"enemies":"2 Louse","floor":5,"turns":2},{"damage":10,"enemies":"Lots of Slimes","floor":7,"turns":4},{"damage":18,"enemies":"Gremlin Nob","floor":8,"turns":3},{"damage":0,"enemies":"3 Sentries","floor":10,"turns":7},{"damage":9,"enemies":"Red Slaver","floor":11,"turns":2},{"damage":4,"enemies":"Gremlin Nob","floor":12,"turns":3},{"damage":21,"enemies":"3 Sentries","floor":14,"turns":6},{"damage":8,"enemies":"Slime Boss","floor":17,"turns":5}],"seed_played":"-494159018056911480","potions_obtained":[{"floor":4,"key":"AttackPotion"},{"floor":7,"key":"Block Potion"}],"is_trial":false,"path_per_floor":["M","$","?","M","M","R","M","E","T","E","M","E","?","E","PTL","PTL","B"],"character_chosen":"DEFECT","items_purchased":[],"campfire_rested":0,"item_purchase_floors":[],"current_hp_per_floor":[62,62,62,61,61,61,51,33,33,36,27,23,23,5,5,5,0,0],"gold":148,"neow_bonus":"BOSS_RELIC","is_daily":false,"chose_seed":false,"campfire_upgraded":1,"win_rate":0.0,"timestamp":1610890294,"path_taken":["M","$","?","M","M","R","M","E","T","E","?","E","?","E","PTL","PTL","BOSS"],"items_purchased_type":[],"build_version":"2020-12-22","purchased_purges":1,"victory":false,"max_hp_per_floor":[71,71,71,71,71,71,71,71,71,74,74,74,74,77,77,77,77,77],"card_choices":[{"not_picked":["Beam Cell","ReplayTheSpireMod:System Scan"],"picked":"Streamline","floor":1},{"not_picked":["Gash","Panic Button","BootSequence"],"picked":"SKIP","floor":4},{"not_picked":["Melter","Ball Lightning"],"picked":"Auto Shields","floor":5},{"not_picked":["Rebound","Compile Driver"],"picked":"Machine Learning","floor":7},{"not_picked":["Turbo","Beam Cell","Gash"],"picked":"SKIP","floor":8},{"not_picked":["Streamline","BasicCrystalCard"],"picked":"Rainbow","floor":10},{"not_picked":["Compile Driver","Lockon","Redo"],"picked":"SKIP","floor":11},{"not_picked":["Leap","Steam Power","Redo"],"picked":"SKIP","floor":12},{"not_picked":["Leap","Steam Power","Redo"],"picked":"SKIP","floor":12},{"not_picked":["Static Discharge","ReplayTheSpireMod:GoodbyeWorld"],"picked":"Seek","floor":14}],"player_experience":829775,"relics_obtained":[{"floor":8,"key":"Replay:Ringing Soul"},{"floor":10,"key":"Mummified Hand"},{"floor":12,"key":"ReplayTheSpireMod:Ninjato"},{"floor":14,"key":"Boot"}],"event_choices":[{"cards_removed":["Defend_B"],"damage_healed":0,"gold_gain":0,"player_choice":"Purged","damage_taken":0,"max_hp_gain":0,"max_hp_loss":0,"event_name":"Purifier","floor":3,"gold_loss":0},{"damage_healed":0,"gold_gain":0,"player_choice":"Paid Gold","damage_taken":0,"relics_obtained":["Bronze Scales"],"max_hp_gain":0,"max_hp_loss":0,"event_name":"WeMeetAgain","floor":13,"gold_loss":70}],"is_beta":false,"boss_relics":[],"items_purged_floors":[2],"is_endless":false,"potions_floor_spawned":[4,7,11],"killed_by":"Slime Boss","ascension_level":15}}