{"host":"4g8vayc9pwrwu92h","time":1610869684,"event":{"mods":["Aspiration","BaseMod","Downfall","Marked Mod","Minty Spire (QoL Compilation)","Quick Restart","StSLib","The Jungle"],"gold_per_floor":[3019,3030,2785,2785,2804,2804,2836,2836,2915,2847,2847,2865,2900,2916,2916,3021,3021,3021,3021],"floor_reached":18,"language":"ZHS","playtime":655,"items_purged":[],"score":224,"play_id":"c8a5cc1c-acc7-40a6-b2be-db89687a3b99","local_time":"20210117154804","is_ascension_mode":true,"campfire_choices":[{"floor":6,"key":"RECALL"},{"floor":11,"key":"REST"},{"data":"Prostrate","floor":15,"key":"SMITH"}],"circlet_count":0,"master_deck":["Strike_P+1","Strike_P+1","Strike_P+1","Strike_P+1","Defend_P+1","Defend_P+1","Defend_P+1","Defend_P+1","Eruption+1","Vigilance+1","PathToVictory","MarkedMod:PinPointDefense","Prostrate+1","Injury","WindmillStrike","EmptyMind","MarkedMod:FirstStrike","DeusExMachina","EmptyBody","Establishment+1"],"relics":["PureWater","Black Star","Turnip","Ginger","Ice Cream","NeowsBlessing","Akabeko","Frozen Egg 2","aspiration:FrozenJewel","Calipers","aspiration:HiddenCompartment","Bag of Preparation","Nunchaku","Tiny Chest","SlaversCollar"],"acts_visited":["TheCity"],"potions_floor_usage":[16,16],"damage_taken":[{"damage":0,"enemies":"2 Louse","floor":1,"turns":1},{"damage":0,"enemies":"Cultist","floor":2,"turns":1},{"damage":0,"enemies":"Jaw Worm","floor":5,"turns":1},{"damage":28,"enemies":"3 Sentries","floor":7,"turns":4},{"damage":7,"enemies":"Blue Slaver","floor":12,"turns":2},{"damage":0,"enemies":"Gremlin Nob","floor":13,"turns":2},{"damage":0,"enemies":"Red Slaver","floor":14,"turns":3},{"damage":14,"enemies":"The Guardian","floor":16,"turns":7},{"damage":0,"enemies":"Spheric Guardian","floor":18,"turns":1}],"seed_played":"3981079701481210880","potions_obtained":[{"floor":7,"key":"BlessingOfTheForge"},{"floor":13,"key":"Swift Potion"},{"floor":16,"key":"SmokeBomb"}],"is_trial":false,"path_per_floor":["M","M","$","?","M","R","E","?","T","?","R","M","E","M","R","B",null,"M"],"character_chosen":"WATCHER","items_purchased":["MarkedMod:PinPointDefense","Prostrate","Akabeko"],"campfire_rested":1,"item_purchase_floors":[3,3,3],"current_hp_per_floor":[72,72,72,72,72,72,44,26,26,26,47,40,40,40,40,26,72,72,72],"gold":3021,"neow_bonus":"THREE_ENEMY_KILL","is_daily":false,"chose_seed":false,"campfire_upgraded":1,"win_rate":0.0,"timestamp":1610869684,"path_taken":["M","M","$","?","M","R","E","?","T","?","R","?","E","M","R","BOSS","M"],"items_purchased_type":["Card","Card","Relic"],"build_version":"2020-12-22","purchased_purges":0,"victory":false,"max_hp_per_floor":[72,72,72,72,72,72,72,72,72,72,72,72,72,72,72,72,72,72,72],"card_choices":[{"not_picked":["FlurryOfBlows","CarveReality"],"picked":"PathToVictory","floor":1},{"not_picked":["CutThroughFate","Wireheading","CarveReality"],"picked":"SKIP","floor":2},{"not_picked":["ThirdEye","Meditate"],"picked":"WindmillStrike","floor":5},{"not_picked":["Fasting2+1","Prostrate"],"picked":"EmptyMind","floor":7},{"not_picked":["FearNoEvil","Consecrate"],"picked":"MarkedMod:FirstStrike","floor":12},{"not_picked":["WaveOfTheHand","FollowUp"],"picked":"DeusExMachina","floor":13},{"not_picked":["ClearTheMind","SashWhip"],"picked":"EmptyBody","floor":14},{"not_picked":["LessonLearned","Judgement"],"picked":"Establishment+1","floor":16}],"player_experience":434182,"relics_obtained":[{"floor":7,"key":"aspiration:FrozenJewel"},{"floor":7,"key":"Calipers"},{"floor":13,"key":"Nunchaku"},{"floor":13,"key":"Tiny Chest"}],"event_choices":[{"damage_healed":0,"gold_gain":0,"player_choice":"Success","damage_taken":18,"relics_obtained":["aspiration:HiddenCompartment"],"max_hp_gain":0,"max_hp_loss":0,"event_name":"Scrap Ooze","floor":8,"gold_loss":0},{"damage_healed":0,"gold_gain":0,"player_choice":"Paid Gold","damage_taken":0,"relics_obtained":["Bag of Preparation"],"max_hp_gain":0,"max_hp_loss":0,"event_name":"WeMeetAgain","floor":10,"gold_loss":68}],"is_beta":false,"boss_relics":[{"not_picked":["Busted Crown","Calling Bell"],"picked":"SlaversCollar"}],"items_purged_floors":[],"is_endless":false,"potions_floor_spawned":[7,13,16],"killed_by":"Spheric Guardian","ascension_level":3}}