{"host":"bq4pt811tk9yrmjl","time":1610901148,"event":{"mods":["AchievementEnabler","BaseMod","Colored Map","Colored Powertips","Defuse TimeMaze Blight","Hermit","Minty Spire (QoL Compilation)","StSLib","SuperFastMode"],"gold_per_floor":[112,112,32,52,64,64,91,105,155,155,155,155,255,273,273,376,376,395,214,234,246,345,345,378,392,416,416,416],"floor_reached":27,"language":"ENG","playtime":475,"items_purged":[],"score":271,"play_id":"bf31d55e-48ce-47f4-845a-6cb963c2f08a","local_time":"20210117143228","is_ascension_mode":true,"campfire_choices":[{"data":"Noxious Fumes","floor":6,"key":"SMITH"},{"data":"Leg Sweep","floor":12,"key":"SMITH"},{"data":"Survivor","floor":15,"key":"SMITH"},{"floor":23,"key":"REST"}],"circlet_count":0,"master_deck":["Strike_G","Strike_G","Strike_G","Strike_G","Strike_G","Defend_G","Defend_G","Defend_G","Defend_G","Defend_G","Survivor+1","Neutralize+1","Leg Sweep+1","Noxious Fumes+1","Infinite Blades+1","Slice+1","Flying Knee+1","Corpse Explosion","Poisoned Stab+1","Skewer+1"],"relics":["Ring of the Snake","NeowsBlessing","Molten Egg 2","Busted Crown","OrangePellets","Smiling Mask","Nunchaku"],"acts_visited":["Exordium","TheCity"],"potions_floor_usage":[8,16,24,24],"damage_taken":[{"damage":0,"enemies":"Cultist","floor":1,"turns":1},{"damage":0,"enemies":"Jaw Worm","floor":4,"turns":1},{"damage":0,"enemies":"Small Slimes","floor":5,"turns":1},{"damage":5,"enemies":"3 Sentries","floor":7,"turns":8},{"damage":0,"enemies":"3 Louse","floor":8,"turns":3},{"damage":1,"enemies":"Red Slaver","floor":14,"turns":4},{"damage":27,"enemies":"Hexaghost","floor":16,"turns":10},{"damage":17,"enemies":"Chosen","floor":18,"turns":5},{"damage":10,"enemies":"3 Byrds","floor":20,"turns":5},{"damage":6,"enemies":"Sentry and Sphere","floor":21,"turns":4},{"damage":27,"enemies":"Gremlin Leader","floor":24,"turns":7},{"damage":21,"enemies":"Snake Plant","floor":25,"turns":5},{"damage":0,"enemies":"Slavers","floor":27,"turns":1}],"seed_played":"-2094756961067299589","potions_obtained":[{"floor":4,"key":"SpeedPotion"},{"floor":14,"key":"Strength Potion"},{"floor":18,"key":"GhostInAJar"},{"floor":21,"key":"ColorlessPotion"}],"is_trial":false,"path_per_floor":["M","?","$","M","M","R","E","M","T","?","?","R","?","M","R","B",null,"M","$","M","M","?","R","E","M","T","E"],"character_chosen":"THE_SILENT","items_purchased":["Noxious Fumes","OrangePellets","Skewer+1"],"campfire_rested":1,"item_purchase_floors":[3,19,19],"current_hp_per_floor":[70,70,70,70,70,70,65,65,65,65,65,65,65,64,64,37,70,53,53,43,37,37,58,31,10,10,10,10],"gold":416,"neow_bonus":"THREE_ENEMY_KILL","is_daily":false,"chose_seed":false,"campfire_upgraded":3,"win_rate":0.0,"timestamp":1610901148,"path_taken":["M","?","$","?","M","R","E","M","T","?","?","R","?","?","R","BOSS","M","$","?","M","?","R","E","M","T","E"],"items_purchased_type":["Card","Relic","Card"],"build_version":"2020-12-22","purchased_purges":0,"victory":false,"max_hp_per_floor":[70,70,70,70,70,70,70,70,70,70,70,70,70,70,70,70,70,70,70,70,70,70,70,70,70,70,70,70],"card_choices":[{"not_picked":["Deflect","Quick Slash"],"picked":"Leg Sweep","floor":1},{"not_picked":["Crippling Poison","Acrobatics","Calculated Gamble"],"picked":"SKIP","floor":4},{"not_picked":["Poisoned Stab","Blur","Expertise"],"picked":"SKIP","floor":5},{"not_picked":["Deflect","Caltrops"],"picked":"Infinite Blades","floor":7},{"not_picked":["Setup","Deadly Poison"],"picked":"Slice+1","floor":8},{"not_picked":["PiercingWail","Dodge and Roll"],"picked":"Flying Knee+1","floor":14},{"not_picked":["Burst","A Thousand Cuts"],"picked":"Corpse Explosion","floor":16},{"not_picked":[],"picked":"Poisoned Stab+1","floor":18},{"not_picked":["Sucker Punch+1"],"picked":"SKIP","floor":20},{"not_picked":["Flechettes+1"],"picked":"SKIP","floor":21},{"not_picked":["Quick Slash+1"],"picked":"SKIP","floor":24},{"not_picked":["Blade Dance"],"picked":"SKIP","floor":25}],"player_experience":171540,"relics_obtained":[{"floor":7,"key":"Molten Egg 2"},{"floor":24,"key":"Smiling Mask"},{"floor":26,"key":"Nunchaku"}],"event_choices":[{"damage_healed":0,"gold_gain":0,"player_choice":"Forge","damage_taken":0,"max_hp_gain":0,"max_hp_loss":0,"event_name":"Accursed Blacksmith","floor":2,"gold_loss":0,"cards_upgraded":["Neutralize"]},{"damage_healed":0,"gold_gain":0,"player_choice":"Ignored","damage_taken":0,"max_hp_gain":0,"max_hp_loss":0,"event_name":"Golden Wing","floor":10,"gold_loss":0},{"damage_healed":0,"gold_gain":0,"player_choice":"Grow","damage_taken":0,"max_hp_gain":0,"max_hp_loss":0,"event_name":"Living Wall","floor":11,"gold_loss":0,"cards_upgraded":["Infinite Blades"]},{"damage_healed":0,"gold_gain":100,"player_choice":"Pray","damage_taken":0,"max_hp_gain":0,"max_hp_loss":0,"event_name":"Golden Shrine","floor":13,"gold_loss":0},{"damage_healed":0,"gold_gain":99,"player_choice":"Stole From Cult","damage_taken":0,"max_hp_gain":0,"max_hp_loss":0,"event_name":"Nest","floor":22,"gold_loss":0}],"is_beta":false,"boss_relics":[{"not_picked":["Runic Dome","Coffee Dripper"],"picked":"Busted Crown"}],"items_purged_floors":[],"is_endless":false,"potions_floor_spawned":[4,14,18,21],"killed_by":"Slavers","ascension_level":1}}