{"host":"z4nt7tdd4gjrinn7","time":1610910290,"event":{"mods":["100% Spire Juice","BaseMod","Minty Spire (QoL Compilation)","StSLib"],"gold_per_floor":[109,128,128,140,90,90,117,117,117,127,141,156,156,172,172,276,276,294,384,230,37,57,57,72,99,167,167,179,278,296,313,73,73,73],"floor_reached":33,"language":"ENG","playtime":1442,"items_purged":[],"score":296,"play_id":"917c2c9b-cdcb-4d3f-84fe-f8793acd2256","local_time":"20210117140450","is_ascension_mode":false,"campfire_choices":[{"data":"Moonworks:IndiscriminateFireSupport","floor":6,"key":"SMITH"},{"floor":8,"key":"REST"},{"floor":13,"key":"REST"},{"data":"Moonworks:IndiscriminateFireSupport","floor":15,"key":"SMITH"},{"floor":23,"key":"REST"},{"data":"Moonworks:ReflectiveShell","floor":27,"key":"SMITH"},{"floor":32,"key":"REST"}],"circlet_count":0,"master_deck":["Moonworks:Strike","Moonworks:Strike","Moonworks:Strike","Moonworks:Strike","Moonworks:Defend","Moonworks:Defend","Moonworks:Defend","Moonworks:Defend","Moonworks:LongDistanceShot","Moonworks:EvilSpyWorkPreparation","Moonworks:AwakeningOfTalent","Moonworks:TreasureThief","Moonworks:EvilSpyWorkPreparation","Moonworks:IndiscriminateFireSupport+1","Moonworks:ReflectiveShell+1","Moonworks:IndiscriminateFireSupport","Moonworks:IndiscriminateFireSupport+1","Moonworks:SakisCookie","Moonworks:GoAway","Moonworks:GoAway","Moonworks:SakisCookie+1","Moonworks:BindingChains","Moonworks:JonathanRush","Moonworks:MiracleRedBeanIceCream","Moonworks:StiffCrystal+1","Moonworks:DevilHand","Moonworks:CookingTime+1","Moonworks:IndiscriminateFireSupport+1"],"relics":["Moonworks:BrokenBomb","Moonworks:Homemark","NeowsBlessing","Eternal Feather","Happy Flower","SlaversCollar","Anchor","Bronze Scales","Kunai","Blue Candle"],"acts_visited":["Exordium","TheCity"],"potions_floor_usage":[10,16,16,16,30,33,33,33],"damage_taken":[{"damage":0,"enemies":"2 Louse","floor":1,"turns":1},{"damage":0,"enemies":"Cultist","floor":2,"turns":1},{"damage":0,"enemies":"Small Slimes","floor":4,"turns":1},{"damage":30,"enemies":"Gremlin Nob","floor":7,"turns":4},{"damage":12,"enemies":"Exordium Thugs","floor":10,"turns":3},{"damage":8,"enemies":"Red Slaver","floor":11,"turns":2},{"damage":0,"enemies":"Looter","floor":12,"turns":1},{"damage":0,"enemies":"2 Fungi Beasts","floor":14,"turns":1},{"damage":28,"enemies":"The Guardian","floor":16,"turns":6},{"damage":15,"enemies":"Chosen","floor":18,"turns":4},{"damage":0,"enemies":"3 Byrds","floor":22,"turns":3},{"damage":0,"enemies":"3 Cultists","floor":24,"turns":2},{"damage":12,"enemies":"Book of Stabbing","floor":25,"turns":4},{"damage":25,"enemies":"Snake Plant","floor":28,"turns":4},{"damage":16,"enemies":"Snecko","floor":30,"turns":5},{"damage":16,"enemies":"Cultist and Chosen","floor":31,"turns":3},{"damage":57,"enemies":"Automaton","floor":33,"turns":6}],"seed_played":"6449155169237559286","potions_obtained":[{"floor":2,"key":"LiquidMemories"},{"floor":7,"key":"AttackPotion"},{"floor":11,"key":"SteroidPotion"},{"floor":14,"key":"EntropicBrew"},{"floor":31,"key":"Block Potion"}],"is_trial":false,"path_per_floor":["M","M","?","M","$","R","E","R","T","M","M","M","R","M","R","B",null,"M","?","$","$","M","R","M","E","T","R","M","?","M","M","R","B"],"character_chosen":"THE_STARBREAKER","items_purchased":["Moonworks:IndiscriminateFireSupport","Anchor","Bronze Scales","Moonworks:BindingChains"],"campfire_rested":4,"item_purchase_floors":[5,20,21,21],"current_hp_per_floor":[60,60,60,60,60,60,30,57,57,45,37,37,60,60,60,32,60,45,33,33,33,33,60,60,48,48,60,40,40,29,13,46,0,0],"gold":73,"neow_bonus":"THREE_ENEMY_KILL","is_daily":false,"chose_seed":false,"campfire_upgraded":3,"win_rate":0.0,"timestamp":1610910290,"path_taken":["M","M","?","M","$","R","E","R","T","M","M","?","R","M","R","BOSS","M","?","?","$","?","R","M","E","T","R","M","?","M","M","R","BOSS"],"items_purchased_type":["Card","Relic","Relic","Card"],"build_version":"2020-12-22","purchased_purges":0,"victory":false,"max_hp_per_floor":[60,60,60,60,60,60,60,60,60,60,60,60,60,60,60,60,60,60,60,60,60,60,60,60,60,60,60,60,60,60,60,60,60,60],"card_choices":[{"not_picked":["Moonworks:SakisCookie","Moonworks:BindingChains"],"picked":"Moonworks:EvilSpyWorkPreparation","floor":1},{"not_picked":["Moonworks:JonathanRush","Moonworks:DevilHand"],"picked":"Moonworks:AwakeningOfTalent","floor":2},{"not_picked":["Moonworks:NicePresent","Moonworks:FullSpeedAlicianrone"],"picked":"Moonworks:EvilSpyWorkPreparation","floor":4},{"not_picked":["Moonworks:ImOnFire","Moonworks:Assault"],"picked":"Moonworks:ReflectiveShell","floor":7},{"not_picked":["Moonworks:EvilSpyWorkPreparation","Moonworks:JonathanRush"],"picked":"Moonworks:IndiscriminateFireSupport","floor":10},{"not_picked":["Moonworks:MiracleRedBeanIceCream","Moonworks:LulusLuckyEgg"],"picked":"Moonworks:IndiscriminateFireSupport","floor":11},{"not_picked":["Moonworks:IndiscriminateFireSupport","Moonworks:IntelligenceOfficer"],"picked":"Moonworks:SakisCookie","floor":12},{"not_picked":["Moonworks:Assault","Moonworks:SakisCookie"],"picked":"Moonworks:GoAway","floor":14},{"not_picked":["Moonworks:PlushieMaster","Moonworks:Blazing"],"picked":"Moonworks:GoAway","floor":16},{"not_picked":["Moonworks:ScrambledEve+1","Moonworks:ImOnFire+1"],"picked":"Moonworks:SakisCookie+1","floor":18},{"not_picked":["Moonworks:Heat300Percent","Moonworks:LulusLuckyEgg"],"picked":"Moonworks:JonathanRush","floor":22},{"not_picked":["Moonworks:RagingMadness","Moonworks:UnpaidWork"],"picked":"Moonworks:MiracleRedBeanIceCream","floor":24},{"not_picked":["Moonworks:NicePresent","Moonworks:MiracleRedBeanIceCream"],"picked":"Moonworks:StiffCrystal+1","floor":25},{"not_picked":["Moonworks:EvilSpyWorkPreparation+1","Moonworks:BigMagnum"],"picked":"Moonworks:DevilHand","floor":28},{"not_picked":["Moonworks:Assault","Moonworks:EvilSpyWorkPreparation+1"],"picked":"Moonworks:CookingTime+1","floor":30},{"not_picked":["Moonworks:SubspaceTunnel","Moonworks:BigMagnum"],"picked":"Moonworks:IndiscriminateFireSupport+1","floor":31}],"player_experience":68601,"relics_obtained":[{"floor":7,"key":"Eternal Feather"},{"floor":9,"key":"Happy Flower"},{"floor":25,"key":"Kunai"},{"floor":26,"key":"Blue Candle"}],"event_choices":[{"damage_healed":0,"gold_gain":0,"cards_transformed":["Moonworks:Ambush"],"player_choice":"Transformed","damage_taken":0,"max_hp_gain":0,"max_hp_loss":0,"event_name":"Transmorgrifier","floor":3,"gold_loss":0,"cards_obtained":["Moonworks:TreasureThief"]},{"damage_healed":0,"gold_gain":90,"player_choice":"GOLD ","damage_taken":12,"max_hp_gain":0,"max_hp_loss":0,"event_name":"Knowing Skull","floor":19,"potions_obtained":[],"gold_loss":0,"cards_obtained":[]},{"damage_healed":0,"gold_gain":99,"player_choice":"Stole From Cult","damage_taken":0,"max_hp_gain":0,"max_hp_loss":0,"event_name":"Nest","floor":29,"gold_loss":0}],"is_beta":false,"boss_relics":[{"not_picked":["Coffee Dripper","Cursed Key"],"picked":"SlaversCollar"}],"items_purged_floors":[],"is_endless":false,"potions_floor_spawned":[2,7,11,14,18,28,31],"killed_by":"Automaton","ascension_level":0}}