{"host":"kw4o7b3ro2ktmmbe","time":1610923389,"event":{"mods":["BaseMod","Evolution","Minty Spire (QoL Compilation)","StSLib"],"gold_per_floor":[109,120,132,132,152,184,184,12,12,12,29,42,57,73,73,149,149,159,159,159,159,159],"floor_reached":21,"language":"ENG","playtime":1252,"items_purged":[],"score":339,"play_id":"b4846466-f09c-4084-97f2-85cd78a00cf9","local_time":"20210118114309","is_ascension_mode":true,"campfire_choices":[{"data":"Eruption","floor":7.0,"key":"SMITH"},{"data":"SandsOfTime","floor":15.0,"key":"SMITH"}],"circlet_count":0,"master_deck":["AscendersBane","EmptyFist","EmptyFist","EmptyFist","Strike_P","Defend_P","Defend_P","Defend_P","Defend_P","Eruption+1","Vigilance","SandsOfTime+1","Omniscience","Ragnarok","ForeignInfluence+1","SandsOfTime+1"],"relics":["EVO:Axolotl","SlaversCollar","Blood Vial","Yang","HandDrill","Centennial Puzzle","VioletLotus"],"acts_visited":["Exordium","TheCity"],"potions_floor_usage":[21],"damage_taken":[{"damage":10.0,"enemies":"Small Slimes","floor":1.0,"turns":3.0},{"damage":1.0,"enemies":"Cultist","floor":2.0,"turns":4.0},{"damage":0.0,"enemies":"Jaw Worm","floor":3.0,"turns":5.0},{"damage":5.0,"enemies":"Blue Slaver","floor":5.0,"turns":5.0},{"damage":12.0,"enemies":"Lagavulin","floor":6.0,"turns":7.0},{"damage":3.0,"enemies":"Red Slaver","floor":11.0,"turns":3.0},{"damage":0.0,"enemies":"Looter","floor":12.0,"turns":4.0},{"damage":0.0,"enemies":"Exordium Wildlife","floor":13.0,"turns":1.0},{"damage":1.0,"enemies":"Blue Slaver","floor":14.0,"turns":3.0},{"damage":8.0,"enemies":"Slime Boss","floor":16.0,"turns":6.0},{"damage":26.0,"enemies":"2 Thieves","floor":18.0,"turns":4.0},{"damage":20,"enemies":"3 Byrds","floor":21,"turns":3}],"seed_played":"907883596878562742","potions_obtained":[{"floor":5.0,"key":"Fire Potion"},{"floor":6.0,"key":"FearPotion"},{"floor":11.0,"key":"Ancient Potion"},{"floor":18.0,"key":"Dexterity Potion"}],"is_trial":false,"path_per_floor":["M","M","M","?","M","E","R","$","T","?","M","M","M","M","R","B",null,"M","?","?","M"],"character_chosen":"WATCHER","items_purchased":["HandDrill"],"campfire_rested":0,"item_purchase_floors":[8],"current_hp_per_floor":[51,50,50,50,47,37,37,37,37,37,36,38,40,41,41,35,60,36,17,17,0,0],"gold":159,"neow_bonus":"BOSS_RELIC","is_daily":false,"chose_seed":false,"campfire_upgraded":2,"win_rate":0.0,"timestamp":1610923389,"path_taken":["M","M","M","?","?","E","R","$","T","?","M","M","M","M","R","BOSS","M","?","?","?"],"items_purchased_type":["Relic"],"build_version":"2020-12-22","purchased_purges":0,"victory":false,"max_hp_per_floor":[68,68,68,68,68,68,68,68,68,68,68,68,68,68,68,68,68,68,73,73,73,73],"card_choices":[{"not_picked":["BowlingBash","EmptyBody","Study"],"picked":"SKIP","floor":1.0},{"not_picked":["FlurryOfBlows","Fasting2","Prostrate"],"picked":"SKIP","floor":2.0},{"not_picked":["FlurryOfBlows","FlyingSleeves"],"picked":"ForeignInfluence","floor":3.0},{"not_picked":["Swivel","Crescendo","EmptyFist"],"picked":"SKIP","floor":5.0},{"not_picked":["SignatureMove","JustLucky"],"picked":"SandsOfTime","floor":6.0},{"not_picked":["BowlingBash","Worship","SashWhip"],"picked":"SKIP","floor":11.0},{"not_picked":["EmptyMind","CrushJoints"],"picked":"Omniscience","floor":12.0},{"not_picked":["Worship","EmptyMind","CrushJoints"],"picked":"SKIP","floor":13.0},{"not_picked":["JustLucky","SashWhip","Halt"],"picked":"SKIP","floor":14.0},{"not_picked":["SpiritShield","Brilliance"],"picked":"Ragnarok","floor":16.0},{"not_picked":["WindmillStrike","FlyingSleeves"],"picked":"ForeignInfluence+1","floor":18.0}],"player_experience":1809216,"relics_obtained":[{"floor":6.0,"key":"Yang"},{"floor":9.0,"key":"Centennial Puzzle"}],"event_choices":[{"cards_removed":["ForeignInfluence"],"damage_healed":0.0,"max_hp_gain":0.0,"max_hp_loss":0.0,"gold_gain":0.0,"event_name":"WeMeetAgain","player_choice":"Gave Card","floor":4.0,"gold_loss":0.0,"damage_taken":0.0,"relics_obtained":["Blood Vial"]},{"damage_healed":0.0,"max_hp_gain":0.0,"max_hp_loss":0.0,"gold_gain":0.0,"event_name":"Liars Game","player_choice":"Ignored","floor":10.0,"gold_loss":0.0,"damage_taken":0.0},{"damage_healed":0.0,"max_hp_gain":5.0,"max_hp_loss":0.0,"gold_gain":0.0,"event_name":"Forgotten Altar","player_choice":"Shed Blood","floor":19.0,"gold_loss":0.0,"damage_taken":24.0},{"damage_healed":0.0,"max_hp_gain":0.0,"max_hp_loss":0.0,"gold_gain":0.0,"event_name":"Duplicator","player_choice":"Copied","floor":20.0,"gold_loss":0.0,"damage_taken":0.0,"cards_obtained":["SandsOfTime"]}],"is_beta":false,"boss_relics":[{"not_picked":["Astrolabe","Fusion Hammer"],"picked":"VioletLotus"}],"items_purged_floors":[],"is_endless":false,"potions_floor_spawned":[5,6,11,14,18],"killed_by":"3 Byrds","ascension_level":17}}