{"host":"BK","time":1610915546,"event":{"mods":["BaseMod","Highlight Path","Minty Spire (QoL Compilation)","StSLib"],"gold_per_floor":[113,88,53,53,64,64,91,91,143,143,160,160,180,206,206,278,278,295,295,295,210,220,220,254,98,98,127,50,62,62,62,62,62,62],"floor_reached":33,"language":"ENG","playtime":2066,"items_purged":["Strike_R"],"score":678,"play_id":"f09adc70-ac2b-487b-bb1b-b8fafa9bf5b8","local_time":"20210117133226","is_ascension_mode":true,"campfire_choices":[{"data":"Bash","floor":6.0,"key":"SMITH"},{"data":"Flame Barrier","floor":8.0,"key":"SMITH"},{"data":"Burning Pact","floor":10.0,"key":"SMITH"},{"data":"Demon Form","floor":15.0,"key":"SMITH"},{"data":"Immolate","floor":23.0,"key":"SMITH"},{"floor":30.0,"key":"REST"},{"data":"Inflame","floor":32.0,"key":"SMITH"}],"circlet_count":0,"master_deck":["AscendersBane","Strike_R","Strike_R","Strike_R","Strike_R","Defend_R","Defend_R","Defend_R","Defend_R","Bash+1","Burning Pact+1","Thunderclap+1","Clothesline","Flame Barrier+1","Anger","Impervious","Demon Form+1","Immolate+1","RitualDagger","Heavy Blade+1","Offering","Inflame+1","Armaments+1"],"relics":["Burning Blood","NeowsBlessing","Incense Burner","Vajra","Lizard Tail","Busted Crown","Pen Nib","Bottled Tornado","Gremlin Horn","Mummified Hand"],"acts_visited":["Exordium","TheCity"],"potions_floor_usage":[33],"damage_taken":[{"damage":0.0,"enemies":"Cultist","floor":1.0,"turns":1.0},{"damage":0.0,"enemies":"Jaw Worm","floor":5.0,"turns":1.0},{"damage":0.0,"enemies":"Lagavulin","floor":7.0,"turns":1.0},{"damage":0.0,"enemies":"2 Louse","floor":11.0,"turns":1.0},{"damage":14.0,"enemies":"Blue Slaver","floor":13.0,"turns":3.0},{"damage":25.0,"enemies":"3 Sentries","floor":14.0,"turns":10.0},{"damage":24.0,"enemies":"Hexaghost","floor":16.0,"turns":11.0},{"damage":6.0,"enemies":"2 Thieves","floor":18.0,"turns":4.0},{"damage":18.0,"enemies":"Shell Parasite","floor":22.0,"turns":6.0},{"damage":0.0,"enemies":"Slavers","floor":24.0,"turns":1.0},{"damage":19.0,"enemies":"Gremlin Leader","floor":27.0,"turns":3.0},{"damage":25.0,"enemies":"Centurion and Healer","floor":29.0,"turns":3.0},{"damage":94,"enemies":"Champ","floor":33,"turns":7}],"seed_played":"-6109131210830271540","potions_obtained":[{"floor":1.0,"key":"SkillPotion"},{"floor":7.0,"key":"LiquidMemories"},{"floor":11.0,"key":"Fire Potion"},{"floor":22.0,"key":"Dexterity Potion"}],"is_trial":false,"path_per_floor":["M","$","?","?","M","R","E","R","T","R","M","?","M","E","R","B",null,"M","?","?","?","M","R","E","$","T","E","$","M","R","$","R","B"],"character_chosen":"IRONCLAD","items_purchased":["Thunderclap","Offering","Inflame"],"campfire_rested":1,"item_purchase_floors":[2,25,28],"current_hp_per_floor":[74,74,75,75,75,75,75,75,75,75,75,80,72,53,53,35,69,69,69,63,63,51,51,57,57,57,44,44,25,49,49,49,0,0],"gold":62,"neow_bonus":"THREE_ENEMY_KILL","is_daily":false,"chose_seed":false,"campfire_upgraded":6,"win_rate":0.0,"timestamp":1610915546,"path_taken":["M","$","?","?","M","R","E","R","T","R","M","?","M","E","R","BOSS","M","?","?","?","M","R","E","$","T","E","?","?","R","$","R","BOSS"],"items_purchased_type":["Card","Card","Card"],"build_version":"2020-12-18","purchased_purges":1,"victory":false,"max_hp_per_floor":[75,75,75,75,75,75,75,75,75,75,75,80,80,80,80,80,80,80,80,80,80,80,80,80,80,80,80,80,80,80,80,80,80,80],"card_choices":[{"not_picked":["Shockwave","Dark Embrace"],"picked":"Burning Pact","floor":1.0},{"not_picked":["Warcry","Heavy Blade"],"picked":"Clothesline","floor":5.0},{"not_picked":["Bloodletting","Clash"],"picked":"Flame Barrier","floor":7.0},{"not_picked":["Clothesline","Searing Blow"],"picked":"Anger","floor":11.0},{"not_picked":["Thunderclap","Iron Wave"],"picked":"Impervious","floor":13.0},{"not_picked":["Thunderclap","Bloodletting"],"picked":"Demon Form","floor":14.0},{"not_picked":["Demon Form","Limit Break"],"picked":"Immolate","floor":16.0},{"not_picked":["Cleave"],"picked":"SKIP","floor":18.0},{"not_picked":["Perfected Strike"],"picked":"SKIP","floor":22.0},{"not_picked":[],"picked":"Heavy Blade+1","floor":24.0},{"not_picked":["Sever Soul"],"picked":"SKIP","floor":27.0},{"not_picked":[],"picked":"Armaments+1","floor":29.0}],"player_experience":2507585,"relics_obtained":[{"floor":7.0,"key":"Incense Burner"},{"floor":9.0,"key":"Vajra"},{"floor":14.0,"key":"Lizard Tail"},{"floor":24.0,"key":"Bottled Tornado"},{"floor":26.0,"key":"Gremlin Horn"},{"floor":27.0,"key":"Mummified Hand"}],"event_choices":[{"damage_healed":18.0,"max_hp_gain":0.0,"max_hp_loss":0.0,"gold_gain":0.0,"event_name":"The Cleric","player_choice":"Healed","floor":3.0,"gold_loss":35.0,"damage_taken":0.0},{"damage_healed":0.0,"max_hp_gain":0.0,"max_hp_loss":0.0,"gold_gain":0.0,"event_name":"Living Wall","player_choice":"Grow","floor":4.0,"gold_loss":0.0,"damage_taken":0.0,"cards_upgraded":["Thunderclap"]},{"damage_healed":0.0,"max_hp_gain":5.0,"max_hp_loss":0.0,"gold_gain":0.0,"event_name":"Big Fish","player_choice":"Donut","floor":12.0,"gold_loss":0.0,"damage_taken":0.0},{"damage_healed":0.0,"max_hp_gain":0.0,"max_hp_loss":0.0,"gold_gain":0.0,"event_name":"Ghosts","player_choice":"Ignored","floor":19.0,"gold_loss":0.0,"damage_taken":0.0},{"damage_healed":0.0,"max_hp_gain":0.0,"max_hp_loss":0.0,"gold_gain":0.0,"event_name":"Nest","player_choice":"Joined the Cult","floor":20.0,"gold_loss":0.0,"damage_taken":6.0,"cards_obtained":["RitualDagger"]},{"damage_healed":0.0,"max_hp_gain":0.0,"max_hp_loss":0.0,"gold_gain":0.0,"event_name":"Addict","player_choice":"Obtained Relic","floor":21.0,"gold_loss":85.0,"damage_taken":0.0,"relics_obtained":["Pen Nib"]}],"is_beta":true,"boss_relics":[{"not_picked":["Runic Dome","Ectoplasm"],"picked":"Busted Crown"}],"items_purged_floors":[25],"is_endless":false,"potions_floor_spawned":[1,7,11,13,22,24],"killed_by":"Champ","ascension_level":20}}