{"host":"cimxalwyqyblhb3d","time":1610912949,"event":{"mods":["AchievementEnabler","BaseMod","Colored Powertips","Evolution","Minty Spire (QoL Compilation)","Quick Restart","Relic Stats","StSLib"],"gold_per_floor":[117,292,292,262,275,275,21,37,86,97,113,113,63,81,81,183,183,194,194,209,16,16,16,31,57,111,122,83,83,99,99,99,199,199,210,224,274,119,138,165,165,165,165,179,191,191,191],"floor_reached":46,"language":"FRA","playtime":2471,"items_purged":[],"score":537,"play_id":"3b509227-9e56-4f61-89cc-cd021780237a","local_time":"20210117204909","is_ascension_mode":false,"campfire_choices":[{"data":"TalkToTheHand","floor":6.0,"key":"SMITH"},{"data":"Devotion","floor":12.0,"key":"SMITH"},{"data":"MentalFortress","floor":15.0,"key":"SMITH"},{"data":"Eruption","floor":23.0,"key":"SMITH"},{"data":"Devotion","floor":29.0,"key":"SMITH"},{"data":"Ragnarok","floor":32.0,"key":"SMITH"},{"floor":41,"key":"REST"}],"circlet_count":0,"master_deck":["CutThroughFate","CutThroughFate","EmptyBody","EmptyBody","EmptyBody","EmptyBody","Eruption+1","Vigilance","Conclude","MentalFortress+1","WindmillStrike","TalkToTheHand+1","CutThroughFate","Devotion+1","FlurryOfBlows","Ragnarok+1","FlurryOfBlows","DeusExMachina","Devotion+1","Wireheading","Ragnarok","FlurryOfBlows","CutThroughFate","FlurryOfBlows"],"relics":["HolyWater","EVO:Axolotl","TeardropLocket","Anchor","Tiny Chest","MealTicket","Sozu","StoneCalendar","Oddly Smooth Stone","White Beast Statue"],"acts_visited":["Exordium","TheCity","TheBeyond"],"potions_floor_usage":[40],"damage_taken":[{"damage":0.0,"enemies":"Jaw Worm","floor":1.0,"turns":3.0},{"damage":0.0,"enemies":"Small Slimes","floor":5.0,"turns":1.0},{"damage":0.0,"enemies":"Cultist","floor":8.0,"turns":2.0},{"damage":0.0,"enemies":"Blue Slaver","floor":10.0,"turns":2.0},{"damage":1.0,"enemies":"Exordium Wildlife","floor":11.0,"turns":3.0},{"damage":0.0,"enemies":"Lots of Slimes","floor":14.0,"turns":2.0},{"damage":2.0,"enemies":"The Guardian","floor":16.0,"turns":5.0},{"damage":0.0,"enemies":"Chosen","floor":18.0,"turns":4.0},{"damage":0.0,"enemies":"2 Thieves","floor":20.0,"turns":4.0},{"damage":0.0,"enemies":"3 Cultists","floor":24.0,"turns":4.0},{"damage":35.0,"enemies":"Gremlin Leader","floor":25.0,"turns":4.0},{"damage":2.0,"enemies":"Centurion and Healer","floor":27.0,"turns":5.0},{"damage":1.0,"enemies":"Snake Plant","floor":30.0,"turns":3.0},{"damage":44.0,"enemies":"Collector","floor":33.0,"turns":7.0},{"damage":24.0,"enemies":"3 Shapes","floor":35.0,"turns":5.0},{"damage":10.0,"enemies":"3 Darklings","floor":36.0,"turns":4.0},{"damage":23.0,"enemies":"Mind Bloom Boss Battle","floor":37.0,"turns":5.0},{"damage":11.0,"enemies":"Sphere and 2 Shapes","floor":39.0,"turns":4.0},{"damage":20,"enemies":"Reptomancer","floor":40,"turns":6},{"damage":9,"enemies":"Spire Growth","floor":44,"turns":4},{"damage":5,"enemies":"Jaw Worm Horde","floor":45,"turns":5},{"damage":20,"enemies":"4 Shapes","floor":46,"turns":2}],"seed_played":"-851170143217881698","potions_obtained":[{"floor":1.0,"key":"StancePotion"},{"floor":4.0,"key":"Fruit Juice"},{"floor":4.0,"key":"Strength Potion"},{"floor":14.0,"key":"AttackPotion"},{"floor":16.0,"key":"LiquidBronze"},{"floor":20.0,"key":"Block Potion"},{"floor":24.0,"key":"GamblersBrew"},{"floor":25.0,"key":"BlessingOfTheForge"},{"floor":27.0,"key":"BottledMiracle"},{"floor":33.0,"key":"BottledMiracle"}],"is_trial":false,"path_per_floor":["M","?","?","?","M","R","$","M","T","M","M","R","?","M","R","B",null,"M","?","M","$","?","R","M","E","T","M","$","R","M","?","R","B",null,"M","M","?","$","M","E","R","?","T","M","M","M"],"character_chosen":"WATCHER","items_purchased":["TeardropLocket","DeusExMachina","Nirvana","Wireheading","Oddly Smooth Stone"],"campfire_rested":1,"item_purchase_floors":[7,21,21,28,38],"current_hp_per_floor":[77,77,77,82,82,82,82,82,82,82,81,81,81,81,81,79,82,82,82,82,82,82,82,82,47,47,45,60,60,59,59,59,15,82,58,48,25,40,29,9,33,33,33,24,19,0,0],"gold":191,"neow_bonus":"TRANSFORM_TWO_CARDS","is_daily":false,"chose_seed":false,"campfire_upgraded":6,"win_rate":0.0,"timestamp":1610912949,"path_taken":["M","?","?","?","M","R","$","M","T","M","?","R","?","M","R","BOSS","M","?","?","$","?","R","?","E","T","M","$","R","M","?","R","BOSS","M","M","?","$","M","E","R","?","T","M","M","M"],"items_purchased_type":["Relic","Card","Card","Card","Relic"],"build_version":"2020-12-22","purchased_purges":0,"victory":false,"max_hp_per_floor":[77,77,77,82,82,82,82,82,82,82,82,82,82,82,82,82,82,82,82,82,82,82,82,82,82,82,82,82,82,82,82,82,82,82,82,82,82,82,82,82,82,82,82,82,82,82,82],"relic_stats":{"Sozu":4,"counters":[22,84],"Tiny Chest":0,"MealTicket":30,"StoneCalendar":[0],"obtain_stats":[{"Sozu":34,"Anchor":9,"HolyWater":17,"Oddly Smooth Stone":38,"Tiny Chest":25,"MealTicket":26,"StoneCalendar":37,"EVO:Axolotl":0,"TeardropLocket":7,"PureWater":0,"White Beast Statue":40},{"Sozu":14,"Anchor":3,"HolyWater":7,"Oddly Smooth Stone":17,"Tiny Chest":11,"MealTicket":11,"StoneCalendar":17,"EVO:Axolotl":0,"TeardropLocket":2,"PureWater":0,"White Beast Statue":19},{"Sozu":49,"Anchor":6,"HolyWater":18,"Oddly Smooth Stone":63,"Tiny Chest":34,"MealTicket":34,"StoneCalendar":63,"EVO:Axolotl":0,"TeardropLocket":4,"PureWater":0,"White Beast Statue":73}]},"card_choices":[{"not_picked":["Crescendo","Meditate"],"picked":"WindmillStrike","floor":1.0},{"not_picked":["BowlingBash","FollowUp"],"picked":"TalkToTheHand","floor":5.0},{"not_picked":["Collect","ClearTheMind"],"picked":"CutThroughFate","floor":8.0},{"not_picked":["Prostrate","FollowUp","Protect"],"picked":"SKIP","floor":10.0},{"not_picked":["Crescendo","PathToVictory"],"picked":"Devotion","floor":11.0},{"not_picked":["Fasting2","Wireheading"],"picked":"FlurryOfBlows","floor":14.0},{"not_picked":["DevaForm","Judgement"],"picked":"Ragnarok","floor":16.0},{"not_picked":["Nirvana","LikeWater"],"picked":"FlurryOfBlows","floor":18.0},{"not_picked":["EmptyFist","Crescendo"],"picked":"FlyingSleeves","floor":20.0},{"not_picked":["Crescendo","JustLucky"],"picked":"Devotion","floor":24.0},{"not_picked":["CrushJoints","EmptyBody","ClearTheMind"],"picked":"SKIP","floor":25.0},{"not_picked":["BowlingBash","EmptyFist","EmptyMind"],"picked":"SKIP","floor":27.0},{"not_picked":["Wallop","CutThroughFate","SignatureMove"],"picked":"SKIP","floor":30.0},{"not_picked":["Wish","Omniscience"],"picked":"Ragnarok","floor":33.0},{"not_picked":["FollowUp","CutThroughFate+1","Collect+1"],"picked":"SKIP","floor":35.0},{"not_picked":["FearNoEvil","Halt+1","Evaluate+1"],"picked":"SKIP","floor":36.0},{"not_picked":["ThirdEye","Meditate"],"picked":"FlurryOfBlows","floor":39.0},{"not_picked":["Collect","InnerPeace+1","BowlingBash+1"],"picked":"SKIP","floor":40},{"not_picked":["FlyingSleeves+1","ClearTheMind+1"],"picked":"CutThroughFate","floor":44},{"not_picked":["FlyingSleeves","Halt"],"picked":"FlurryOfBlows","floor":45}],"player_experience":511555,"relics_obtained":[{"floor":9.0,"key":"Anchor"},{"floor":25.0,"key":"Tiny Chest"},{"floor":26.0,"key":"MealTicket"},{"floor":37.0,"key":"StoneCalendar"},{"floor":40,"key":"White Beast Statue"}],"event_choices":[{"damage_healed":0.0,"max_hp_gain":0.0,"max_hp_loss":0.0,"gold_gain":175.0,"event_name":"Liars Game","player_choice":"AGREE","floor":2.0,"gold_loss":0.0,"damage_taken":0.0,"cards_obtained":["Doubt"]},{"damage_healed":0.0,"max_hp_gain":0.0,"max_hp_loss":0.0,"gold_gain":0.0,"event_name":"Shining Light","player_choice":"Ignored","floor":3.0,"gold_loss":0.0,"damage_taken":0.0},{"damage_healed":0.0,"max_hp_gain":0.0,"max_hp_loss":0.0,"gold_gain":0.0,"event_name":"The Woman in Blue","player_choice":"Bought 2 Potions","floor":4.0,"gold_loss":0.0,"damage_taken":0.0},{"cards_removed":["Doubt"],"damage_healed":0.0,"max_hp_gain":0.0,"max_hp_loss":0.0,"gold_gain":0.0,"event_name":"The Cleric","player_choice":"Card Removal","floor":13.0,"gold_loss":50.0,"damage_taken":0.0},{"damage_healed":0.0,"max_hp_gain":0.0,"max_hp_loss":0.0,"gold_gain":0.0,"event_name":"NoteForYourself","player_choice":"Ignored","floor":19.0,"gold_loss":0.0,"damage_taken":0.0},{"cards_removed":["FlyingSleeves"],"damage_healed":0.0,"max_hp_gain":0.0,"max_hp_loss":0.0,"gold_gain":0.0,"event_name":"Wheel of Change","player_choice":"Card Removal","floor":22.0,"gold_loss":0.0,"damage_taken":0.0},{"cards_removed":["Nirvana"],"damage_healed":0.0,"max_hp_gain":0.0,"max_hp_loss":0.0,"gold_gain":0.0,"event_name":"Back to Basics","player_choice":"Elegance","floor":31.0,"gold_loss":0.0,"damage_taken":0.0},{"damage_healed":0.0,"max_hp_gain":0.0,"max_hp_loss":0.0,"gold_gain":0.0,"event_name":"MindBloom","player_choice":"Fight","floor":37.0,"gold_loss":0.0,"damage_taken":0.0},{"damage_healed":0,"gold_gain":0,"player_choice":"Memory 1","damage_taken":0,"max_hp_gain":0,"max_hp_loss":0,"event_name":"SensoryStone","floor":42,"gold_loss":0}],"is_beta":false,"boss_relics":[{"not_picked":["Fusion Hammer","Runic Dome"],"picked":"HolyWater"},{"not_picked":["Astrolabe","Pandora\u0027s Box"],"picked":"Sozu"}],"items_purged_floors":[],"is_endless":false,"potions_floor_spawned":[1,14,16,20,24,25,27,33,36,39,44,45],"killed_by":"4 Shapes","ascension_level":0}}