{"host":"8rqsnaeml9gxb0kp","time":1610843801,"event":{"mods":["AchievementEnabler","BaseMod","Dark Map","Minty Spire (QoL Compilation)","StSLib"],"gold_per_floor":[14,14,39,63,77,77,8,31,85,109,152,152,172,172,172],"floor_reached":14,"language":"ENG","playtime":754,"items_purged":[],"score":108,"play_id":"874e572e-893c-4f6e-981f-94c06379b27a","local_time":"20210116163641","is_ascension_mode":true,"campfire_choices":[{"floor":6,"key":"REST"}],"circlet_count":0,"master_deck":["Strike_R","Strike_R","Strike_R","Strike_R","Strike_R","Defend_R","Defend_R","Defend_R","Defend_R","Bash","Limit Break","Feel No Pain","Whirlwind","Burning Pact","Fire Breathing","True Grit","Thunderclap","Burning Pact","Parasite","Rupture"],"relics":["Burning Blood","Golden Idol","Juzu Bracelet","HornCleat"],"acts_visited":["Exordium"],"potions_floor_usage":[],"damage_taken":[{"damage":4,"enemies":"Jaw Worm","floor":1,"turns":6},{"damage":2,"enemies":"2 Louse","floor":3,"turns":4},{"damage":6,"enemies":"Cultist","floor":4,"turns":3},{"damage":24,"enemies":"Gremlin Gang","floor":5,"turns":4},{"damage":14,"enemies":"2 Fungi Beasts","floor":8,"turns":5},{"damage":27,"enemies":"Large Slime","floor":10,"turns":10},{"damage":26,"enemies":"3 Sentries","floor":11,"turns":5},{"damage":13,"enemies":"Exordium Wildlife","floor":13,"turns":7},{"damage":52,"enemies":"Lagavulin","floor":14,"turns":8}],"seed_played":"7298914165297082497","potions_obtained":[{"floor":3,"key":"AttackPotion"},{"floor":10,"key":"SteroidPotion"},{"floor":11,"key":"Energy Potion"}],"is_trial":false,"path_per_floor":["M","?","M","M","M","R","$","M","T","M","E","?","M","E"],"character_chosen":"IRONCLAD","items_purchased":["Fire Breathing"],"campfire_rested":1,"item_purchase_floors":[7],"current_hp_per_floor":[80,60,64,64,46,70,70,62,62,41,21,41,34,0,0],"gold":172,"neow_bonus":"THREE_RARE_CARDS","is_daily":false,"chose_seed":false,"campfire_upgraded":0,"win_rate":0.0,"timestamp":1610843801,"path_taken":["M","?","M","M","M","R","$","M","T","M","E","?","M","E"],"items_purchased_type":["Card"],"build_version":"2020-12-22","purchased_purges":0,"victory":false,"max_hp_per_floor":[80,80,80,80,80,80,80,80,80,80,80,80,80,80,80],"card_choices":[{"not_picked":["Bludgeon","Barricade"],"picked":"Limit Break","floor":0},{"not_picked":["Warcry","Cleave"],"picked":"Feel No Pain","floor":1},{"not_picked":["Heavy Blade","Power Through"],"picked":"Whirlwind","floor":3},{"not_picked":["Sword Boomerang","Clash"],"picked":"Burning Pact","floor":4},{"not_picked":["Anger","Heavy Blade","Body Slam"],"picked":"SKIP","floor":5},{"not_picked":["Havoc","Armaments"],"picked":"True Grit","floor":8},{"not_picked":["Clothesline","Blood for Blood"],"picked":"Thunderclap","floor":10},{"not_picked":["Carnage","Uppercut"],"picked":"Burning Pact","floor":11},{"not_picked":["Berserk","Clash"],"picked":"Rupture","floor":13}],"player_experience":79002,"relics_obtained":[{"floor":9,"key":"Juzu Bracelet"},{"floor":11,"key":"HornCleat"}],"event_choices":[{"damage_healed":0,"gold_gain":0,"player_choice":"Take Damage","damage_taken":20,"relics_obtained":["Golden Idol"],"max_hp_gain":0,"max_hp_loss":0,"event_name":"Golden Idol","floor":2,"gold_loss":0},{"damage_healed":20,"gold_gain":0,"player_choice":"Healed and dodged fight","damage_taken":0,"max_hp_gain":0,"max_hp_loss":0,"event_name":"Mushrooms","floor":12,"gold_loss":0,"cards_obtained":["Parasite"]}],"is_beta":false,"boss_relics":[],"items_purged_floors":[],"is_endless":false,"potions_floor_spawned":[3,10,11,13],"killed_by":"Lagavulin","ascension_level":3}}