{"host":"5icjlaq41ghjcr7h","time":1610856007,"event":{"mods":["AchievementEnabler","BaseMod","Colored Map","Minty Spire (QoL Compilation)","SuperFastMode","everything is the same but u backflip on backflip"],"gold_per_floor":[111,111,111,129,142,182,196,196,196,210,226,242,242,258,258,382,382,396,123,162,162,177,211,211,310,333,80,80,104,19,19,19,150,213,229,245,245,314,314,314,348,373,400,438,438,481,500,536,536,536,536],"floor_reached":50,"language":"KOR","playtime":1790,"items_purged":["Strike_B","Strike_B"],"score":767,"play_id":"f8c8b976-8da0-4256-a17a-9201c9b0b1fa","local_time":"20210117130007","is_ascension_mode":true,"campfire_choices":[{"data":"Defragment","floor":8,"key":"SMITH"},{"data":"Electrodynamics","floor":15,"key":"SMITH"},{"data":"Defragment","floor":24,"key":"SMITH"},{"floor":28,"key":"REST"},{"data":"Echo Form","floor":32,"key":"SMITH"},{"floor":40,"key":"RECALL"},{"floor":45,"key":"REST"},{"floor":49,"key":"REST"}],"circlet_count":0,"master_deck":["Strike_B","Defend_B","Zap","Dualcast","Core Surge","Coolheaded","Electrodynamics+1","Defragment+1","Turbo","Reinforced Body","Cold Snap","Chill","Parasite","Electrodynamics","Turbo","Defragment+1","Conserve Battery","Chaos","Echo Form+1","Injury","Self Repair","Chill","Conserve Battery","FTL","Skim+1","Creative AI","Double Energy","Cold Snap+1","Blizzard+1","Writhe","Biased Cognition","Capacitor","Compile Driver+1","Decay","Heatsinks","Steam+1","Force Field","Conserve Battery+1"],"relics":["Cracked Core","Golden Idol","Darkstone Periapt","Peace Pipe","Cursed Key","Red Mask","Du-Vu Doll","Juzu Bracelet","Matryoshka","Tiny House","Emotion Chip","Regal Pillow","Pear","Smiling Mask","MealTicket","Oddly Smooth Stone"],"acts_visited":["Exordium","TheCity","TheBeyond"],"potions_floor_usage":[6,16,38,42,44,46,48,50],"damage_taken":[{"damage":1,"enemies":"Cultist","floor":1,"turns":3},{"damage":0,"enemies":"2 Louse","floor":4,"turns":1},{"damage":9,"enemies":"Jaw Worm","floor":5,"turns":3},{"damage":10,"enemies":"3 Sentries","floor":6,"turns":2},{"damage":19,"enemies":"Exordium Wildlife","floor":7,"turns":3},{"damage":11,"enemies":"Looter","floor":10,"turns":3},{"damage":0,"enemies":"2 Fungi Beasts","floor":11,"turns":3},{"damage":13,"enemies":"Blue Slaver","floor":12,"turns":3},{"damage":0,"enemies":"3 Louse","floor":14,"turns":2},{"damage":23,"enemies":"Slime Boss","floor":16,"turns":10},{"damage":0,"enemies":"3 Byrds","floor":18,"turns":3},{"damage":0,"enemies":"Masked Bandits","floor":20,"turns":2},{"damage":23,"enemies":"Shell Parasite","floor":22,"turns":7},{"damage":90,"enemies":"Book of Stabbing","floor":23,"turns":8},{"damage":15,"enemies":"Snake Plant","floor":29,"turns":4},{"damage":18,"enemies":"Champ","floor":33,"turns":14},{"damage":29,"enemies":"3 Shapes","floor":35,"turns":4},{"damage":33,"enemies":"3 Darklings","floor":36,"turns":8},{"damage":31,"enemies":"2 Orb Walkers","floor":38,"turns":5},{"damage":29,"enemies":"Giant Head","floor":41,"turns":10},{"damage":12,"enemies":"Sphere and 2 Shapes","floor":42,"turns":4},{"damage":46,"enemies":"Nemesis","floor":44,"turns":10},{"damage":21,"enemies":"Reptomancer","floor":46,"turns":7},{"damage":29,"enemies":"Writhing Mass","floor":47,"turns":6},{"damage":21,"enemies":"Nemesis","floor":48,"turns":11},{"damage":72,"enemies":"Time Eater","floor":50,"turns":7}],"seed_played":"398858955531475053","potions_obtained":[{"floor":4,"key":"BlessingOfTheForge"},{"floor":11,"key":"Fire Potion"},{"floor":14,"key":"PowerPotion"},{"floor":16,"key":"LiquidMemories"},{"floor":18,"key":"Ancient Potion"},{"floor":20,"key":"FairyPotion"},{"floor":34,"key":"SpeedPotion"},{"floor":36,"key":"Explosive Potion"},{"floor":41,"key":"SteroidPotion"},{"floor":46,"key":"DuplicationPotion"},{"floor":48,"key":"FearPotion"}],"is_trial":false,"path_per_floor":["M","?","?","M","M","E","M","R","T","M","M","M","?","M","R","B",null,"M","$","?","?","M","E","R","?","T","$","R","M","?","?","R","B",null,"M","M","?","?","?","R","E","M","T","E","R","E","M","E","R","B"],"character_chosen":"DEFECT","items_purchased":["FairyPotion","Turbo","Defragment","Self Repair","Chill"],"campfire_rested":3,"item_purchase_floors":[19,19,19,27,27],"current_hp_per_floor":[74,69,69,69,60,50,31,31,31,20,20,7,30,30,30,7,75,75,75,75,75,52,13,13,13,19,19,43,35,35,35,35,24,86,71,52,80,56,56,56,41,36,52,13,60,53,31,24,71,0,0],"gold":536,"neow_bonus":"ONE_RANDOM_RARE_CARD","is_daily":false,"chose_seed":false,"campfire_upgraded":4,"win_rate":0.0,"timestamp":1610856007,"path_taken":["M","?","?","M","M","E","M","R","T","M","?","M","?","M","R","BOSS","M","$","?","?","M","E","R","?","T","$","R","M","?","?","R","BOSS","M","M","?","?","?","R","E","M","T","E","R","E","M","E","R","BOSS"],"items_purchased_type":["Potion","Card","Card","Card","Card"],"build_version":"2020-12-22","purchased_purges":2,"victory":false,"max_hp_per_floor":[75,69,69,69,69,69,69,69,69,69,69,69,75,75,75,75,75,75,75,75,75,75,75,75,75,81,81,81,81,81,81,81,81,86,86,86,92,92,92,92,92,92,108,108,108,108,108,108,108,108,108],"card_choices":[{"not_picked":["Go for the Eyes","Stack"],"picked":"Coolheaded","floor":1},{"not_picked":["Rip and Tear","Scrape"],"picked":"Defragment","floor":4},{"not_picked":["Rip and Tear","Doom and Gloom","Consume"],"picked":"SKIP","floor":5},{"not_picked":["Tempest","White Noise"],"picked":"Turbo","floor":6},{"not_picked":["Beam Cell","Consume"],"picked":"Reinforced Body","floor":7},{"not_picked":["Sweeping Beam","Redo","Streamline"],"picked":"SKIP","floor":10},{"not_picked":["Redo","Force Field"],"picked":"Cold Snap","floor":11},{"not_picked":["Go for the Eyes","Coolheaded"],"picked":"Chill","floor":12},{"not_picked":["Barrage","Rebound","Leap"],"picked":"SKIP","floor":14},{"not_picked":["Buffer","Core Surge"],"picked":"Electrodynamics","floor":16},{"not_picked":["Lockon","Barrage","Sweeping Beam+1"],"picked":"SKIP","floor":18},{"not_picked":["Cold Snap+1","Go for the Eyes+1"],"picked":"Conserve Battery","floor":20},{"not_picked":["Beam Cell+1","Turbo"],"picked":"Chaos","floor":22},{"not_picked":["Loop","Compile Driver"],"picked":"Echo Form","floor":23},{"not_picked":["Streamline","Gash"],"picked":"Conserve Battery","floor":29},{"not_picked":["Amplify","Rainbow"],"picked":"Creative AI","floor":33},{"not_picked":["Redo","BootSequence"],"picked":"Double Energy","floor":34},{"not_picked":["Turbo+1","Gash+1"],"picked":"Cold Snap+1","floor":35},{"not_picked":["Leap+1","Doom and Gloom"],"picked":"Blizzard+1","floor":36},{"not_picked":["Multi-Cast","Conserve Battery+1"],"picked":"Capacitor","floor":41},{"not_picked":["Scrape","Stack"],"picked":"Compile Driver+1","floor":42},{"not_picked":["Darkness+1","Steam"],"picked":"Heatsinks","floor":44},{"not_picked":["Echo Form","Ball Lightning+1"],"picked":"Steam+1","floor":46},{"not_picked":["Compile Driver","Darkness"],"picked":"Force Field","floor":47},{"not_picked":["Gash","BootSequence"],"picked":"Conserve Battery+1","floor":48}],"player_experience":129809,"relics_obtained":[{"floor":6,"key":"Darkstone Periapt"},{"floor":9,"key":"Peace Pipe"},{"floor":20,"key":"Red Mask"},{"floor":23,"key":"Du-Vu Doll"},{"floor":26,"key":"Juzu Bracelet"},{"floor":38,"key":"Emotion Chip"},{"floor":41,"key":"Regal Pillow"},{"floor":43,"key":"Pear"},{"floor":44,"key":"Smiling Mask"},{"floor":46,"key":"MealTicket"},{"floor":48,"key":"Oddly Smooth Stone"}],"event_choices":[{"damage_healed":0,"gold_gain":0,"player_choice":"Lose Max HP","damage_taken":0,"relics_obtained":["Golden Idol"],"max_hp_gain":0,"max_hp_loss":6,"event_name":"Golden Idol","floor":2,"gold_loss":0},{"damage_healed":0,"gold_gain":0,"player_choice":"1 cards matched","damage_taken":0,"max_hp_gain":0,"max_hp_loss":0,"event_name":"Match and Keep!","floor":3,"gold_loss":0,"cards_obtained":["Electrodynamics"]},{"damage_healed":17,"gold_gain":0,"player_choice":"Healed and dodged fight","damage_taken":0,"max_hp_gain":0,"max_hp_loss":0,"event_name":"Mushrooms","floor":13,"gold_loss":0,"cards_obtained":["Parasite"]},{"damage_healed":0,"gold_gain":0,"player_choice":"Fought Bandits","damage_taken":0,"max_hp_gain":0,"max_hp_loss":0,"event_name":"Masked Bandits","floor":20,"gold_loss":0},{"cards_removed":["Defend_B"],"damage_healed":0,"gold_gain":0,"player_choice":"Elegance","damage_taken":0,"max_hp_gain":0,"max_hp_loss":0,"event_name":"Back to Basics","floor":21,"gold_loss":0},{"damage_healed":0,"gold_gain":99,"player_choice":"Stole From Cult","damage_taken":0,"max_hp_gain":0,"max_hp_loss":0,"event_name":"Nest","floor":25,"gold_loss":0},{"damage_healed":0,"gold_gain":0,"player_choice":"Obtained Relic","damage_taken":0,"relics_obtained":["Matryoshka"],"max_hp_gain":0,"max_hp_loss":0,"event_name":"Addict","floor":30,"gold_loss":85},{"damage_healed":0,"gold_gain":0,"cards_transformed":["Strike_B","Defend_B"],"player_choice":"Became Test Subject","damage_taken":0,"max_hp_gain":0,"max_hp_loss":0,"event_name":"Drug Dealer","floor":31,"gold_loss":0,"cards_obtained":["FTL","Skim"]},{"damage_healed":22,"gold_gain":0,"player_choice":"Writhe","damage_taken":0,"max_hp_gain":0,"max_hp_loss":0,"event_name":"Winding Halls","floor":37,"gold_loss":0,"cards_obtained":["Writhe"]},{"damage_healed":0,"gold_gain":0,"player_choice":"Fight","damage_taken":0,"max_hp_gain":0,"max_hp_loss":0,"event_name":"Mysterious Sphere","floor":38,"gold_loss":0},{"damage_healed":0,"gold_gain":0,"cards_transformed":["Defend_B"],"player_choice":"Transformed","damage_taken":0,"max_hp_gain":0,"max_hp_loss":0,"event_name":"Transmorgrifier","floor":39,"gold_loss":0,"cards_obtained":["Biased Cognition"]}],"is_beta":false,"boss_relics":[{"not_picked":["Runic Pyramid","SlaversCollar"],"picked":"Cursed Key"},{"not_picked":["Velvet Choker","Sozu"],"picked":"Tiny House"}],"items_purged_floors":[19,27],"is_endless":false,"potions_floor_spawned":[4,11,14,16,18,20,36,41,46,48],"killed_by":"Time Eater","ascension_level":3}}