{"host":"r6jigiblrojhp6xe","time":1610904822,"event":{"mods":["AchievementEnabler","BaseMod","DeckTracker","Minty Spire (QoL Compilation)","Quick Restart","Rare Cards Sparkle","Relic Stats","Replay The Spire","StSLib","SuperFastMode","The Cursed","everything is the same but u backflip on backflip"],"gold_per_floor":[14,32,32,107,32,32,52,52,52,116,132,132,132,132],"floor_reached":13,"language":"KOR","playtime":246,"items_purged":[],"score":146,"play_id":"46135313-401d-4624-bb2e-67c94e90d825","local_time":"20210118023342","is_ascension_mode":true,"campfire_choices":[{"data":"Searing Blow","floor":6,"key":"SMITH"},{"data":"Searing Blow+1","floor":8,"key":"SMITH"},{"floor":12,"key":"REST"}],"circlet_count":0,"master_deck":["AscendersBane","Strike_R","Strike_R","Defend_R","Defend_R","Defend_R","Defend_R","Bash","Feel No Pain","Burning Pact","Run Through","Searing Blow+2","Headbutt","Seeing Red"],"relics":["Burning Blood","Girya"],"acts_visited":["Exordium"],"potions_floor_usage":[11],"damage_taken":[{"damage":17.0,"enemies":"Cultist","floor":1.0,"turns":4.0},{"damage":2.0,"enemies":"2 Louse","floor":2.0,"turns":3.0},{"damage":16,"enemies":"Small Slimes","floor":7,"turns":5},{"damage":12,"enemies":"Exordium Thugs","floor":11,"turns":5},{"damage":32,"enemies":"Gremlin Nob","floor":13,"turns":3}],"seed_played":"-6585077754598825607","potions_obtained":[{"floor":7,"key":"AttackPotion"},{"floor":10,"key":"CultistPotion"},{"floor":10,"key":"Flashbang"},{"floor":11,"key":"Explosive Potion"}],"is_trial":false,"path_per_floor":["M","M","?","?","?","R","M","R","T","?","M","R","E"],"character_chosen":"IRONCLAD","items_purchased":[],"campfire_rested":1,"item_purchase_floors":[],"current_hp_per_floor":[57,61,61,50,50,50,40,40,40,16,10,32,0,0],"gold":132,"neow_bonus":"TRANSFORM_TWO_CARDS","is_daily":false,"chose_seed":false,"campfire_upgraded":2,"win_rate":0.0,"timestamp":1610904822,"path_taken":["M","M","?","?","?","R","M","R","T","?","?","R","E"],"items_purchased_type":[],"build_version":"2020-12-22","purchased_purges":0,"victory":false,"max_hp_per_floor":[75,75,75,75,75,75,75,75,75,75,75,75,75,75],"relic_stats":{"counters":[5,20],"obtain_stats":[{"Girya":9,"Burning Blood":0},{"Girya":3,"Burning Blood":0},{"Girya":12,"Burning Blood":0}],"Burning Blood":24},"card_choices":[{"not_picked":["Metallicize","Pommel Strike"],"picked":"Run Through","floor":1.0},{"not_picked":["Life Link","Rage"],"picked":"Searing Blow","floor":2.0},{"not_picked":["Flex","Sword Boomerang"],"picked":"Headbutt","floor":7},{"not_picked":["Iron Wave","ReplayReversal"],"picked":"Seeing Red","floor":11}],"player_experience":575943,"relics_obtained":[{"floor":9,"key":"Girya"}],"event_choices":[{"damage_healed":0,"gold_gain":75,"player_choice":"Gather Gold","damage_taken":11,"max_hp_gain":0,"max_hp_loss":0,"event_name":"World of Goop","floor":4,"gold_loss":0},{"cards_removed":["Strike_R"],"damage_healed":0,"gold_gain":0,"player_choice":"Card Removal","damage_taken":0,"max_hp_gain":0,"max_hp_loss":0,"event_name":"The Cleric","floor":5,"gold_loss":75}],"is_beta":false,"boss_relics":[],"items_purged_floors":[],"is_endless":false,"potions_floor_spawned":[7,11],"killed_by":"Gremlin Nob","ascension_level":20}}