{"host":"emhkbx8w48tb1pjr","time":1610917744,"event":{"mods":["AchievementEnabler","BaseMod","Better Note","Colored Map","Colored Powertips","DeckTracker","Downfall","Googly Eyes","Hermit","Marisa????????","Minty Spire (QoL Compilation)","Quick Restart","Rare Cards Sparkle","StSLib","The Bug Knight","The Cursed","The Jungle","The Servant 0.9.4","everything is the same but u backflip on backflip"],"gold_per_floor":[115,115,127,137,212,242,417,427,427,454,466,496,508,141,141,244,244,255,16,16,47,61,61,61],"floor_reached":23,"language":"ENG","playtime":956,"items_purged":["Doubt"],"score":191,"play_id":"277c18e7-7a6d-4f66-a64e-577078010de1","local_time":"20210117220904","is_ascension_mode":false,"campfire_choices":[{"floor":11,"key":"REST"},{"data":"TheCursedMod:SpitefulPlan","floor":13,"key":"SMITH"},{"floor":15,"key":"REST"}],"circlet_count":0,"master_deck":["TheCursedMod:Strike_TheCursed","TheCursedMod:Strike_TheCursed","TheCursedMod:Strike_TheCursed","TheCursedMod:Defend_TheCursed","TheCursedMod:Defend_TheCursed","TheCursedMod:Defend_TheCursed","TheCursedMod:Defend_TheCursed","TheCursedMod:CursedWand","TheCursedMod:CleanUpWorkshop","TheCursedMod:Dregs","TheCursedMod:SoulCrush","TheCursedMod:Obscuration","TheCursedMod:VoidForm","TheCursedMod:SurpriseAttack","TheCursedMod:SpitefulPlan+1","TheCursedMod:CursedRelics","TheCursedMod:SoulReap","TheCursedMod:ReleasedStrength"],"relics":["TheCursedMod:BlackMagic101","NeowsBlessing","Strawberry","Blood Vial","MawBank","OrangePellets","Lantern","Velvet Choker","Question Card","SsserpentHead"],"acts_visited":["Exordium","TheCity"],"potions_floor_usage":[16,23],"damage_taken":[{"damage":0,"enemies":"Small Slimes","floor":1,"turns":1},{"damage":0,"enemies":"Cultist","floor":3,"turns":1},{"damage":0,"enemies":"Jaw Worm","floor":4,"turns":1},{"damage":52,"enemies":"Gremlin Nob","floor":6,"turns":6},{"damage":10,"enemies":"Blue Slaver","floor":8,"turns":4},{"damage":0,"enemies":"Large Slime","floor":12,"turns":8},{"damage":56,"enemies":"Hexaghost","floor":16,"turns":9},{"damage":0,"enemies":"Chosen","floor":18,"turns":4},{"damage":8,"enemies":"2 Thieves","floor":21,"turns":4},{"damage":6,"enemies":"Centurion and Healer","floor":22,"turns":7},{"damage":94,"enemies":"Gremlin Leader","floor":23,"turns":10}],"seed_played":"-5479078085278850803","potions_obtained":[{"floor":4,"key":"Strength Potion"},{"floor":6,"key":"bronze:BurnAndBuffPotion"},{"floor":12,"key":"AttackPotion"},{"floor":16,"key":"bronze:BurnAndBuffPotion"}],"is_trial":false,"path_per_floor":["M","?","M","M","?","E","?","M","T","T","R","M","R","$","R","B",null,"M","$","?","M","M","E"],"character_chosen":"THE_CURSED","items_purchased":["OrangePellets","Lantern","Question Card"],"campfire_rested":2,"item_purchase_floors":[14,14,19],"current_hp_per_floor":[75,75,75,75,64,19,19,9,9,9,33,35,35,35,59,5,82,82,82,82,79,76,0,0],"gold":61,"neow_bonus":"THREE_ENEMY_KILL","is_daily":false,"chose_seed":false,"campfire_upgraded":1,"win_rate":0.0,"timestamp":1610917744,"path_taken":["M","?","?","M","?","E","?","M","T","?","R","M","R","?","R","BOSS","M","$","?","?","M","E"],"items_purchased_type":["Relic","Relic","Relic"],"build_version":"2020-12-22","purchased_purges":1,"victory":false,"max_hp_per_floor":[75,75,75,75,75,82,82,82,82,82,82,82,82,82,82,82,82,82,82,82,82,82,82,82],"card_choices":[{"not_picked":["TheCursedMod:Stretching","TheCursedMod:EmpowerCircles"],"picked":"TheCursedMod:SoulCrush","floor":1},{"not_picked":["TheCursedMod:TacticalStrike","TheCursedMod:CursedBlade"],"picked":"TheCursedMod:Obscuration","floor":3},{"not_picked":["TheCursedMod:Obscuration","TheCursedMod:SaltUponWound"],"picked":"TheCursedMod:VoidForm","floor":4},{"not_picked":["TheCursedMod:PrepareRite","TheCursedMod:CursedShiv"],"picked":"TheCursedMod:SurpriseAttack","floor":6},{"not_picked":["TheCursedMod:SpreadPlague","TheCursedMod:Stigma"],"picked":"TheCursedMod:SpitefulPlan","floor":8},{"not_picked":["TheCursedMod:TacticalStrike","TheCursedMod:Obscuration","TheCursedMod:TroublousMinions"],"picked":"SKIP","floor":12},{"not_picked":["TheCursedMod:DemonicPact","TheCursedMod:ForbiddenAlchemy"],"picked":"TheCursedMod:CursedRelics","floor":16},{"not_picked":["TheCursedMod:TroublousMinions","TheCursedMod:Obscuration"],"picked":"TheCursedMod:SoulReap","floor":18},{"not_picked":["TheCursedMod:Hemoplague+1","TheCursedMod:CircleOfWindfury","TheCursedMod:Wield+1","TheCursedMod:FleshFromBone"],"picked":"SKIP","floor":21},{"not_picked":["TheCursedMod:Mangle","TheCursedMod:SpreadPlague","TheCursedMod:Obscuration"],"picked":"TheCursedMod:ReleasedStrength","floor":22}],"player_experience":32807,"relics_obtained":[{"floor":6,"key":"Strawberry"},{"floor":9,"key":"Blood Vial"},{"floor":10,"key":"MawBank"}],"event_choices":[{"cards_removed":["TheCursedMod:Strike_TheCursed"],"damage_healed":0,"gold_gain":0,"player_choice":"Purged","damage_taken":0,"max_hp_gain":0,"max_hp_loss":0,"event_name":"Purifier","floor":2,"gold_loss":0},{"damage_healed":0,"gold_gain":75,"player_choice":"Gather Gold","damage_taken":11,"max_hp_gain":0,"max_hp_loss":0,"event_name":"World of Goop","floor":5,"gold_loss":0},{"damage_healed":0,"gold_gain":175,"player_choice":"AGREE","damage_taken":0,"max_hp_gain":0,"max_hp_loss":0,"event_name":"Liars Game","floor":7,"gold_loss":0,"cards_obtained":["Doubt"]},{"damage_healed":0,"gold_gain":0,"player_choice":"Trade","damage_taken":0,"relics_obtained":["SsserpentHead"],"max_hp_gain":0,"max_hp_loss":0,"event_name":"FaceTrader","floor":20,"gold_loss":0}],"is_beta":false,"boss_relics":[{"not_picked":["Tiny House","SacredBark"],"picked":"Velvet Choker"}],"items_purged_floors":[14],"is_endless":false,"potions_floor_spawned":[4,6,12,16,18],"killed_by":"Gremlin Leader","ascension_level":0}}