{"host":"0ueeacaatm8t6jyh","time":1610907833,"event":{"mods":["AchievementEnabler","BaseMod","Colored Powertips","Minty Spire (QoL Compilation)","Quick Restart","Rare Cards Sparkle","Shop Mod","StSLib"],"gold_per_floor":[117,117,117,117,136,172,172,7,7,22,58,58,58,99,99,190,190,208,231,255,97,115,115,150,150,196,121,121,161,8,8,8,98,98,118,137,160,160,173,173,191,191,191,231,231,231,264,287,296,296,296],"floor_reached":50,"language":"ZHS","playtime":1777,"items_purged":["Rip and Tear","FearNoEvil"],"score":1587,"play_id":"4c22af4f-41a9-4366-8ad0-ee1a2aaa8832","local_time":"20210118022353","daily_mods":["SealedDeck","Diverse","Heirloom","Elite Swarm"],"is_ascension_mode":true,"campfire_choices":[{"floor":13.0,"key":"REST"},{"data":"Omniscience","floor":15.0,"key":"SMITH"},{"floor":23.0,"key":"REST"},{"data":"DevaForm","floor":32.0,"key":"SMITH"},{"floor":40.0,"key":"REST"},{"data":"Prostrate","floor":46.0,"key":"SMITH"},{"floor":49,"key":"REST"}],"circlet_count":0,"master_deck":["AscendersBane","Inflame+1","Shrug It Off","Hologram","Cleave","Prostrate+1","Riddle With Holes+1","Prostrate","Crescendo","Brilliance+1","Omniscience+1","Echo Form","Worship","Coolheaded","Genetic Algorithm","Rainbow","DevaForm+1","Feed","Skim","Shockwave","Backflip","Core Surge","Inflame"],"relics":["Burning Blood","Magic Flower","Golden Idol","Kunai","Dream Catcher","Prayer Wheel","PreservedInsect","Whetstone","SlaversCollar","Lee\u0027s Waffle","Meat on the Bone","Red Skull","Mercury Hourglass","Regal Pillow","SacredBark","White Beast Statue","Matryoshka","CeramicFish","Mango"],"acts_visited":["Exordium","TheCity","TheBeyond"],"potions_floor_usage":[47,48],"damage_taken":[{"damage":0.0,"enemies":"Jaw Worm","floor":1.0,"turns":2.0},{"damage":0.0,"enemies":"Small Slimes","floor":5.0,"turns":2.0},{"damage":32.0,"enemies":"Gremlin Nob","floor":6.0,"turns":4.0},{"damage":0.0,"enemies":"Cultist","floor":10.0,"turns":2.0},{"damage":7.0,"enemies":"3 Sentries","floor":11.0,"turns":6.0},{"damage":0.0,"enemies":"Gremlin Nob","floor":14.0,"turns":2.0},{"damage":8.0,"enemies":"The Guardian","floor":16.0,"turns":3.0},{"damage":35.0,"enemies":"2 Thieves","floor":18.0,"turns":4.0},{"damage":7.0,"enemies":"Spheric Guardian","floor":19.0,"turns":3.0},{"damage":14.0,"enemies":"3 Cultists","floor":20.0,"turns":3.0},{"damage":42.0,"enemies":"Cultist and Chosen","floor":22.0,"turns":6.0},{"damage":12.0,"enemies":"Book of Stabbing","floor":24.0,"turns":3.0},{"damage":43.0,"enemies":"Slavers","floor":29.0,"turns":5.0},{"damage":6.0,"enemies":"Champ","floor":33.0,"turns":4.0},{"damage":51.0,"enemies":"3 Darklings","floor":35.0,"turns":5.0},{"damage":41.0,"enemies":"Orb Walker","floor":36.0,"turns":5.0},{"damage":10.0,"enemies":"4 Shapes","floor":37.0,"turns":1.0},{"damage":38.0,"enemies":"Transient","floor":39.0,"turns":6.0},{"damage":47.0,"enemies":"3 Darklings","floor":41.0,"turns":6.0},{"damage":21.0,"enemies":"Nemesis","floor":44.0,"turns":3.0},{"damage":0,"enemies":"Reptomancer","floor":47,"turns":2},{"damage":73,"enemies":"Spire Growth","floor":48,"turns":6},{"damage":80,"enemies":"Time Eater","floor":50,"turns":6}],"seed_played":"2250645360072290778","potions_obtained":[{"floor":5.0,"key":"Explosive Potion"},{"floor":6.0,"key":"FearPotion"},{"floor":16.0,"key":"Swift Potion"},{"floor":18.0,"key":"Weak Potion"},{"floor":20.0,"key":"ElixirPotion"},{"floor":36.0,"key":"SteroidPotion"},{"floor":39.0,"key":"Fire Potion"},{"floor":44.0,"key":"Strength Potion"},{"floor":47,"key":"PowerPotion"},{"floor":48,"key":"BlessingOfTheForge"}],"is_trial":true,"path_per_floor":["M","?","?","$","M","E","?","$","T","M","E","$","R","E","R","B",null,"M","M","M","$","M","R","E","?","T","$","?","E","$","T","R","B",null,"M","M","M","?","M","R","M","?","T","E","$","R","E","M","R","B"],"character_chosen":"IRONCLAD","items_purchased":["Dream Catcher","Lee\u0027s Waffle","SteroidPotion"],"campfire_rested":4,"item_purchase_floors":[8,21,30],"current_hp_per_floor":[75,68,42,42,51,28,28,28,28,37,39,39,61,70,70,71,74,48,50,45,82,49,73,70,70,70,70,70,54,54,54,54,57,76,52,38,55,55,44,82,62,62,62,55,55,55,78,32,76,0,0],"gold":296,"neow_bonus":"","is_daily":false,"chose_seed":false,"campfire_upgraded":3,"win_rate":0.0,"timestamp":1610907833,"path_taken":["M","?","?","$","M","E","?","$","T","?","E","?","R","E","R","BOSS","M","M","M","$","M","R","E","?","T","$","?","E","$","?","R","BOSS","M","?","M","?","?","R","?","?","T","E","$","R","E","M","R","BOSS"],"items_purchased_type":["Relic","Relic","Potion"],"build_version":"2020-12-22","purchased_purges":2,"victory":false,"max_hp_per_floor":[75,75,75,75,75,75,75,75,75,75,75,75,75,75,75,75,75,75,75,75,82,82,82,82,82,82,82,82,82,82,82,82,82,82,82,82,82,82,82,82,82,82,82,85,85,85,99,99,99,99,99],"card_choices":[{"not_picked":["Dagger Throw","Scrape"],"picked":"Prostrate","floor":1.0},{"not_picked":["Setup","Prepared"],"picked":"Crescendo","floor":5.0},{"not_picked":["Biased Cognition","Storm of Steel","Judgement"],"picked":"SKIP","floor":6.0},{"not_picked":["Defragment","Blade Dance","Power Through"],"picked":"SKIP","floor":10.0},{"not_picked":["Dash","PiercingWail","Sword Boomerang"],"picked":"SKIP","floor":10.0},{"not_picked":["Barricade","A Thousand Cuts"],"picked":"Brilliance","floor":11.0},{"not_picked":["Ragnarok","Multi-Cast"],"picked":"Omniscience","floor":14.0},{"not_picked":["After Image","Corpse Explosion"],"picked":"Echo Form","floor":16.0},{"not_picked":["Heatsinks","Halt","Leap"],"picked":"SKIP","floor":18.0},{"not_picked":["Deflect","EmptyFist","Crippling Poison"],"picked":"SKIP","floor":18.0},{"not_picked":["Sweeping Beam","Sever Soul"],"picked":"Worship","floor":19.0},{"not_picked":["Tempest","Shrug It Off"],"picked":"Coolheaded","floor":19.0},{"not_picked":["Dodge and Roll","Coolheaded"],"picked":"Genetic Algorithm","floor":20.0},{"not_picked":["Genetic Algorithm","Escape Plan","Anger"],"picked":"SKIP","floor":20.0},{"not_picked":["Prostrate","JustLucky+1"],"picked":"Rainbow","floor":22.0},{"not_picked":["Leg Sweep","Sweeping Beam","Hologram"],"picked":"SKIP","floor":22.0},{"not_picked":["Immolate","Judgement","Corpse Explosion"],"picked":"SKIP","floor":24.0},{"not_picked":["Biased Cognition","Thunder Strike"],"picked":"DevaForm","floor":29.0},{"not_picked":["Fission","Judgement"],"picked":"Feed","floor":33.0},{"not_picked":["Heavy Blade","Dual Wield","Flex+1"],"picked":"SKIP","floor":35.0},{"not_picked":["Consecrate","Dagger Throw","Fire Breathing"],"picked":"SKIP","floor":35.0},{"not_picked":["Feel No Pain","Prepared"],"picked":"Skim","floor":36.0},{"not_picked":["DeceiveReality","Dagger Throw+1","Compile Driver"],"picked":"SKIP","floor":36.0},{"not_picked":["BattleHymn","Anger"],"picked":"Shockwave","floor":37.0},{"not_picked":["Sweeping Beam","Streamline+1","Collect"],"picked":"SKIP","floor":37.0},{"not_picked":["Slice","Bludgeon","Protect"],"picked":"SKIP","floor":39.0},{"not_picked":["Disarm","Nirvana","Leap"],"picked":"SKIP","floor":39.0},{"not_picked":["Warcry+1","EmptyBody"],"picked":"Backflip","floor":40.0},{"not_picked":["Beam Cell+1","Metallicize+1","Sentinel"],"picked":"SKIP","floor":41.0},{"not_picked":["Prepared+1","EmptyBody","WheelKick"],"picked":"SKIP","floor":41.0},{"not_picked":["Bullet Time","Burst"],"picked":"Core Surge","floor":44.0},{"not_picked":["Brilliance","Rainbow","Multi-Cast"],"picked":"SKIP","floor":47},{"not_picked":["Burning Pact","Wild Strike+1","Dagger Throw"],"picked":"SKIP","floor":48},{"not_picked":["Auto Shields","Choke","Rebound"],"picked":"SKIP","floor":48},{"not_picked":["Anger","Gash+1"],"picked":"Inflame","floor":49}],"player_experience":389419,"relics_obtained":[{"floor":6.0,"key":"Kunai"},{"floor":9.0,"key":"Prayer Wheel"},{"floor":11.0,"key":"PreservedInsect"},{"floor":14.0,"key":"Whetstone"},{"floor":24.0,"key":"Meat on the Bone"},{"floor":26.0,"key":"Red Skull"},{"floor":29.0,"key":"Mercury Hourglass"},{"floor":31.0,"key":"Regal Pillow"},{"floor":43.0,"key":"Matryoshka"},{"floor":44.0,"key":"CeramicFish"},{"floor":47,"key":"Mango"}],"event_choices":[{"cards_removed":["Cleave"],"damage_healed":0.0,"max_hp_gain":0.0,"max_hp_loss":0.0,"gold_gain":0.0,"event_name":"Golden Wing","player_choice":"Card Removal","floor":2.0,"gold_loss":0.0,"damage_taken":7.0},{"damage_healed":0.0,"max_hp_gain":0.0,"max_hp_loss":0.0,"gold_gain":0.0,"event_name":"Golden Idol","player_choice":"Take Damage","floor":3.0,"gold_loss":0.0,"damage_taken":26.0,"relics_obtained":["Golden Idol"]},{"damage_healed":0.0,"max_hp_gain":0.0,"max_hp_loss":0.0,"gold_gain":0.0,"event_name":"Upgrade Shrine","player_choice":"Upgraded","floor":7.0,"gold_loss":0.0,"damage_taken":0.0,"cards_upgraded":["Inflame"]},{"damage_healed":0.0,"max_hp_gain":0.0,"max_hp_loss":0.0,"gold_gain":0.0,"event_name":"Vampires","player_choice":"Ignored","floor":25.0,"gold_loss":0.0,"damage_taken":0.0},{"cards_removed":["EmptyMind"],"damage_healed":0.0,"max_hp_gain":0.0,"max_hp_loss":0.0,"gold_gain":0.0,"event_name":"Back to Basics","player_choice":"Elegance","floor":28.0,"gold_loss":0.0,"damage_taken":0.0},{"damage_healed":0.0,"max_hp_gain":0.0,"max_hp_loss":0.0,"gold_gain":0.0,"event_name":"Transmorgrifier","player_choice":"Ignored","floor":38.0,"gold_loss":0.0,"damage_taken":0.0},{"damage_healed":0.0,"max_hp_gain":0.0,"max_hp_loss":0.0,"gold_gain":0.0,"event_name":"WeMeetAgain","player_choice":"Gave Potion","floor":42.0,"gold_loss":0.0,"damage_taken":0.0,"relics_obtained":["White Beast Statue"]}],"is_beta":false,"boss_relics":[{"not_picked":["Fusion Hammer","Astrolabe"],"picked":"SlaversCollar"},{"not_picked":["Philosopher\u0027s Stone","Empty Cage"],"picked":"SacredBark"}],"items_purged_floors":[27,30],"is_endless":true,"potions_floor_spawned":[5,6,16,18,20,33,36,39,44,47,48],"killed_by":"Time Eater","ascension_level":20}}