{"host":"7sraw4slf3fv6bnj","time":1610896913,"event":{"mods":["BaseMod","Downfall","Jorbs\u0027s Wanderer Trilogy","Marisa????????","Minty Spire (QoL Compilation)","Shop Mod","StSLib","The Cursed"],"gold_per_floor":[119,119,119,119,149,149,183,203,203,215,225,225,145,110,110,215,215,239,85,85,100,115,115,135,163,163,163,163,177,69,69,69,171,171,189,205,205,238,68,68,68],"floor_reached":40,"language":"SPA","playtime":5364,"items_purged":[],"score":506,"play_id":"52fa6af2-6fbb-4233-aab4-71cad654b871","local_time":"20210117112153","is_ascension_mode":false,"campfire_choices":[{"data":"stsjorbsmod:BookOfTongues","floor":6.0,"key":"SMITH"},{"data":"stsjorbsmod:EyeOfTheStorm","floor":12.0,"key":"SMITH"},{"data":"stsjorbsmod:FindFamiliar","floor":15.0,"key":"SMITH"},{"data":"stsjorbsmod:TinyHut","floor":23.0,"key":"SMITH"},{"data":"stsjorbsmod:FindFamiliar","floor":32.0,"key":"SMITH"}],"circlet_count":0,"master_deck":["stsjorbsmod:ForbiddenGrimoire+1","stsjorbsmod:Strike_Wanderer","stsjorbsmod:Strike_Wanderer+1","stsjorbsmod:Strike_Wanderer+1","stsjorbsmod:Strike_Wanderer","stsjorbsmod:Defend_Wanderer+1","stsjorbsmod:Defend_Wanderer","stsjorbsmod:Defend_Wanderer","stsjorbsmod:Defend_Wanderer+1","stsjorbsmod:EyeOfTheStorm+1","stsjorbsmod:TinyHut+1","stsjorbsmod:BookOfTongues+1","stsjorbsmod:ColorSpray","stsjorbsmod:Message+1","stsjorbsmod:BlackTentacles","stsjorbsmod:ColorSpray","stsjorbsmod:FindFamiliar+1","stsjorbsmod:IvoryTower+1","stsjorbsmod:Hibernate+1","stsjorbsmod:Inferno+1","stsjorbsmod:HedgeWizard+1","stsjorbsmod:BookOfTongues","stsjorbsmod:FracturedMind+1","stsjorbsmod:FindFamiliar+1","stsjorbsmod:Stalwart+1","stsjorbsmod:Aid+1","stsjorbsmod:Determination+1","CurseOfTheBell","stsjorbsmod:DeathThroes+1","stsjorbsmod:Mending+1","stsjorbsmod:FracturedMind","Metamorphosis+1"],"relics":["stsjorbsmod:GrimoireRelic","Toxic Egg 2","Question Card","bronze:MakeshiftBattery","Strange Spoon","Regal Pillow","Eternal Feather","Calling Bell","Lantern","Meat on the Bone","FossilizedHelix","Art of War"],"acts_visited":["Exordium","TheCity","TheBeyond"],"potions_floor_usage":[],"damage_taken":[{"damage":3.0,"enemies":"Small Slimes","floor":1.0,"turns":4.0},{"damage":3.0,"enemies":"Jaw Worm","floor":5.0,"turns":5.0},{"damage":44.0,"enemies":"Gremlin Nob","floor":7.0,"turns":6.0},{"damage":0.0,"enemies":"Cultist","floor":8.0,"turns":3.0},{"damage":0.0,"enemies":"Exordium Thugs","floor":10.0,"turns":3.0},{"damage":0.0,"enemies":"Large Slime","floor":11.0,"turns":5.0},{"damage":0.0,"enemies":"Slime Boss","floor":16.0,"turns":6.0},{"damage":0.0,"enemies":"Spheric Guardian","floor":18.0,"turns":4.0},{"damage":24.0,"enemies":"Chosen","floor":21.0,"turns":7.0},{"damage":18.0,"enemies":"Sentry and Sphere","floor":22.0,"turns":4.0},{"damage":0.0,"enemies":"3 Cultists","floor":24.0,"turns":5.0},{"damage":0.0,"enemies":"Slavers","floor":25.0,"turns":6.0},{"damage":0.0,"enemies":"Snecko","floor":29.0,"turns":6.0},{"damage":37.0,"enemies":"Champ","floor":33.0,"turns":10.0},{"damage":30,"enemies":"Orb Walker","floor":35,"turns":7},{"damage":18,"enemies":"3 Darklings","floor":36,"turns":7},{"damage":38,"enemies":"Sphere and 2 Shapes","floor":38,"turns":7},{"damage":41,"enemies":"Giant Head","floor":40,"turns":7}],"seed_played":"-8798041044624195942","potions_obtained":[{"floor":1.0,"key":"hexamod:SoulburnPotion"},{"floor":8.0,"key":"Fire Potion"},{"floor":11.0,"key":"AttackPotion"},{"floor":16.0,"key":"Strength Potion"},{"floor":22.0,"key":"SneckoOil"},{"floor":24.0,"key":"ColorlessPotion"},{"floor":28.0,"key":"Slimebound:ThreeZeroPotion"},{"floor":28.0,"key":"BlessingOfTheForge"}],"is_trial":false,"path_per_floor":["M","?","$","?","M","R","E","M","T","M","M","R","$","?","R","B",null,"M","$","?","M","M","R","M","E","T","?","?","M","$","?","R","B",null,"M","M","?","M","$","E"],"character_chosen":"WANDERER","items_purchased":["stsjorbsmod:FindFamiliar","Strange Spoon","stsjorbsmod:Stalwart+1","stsjorbsmod:Aid+1","Metamorphosis+1"],"campfire_rested":0,"item_purchase_floors":[13,19,30,30,39],"current_hp_per_floor":[72,57,57,57,57,57,15,16,16,16,22,22,22,41,41,45,78,78,78,63,44,30,30,34,39,39,39,39,45,45,45,60,23,83,59,58,58,40,40,0,0],"gold":68,"neow_bonus":"TEN_PERCENT_HP_BONUS","is_daily":false,"chose_seed":false,"campfire_upgraded":5,"win_rate":0.0,"timestamp":1610896913,"path_taken":["M","?","$","?","M","R","E","M","T","?","M","R","?","?","R","BOSS","M","$","?","M","M","R","M","E","T","?","?","?","?","?","R","BOSS","M","M","?","?","?","E"],"items_purchased_type":["Card","Relic","Card","Card","Card"],"build_version":"2020-11-30","purchased_purges":0,"victory":false,"max_hp_per_floor":[74,74,74,74,74,74,74,74,74,74,78,78,78,78,78,78,78,78,78,83,83,83,83,83,83,83,83,83,83,83,83,83,83,83,83,83,83,83,83,83,83],"card_choices":[{"not_picked":["stsjorbsmod:BurningFlask","stsjorbsmod:Firebolt"],"picked":"stsjorbsmod:TinyHut","floor":1.0},{"not_picked":["stsjorbsmod:FranticSearch","stsjorbsmod:Prestidigitation"],"picked":"stsjorbsmod:BookOfTongues","floor":5.0},{"not_picked":["stsjorbsmod:Fear+1","stsjorbsmod:WeightOfMemory"],"picked":"stsjorbsmod:ColorSpray","floor":7.0},{"not_picked":["stsjorbsmod:ChatteringStrike","stsjorbsmod:ArcaneWeapon"],"picked":"stsjorbsmod:Message+1","floor":8.0},{"not_picked":["stsjorbsmod:Firebolt","stsjorbsmod:MistyStep+1","stsjorbsmod:Mindworm"],"picked":"stsjorbsmod:BlackTentacles","floor":10.0},{"not_picked":["stsjorbsmod:FlameWard+1","stsjorbsmod:MagicMissiles","stsjorbsmod:Mindworm"],"picked":"stsjorbsmod:ColorSpray","floor":11.0},{"not_picked":["stsjorbsmod:CorrodingBarrier+1","stsjorbsmod:Rediscovery","stsjorbsmod:GatherPower+1"],"picked":"stsjorbsmod:IvoryTower+1","floor":16.0},{"not_picked":["stsjorbsmod:BlackTentacles","stsjorbsmod:RayOfFrost","stsjorbsmod:DisguiseSelf+1"],"picked":"stsjorbsmod:Hibernate+1","floor":18.0},{"not_picked":["stsjorbsmod:FlameWard+1","stsjorbsmod:UnseenServant+1","stsjorbsmod:ChatteringStrike"],"picked":"stsjorbsmod:Inferno+1","floor":21.0},{"not_picked":["stsjorbsmod:Introspection+1","stsjorbsmod:ColorSpray","stsjorbsmod:TrueStrike"],"picked":"stsjorbsmod:HedgeWizard+1","floor":22.0},{"not_picked":["stsjorbsmod:MistyStep+1","stsjorbsmod:Counterspell+1","stsjorbsmod:Prestidigitation"],"picked":"stsjorbsmod:BookOfTongues","floor":24.0},{"not_picked":["stsjorbsmod:RayOfFrost","stsjorbsmod:DisguiseSelf+1","stsjorbsmod:Fireball"],"picked":"stsjorbsmod:FracturedMind","floor":25.0},{"not_picked":["stsjorbsmod:Materialize+1","stsjorbsmod:Prepare+1","stsjorbsmod:FracturedMind"],"picked":"stsjorbsmod:FindFamiliar","floor":29.0},{"not_picked":["stsjorbsmod:GatherPower+1","stsjorbsmod:ThirstingSword","stsjorbsmod:Banish+1"],"picked":"stsjorbsmod:Determination+1","floor":33.0},{"not_picked":["stsjorbsmod:Aid+1","stsjorbsmod:FracturedMind","stsjorbsmod:ChainLightning"],"picked":"stsjorbsmod:DeathThroes","floor":35},{"not_picked":["stsjorbsmod:BurningFlask+1","stsjorbsmod:RayOfFrost","stsjorbsmod:WeightOfMemory"],"picked":"stsjorbsmod:Mending+1","floor":36},{"not_picked":["stsjorbsmod:Index+1","stsjorbsmod:Materialize+1","stsjorbsmod:FlameWard+1"],"picked":"stsjorbsmod:FracturedMind","floor":38}],"player_experience":131872,"relics_obtained":[{"floor":7.0,"key":"Toxic Egg 2"},{"floor":9.0,"key":"Question Card"},{"floor":25.0,"key":"Regal Pillow"},{"floor":26.0,"key":"Eternal Feather"},{"floor":34,"key":"Lantern"},{"floor":34,"key":"Meat on the Bone"},{"floor":34,"key":"FossilizedHelix"}],"event_choices":[{"damage_healed":0.0,"max_hp_gain":0.0,"max_hp_loss":0.0,"gold_gain":0.0,"event_name":"Shining Light","player_choice":"Entered Light","floor":2.0,"gold_loss":0.0,"damage_taken":15.0,"cards_upgraded":["stsjorbsmod:Strike_Wanderer","stsjorbsmod:Defend_Wanderer"]},{"cards_removed":["stsjorbsmod:FreshAdventure"],"damage_healed":0.0,"max_hp_gain":0.0,"max_hp_loss":0.0,"gold_gain":0.0,"event_name":"Bonfire Elementals","player_choice":"Offered Basic","floor":4.0,"gold_loss":0.0,"damage_taken":0.0},{"damage_healed":19.0,"max_hp_gain":0.0,"max_hp_loss":0.0,"gold_gain":0.0,"event_name":"The Cleric","player_choice":"Healed","floor":14.0,"gold_loss":35.0,"damage_taken":0.0},{"damage_healed":0.0,"max_hp_gain":5.0,"max_hp_loss":0.0,"gold_gain":0.0,"event_name":"Forgotten Altar","player_choice":"Shed Blood","floor":20.0,"gold_loss":0.0,"damage_taken":20.0},{"damage_healed":0.0,"max_hp_gain":0.0,"max_hp_loss":0.0,"gold_gain":0.0,"event_name":"Lab","player_choice":"Got Potions","floor":28.0,"gold_loss":0.0,"damage_taken":0.0},{"damage_healed":0.0,"max_hp_gain":0.0,"max_hp_loss":0.0,"gold_gain":0.0,"event_name":"Ghosts","player_choice":"Ignored","floor":31.0,"gold_loss":0.0,"damage_taken":0.0},{"damage_healed":0,"gold_gain":0,"player_choice":"Gave Potion","damage_taken":0,"relics_obtained":["Art of War"],"max_hp_gain":0,"max_hp_loss":0,"event_name":"WeMeetAgain","floor":37,"gold_loss":0}],"is_beta":false,"boss_relics":[{"not_picked":["SacredBark","Fusion Hammer"],"picked":"bronze:MakeshiftBattery"},{"not_picked":["Empty Cage","Pandora\u0027s Box"],"picked":"Calling Bell"}],"items_purged_floors":[],"is_endless":false,"potions_floor_spawned":[1,8,11,16,22,24,25,29,33,36],"killed_by":"Giant Head","ascension_level":0}}