{"host":"eumjbs7gc1i67a9z","time":1610898173,"event":{"mods":["Aspiration","BaseMod","Colored Powertips","Hubris","Infinite Spire","Minty Spire (QoL Compilation)","Quick Restart","Replay The Spire","StSLib","The Cursed","The Disciple","The Jungle","The Runesmith"],"gold_per_floor":[115,115,129,147,158,186,186,186,186,206,206,206,206,206,26,74,74,173,173,186,186,336,349,349,349],"floor_reached":24,"language":"ENG","playtime":1239,"items_purged":["Pain"],"score":194,"play_id":"41391cea-fc67-4161-a7de-78daad72f1f5","local_time":"20210117164253","is_ascension_mode":false,"campfire_choices":[{"floor":7,"key":"REST"},{"data":"Accruing","floor":14,"key":"SMITH"},{"data":"Accruing","floor":17,"key":"SMITH"}],"circlet_count":0,"master_deck":["Strike_Br","Strike_Br","Strike_Br","Strike_Br","Defend_Br","Defend_Br","Defend_Br","Defend_Br","SecondHand","PatternShift","PrimeTime","BlueShift","FormalWear","Accruing+1","Accruing+1","SlimeSpray","WatchCommand","FormalWear","Fragmentalize","Allegro+1","ResonantCall+1"],"relics":["Chronometer","NeowsBlessing","WarpedTongs","infinitespire:BottledMercury","hubris:MobiusCoin","Pet Ghost","hubris:HollowSoul"],"acts_visited":["Exordium","Exordium"],"potions_floor_usage":[6,6,10],"damage_taken":[{"damage":0,"enemies":"Jaw Worm","floor":1,"turns":1},{"damage":1,"enemies":"infinitespire:Voidling","floor":3,"turns":1},{"damage":2,"enemies":"Small Slimes","floor":4,"turns":2},{"damage":17,"enemies":"Blue Slaver","floor":5,"turns":4},{"damage":8,"enemies":"Gremlin Nob","floor":6,"turns":3},{"damage":28,"enemies":"Exordium Wildlife","floor":10,"turns":5},{"damage":5,"enemies":"Slime Boss","floor":18,"turns":14},{"damage":29,"enemies":"Shell Parasite","floor":20,"turns":5},{"damage":13,"enemies":"theJungle:MUSHROOMGANG","floor":23,"turns":4},{"damage":15,"enemies":"theJungle:Lyon","floor":24,"turns":2}],"seed_played":"-1042123255874288781","potions_obtained":[{"floor":1,"key":"DistilledChaos"},{"floor":3,"key":"DistilledChaos"},{"floor":4,"key":"Adrenaline Potion"}],"is_trial":false,"path_per_floor":["M","?","M","M","M","E","R","PTL","PTL","M","T","?","?","R","$","T","R","B",null,"M","?","?","M","M"],"character_chosen":"CHRONO_CLASS","items_purchased":["WatchCommand","FormalWear"],"campfire_rested":1,"item_purchase_floors":[15,15],"current_hp_per_floor":[65,65,64,62,45,37,56,56,56,28,28,49,52,52,52,52,52,47,68,39,31,31,18,0,0],"gold":349,"neow_bonus":"THREE_ENEMY_KILL","is_daily":false,"chose_seed":false,"campfire_upgraded":2,"win_rate":0.0,"timestamp":1610898173,"path_taken":["M","?","M","?","M","E","R","PTL","PTL","M","T","?","?","R","$","?","R","BOSS","M","?","?","?","?"],"items_purchased_type":["Card","Card"],"build_version":"2020-12-22","purchased_purges":1,"victory":false,"max_hp_per_floor":[65,65,65,65,65,65,65,65,65,65,65,65,68,68,68,68,68,68,68,68,68,68,68,68,68],"card_choices":[{"not_picked":["Tempo","DaylightSavings"],"picked":"PrimeTime","floor":1},{"not_picked":["Cuckoo","LockedTornado"],"picked":"BlueShift","floor":3},{"not_picked":["WindUp","Parity"],"picked":"FormalWear","floor":4},{"not_picked":["Engulf","ReapSow"],"picked":"Accruing","floor":5},{"not_picked":["Tempo","Echoward"],"picked":"Accruing","floor":6},{"not_picked":["LockedThread","BlueShift"],"picked":"SlimeSpray","floor":10},{"not_picked":["LockedBell","LockedFlame"],"picked":"Fragmentalize","floor":18},{"not_picked":["LockedUrn","Echoward"],"picked":"Tempo+1","floor":20},{"not_picked":["LockedScales","WatchCommand"],"picked":"ResonantCall+1","floor":23}],"player_experience":296632,"relics_obtained":[{"floor":6,"key":"infinitespire:BottledMercury"},{"floor":11,"key":"hubris:MobiusCoin"},{"floor":16,"key":"Pet Ghost"}],"event_choices":[{"damage_healed":0,"gold_gain":0,"player_choice":"Rummage","damage_taken":0,"relics_obtained":["WarpedTongs"],"max_hp_gain":0,"max_hp_loss":0,"event_name":"Accursed Blacksmith","floor":2,"gold_loss":0,"cards_obtained":["Pain"]},{"damage_healed":21,"gold_gain":0,"player_choice":"Banana","damage_taken":0,"max_hp_gain":0,"max_hp_loss":0,"event_name":"Big Fish","floor":12,"gold_loss":0}],"is_beta":false,"boss_relics":[{"not_picked":["hubris:CrackedHourglass","Replay:Grab Bag"],"picked":"hubris:HollowSoul"}],"items_purged_floors":[15],"is_endless":false,"potions_floor_spawned":[1,3,4],"killed_by":"theJungle:Lyon","ascension_level":0}}