{"host":"krqozg1tp0zpuvz3","time":1610894225,"event":{"mods":["AchievementEnabler","BaseMod","Better Match","Better Note","Better Sensory Stone","Better Third Choice","BetterRewards","Colored Map","DeckTracker","Keyboard Shortcuts","Minty Spire (QoL Compilation)","Permanent Neow","Relic Stats","Shop Mod","StSLib","SuperFastMode"],"gold_per_floor":[119,136,136,36,48,48,73,23,23,23,23,40,55,72,72,176,176,187,199,218,218,235,560,575,575,575,575,591,611,611,628,628,724,774,793,302,319,319,330,330,349,349,375,386,386,386,403,431,431,431],"floor_reached":51,"language":"KOR","playtime":1950,"items_purged":["Strike_P","Strike_P","Defend_P"],"score":1245,"play_id":"8bbe669b-ace8-4de6-ac1e-cf36669d0a9b","local_time":"20210117233705","is_ascension_mode":true,"campfire_choices":[{"data":"Eruption","floor":6.0,"key":"SMITH"},{"floor":11.0,"key":"DIG"},{"floor":15.0,"key":"DIG"},{"data":"Adaptation","floor":25.0,"key":"SMITH"},{"data":"Ragnarok","floor":27.0,"key":"SMITH"},{"floor":30.0,"key":"REST"},{"floor":32.0,"key":"REST"},{"floor":40,"key":"REST"},{"data":"Scrawl","floor":42,"key":"SMITH"},{"data":"ClearTheMind","floor":46,"key":"SMITH"},{"data":"EmptyMind","floor":49,"key":"SMITH"}],"circlet_count":0,"master_deck":["AscendersBane","Strike_P","Strike_P+1","Defend_P","Defend_P","Eruption+1","Vigilance","MentalFortress+1","Tantrum","EmptyMind+1","FlurryOfBlows","Ragnarok+1","ClearTheMind+1","ClearTheMind","Adaptation+1","Halt","Scrawl+1","FlurryOfBlows+1"],"relics":["PureWater","Turnip","PreservedInsect","Lee\u0027s Waffle","Akabeko","Mummified Hand","Vajra","Shovel","Peace Pipe","Bag of Marbles","Runic Pyramid","Old Coin","Darkstone Periapt","Tiny House","Regal Pillow","Sling","Omamori","Toy Ornithopter"],"acts_visited":["Exordium","TheCity","TheBeyond"],"potions_floor_usage":[33,39,50],"damage_taken":[{"damage":12.0,"enemies":"Jaw Worm","floor":1.0,"turns":3.0},{"damage":0.0,"enemies":"Small Slimes","floor":2.0,"turns":1.0},{"damage":1.0,"enemies":"Cultist","floor":5.0,"turns":5.0},{"damage":0.0,"enemies":"Lagavulin","floor":7.0,"turns":4.0},{"damage":5.0,"enemies":"Blue Slaver","floor":12.0,"turns":2.0},{"damage":0.0,"enemies":"Lots of Slimes","floor":13.0,"turns":1.0},{"damage":0.0,"enemies":"Large Slime","floor":14.0,"turns":3.0},{"damage":55.0,"enemies":"Hexaghost","floor":16.0,"turns":8.0},{"damage":0.0,"enemies":"Shell Parasite","floor":18.0,"turns":1.0},{"damage":0.0,"enemies":"Spheric Guardian","floor":19.0,"turns":1.0},{"damage":11.0,"enemies":"3 Cultists","floor":20.0,"turns":3.0},{"damage":0.0,"enemies":"Centurion and Healer","floor":22.0,"turns":2.0},{"damage":0.0,"enemies":"Slavers","floor":23.0,"turns":1.0},{"damage":13.0,"enemies":"Shelled Parasite and Fungi","floor":24.0,"turns":2.0},{"damage":19.0,"enemies":"Snake Plant","floor":28.0,"turns":2.0},{"damage":11.0,"enemies":"Centurion and Healer","floor":29.0,"turns":2.0},{"damage":0.0,"enemies":"Snecko","floor":31.0,"turns":1.0},{"damage":37,"enemies":"Automaton","floor":33,"turns":7},{"damage":24,"enemies":"3 Shapes","floor":35,"turns":1},{"damage":0,"enemies":"Orb Walker","floor":37,"turns":1},{"damage":15,"enemies":"4 Shapes","floor":39,"turns":5},{"damage":5,"enemies":"Spire Growth","floor":41,"turns":3},{"damage":0,"enemies":"Transient","floor":44,"turns":5},{"damage":8,"enemies":"Sphere and 2 Shapes","floor":47,"turns":2},{"damage":0,"enemies":"Giant Head","floor":48,"turns":4},{"damage":53,"enemies":"Donu and Deca","floor":50,"turns":7}],"seed_played":"-8623570219164592648","potions_obtained":[{"floor":2.0,"key":"BlessingOfTheForge"},{"floor":5.0,"key":"Explosive Potion"},{"floor":12.0,"key":"SneckoOil"},{"floor":13.0,"key":"BlessingOfTheForge"},{"floor":19.0,"key":"LiquidMemories"},{"floor":20.0,"key":"Dexterity Potion"},{"floor":28.0,"key":"EntropicBrew"},{"floor":29.0,"key":"AttackPotion"},{"floor":34,"key":"BottledMiracle"}],"is_trial":false,"path_per_floor":["M","M","?","$","M","R","E","?","T","?","R","M","M","M","R","B",null,"M","M","M","?","M","E","M","R","T","R","M","M","R","M","R","B",null,"M","$","M","?","M","R","M","R","T","M","?","R","M","E","R","B",null],"character_chosen":"WATCHER","items_purchased":["MentalFortress","Tantrum","PreservedInsect","Lee\u0027s Waffle","Akabeko","Regal Pillow","Sling","Regen Potion"],"campfire_rested":3,"item_purchase_floors":[0,0,0,0,0,36,36,36],"current_hp_per_floor":[67,67,72,72,71,71,71,71,71,71,71,66,66,66,66,11,66,66,66,55,49,49,49,36,36,36,36,17,11,36,36,61,24,74,50,50,50,50,49,89,84,84,84,84,84,84,76,76,76,28],"gold":431,"neow_bonus":"","is_daily":false,"chose_seed":false,"campfire_upgraded":6,"win_rate":0.0,"timestamp":1610894225,"path_taken":["M","M","?","$","M","R","E","?","T","?","R","M","?","M","R","BOSS","M","M","M","?","M","E","M","R","T","R","?","M","R","M","R","BOSS","M","$","M","?","M","R","M","R","T","?","?","R","M","E","R","BOSS"],"items_purchased_type":["Card","Card","Relic","Relic","Relic","Relic","Relic","Potion"],"build_version":"2020-12-22","purchased_purges":3,"victory":true,"max_hp_per_floor":[79,79,84,84,84,84,84,84,84,84,84,84,84,84,84,84,84,84,84,84,84,84,84,84,84,84,84,84,84,84,84,84,84,89,89,89,89,89,89,89,89,89,89,89,89,89,89,89,89,89],"relic_stats":{"Peace Pipe":0,"Darkstone Periapt":0,"Lee\u0027s Waffle":46,"Regal Pillow":14,"Shovel":2,"counters":[26,77],"Mummified Hand":[27],"Turnip":[0],"PreservedInsect":200,"obtain_stats":[{"Darkstone Periapt":26,"Girya":0,"Lee\u0027s Waffle":0,"Regal Pillow":36,"Tiny House":34,"Vajra":9,"PreservedInsect":0,"Omamori":43,"Sling":36,"Akabeko":0,"Old Coin":23,"Peace Pipe":11,"Shovel":10,"Mummified Hand":7,"Turnip":0,"Bag of Marbles":15,"PureWater":0,"FossilizedHelix":0,"Toy Ornithopter":48,"Runic Pyramid":17},{"Darkstone Periapt":14,"Girya":0,"Lee\u0027s Waffle":0,"Regal Pillow":19,"Tiny House":18,"Vajra":4,"PreservedInsect":0,"Omamori":22,"Sling":19,"Akabeko":0,"Old Coin":13,"Peace Pipe":4,"Shovel":4,"Mummified Hand":4,"Turnip":0,"Bag of Marbles":7,"PureWater":0,"FossilizedHelix":0,"Toy Ornithopter":25,"Runic Pyramid":8},{"Darkstone Periapt":37,"Girya":0,"Lee\u0027s Waffle":0,"Regal Pillow":50,"Tiny House":49,"Vajra":13,"PreservedInsect":0,"Omamori":59,"Sling":50,"Akabeko":0,"Old Coin":35,"Peace Pipe":13,"Shovel":13,"Mummified Hand":13,"Turnip":0,"Bag of Marbles":19,"PureWater":0,"FossilizedHelix":0,"Toy Ornithopter":70,"Runic Pyramid":27}],"Toy Ornithopter":5},"card_choices":[{"not_picked":["WreathOfFlame","JustLucky","ThirdEye"],"picked":"SKIP","floor":1.0},{"not_picked":["BattleHymn","PathToVictory"],"picked":"EmptyMind","floor":2.0},{"not_picked":["BowlingBash","Weave"],"picked":"FlurryOfBlows","floor":5.0},{"not_picked":["SignatureMove","Nirvana","EmptyFist"],"picked":"SKIP","floor":7.0},{"not_picked":["ReachHeaven","EmptyBody","BowlingBash"],"picked":"SKIP","floor":12.0},{"not_picked":["Vault","Evaluate","DeceiveReality"],"picked":"SKIP","floor":13.0},{"not_picked":["Consecrate","JustLucky","PathToVictory"],"picked":"SKIP","floor":14.0},{"not_picked":["Brilliance","Vault"],"picked":"Ragnarok","floor":16.0},{"not_picked":["CutThroughFate","WindmillStrike"],"picked":"ClearTheMind","floor":18.0},{"not_picked":["Collect","Vengeance"],"picked":"ClearTheMind","floor":19.0},{"not_picked":["ClearTheMind","Meditate","SashWhip"],"picked":"SKIP","floor":20.0},{"not_picked":["CutThroughFate","FlyingSleeves","Weave"],"picked":"SKIP","floor":22.0},{"not_picked":["Prostrate","FlyingSleeves"],"picked":"Adaptation","floor":23.0},{"not_picked":["Prostrate+1","ThirdEye"],"picked":"Halt","floor":24.0},{"not_picked":["CarveReality+1","JustLucky+1","FollowUp"],"picked":"SKIP","floor":28.0},{"not_picked":["ClearTheMind","FlyingSleeves+1","EmptyBody"],"picked":"SKIP","floor":29.0},{"not_picked":["Nirvana","CutThroughFate","FollowUp+1"],"picked":"SKIP","floor":31.0},{"not_picked":["LessonLearned","SpiritShield"],"picked":"Scrawl","floor":33},{"not_picked":["Tantrum","DeceiveReality"],"picked":"FlurryOfBlows+1","floor":34},{"not_picked":["CutThroughFate+1","BowlingBash+1","Protect"],"picked":"SKIP","floor":35},{"not_picked":["JustLucky","Consecrate+1","PathToVictory"],"picked":"SKIP","floor":37},{"not_picked":["Wireheading","BowlingBash","FlurryOfBlows+1"],"picked":"SKIP","floor":39},{"not_picked":["Weave+1","EmptyFist","CrushJoints+1"],"picked":"SKIP","floor":41},{"not_picked":["WindmillStrike","ThirdEye","LikeWater"],"picked":"SKIP","floor":44},{"not_picked":["Consecrate+1","Crescendo","Halt"],"picked":"SKIP","floor":47},{"not_picked":["PathToVictory+1","Weave+1","ThirdEye+1"],"picked":"SKIP","floor":48}],"player_experience":333046,"relics_obtained":[{"floor":7.0,"key":"Mummified Hand"},{"floor":9.0,"key":"Vajra"},{"floor":10.0,"key":"Shovel"},{"floor":11.0,"key":"Peace Pipe"},{"floor":15.0,"key":"Bag of Marbles"},{"floor":23.0,"key":"Old Coin"},{"floor":26.0,"key":"Darkstone Periapt"},{"floor":43,"key":"Omamori"},{"floor":48,"key":"Toy Ornithopter"}],"event_choices":[{"damage_healed":0.0,"max_hp_gain":5.0,"max_hp_loss":0.0,"gold_gain":0.0,"event_name":"Big Fish","player_choice":"Donut","floor":3.0,"gold_loss":0.0,"damage_taken":0.0},{"cards_removed":["Defend_P"],"damage_healed":0.0,"max_hp_gain":0.0,"max_hp_loss":0.0,"gold_gain":0.0,"event_name":"The Cleric","player_choice":"Card Removal","floor":8.0,"gold_loss":50.0,"damage_taken":0.0},{"damage_healed":0.0,"max_hp_gain":0.0,"max_hp_loss":0.0,"gold_gain":0.0,"event_name":"Wheel of Change","player_choice":"Relic","floor":10.0,"gold_loss":0.0,"damage_taken":0.0},{"damage_healed":0.0,"max_hp_gain":0.0,"max_hp_loss":0.0,"gold_gain":0.0,"event_name":"Knowing Skull","player_choice":"","floor":21.0,"potions_obtained":[],"gold_loss":0.0,"damage_taken":6.0,"cards_obtained":[]},{"damage_healed":0,"gold_gain":0,"player_choice":"Forge","damage_taken":0,"max_hp_gain":0,"max_hp_loss":0,"event_name":"Accursed Blacksmith","floor":38,"gold_loss":0,"cards_upgraded":["MentalFortress"]},{"damage_healed":0,"gold_gain":3,"player_choice":"1","damage_taken":0,"max_hp_gain":0,"max_hp_loss":0,"event_name":"betterStone:BetterStone","floor":45,"gold_loss":0}],"is_beta":false,"boss_relics":[{"not_picked":["Empty Cage","Ectoplasm"],"picked":"Runic Pyramid"},{"not_picked":["Velvet Choker","Coffee Dripper"],"picked":"Tiny House"}],"items_purged_floors":[0,4,36],"is_endless":false,"potions_floor_spawned":[2,5,12,13,19,20,22,28,29,37],"ascension_level":11}}