{"host":"thin","time":1610873344,"event":{"mods":["BaseMod","Colored Powertips","Googly Eyes","Minty Spire (QoL Compilation)","Replay The Spire","Shop Mod","StSLib","The Bug Knight"],"gold_per_floor":[116,116,136,151,151,177,177,209,232,265,276,276,295,295,295,400,400,415,430,195,213,213,213,213,213,239,239,257,285,302,322,322,424,424,442,456,257,257,51,78,78,104,104,116,37,64,76,94,94,94,94,94,45,70,70,70],"floor_reached":55,"language":"ZHS","playtime":2394,"items_purged":[],"score":1106,"play_id":"1eebaf6c-a665-4339-83b4-dcc9de499913","local_time":"20210117164904","is_ascension_mode":true,"campfire_choices":[{"data":"HollowMod:PogoStrike","floor":7.0,"key":"SMITH"},{"data":"1","floor":12.0,"key":"LIFT"},{"data":"2","floor":15.0,"key":"LIFT"},{"data":"3","floor":23.0,"key":"LIFT"},{"data":"HollowMod:ZotesMagnificence","floor":25.0,"key":"SMITH"},{"data":"HollowMod:AwokenDreamNail","floor":25.0,"key":"SMITH"},{"data":"HollowMod:MantisMark","floor":27.0,"key":"SMITH"},{"data":"Replay:BasicMightCard","floor":27.0,"key":"SMITH"},{"data":"HollowMod:HerrahsAnger","floor":32.0,"key":"SMITH"},{"data":"HollowMod:QuirrelsAssistance","floor":32.0,"key":"SMITH"},{"data":"HollowMod:Weaversong","floor":41.0,"key":"SMITH"},{"data":"HollowMod:HornetsHelp","floor":41.0,"key":"SMITH"},{"floor":49.0,"key":"RECALL"},{"data":"HollowMod:BaldurShell","floor":52.0,"key":"SMITH"},{"data":"HollowMod:Hiveblood","floor":52.0,"key":"SMITH"}],"circlet_count":0,"master_deck":["HollowMod:NailStrikeStart","HollowMod:NailStrikeStart","HollowMod:NailStrikeStart","HollowMod:QuickDashStart","HollowMod:FocusHealStart","HollowMod:PogoStrike+1","HollowMod:HuntersJournal","HollowMod:PerfectDash","HollowMod:InfectedCysts","HollowMod:TaintedHusks","HollowMod:AwokenDreamNail+1","HollowMod:ZotesMagnificence+1","HollowMod:MantisMark+1","Replay:BasicMightCard+1","HollowMod:BaldurShell+1","HollowMod:QuirrelsAssistance+1","HollowMod:PerfectDash","HollowMod:HerrahsAnger+1","HollowMod:CoiledNail+1","HollowMod:Weaversong+1","HollowMod:HeavyBlow+1","HollowMod:SharpenedNail+1","HollowMod:DoubleDash+1","HollowMod:DesolateDive","HollowMod:HuntersJournal+1","HollowMod:CornifersMapStart","HollowMod:HornetsHelp+1","HollowMod:SiblingsSouls","HollowMod:CornifersMapStart+1","HollowMod:Hiveblood+1","HollowMod:DreamGate+1","HollowMod:GrimmsGift","HollowMod:GrimmsGift+1","HollowMod:NewLittleFool+1","HollowMod:CloakDash+1"],"relics":["HollowMod:KingsSoulRelic","PreservedInsect","HollowMod:KingsBrand","Orichalcum","Divine Protection","Girya","HollowMod:PaleOreRelic","Replay:Arrowhead","Replay:Baseball","Replay:WaspNest","Astrolabe","ClockworkSouvenir","HollowMod:LumaflyLanternRelic","Gremlin Food","Chameleon Ring","Bag of Marbles","Replay:Rubber Ducky","Nunchaku"],"acts_visited":["Exordium","TheCity","TheBeyond","TheEnding"],"potions_floor_usage":[55],"damage_taken":[{"damage":2.0,"enemies":"Jaw Worm","floor":1.0,"turns":6.0},{"damage":1.0,"enemies":"Cultist","floor":3.0,"turns":3.0},{"damage":7.0,"enemies":"Small Slimes","floor":4.0,"turns":4.0},{"damage":10.0,"enemies":"Gremlin Nob","floor":6.0,"turns":3.0},{"damage":1.0,"enemies":"3 Sentries","floor":8.0,"turns":10.0},{"damage":6.0,"enemies":"Replay:BlueRogue","floor":10.0,"turns":4.0},{"damage":6.0,"enemies":"HollowMod:HuskWarrior","floor":11.0,"turns":6.0},{"damage":1.0,"enemies":"Looter","floor":13.0,"turns":2.0},{"damage":4.0,"enemies":"Slime Boss","floor":16.0,"turns":11.0},{"damage":15.0,"enemies":"HollowMod:HuskSentry","floor":18.0,"turns":3.0},{"damage":0.0,"enemies":"Chosen","floor":19.0,"turns":4.0},{"damage":2.0,"enemies":"Snake Plant","floor":21.0,"turns":4.0},{"damage":1.0,"enemies":"Centurion and Healer","floor":28.0,"turns":4.0},{"damage":7.0,"enemies":"Gremlin Leader","floor":29.0,"turns":4.0},{"damage":0.0,"enemies":"Cultist and Chosen","floor":30.0,"turns":4.0},{"damage":10.0,"enemies":"Snake Plant","floor":31.0,"turns":3.0},{"damage":57.0,"enemies":"Collector","floor":33.0,"turns":7.0},{"damage":13.0,"enemies":"3 Darklings","floor":35.0,"turns":5.0},{"damage":0.0,"enemies":"3 Shapes","floor":36.0,"turns":4.0},{"damage":15.0,"enemies":"R_Hoarder","floor":40.0,"turns":8.0},{"damage":0.0,"enemies":"HollowMod:StalkingDevout","floor":42.0,"turns":3.0},{"damage":0.0,"enemies":"Spire Growth","floor":44.0,"turns":3.0},{"damage":35.0,"enemies":"Nemesis","floor":46.0,"turns":7.0},{"damage":38.0,"enemies":"3 Darklings","floor":47.0,"turns":3.0},{"damage":0.0,"enemies":"Sphere and 2 Shapes","floor":48.0,"turns":2.0},{"damage":18.0,"enemies":"HollowMod:Radiance","floor":50.0,"turns":11.0},{"damage":11.0,"enemies":"Shield and Spear","floor":54.0,"turns":5.0},{"damage":121,"enemies":"The Heart","floor":55,"turns":6}],"seed_played":"-1681538414372253542","potions_obtained":[{"floor":3.0,"key":"SkillPotion"},{"floor":6.0,"key":"SteroidPotion"},{"floor":13.0,"key":"LiquidBronze"},{"floor":16.0,"key":"Toxic Potion"},{"floor":19.0,"key":"Languid Potion"},{"floor":29.0,"key":"Cursed Concoction"},{"floor":31.0,"key":"Block Potion"},{"floor":33.0,"key":"EssenceOfSteel"},{"floor":35.0,"key":"Energy Potion"},{"floor":40.0,"key":"Toxic Potion"},{"floor":44.0,"key":"Weak Potion"}],"is_trial":false,"path_per_floor":["M","?","M","M","?","E","R","E","T","E","M","R","M","?","R","B",null,"M","M","$","M","?","R","?","R","T","R","M","E","M","M","R","B",null,"M","M","$","T","$","E","R","E","T","M","$","E","M","M","R","B",null,"R","$","E","B"],"character_chosen":"THE_BUGKNIGHT","items_purchased":["Replay:Baseball","Replay:BasicMightCard","HollowMod:CornifersMapStart","ClockworkSouvenir","HollowMod:HornetsHelp","HollowMod:SiblingsSouls","HollowMod:GrimmsGift","ColorlessPotion"],"campfire_rested":0,"item_purchase_floors":[20,20,37,37,39,39,45,53],"current_hp_per_floor":[72,69,74,73,73,69,69,75,75,69,75,75,75,75,75,75,75,70,75,75,75,75,75,75,75,75,75,75,74,74,70,70,19,61,58,64,64,64,64,55,55,61,61,67,67,49,26,26,26,35,65,65,65,73,0,0],"gold":70,"neow_bonus":"RANDOM_COMMON_RELIC","is_daily":false,"chose_seed":false,"campfire_upgraded":11,"win_rate":0.0,"timestamp":1610873344,"path_taken":["M","?","M","M","?","E","R","E","T","E","?","R","M","?","R","BOSS","M","?","$","M","?","R","?","R","T","R","M","E","M","M","R","BOSS","M","?","$","?","?","E","R","E","T","?","$","E","M","M","R","BOSS","R","$","E","BOSS"],"items_purchased_type":["Relic","Card","Card","Relic","Card","Card","Card","Potion"],"build_version":"2020-12-18","purchased_purges":0,"victory":false,"max_hp_per_floor":[75,75,75,75,75,75,75,75,75,75,75,75,75,75,75,75,75,75,75,75,75,75,75,75,75,75,75,75,75,75,75,75,75,75,75,75,75,75,75,75,75,75,75,75,75,75,75,75,75,75,75,75,75,75,75,75],"card_choices":[{"not_picked":["HollowMod:InfectedAttack","HollowMod:MonomonsArchive","HollowMod:SharpenedNail"],"picked":"SKIP","floor":1.0},{"not_picked":["HollowMod:LifebloodCocoon","HollowMod:MawleksShell"],"picked":"HollowMod:HuntersJournal","floor":3.0},{"not_picked":["HollowMod:InfectionAssault","HollowMod:ShapeofUnn"],"picked":"HollowMod:NewGlowingWomb","floor":4.0},{"not_picked":["HollowMod:ChannelNail","HollowMod:GreatSlash"],"picked":"HollowMod:MonarchWings","floor":6.0},{"not_picked":["HollowMod:CornifersMapStart","HollowMod:RecoilStrike"],"picked":"HollowMod:PerfectDash","floor":8.0},{"not_picked":["HollowMod:InfectedAttack","HollowMod:Grubsong"],"picked":"HollowMod:InfectedCysts","floor":10.0},{"not_picked":["HollowMod:SoulShaman","HollowMod:SoulStrike"],"picked":"HollowMod:TaintedHusks","floor":11.0},{"not_picked":["HollowMod:DoubleDash","HollowMod:CloakDash"],"picked":"HollowMod:AwokenDreamNail","floor":13.0},{"not_picked":["HollowMod:LordofShades","HollowMod:SoulMaster"],"picked":"HollowMod:ZotesMagnificence","floor":16.0},{"not_picked":["HollowMod:HeavyBlow","HollowMod:ShadowDash+1","HollowMod:Grubsong"],"picked":"SKIP","floor":18.0},{"not_picked":["HollowMod:GoodIntentions","HollowMod:InfectedAttack"],"picked":"HollowMod:MantisMark","floor":19.0},{"not_picked":["HollowMod:DashSlash","HollowMod:DoubleDash"],"picked":"HollowMod:BaldurShell","floor":21.0},{"not_picked":["HollowMod:DashSlash","HollowMod:LifebloodCocoon"],"picked":"HollowMod:QuirrelsAssistance","floor":28.0},{"not_picked":["HollowMod:AbyssShriek","HollowMod:GoodIntentions"],"picked":"HollowMod:PerfectDash","floor":29.0},{"not_picked":["HollowMod:DescendingDark","HollowMod:Grubsong"],"picked":"HollowMod:HerrahsAnger","floor":30.0},{"not_picked":["HollowMod:DescendingDark+1","HollowMod:HowlingWraiths"],"picked":"HollowMod:CoiledNail+1","floor":31.0},{"not_picked":["HollowMod:RadiancesLament","HollowMod:LifebloodCore"],"picked":"HollowMod:Weaversong","floor":33.0},{"not_picked":["HollowMod:DoubleDash+1","HollowMod:PerfectDash+1"],"picked":"HollowMod:DesolateDive","floor":35.0},{"not_picked":["HollowMod:DescendingDark","HollowMod:ShapeofUnn+1"],"picked":"HollowMod:HuntersJournal+1","floor":36.0},{"not_picked":["HollowMod:VengefulVoid+1","HollowMod:InfectedAttack"],"picked":"HollowMod:CornifersMapStart+1","floor":40.0},{"not_picked":["HollowMod:BaldurShell","HollowMod:CloakDash"],"picked":"HollowMod:Hiveblood","floor":42.0},{"not_picked":["HollowMod:DungDefenderAura","HollowMod:WraithStrike"],"picked":"HollowMod:DreamGate+1","floor":44.0},{"not_picked":["HollowMod:InfectedAttack","HollowMod:DungDefenderAura","HollowMod:SiblingsShadow"],"picked":"SKIP","floor":46.0},{"not_picked":["HollowMod:InfectedAttack","HollowMod:DungDefenderAura","HollowMod:SiblingsShadow"],"picked":"SKIP","floor":46.0},{"not_picked":["HollowMod:CycloneSlash","HollowMod:InfectedCysts"],"picked":"HollowMod:GrimmsGift+1","floor":47.0},{"not_picked":["HollowMod:PerfectDash","HollowMod:ShadowDash"],"picked":"HollowMod:NewLittleFool+1","floor":48.0},{"not_picked":["HollowMod:MothsMistake","HollowMod:InfectedAttack+1"],"picked":"HollowMod:CloakDash+1","floor":54.0}],"player_experience":942548,"relics_obtained":[{"floor":6.0,"key":"Divine Protection"},{"floor":8.0,"key":"Girya"},{"floor":9.0,"key":"HollowMod:PaleOreRelic"},{"floor":10.0,"key":"Replay:Arrowhead"},{"floor":29.0,"key":"Replay:WaspNest"},{"floor":38.0,"key":"HollowMod:LumaflyLanternRelic"},{"floor":40.0,"key":"Gremlin Food"},{"floor":42.0,"key":"Chameleon Ring"},{"floor":43.0,"key":"Bag of Marbles"},{"floor":46.0,"key":"Replay:Rubber Ducky"},{"floor":54.0,"key":"Nunchaku"}],"event_choices":[{"damage_healed":0.0,"max_hp_gain":0.0,"max_hp_loss":0.0,"gold_gain":0.0,"event_name":"Scrap Ooze","player_choice":"Success","floor":2.0,"gold_loss":0.0,"damage_taken":3.0,"relics_obtained":["HollowMod:KingsBrand"]},{"cards_removed":["HollowMod:NewGlowingWomb"],"damage_healed":0.0,"max_hp_gain":0.0,"max_hp_loss":0.0,"gold_gain":0.0,"event_name":"WeMeetAgain","player_choice":"Gave Card","floor":5.0,"gold_loss":0.0,"damage_taken":0.0,"relics_obtained":["Orichalcum"]},{"cards_removed":["HollowMod:QuickDashStart"],"damage_healed":0.0,"max_hp_gain":0.0,"max_hp_loss":0.0,"gold_gain":0.0,"event_name":"Purifier","player_choice":"Purged","floor":14.0,"gold_loss":0.0,"damage_taken":0.0},{"cards_removed":["HollowMod:NailStrikeStart"],"damage_healed":0.0,"max_hp_gain":0.0,"max_hp_loss":0.0,"gold_gain":0.0,"event_name":"Bonfire Elementals","player_choice":"Offered Basic","floor":24.0,"gold_loss":0.0,"damage_taken":0.0}],"is_beta":true,"boss_relics":[{"not_picked":["Snecko Eye","Empty Cage"],"picked":"HollowMod:KingsSoulRelic"},{"not_picked":["Coffee Dripper","Honey Jar"],"picked":"Astrolabe"}],"items_purged_floors":[],"is_endless":false,"potions_floor_spawned":[3,6,13,16,19,29,31,33,35,40,44],"killed_by":"The Heart","ascension_level":8}}