{"host":"9xd9wjw6duoy9kbq","time":1610916082,"event":{"mods":["AchievementEnabler","BaseMod","BetterRewards","Infinite Spire","Jorbs\u0027s Wanderer Trilogy","Minty Spire (QoL Compilation)","Replay The Spire","StSLib"],"gold_per_floor":[110,137,137,149,149,22,22,22,22,38,52,84,99,129,129,225,225,244,244,264,283,61,61,94,94,141,141,141],"floor_reached":27,"language":"ENG","playtime":2669,"items_purged":[],"score":266,"play_id":"708a21ec-7323-4726-8009-b0a96394e381","local_time":"20210117204122","is_ascension_mode":false,"campfire_choices":[{"data":"Eruption","floor":7.0,"key":"SMITH"},{"floor":23.0,"key":"REST"}],"circlet_count":0,"master_deck":["Strike_P","Strike_P","Defend_P","Defend_P","Eruption+1","Vigilance","Wallop","Swivel","ForeignInfluence","Steam","The Bomb","Flash of Steel","Impatience","infinitespire:NeuralNetwork","Replay:ManipulateFuture","LikeWater","TalkToTheHand","JustLucky","ThirdEye","Alpha","Iron Wave","Replay:ManipulateFuture+1","Pot Of Greed","Pot Of Greed","Weave"],"relics":["HolyWater","NeowsBlessing","ReplayFunnel","ReplayTheSpireMod:ShopPack","Replay:Bottled Flurry","Pantograph","Quantum Egg","Grinning Jar","Garlic","ReplayTheSpireMod:Lightbulb"],"acts_visited":["Exordium","TheCity"],"potions_floor_usage":[],"damage_taken":[{"damage":0.0,"enemies":"Cultist","floor":1.0,"turns":1.0},{"damage":0.0,"enemies":"Jaw Worm","floor":4.0,"turns":1.0},{"damage":0.0,"enemies":"2 Louse","floor":10.0,"turns":1.0},{"damage":25.0,"enemies":"Gremlin Gang","floor":11.0,"turns":4.0},{"damage":0.0,"enemies":"Gremlin Nob","floor":12.0,"turns":3.0},{"damage":0.0,"enemies":"Blue Slaver","floor":13.0,"turns":3.0},{"damage":18.0,"enemies":"3 Sentries","floor":14.0,"turns":7.0},{"damage":12.0,"enemies":"Hexaghost","floor":16.0,"turns":8.0},{"damage":4.0,"enemies":"Spheric Guardian","floor":18.0,"turns":4.0},{"damage":0.0,"enemies":"Shell Parasite","floor":20.0,"turns":5.0},{"damage":12.0,"enemies":"Snake Plant","floor":21.0,"turns":5.0},{"damage":9.0,"enemies":"Book of Stabbing","floor":24.0,"turns":4.0},{"damage":73,"enemies":"Gremlin Leader","floor":27,"turns":4}],"seed_played":"-1822545292450187788","potions_obtained":[{"floor":4.0,"key":"BottledMiracle"},{"floor":14.0,"key":"Dexterity Potion"},{"floor":16.0,"key":"Fire Potion"},{"floor":24.0,"key":"FearPotion"}],"is_trial":false,"path_per_floor":["M","T","?","M","?","$","R","?","T","M","M","E","M","E","R","B",null,"M","?","M","M","$","R","E","?","T","E"],"character_chosen":"WATCHER","items_purchased":["ReplayTheSpireMod:ShopPack","Grinning Jar","Weave"],"campfire_rested":1,"item_purchase_floors":[6,22,22],"current_hp_per_floor":[72,72,65,65,65,65,65,47,47,47,22,22,22,4,1,14,72,68,68,68,56,56,72,63,63,63,0,0],"gold":141,"neow_bonus":"THREE_ENEMY_KILL","is_daily":false,"chose_seed":false,"campfire_upgraded":1,"win_rate":0.0,"timestamp":1610916082,"path_taken":["M","?","?","M","?","$","R","?","T","M","M","E","M","E","R","BOSS","M","?","M","M","?","R","E","?","T","E"],"items_purchased_type":["Relic","Relic","Card"],"build_version":"2020-12-22","purchased_purges":0,"victory":false,"max_hp_per_floor":[72,72,72,72,72,72,72,72,72,72,72,72,72,72,72,72,72,72,72,72,72,72,72,72,72,72,72,72],"card_choices":[{"not_picked":["Protect","EmptyMind"],"picked":"Wallop","floor":1.0},{"not_picked":["Protect","EmptyMind"],"picked":"Swivel","floor":4.0},{"not_picked":["Secret Technique","Poisoned Strike"],"picked":"The Bomb","floor":6.0},{"not_picked":["Finesse","Mind Blast"],"picked":"Flash of Steel","floor":6.0},{"not_picked":["Panacea","Replay:Sssssssssstrike"],"picked":"Impatience","floor":6.0},{"not_picked":["infinitespire:TheBestDefense","ReplayTheSpireMod:Haul"],"picked":"infinitespire:NeuralNetwork","floor":8.0},{"not_picked":["EmptyBody","PathToVictory"],"picked":"Replay:ManipulateFuture","floor":10.0},{"not_picked":["SashWhip","Replay:BluntJabs"],"picked":"LikeWater","floor":11.0},{"not_picked":["ConjureBlade","FollowUp"],"picked":"TalkToTheHand","floor":12.0},{"not_picked":["Conclude","SashWhip"],"picked":"JustLucky","floor":13.0},{"not_picked":["WreathOfFlame","FlyingSleeves"],"picked":"ThirdEye","floor":14.0},{"not_picked":["SpiritShield","Devotion"],"picked":"Alpha","floor":16.0},{"not_picked":["Replay:AtTheReady+1","Halt+1","PathToVictory"],"picked":"SKIP","floor":18.0},{"not_picked":["CrushJoints","Vengeance"],"picked":"Replay:ManipulateFuture+1","floor":20.0},{"not_picked":["Crescendo","Halt","BowlingBash+1"],"picked":"SKIP","floor":21.0},{"not_picked":["Consecrate","Crescendo+1","MentalFortress+1"],"picked":"SKIP","floor":24.0}],"player_experience":107087,"relics_obtained":[{"floor":2.0,"key":"ReplayFunnel"},{"floor":9.0,"key":"Replay:Bottled Flurry"},{"floor":12.0,"key":"Pantograph"},{"floor":14.0,"key":"Quantum Egg"},{"floor":24.0,"key":"Garlic"},{"floor":26.0,"key":"ReplayTheSpireMod:Lightbulb"}],"event_choices":[{"cards_removed":["Strike_P"],"damage_healed":0.0,"max_hp_gain":0.0,"max_hp_loss":0.0,"gold_gain":0.0,"event_name":"Golden Wing","player_choice":"Card Removal","floor":3.0,"gold_loss":0.0,"damage_taken":7.0},{"damage_healed":0.0,"max_hp_gain":0.0,"max_hp_loss":0.0,"gold_gain":0.0,"event_name":"Scrap Ooze","player_choice":"Fled","floor":15.0,"gold_loss":0.0,"damage_taken":3.0},{"cards_removed":["Defend_P"],"damage_healed":0.0,"max_hp_gain":0.0,"max_hp_loss":0.0,"gold_gain":0.0,"event_name":"NoteForYourself","player_choice":"Took Card","floor":19.0,"gold_loss":0.0,"damage_taken":0.0,"cards_obtained":["Iron Wave"]},{"damage_healed":0.0,"max_hp_gain":0.0,"max_hp_loss":0.0,"gold_gain":0.0,"event_name":"Vampires","player_choice":"Ignored","floor":25.0,"gold_loss":0.0,"damage_taken":0.0}],"is_beta":false,"boss_relics":[{"not_picked":["infinitespire:Cupcake","Runic Pyramid"],"picked":"HolyWater"}],"items_purged_floors":[],"is_endless":false,"potions_floor_spawned":[4,14,16,24],"killed_by":"Gremlin Leader","ascension_level":0}}