{"host":"37zexulz95aemuse","time":1610893954,"event":{"mods":["2.2 Compatiblity","BaseMod","CapriCore","GungeonMod","Koishi","Lobotomy","Marisa£¨Ùöéë¡¡Øª×âÞÞ£©","Minty Spire (QoL Compilation)","Replay The Spire","StSLib","The Bug Knight","The Cursed","The Gatherer","The Immortal","The Jungle","WarShipGirlsR/??á´Ò³R mod"],"gold_per_floor":[117,133,133,133,146,146,171,171,171,96,116,135,145,160,160,262,262,281,130,130,130,130],"floor_reached":21,"language":"KOR","playtime":5373,"items_purged":["ShyLook"],"score":190,"play_id":"c4ba5c48-b846-4552-9e32-a25ffa5c0dc4","local_time":"20210117233234","is_ascension_mode":true,"campfire_choices":[{"data":"rmod:mineteam","floor":6,"key":"SMITH"},{"floor":8,"key":"REST"},{"data":"rmod:lonelyqueen","floor":15,"key":"SMITH"}],"circlet_count":0,"master_deck":["rmod:strick","rmod:strick","rmod:strick","rmod:defend","rmod:defend","rmod:defend","rmod:defend","rmod:basicallowance","rmod:maingunfire","BlackSwan","rmod:mineteam+1","rmod:sl+1","rmod:launchingtorpedo","rmod:lonelyqueen+1","rmod:wolves"],"relics":["rmod:firstchargereward","CogitoBucket","Blood Vial","Bag of Preparation","Snack Pack","HellTrain","Lee\u0027s Waffle"],"acts_visited":["Exordium","theJungle:Jungle"],"potions_floor_usage":[12,12,16,21,21],"damage_taken":[{"damage":0,"enemies":"Cultist","floor":1,"turns":3},{"damage":0,"enemies":"2 Louse","floor":2,"turns":2},{"damage":2,"enemies":"Jaw Worm","floor":5,"turns":4},{"damage":45,"enemies":"Gremlin Nob","floor":7,"turns":5},{"damage":0,"enemies":"3 Louse","floor":11,"turns":4},{"damage":2,"enemies":"Exordium Wildlife","floor":12,"turns":4},{"damage":7,"enemies":"Red Slaver","floor":13,"turns":2},{"damage":0,"enemies":"Large Slime","floor":14,"turns":5},{"damage":66,"enemies":"Slime Boss","floor":16,"turns":5},{"damage":41,"enemies":"theJungle:Flameango_and_Byrd","floor":18,"turns":5}],"seed_played":"-4419599704903815003","potions_obtained":[{"floor":1,"key":"Explosive Potion"},{"floor":2,"key":"LiquidBronze"},{"floor":7,"key":"Explosive Potion"},{"floor":12,"key":"FairyPotion"},{"floor":18,"key":"SteroidPotion"},{"floor":20,"key":"Flashbang"},{"floor":20,"key":"DemoMod:LeadSkinPotion"}],"is_trial":false,"path_per_floor":["M","M","?","?","M","R","E","R","T","$","M","M","M","M","R","B",null,"M","$","?","M"],"character_chosen":"PRAEFECT","items_purchased":["Lee\u0027s Waffle"],"campfire_rested":1,"item_purchase_floors":[19],"current_hp_per_floor":[75,75,75,72,72,72,29,51,51,51,55,57,54,58,58,22,75,34,82,82,0,0],"gold":130,"neow_bonus":"","is_daily":false,"chose_seed":false,"campfire_upgraded":2,"win_rate":0.0,"timestamp":1610893954,"path_taken":["M","?","?","?","M","R","E","R","T","$","M","M","M","M","R","BOSS","M","$","?","M"],"items_purchased_type":["Relic"],"build_version":"2020-12-22","purchased_purges":1,"victory":false,"max_hp_per_floor":[75,75,75,75,75,75,75,75,75,75,75,75,75,75,75,75,75,75,82,82,82,82],"card_choices":[{"not_picked":["Woodsman","VoidDream"],"picked":"BlackSwan","floor":1},{"not_picked":["rmod:unsinkable","rmod:luckystar"],"picked":"rmod:mineteam","floor":1},{"not_picked":["Wellcheers","GreedKing"],"picked":"ShyLook","floor":2},{"not_picked":["rmod:slowdown","rmod:spoils","rmod:fuelsupply"],"picked":"SKIP","floor":2},{"not_picked":["rmod:fletcherpendant","rmod:fuelsupply","rmod:advancebysurprise"],"picked":"SKIP","floor":5},{"not_picked":["rmod:unsinkable","rmod:generalist","rmod:aviationdawn"],"picked":"SKIP","floor":7},{"not_picked":["rmod:supportescort","rmod:combined"],"picked":"rmod:launchingtorpedo","floor":11},{"not_picked":["VoidDream","OldLady"],"picked":"Yin","floor":12},{"not_picked":["rmod:slowdown","rmod:steelsupply"],"picked":"rmod:lonelyqueen","floor":12},{"not_picked":["rmod:luckystar","rmod:mineteam"],"picked":"rmod:wolves","floor":13},{"not_picked":["rmod:mineteam","rmod:saltedfish","rmod:combined"],"picked":"SKIP","floor":14},{"not_picked":["rmod:fletcherpendant","rmod:overbreakdown","rmod:salvage+1"],"picked":"SKIP","floor":18}],"player_experience":99507,"relics_obtained":[{"floor":7,"key":"Bag of Preparation"},{"floor":9,"key":"Snack Pack"}],"event_choices":[{"damage_healed":0,"gold_gain":0,"player_choice":"Success","damage_taken":3,"relics_obtained":["Blood Vial"],"max_hp_gain":0,"max_hp_loss":0,"event_name":"Scrap Ooze","floor":4,"gold_loss":0},{"damage_healed":0,"gold_gain":0,"player_choice":"Got Potions","damage_taken":0,"max_hp_gain":0,"max_hp_loss":0,"event_name":"Lab","floor":20,"gold_loss":0}],"is_beta":false,"boss_relics":[{"not_picked":["Replay:Wanted Poster","Sozu","Kintsugi"]}],"items_purged_floors":[10],"is_endless":false,"potions_floor_spawned":[1,2,7,12,18],"killed_by":"Shell Parasite","ascension_level":1}}