{"host":"i7jfea87xc8lz16p","time":1610902773,"event":{"mods":["AchievementEnabler","BaseMod","Colored Powertips","Minty Spire (QoL Compilation)","Relic Stats"],"gold_per_floor":[113,113,15,35,49,49,83,83,83,83,97,111,111,138,138,215,215,226,226,23,23,39,70,32,32,57,57,57,17,36,36,36,108,108,127,145,156,171,10,10,10,21,48,59,73,98,98,109,109,109,109],"floor_reached":52,"language":"ENG","playtime":3158,"items_purged":["Defend_G","Bane"],"score":1774,"play_id":"9e3c2a61-28b0-4fce-a354-79fb6f062fa0","local_time":"20210117175933","is_ascension_mode":true,"campfire_choices":[{"data":"Poisoned Stab","floor":6,"key":"SMITH"},{"data":"Blur","floor":8,"key":"SMITH"},{"data":"Noxious Fumes","floor":15,"key":"SMITH"},{"data":"Crippling Poison","floor":25,"key":"SMITH"},{"data":"After Image","floor":28,"key":"SMITH"},{"data":"Noxious Fumes","floor":32,"key":"SMITH"},{"data":"Malaise","floor":40,"key":"SMITH"},{"data":"Calculated Gamble","floor":47,"key":"SMITH"},{"data":"Burst","floor":49,"key":"SMITH"}],"circlet_count":0,"master_deck":["AscendersBane","Defend_G","Defend_G+1","Defend_G","Survivor","Neutralize+1","Poisoned Stab+1","Blur+1","Blade Dance","Dash","PiercingWail","Leg Sweep","Noxious Fumes+1","After Image+1","Blade Dance+1","Bite","Bite","Bite","Bite","Crippling Poison+1","Secret Technique","Cloak And Dagger","Backflip","Noxious Fumes+1","Malaise+1","PiercingWail","Footwork+1","Calculated Gamble+1","Slice","Deadly Poison","Well Laid Plans+1","Backflip","Burst+1"],"relics":["Coffee Dripper","Blue Candle","Whetstone","Pen Nib","SlaversCollar","Membership Card","Bag of Preparation","War Paint","WristBlade","PreservedInsect","Potion Belt","Letter Opener"],"acts_visited":["Exordium","TheCity","TheBeyond"],"potions_floor_usage":[7,12,14,16,23,33,50,50,51],"damage_taken":[{"damage":2,"enemies":"Jaw Worm","floor":1,"turns":5},{"damage":2,"enemies":"2 Louse","floor":4,"turns":3},{"damage":0,"enemies":"Small Slimes","floor":5,"turns":3},{"damage":37,"enemies":"3 Sentries","floor":7,"turns":11},{"damage":0,"enemies":"Blue Slaver","floor":11,"turns":3},{"damage":0,"enemies":"2 Fungi Beasts","floor":12,"turns":4},{"damage":6,"enemies":"Gremlin Nob","floor":14,"turns":4},{"damage":22,"enemies":"Slime Boss","floor":16,"turns":9},{"damage":4,"enemies":"Chosen","floor":18,"turns":5},{"damage":0,"enemies":"Spheric Guardian","floor":22,"turns":6},{"damage":8,"enemies":"Book of Stabbing","floor":23,"turns":6},{"damage":0,"enemies":"3 Cultists","floor":30,"turns":4},{"damage":37,"enemies":"Collector","floor":33,"turns":9},{"damage":17,"enemies":"3 Darklings","floor":35,"turns":6},{"damage":0,"enemies":"3 Shapes","floor":36,"turns":6},{"damage":11,"enemies":"Maw","floor":37,"turns":9},{"damage":0,"enemies":"4 Shapes","floor":38,"turns":7},{"damage":19,"enemies":"3 Darklings","floor":42,"turns":11},{"damage":18,"enemies":"Writhing Mass","floor":44,"turns":8},{"damage":15,"enemies":"Spire Growth","floor":45,"turns":6},{"damage":1,"enemies":"Nemesis","floor":46,"turns":9},{"damage":11,"enemies":"Sphere and 2 Shapes","floor":48,"turns":7},{"damage":7,"enemies":"Donu and Deca","floor":50,"turns":10},{"damage":24,"enemies":"Time Eater","floor":51,"turns":14}],"seed_played":"8626016710541112197","potions_obtained":[{"floor":7,"key":"CunningPotion"},{"floor":11,"key":"Regen Potion"},{"floor":12,"key":"CunningPotion"},{"floor":16,"key":"LiquidMemories"},{"floor":30,"key":"CunningPotion"},{"floor":33,"key":"SteroidPotion"},{"floor":35,"key":"SmokeBomb"},{"floor":36,"key":"Swift Potion"},{"floor":44,"key":"LiquidBronze"},{"floor":45,"key":"ColorlessPotion"}],"is_trial":false,"path_per_floor":["M","?","$","M","M","R","E","R","T","?","M","M","?","E","R","B",null,"M","?","$","?","M","E","$","R","T","?","R","$","M","?","R","B",null,"M","M","M","M","$","R","?","M","T","M","M","E","R","M","R","B","B",null],"character_chosen":"THE_SILENT","items_purchased":["Blur","ColorlessPotion","Membership Card","Crippling Poison","Noxious Fumes","PreservedInsect","Slice"],"campfire_rested":0,"item_purchase_floors":[3,3,20,20,29,39,39],"current_hp_per_floor":[57,57,57,55,55,55,18,18,18,18,18,30,52,46,46,24,56,52,46,46,46,46,42,42,42,42,42,42,42,46,46,46,17,39,28,36,39,41,41,41,41,40,40,30,23,36,36,33,33,34,30],"gold":109,"neow_bonus":"BOSS_RELIC","is_daily":false,"chose_seed":false,"campfire_upgraded":9,"win_rate":0.0,"timestamp":1610902773,"path_taken":["M","?","$","M","M","R","E","R","T","?","?","M","?","E","R","BOSS","M","?","$","?","M","E","$","R","T","?","R","?","?","?","R","BOSS","M","M","?","M","$","R","?","M","T","?","M","E","R","M","R","BOSS","BOSS"],"items_purchased_type":["Card","Potion","Relic","Card","Card","Relic","Card"],"build_version":"2020-12-22","purchased_purges":2,"victory":true,"max_hp_per_floor":[66,66,66,66,66,66,66,66,66,66,66,66,66,66,66,66,66,66,46,46,46,46,46,46,46,46,46,46,46,46,46,46,46,46,46,46,46,46,46,46,46,46,46,46,46,46,46,46,46,46,46],"relic_stats":{"counters":[24,165],"Blue Candle":[0],"Pen Nib":[30],"PreservedInsect":50,"Bag of Preparation":[26],"Whetstone":["Strike_G","Strike_G"],"Letter Opener":[68],"War Paint":["Blade Dance","Defend_G"],"obtain_stats":[{"Potion Belt":43,"Blue Candle":7,"Pen Nib":14,"PreservedInsect":39,"Bag of Preparation":23,"Whetstone":9,"Letter Opener":46,"War Paint":26,"SlaversCollar":17,"WristBlade":34,"Coffee Dripper":0,"Membership Card":20,"Ring of the Snake":0},{"Potion Belt":18,"Blue Candle":4,"Pen Nib":7,"PreservedInsect":17,"Bag of Preparation":11,"Whetstone":4,"Letter Opener":21,"War Paint":11,"SlaversCollar":8,"WristBlade":13,"Coffee Dripper":0,"Membership Card":9,"Ring of the Snake":0},{"Potion Belt":111,"Blue Candle":22,"Pen Nib":33,"PreservedInsect":100,"Bag of Preparation":59,"Whetstone":22,"Letter Opener":134,"War Paint":59,"SlaversCollar":42,"WristBlade":72,"Coffee Dripper":0,"Membership Card":47,"Ring of the Snake":0}]},"card_choices":[{"not_picked":["PiercingWail","Outmaneuver"],"picked":"Poisoned Stab","floor":1},{"not_picked":["Slice","Cloak And Dagger"],"picked":"Bane","floor":4},{"not_picked":["Bane","Prepared"],"picked":"Blade Dance","floor":5},{"not_picked":["Acrobatics","Night Terror"],"picked":"Dash","floor":7},{"not_picked":["Tactician","Backstab"],"picked":"PiercingWail","floor":11},{"not_picked":["Catalyst","Deadly Poison"],"picked":"Leg Sweep","floor":12},{"not_picked":["Flying Knee","Leg Sweep"],"picked":"Noxious Fumes","floor":14},{"not_picked":["Tools of the Trade","Burst"],"picked":"After Image","floor":16},{"not_picked":["Setup","Cloak And Dagger"],"picked":"Blade Dance","floor":18},{"not_picked":["All Out Attack","Dagger Throw"],"picked":"Cloak And Dagger","floor":22},{"not_picked":["Dodge and Roll","Tools of the Trade"],"picked":"Backflip","floor":23},{"not_picked":["Slice+1","Riddle With Holes","Flying Knee+1"],"picked":"SKIP","floor":30},{"not_picked":["Phantasmal Killer","Night Terror"],"picked":"Malaise","floor":33},{"not_picked":["Poisoned Stab","Prepared"],"picked":"PiercingWail","floor":35},{"not_picked":["Dagger Spray","Quick Slash","Sucker Punch"],"picked":"SKIP","floor":36},{"not_picked":["Dodge and Roll","Dagger Spray+1"],"picked":"Footwork+1","floor":37},{"not_picked":["Poisoned Stab","Dodge and Roll"],"picked":"Calculated Gamble","floor":38},{"not_picked":["Setup+1","Choke+1"],"picked":"Deadly Poison","floor":42},{"not_picked":["Distraction","Bane","PiercingWail"],"picked":"SKIP","floor":44},{"not_picked":["Dagger Spray","Choke+1"],"picked":"Well Laid Plans+1","floor":45},{"not_picked":["Setup+1","Terror+1"],"picked":"Backflip","floor":46},{"not_picked":["Caltrops","Noxious Fumes+1"],"picked":"Burst","floor":48}],"player_experience":1790030,"relics_obtained":[{"floor":7,"key":"Blue Candle"},{"floor":9,"key":"Whetstone"},{"floor":14,"key":"Pen Nib"},{"floor":23,"key":"Bag of Preparation"},{"floor":26,"key":"War Paint"},{"floor":43,"key":"Potion Belt"},{"floor":46,"key":"Letter Opener"}],"event_choices":[{"damage_healed":0,"gold_gain":0,"player_choice":"Ignored","damage_taken":0,"max_hp_gain":0,"max_hp_loss":0,"event_name":"Golden Wing","floor":2,"gold_loss":0},{"damage_healed":0,"gold_gain":0,"player_choice":"Grow","damage_taken":0,"max_hp_gain":0,"max_hp_loss":0,"event_name":"Living Wall","floor":10,"gold_loss":0,"cards_upgraded":["Neutralize"]},{"damage_healed":22,"gold_gain":0,"player_choice":"Banana","damage_taken":0,"max_hp_gain":0,"max_hp_loss":0,"event_name":"Big Fish","floor":13,"gold_loss":0},{"damage_healed":0,"gold_gain":0,"player_choice":"Became a vampire","damage_taken":0,"max_hp_gain":0,"max_hp_loss":20,"event_name":"Vampires","floor":19,"gold_loss":0,"cards_obtained":["Bite","Bite","Bite","Bite","Bite"]},{"damage_healed":0,"gold_gain":0,"cards_transformed":["Bite","Defend_G"],"player_choice":"Became Test Subject","damage_taken":0,"max_hp_gain":0,"max_hp_loss":0,"event_name":"Drug Dealer","floor":21,"gold_loss":0,"cards_obtained":["Secret Technique","Bane"]},{"damage_healed":0,"gold_gain":0,"player_choice":"Smashed Altar","damage_taken":0,"max_hp_gain":0,"max_hp_loss":0,"event_name":"Forgotten Altar","floor":27,"gold_loss":0,"cards_obtained":["Decay"]},{"cards_removed":["Decay"],"damage_healed":0,"gold_gain":0,"player_choice":"Purged","damage_taken":0,"max_hp_gain":0,"max_hp_loss":0,"event_name":"Purifier","floor":31,"gold_loss":0},{"cards_removed":["Bane"],"damage_healed":0,"gold_gain":0,"player_choice":"Purged","damage_taken":0,"max_hp_gain":0,"max_hp_loss":0,"event_name":"Purifier","floor":41,"gold_loss":0}],"is_beta":false,"boss_relics":[{"not_picked":["Velvet Choker","Runic Dome"],"picked":"SlaversCollar"},{"not_picked":["Pandora\u0027s Box","Astrolabe"],"picked":"WristBlade"}],"items_purged_floors":[24,39],"is_endless":false,"potions_floor_spawned":[7,11,12,16,30,33,35,36,44,45,46],"ascension_level":20}}