{"host":"5icjlaq41ghjcr7h","time":1610856868,"event":{"mods":["AchievementEnabler","BaseMod","Colored Map","Minty Spire (QoL Compilation)","SuperFastMode","everything is the same but u backflip on backflip"],"gold_per_floor":[117,129,129,204,218,218,57,116,116,127,127,142,142,142],"floor_reached":13,"language":"KOR","playtime":189,"items_purged":[],"score":86,"play_id":"eb0fa7b3-e3ed-43c3-8775-6f3b6bed0fd5","local_time":"20210117131428","is_ascension_mode":true,"campfire_choices":[{"data":"Double Energy","floor":6,"key":"SMITH"}],"circlet_count":0,"master_deck":["Strike_B","Strike_B","Strike_B","Strike_B","Defend_B","Defend_B","Defend_B","Defend_B","Zap","Dualcast","Cold Snap","Double Energy+1","Tempest","Hyperbeam","Coolheaded","Conserve Battery"],"relics":["Cracked Core","NeowsBlessing","Ornamental Fan","Potion Belt"],"acts_visited":["Exordium"],"potions_floor_usage":[12,12],"damage_taken":[{"damage":0,"enemies":"Small Slimes","floor":1,"turns":1},{"damage":0,"enemies":"Jaw Worm","floor":2,"turns":1},{"damage":0,"enemies":"Cultist","floor":5,"turns":1},{"damage":29,"enemies":"Gremlin Nob","floor":8,"turns":4},{"damage":5,"enemies":"2 Fungi Beasts","floor":10,"turns":3},{"damage":4,"enemies":"Large Slime","floor":12,"turns":4},{"damage":23,"enemies":"Gremlin Nob","floor":13,"turns":3}],"seed_played":"5935586964073171318","potions_obtained":[{"floor":2,"key":"DistilledChaos"},{"floor":8,"key":"BlessingOfTheForge"}],"is_trial":false,"path_per_floor":["M","M","?","?","M","R","$","?","T","M","?","M","E"],"character_chosen":"DEFECT","items_purchased":["Hyperbeam"],"campfire_rested":0,"item_purchase_floors":[7],"current_hp_per_floor":[75,75,75,64,64,64,64,35,35,30,18,14,0,0],"gold":142,"neow_bonus":"THREE_ENEMY_KILL","is_daily":false,"chose_seed":false,"campfire_upgraded":1,"win_rate":0.0,"timestamp":1610856868,"path_taken":["M","M","?","?","M","R","$","?","T","M","?","M","E"],"items_purchased_type":["Card"],"build_version":"2020-12-22","purchased_purges":0,"victory":false,"max_hp_per_floor":[75,75,75,75,75,75,75,75,75,75,75,75,75,75],"card_choices":[{"not_picked":["Streamline","Leap"],"picked":"Cold Snap","floor":1},{"not_picked":["Lockon","Rebound"],"picked":"Double Energy","floor":2},{"not_picked":["Rebound","Steam Power"],"picked":"Tempest","floor":5},{"not_picked":["Gash","Hello World"],"picked":"Coolheaded","floor":8},{"not_picked":["Leap","Ball Lightning"],"picked":"Conserve Battery","floor":10},{"not_picked":["Beam Cell","Scrape","Barrage"],"picked":"SKIP","floor":12}],"player_experience":132239,"relics_obtained":[{"floor":8,"key":"Ornamental Fan"}],"event_choices":[{"damage_healed":0,"gold_gain":0,"player_choice":"Ignored","damage_taken":0,"max_hp_gain":0,"max_hp_loss":0,"event_name":"Shining Light","floor":3,"gold_loss":0},{"damage_healed":0,"gold_gain":75,"player_choice":"Gather Gold","damage_taken":11,"max_hp_gain":0,"max_hp_loss":0,"event_name":"World of Goop","floor":4,"gold_loss":0},{"damage_healed":0,"gold_gain":0,"player_choice":"Searched \u00271\u0027 times","damage_taken":0,"max_hp_gain":0,"max_hp_loss":0,"event_name":"Dead Adventurer","floor":8,"gold_loss":0},{"damage_healed":0,"gold_gain":0,"player_choice":"Success","damage_taken":12,"relics_obtained":["Potion Belt"],"max_hp_gain":0,"max_hp_loss":0,"event_name":"Scrap Ooze","floor":11,"gold_loss":0}],"is_beta":false,"boss_relics":[],"items_purged_floors":[],"is_endless":false,"potions_floor_spawned":[2,8],"killed_by":"Gremlin Nob","ascension_level":3}}