{"host":"y89x8uui45kcjy42","time":1610868388,"event":{"mods":["2.2 Compatiblity","BaseMod","CapriCore","Colored Map","Colored Powertips","Custom Start","Friendly Minions","Keyboard Shortcuts","Minty Spire (QoL Compilation)","Relic Stats","Replay The Spire","Slay the Relics Exporter","StSLib","SuperFastMode","Uncapped"],"gold_per_floor":[119,44,54,54,66,66,83,83,83],"floor_reached":8,"language":"KOR","playtime":344,"items_purged":["Strike_R"],"score":96,"play_id":"6ded90dd-34b2-44d5-afcc-8f3f11b17651","local_time":"20210117162628","is_ascension_mode":true,"campfire_choices":[{"data":"Armaments","floor":6,"key":"SMITH"}],"circlet_count":0,"master_deck":["AscendersBane","Strike_R","Strike_R","Strike_R","Strike_R","Defend_R","Defend_R","Defend_R","Defend_R","Bash","Armaments+1","Ghostly Armor","Shrug It Off","ReplayTheSpireMod:Corrosion Curse"],"relics":["Burning Blood","Omamori","Unceasing Top"],"acts_visited":["Exordium"],"potions_floor_usage":[],"damage_taken":[{"damage":12,"enemies":"Cultist","floor":1,"turns":4},{"damage":13,"enemies":"Small Slimes","floor":3,"turns":8},{"damage":3,"enemies":"2 Louse","floor":5,"turns":3},{"damage":1,"enemies":"Large Slime","floor":7,"turns":11},{"damage":65,"enemies":"Replay:BlueRogue","floor":8,"turns":9}],"seed_played":"8938582757160823521","potions_obtained":[{"floor":3,"key":"SkillPotion"}],"is_trial":false,"path_per_floor":["M","$","M","$","M","R","M","E"],"character_chosen":"IRONCLAD","items_purchased":[],"campfire_rested":0,"item_purchase_floors":[],"current_hp_per_floor":[62,62,55,55,58,58,63,0,0],"gold":83,"neow_bonus":"ONE_RARE_RELIC","is_daily":false,"chose_seed":false,"campfire_upgraded":1,"win_rate":0.0,"timestamp":1610868388,"path_taken":["M","?","M","?","M","R","?","E"],"items_purchased_type":[],"build_version":"2020-12-22","purchased_purges":1,"victory":false,"max_hp_per_floor":[75,75,75,75,75,75,75,75,75],"relic_stats":{"counters":[5,35],"obtain_stats":[{"Omamori":0,"Burning Blood":0,"Unceasing Top":0},{"Omamori":0,"Burning Blood":0,"Unceasing Top":0},{"Omamori":0,"Burning Blood":0,"Unceasing Top":0}],"Burning Blood":24,"Unceasing Top":[0]},"card_choices":[{"not_picked":["Iron Wave","Sword Boomerang"],"picked":"Armaments","floor":1},{"not_picked":["Rupture","Sword Boomerang"],"picked":"Ghostly Armor","floor":3},{"not_picked":["Flex","Cleave"],"picked":"Shrug It Off","floor":5},{"not_picked":["Anger","Shrug It Off"],"picked":"ReplayTheSpireMod:Corrosion Curse","floor":7}],"player_experience":620265,"relics_obtained":[],"event_choices":[],"is_beta":false,"boss_relics":[],"items_purged_floors":[2],"is_endless":false,"potions_floor_spawned":[3],"killed_by":"Replay:BlueRogue","ascension_level":20}}