{"host":"sc0o2qwpf9j16a4i","time":1610879778,"event":{"mods":["AchievementEnabler","BaseMod","BetterRewards","Block Reminder","Colored Map","Colored Powertips","Custom Start","Highlight Path","Minty Spire (QoL Compilation)","Relic Stats"],"gold_per_floor":[118,83,83,103,114,114,139,139,139,139,168,180,191,191,191,265,265,244,8,8,23,36,36,36],"floor_reached":23,"language":"ENG","playtime":703,"items_purged":["Strike_B"],"score":602,"play_id":"db1bea8d-6b1c-4d35-bf95-75d590775893","local_time":"20210117123618","is_ascension_mode":true,"campfire_choices":[{"data":"Defragment","floor":6,"key":"SMITH"},{"data":"Zap","floor":8,"key":"SMITH"},{"floor":10,"key":"REST"},{"floor":15,"key":"REST"}],"circlet_count":0,"master_deck":["AscendersBane","Strike_B","Strike_B","Strike_B","Defend_B","Defend_B","Defend_B","Defend_B","Zap+1","Dualcast","Defragment+1","Compile Driver","Auto Shields","Conserve Battery","Leap","Seek","Glacier","Fission","White Noise"],"relics":["Cracked Core","OrangePellets","Letter Opener","Darkstone Periapt","Gremlin Horn","Ginger","Sozu","Orichalcum"],"acts_visited":["Exordium","TheCity"],"potions_floor_usage":[7,13,16],"damage_taken":[{"damage":0,"enemies":"Cultist","floor":1,"turns":3},{"damage":8,"enemies":"Jaw Worm","floor":4,"turns":4},{"damage":5,"enemies":"Small Slimes","floor":5,"turns":4},{"damage":5,"enemies":"3 Sentries","floor":7,"turns":6},{"damage":61,"enemies":"Gremlin Nob","floor":11,"turns":5},{"damage":0,"enemies":"Blue Slaver","floor":12,"turns":4},{"damage":0,"enemies":"2 Fungi Beasts","floor":13,"turns":3},{"damage":14,"enemies":"The Guardian","floor":16,"turns":13},{"damage":12,"enemies":"2 Thieves","floor":18,"turns":4},{"damage":0,"enemies":"3 Byrds","floor":21,"turns":3},{"damage":6,"enemies":"Snake Plant","floor":22,"turns":6},{"damage":23,"enemies":"Book of Stabbing","floor":23,"turns":5}],"seed_played":"-7457729749269094622","potions_obtained":[{"floor":4,"key":"AttackPotion"},{"floor":5,"key":"Dexterity Potion"},{"floor":12,"key":"SteroidPotion"}],"is_trial":false,"path_per_floor":["M","?","?","M","M","R","E","R","T","R","E","M","M","?","R","B",null,"M","$","?","M","M","E"],"character_chosen":"DEFECT","items_purchased":["OrangePellets","Defragment","Letter Opener","Compile Driver","Orichalcum"],"campfire_rested":2,"item_purchase_floors":[0,0,0,0,19],"current_hp_per_floor":[45,62,62,54,49,49,44,44,44,65,4,4,4,4,25,11,56,44,44,24,24,18,0,0],"gold":36,"neow_bonus":"","is_daily":false,"chose_seed":false,"campfire_upgraded":2,"win_rate":0.0,"timestamp":1610879778,"path_taken":["M","?","?","M","M","R","E","R","T","R","E","M","M","?","R","BOSS","M","$","?","M","M","E"],"items_purchased_type":["Relic","Card","Relic","Card","Relic"],"build_version":"2020-12-22","purchased_purges":1,"victory":false,"max_hp_per_floor":[71,71,71,71,71,71,71,71,71,71,71,71,71,71,71,71,71,71,71,76,76,76,76,76],"relic_stats":{"Darkstone Periapt":0,"Sozu":1,"OrangePellets":[2],"Gremlin Horn":[12,12],"counters":[46,214],"Letter Opener":[112],"Ginger":[12],"Orichalcum":[252],"obtain_stats":[{"Ice Cream":0,"Darkstone Periapt":7,"Lantern":0,"Regal Pillow":0,"Gremlin Horn":9,"CeramicFish":9,"Juzu Bracelet":26,"Ginger":11,"Old Coin":14,"Sozu":17,"Gambling Chip":0,"MealTicket":11,"Philosopher\u0027s Stone":17,"Kunai":24,"Cracked Core":0,"Golden Idol":10,"Astrolabe":17,"Omamori":7,"Letter Opener":0,"Orichalcum":19,"Question Card":20,"Cables":9,"OrangePellets":0,"Bronze Scales":7,"Art of War":12,"Membership Card":0,"FossilizedHelix":0},{"Ice Cream":0,"Darkstone Periapt":38,"Lantern":15,"Regal Pillow":15,"Gremlin Horn":38,"CeramicFish":19,"Juzu Bracelet":14,"Ginger":27,"Old Coin":21,"Sozu":9,"Gambling Chip":24,"MealTicket":7,"Philosopher\u0027s Stone":30,"Kunai":13,"Cracked Core":0,"Golden Idol":26,"Astrolabe":22,"Omamori":5,"Letter Opener":34,"Orichalcum":43,"Question Card":32,"Cables":6,"OrangePellets":34,"Bronze Scales":19,"Art of War":20,"Membership Card":24,"FossilizedHelix":24},{"Ice Cream":0,"Darkstone Periapt":171,"Lantern":67,"Regal Pillow":67,"Gremlin Horn":171,"CeramicFish":83,"Juzu Bracelet":66,"Ginger":117,"Old Coin":91,"Sozu":36,"Gambling Chip":102,"MealTicket":26,"Philosopher\u0027s Stone":134,"Kunai":59,"Cracked Core":0,"Golden Idol":109,"Astrolabe":98,"Omamori":19,"Letter Opener":154,"Orichalcum":200,"Question Card":144,"Cables":21,"OrangePellets":154,"Bronze Scales":83,"Art of War":86,"Membership Card":102,"FossilizedHelix":102}]},"card_choices":[{"not_picked":["Stack","White Noise"],"picked":"Auto Shields","floor":1},{"not_picked":["Double Energy","Skim"],"picked":"Conserve Battery","floor":4},{"not_picked":["Turbo","Redo","Reprogram"],"picked":"SKIP","floor":5},{"not_picked":["Skim","Hologram"],"picked":"Leap","floor":7},{"not_picked":["Skim","Fusion"],"picked":"Seek","floor":11},{"not_picked":["Coolheaded","Go for the Eyes"],"picked":"Glacier","floor":12},{"not_picked":["Beam Cell","Gash","Compile Driver"],"picked":"SKIP","floor":13},{"not_picked":["Hyperbeam","Reboot"],"picked":"Fission","floor":16},{"not_picked":["Rip and Tear+1","Streamline"],"picked":"White Noise","floor":18},{"not_picked":["Recycle","Lockon+1","Aggregate"],"picked":"SKIP","floor":21},{"not_picked":["Redo","Turbo","Aggregate"],"picked":"SKIP","floor":22}],"player_experience":683297,"relics_obtained":[{"floor":7,"key":"Darkstone Periapt"},{"floor":9,"key":"Gremlin Horn"},{"floor":11,"key":"Ginger"}],"event_choices":[{"damage_healed":17,"gold_gain":0,"player_choice":"Healed","damage_taken":0,"max_hp_gain":0,"max_hp_loss":0,"event_name":"The Cleric","floor":2,"gold_loss":35},{"damage_healed":0,"gold_gain":0,"player_choice":"Ignored","damage_taken":0,"max_hp_gain":0,"max_hp_loss":0,"event_name":"Liars Game","floor":3,"gold_loss":0},{"damage_healed":0,"gold_gain":0,"player_choice":"Searched \u00270\u0027 times","damage_taken":0,"max_hp_gain":0,"max_hp_loss":0,"event_name":"Dead Adventurer","floor":14,"gold_loss":0},{"damage_healed":0,"gold_gain":0,"player_choice":"Shed Blood","damage_taken":25,"max_hp_gain":5,"max_hp_loss":0,"event_name":"Forgotten Altar","floor":20,"gold_loss":0}],"is_beta":false,"boss_relics":[{"not_picked":["Ectoplasm","Black Star"],"picked":"Sozu"}],"items_purged_floors":[19],"is_endless":false,"potions_floor_spawned":[4,5,12,21],"killed_by":"Book of Stabbing","ascension_level":20}}