{"host":"l4kdldlios54gl54","time":1610859946,"event":{"mods":["AchievementEnabler","BaseMod","Colored Map","Colored Powertips","Minty Spire (QoL Compilation)","Random Character Button"],"gold_per_floor":[113,132,152,152,152,179,190,220,274,274,291,291,29,46,46,125,125,139,139,155,166,66,66,83,29,79,79,108,108,143,156,156,156,156],"floor_reached":33,"language":"ENG","playtime":1006,"items_purged":["Strike_R","Strike_R"],"score":594,"play_id":"81629cf3-41ed-4cc8-aec1-d4d18a0e795c","local_time":"20210117060546","is_ascension_mode":true,"campfire_choices":[{"floor":10,"key":"REST"},{"floor":15,"key":"REST"},{"data":"Apotheosis","floor":23,"key":"SMITH"},{"floor":27,"key":"REST"},{"floor":32,"key":"REST"}],"circlet_count":0,"master_deck":["AscendersBane","Strike_R","Strike_R+1","Strike_R","Defend_R+1","Defend_R","Defend_R","Defend_R","Bash","Hemokinesis","Cleave","Carnage+1","True Grit","Apotheosis+1","Immolate","Immolate","Shockwave+1","Berserk"],"relics":["Burning Blood","Nunchaku","Bag of Marbles","HornCleat","Potion Belt","Runic Dome","Art of War","Tiny Chest","Mummified Hand"],"acts_visited":["Exordium","TheCity"],"potions_floor_usage":[6,7,16,24,24,28,33,33],"damage_taken":[{"damage":7,"enemies":"Small Slimes","floor":1,"turns":3},{"damage":6,"enemies":"Jaw Worm","floor":2,"turns":3},{"damage":2,"enemies":"Cultist","floor":3,"turns":3},{"damage":22,"enemies":"3 Sentries","floor":6,"turns":7},{"damage":0,"enemies":"2 Fungi Beasts","floor":7,"turns":2},{"damage":34,"enemies":"Lagavulin","floor":8,"turns":5},{"damage":2,"enemies":"3 Louse","floor":11,"turns":4},{"damage":16,"enemies":"Red Slaver","floor":14,"turns":2},{"damage":40,"enemies":"Slime Boss","floor":16,"turns":10},{"damage":7,"enemies":"Shell Parasite","floor":18,"turns":4},{"damage":2,"enemies":"Chosen","floor":20,"turns":2},{"damage":21,"enemies":"Shelled Parasite and Fungi","floor":21,"turns":5},{"damage":14,"enemies":"Chosen and Byrds","floor":24,"turns":4},{"damage":23,"enemies":"Book of Stabbing","floor":28,"turns":3},{"damage":26,"enemies":"Slavers","floor":30,"turns":3},{"damage":3,"enemies":"Centurion and Healer","floor":31,"turns":4},{"damage":78,"enemies":"Champ","floor":33,"turns":6}],"seed_played":"8455003248413103738","potions_obtained":[{"floor":3,"key":"EssenceOfSteel"},{"floor":6,"key":"DistilledChaos"},{"floor":14,"key":"Explosive Potion"},{"floor":16,"key":"Weak Potion"},{"floor":20,"key":"Ancient Potion"},{"floor":21,"key":"ColorlessPotion"},{"floor":30,"key":"BlessingOfTheForge"}],"is_trial":false,"path_per_floor":["M","M","M","?","?","E","M","E","T","R","M","?","$","M","R","B",null,"M","?","M","M","$","R","M","$","T","R","E","?","E","M","R","B"],"character_chosen":"IRONCLAD","items_purchased":["Apotheosis","Dexterity Potion"],"campfire_rested":4,"item_purchase_floors":[13,25],"current_hp_per_floor":[67,67,71,48,48,32,38,10,10,32,36,36,36,26,48,14,60,59,59,63,48,48,48,40,40,40,62,45,45,25,28,50,0,0],"gold":156,"neow_bonus":"RANDOM_COMMON_RELIC","is_daily":false,"chose_seed":false,"campfire_upgraded":1,"win_rate":0.0,"timestamp":1610859946,"path_taken":["M","M","M","?","?","E","M","E","T","R","M","?","$","M","R","BOSS","M","?","M","M","$","R","M","$","T","R","E","?","E","M","R","BOSS"],"items_purchased_type":["Card","Potion"],"build_version":"2020-12-22","purchased_purges":2,"victory":false,"max_hp_per_floor":[75,75,75,75,75,75,75,75,75,75,75,75,75,75,75,75,75,75,75,75,75,75,75,75,75,75,75,75,75,75,75,75,75,75],"card_choices":[{"not_picked":["Wild Strike","Dark Embrace"],"picked":"Hemokinesis","floor":1},{"not_picked":["Clothesline","Metallicize"],"picked":"Cleave","floor":2},{"not_picked":["Iron Wave","Battle Trance"],"picked":"Carnage","floor":3},{"not_picked":["Evolve","Iron Wave"],"picked":"True Grit","floor":6},{"not_picked":["Entrench","Armaments","Whirlwind"],"picked":"SKIP","floor":7},{"not_picked":["Heavy Blade","Body Slam","Clothesline"],"picked":"SKIP","floor":8},{"not_picked":["Warcry","Reckless Charge","Sword Boomerang"],"picked":"SKIP","floor":11},{"not_picked":["Inflame","Clash"],"picked":"Immolate","floor":14},{"not_picked":["Demon Form","Corruption"],"picked":"Immolate","floor":16},{"not_picked":["Carnage","Heavy Blade","Clash"],"picked":"SKIP","floor":18},{"not_picked":["Wild Strike","Thunderclap"],"picked":"Shockwave+1","floor":20},{"not_picked":["Clash","Anger","Havoc"],"picked":"SKIP","floor":21},{"not_picked":["Heavy Blade","Twin Strike","Iron Wave"],"picked":"SKIP","floor":24},{"not_picked":["Spot Weakness","Headbutt","Uppercut"],"picked":"SKIP","floor":28},{"not_picked":["Clothesline","Seeing Red"],"picked":"Berserk","floor":30},{"not_picked":["Dropkick","Flex","Thunderclap"],"picked":"SKIP","floor":31}],"player_experience":866752,"relics_obtained":[{"floor":6,"key":"Bag of Marbles"},{"floor":8,"key":"HornCleat"},{"floor":9,"key":"Potion Belt"},{"floor":26,"key":"Art of War"},{"floor":28,"key":"Tiny Chest"},{"floor":30,"key":"Mummified Hand"}],"event_choices":[{"damage_healed":0,"gold_gain":0,"player_choice":"Entered Light","damage_taken":23,"max_hp_gain":0,"max_hp_loss":0,"event_name":"Shining Light","floor":4,"gold_loss":0,"cards_upgraded":["Strike_R","Defend_R"]},{"damage_healed":0,"gold_gain":0,"player_choice":"Grow","damage_taken":0,"max_hp_gain":0,"max_hp_loss":0,"event_name":"Living Wall","floor":5,"gold_loss":0,"cards_upgraded":["Carnage"]},{"damage_healed":0,"gold_gain":0,"player_choice":"Searched \u00270\u0027 times","damage_taken":0,"max_hp_gain":0,"max_hp_loss":0,"event_name":"Dead Adventurer","floor":12,"gold_loss":0},{"damage_healed":0,"gold_gain":0,"player_choice":"Ignored","damage_taken":0,"max_hp_gain":0,"max_hp_loss":0,"event_name":"Ghosts","floor":19,"gold_loss":0},{"damage_healed":0,"gold_gain":0,"player_choice":"Ignored","damage_taken":0,"max_hp_gain":0,"max_hp_loss":0,"event_name":"Vampires","floor":29,"gold_loss":0}],"is_beta":false,"boss_relics":[{"not_picked":["Runic Cube","Empty Cage"],"picked":"Runic Dome"}],"items_purged_floors":[13,22],"is_endless":false,"potions_floor_spawned":[3,6,14,16,20,21,30],"killed_by":"Champ","ascension_level":20}}