{"host":"ccw6t0i2dpm5wyxf","time":1610877124,"event":{"mods":["BaseMod","Colored Map","Minty Spire (QoL Compilation)","Permanent Neow"],"gold_per_floor":[119,69,69,88,88,88,115,115,142,67,87,87,105,138,138,243,243,262,262,362,377,392,392,403,421,421,421,433,446,781,793,793,793,793],"floor_reached":33,"language":"ENG","playtime":1139,"items_purged":["Clumsy"],"score":362,"play_id":"913aa208-cc1d-455e-b4c4-4da31fddc139","local_time":"20210117035204","is_ascension_mode":true,"campfire_choices":[{"data":"Dash","floor":6,"key":"SMITH"},{"data":"Noxious Fumes","floor":8,"key":"SMITH"},{"data":"Leg Sweep","floor":12,"key":"SMITH"},{"data":"Blade Dance","floor":15,"key":"SMITH"},{"data":"Venomology","floor":23,"key":"SMITH"},{"data":"Accuracy","floor":27,"key":"SMITH"},{"data":"After Image","floor":32,"key":"SMITH"}],"circlet_count":0,"master_deck":["Strike_G","Strike_G","Defend_G","Defend_G","Defend_G","Defend_G","Survivor","Neutralize","Dash+1","Backstab+1","Noxious Fumes+1","Leg Sweep+1","Blade Dance+1","Venomology+1","Bullet Time+1","Heel Hook+1","Backflip+1","Bane+1","Finisher","Accuracy+1","Flying Knee","Shame","Venomology","Blade Dance","After Image+1","Catalyst"],"relics":["Cursed Key","Oddly Smooth Stone","Mango","Happy Flower","Toy Ornithopter","Astrolabe","Vajra","Old Coin"],"acts_visited":["Exordium","TheCity"],"potions_floor_usage":[7,14,16,25,28,29,29,30,30,30,33,33,33,33,33],"damage_taken":[{"damage":0,"enemies":"Jaw Worm","floor":1,"turns":4},{"damage":0,"enemies":"Small Slimes","floor":4,"turns":4},{"damage":6,"enemies":"3 Sentries","floor":7,"turns":7},{"damage":0,"enemies":"Cultist","floor":11,"turns":3},{"damage":6,"enemies":"Large Slime","floor":13,"turns":5},{"damage":0,"enemies":"Gremlin Nob","floor":14,"turns":5},{"damage":20,"enemies":"Slime Boss","floor":16,"turns":10},{"damage":0,"enemies":"Spheric Guardian","floor":18,"turns":4},{"damage":12,"enemies":"2 Thieves","floor":21,"turns":4},{"damage":17,"enemies":"Sentry and Sphere","floor":22,"turns":6},{"damage":1,"enemies":"Snecko","floor":24,"turns":4},{"damage":0,"enemies":"Snake Plant","floor":25,"turns":4},{"damage":4,"enemies":"Chosen and Byrds","floor":28,"turns":4},{"damage":12,"enemies":"Shelled Parasite and Fungi","floor":29,"turns":4},{"damage":0,"enemies":"Book of Stabbing","floor":30,"turns":3},{"damage":0,"enemies":"Sentry and Sphere","floor":31,"turns":3},{"damage":87,"enemies":"Collector","floor":33,"turns":6}],"seed_played":"8774896502207407992","potions_obtained":[{"floor":4,"key":"Strength Potion"},{"floor":13,"key":"Weak Potion"},{"floor":14,"key":"CultistPotion"},{"floor":16,"key":"SkillPotion"},{"floor":22,"key":"Block Potion"},{"floor":30,"key":"AttackPotion"}],"is_trial":false,"path_per_floor":["M","?","?","M","?","R","E","R","T","$","M","R","M","E","R","B",null,"M","?","?","M","M","R","M","M","T","R","M","M","E","M","R","B"],"character_chosen":"THE_SILENT","items_purchased":[],"campfire_rested":0,"item_purchase_floors":[],"current_hp_per_floor":[70,70,52,52,52,52,60,60,60,60,60,60,54,54,54,39,84,84,84,84,72,55,55,54,59,59,59,60,58,73,73,73,0,0],"gold":793,"neow_bonus":"BOSS_RELIC","is_daily":false,"chose_seed":false,"campfire_upgraded":7,"win_rate":0.0,"timestamp":1610877124,"path_taken":["M","?","?","M","?","R","E","R","T","$","?","R","M","E","R","BOSS","M","?","?","M","M","R","M","M","T","R","M","M","E","?","R","BOSS"],"items_purchased_type":[],"build_version":"2020-12-22","purchased_purges":1,"victory":false,"max_hp_per_floor":[70,70,70,70,70,70,84,84,84,84,84,84,84,84,84,84,84,84,84,84,84,84,84,84,84,84,84,84,84,84,84,84,84,84],"card_choices":[{"not_picked":["Dagger Throw","Setup"],"picked":"Dash","floor":1},{"not_picked":["Dagger Throw","Dodge and Roll"],"picked":"Backstab","floor":4},{"not_picked":["Escape Plan","Bane"],"picked":"Noxious Fumes","floor":7},{"not_picked":["Backflip","Outmaneuver"],"picked":"Leg Sweep","floor":11},{"not_picked":["Deflect","Acrobatics"],"picked":"Blade Dance","floor":13},{"not_picked":["Outmaneuver","Reflex","Tactician"],"picked":"SKIP","floor":14},{"not_picked":["Night Terror","Tools of the Trade"],"picked":"Venomology","floor":16},{"not_picked":["PiercingWail","Dagger Spray+1","Escape Plan"],"picked":"SKIP","floor":18},{"not_picked":["Underhanded Strike","Poisoned Stab"],"picked":"Bane+1","floor":21},{"not_picked":["Deflect","Acrobatics"],"picked":"Finisher","floor":22},{"not_picked":["Sucker Punch","Choke"],"picked":"Accuracy","floor":24},{"not_picked":["Reflex","Dagger Spray+1"],"picked":"Flying Knee","floor":25},{"not_picked":["Acrobatics+1","Poisoned Stab"],"picked":"Venomology","floor":28},{"not_picked":["Bane","Dagger Throw"],"picked":"Blade Dance","floor":29},{"not_picked":["Blur","Sucker Punch"],"picked":"After Image","floor":30},{"not_picked":["Outmaneuver","Backflip"],"picked":"Catalyst","floor":31}],"player_experience":262606,"relics_obtained":[{"floor":7,"key":"Mango"},{"floor":9,"key":"Happy Flower"},{"floor":14,"key":"Toy Ornithopter"},{"floor":26,"key":"Vajra"},{"floor":30,"key":"Old Coin"}],"event_choices":[{"cards_removed":["Strike_G"],"damage_healed":0,"gold_gain":0,"player_choice":"Card Removal","damage_taken":0,"max_hp_gain":0,"max_hp_loss":0,"event_name":"The Cleric","floor":2,"gold_loss":50},{"damage_healed":0,"gold_gain":0,"player_choice":"Success","damage_taken":18,"relics_obtained":["Oddly Smooth Stone"],"max_hp_gain":0,"max_hp_loss":0,"event_name":"Scrap Ooze","floor":3,"gold_loss":0},{"damage_healed":0,"gold_gain":0,"player_choice":"Grow","damage_taken":0,"max_hp_gain":0,"max_hp_loss":0,"event_name":"Living Wall","floor":5,"gold_loss":0,"cards_upgraded":["Backstab"]},{"damage_healed":0,"gold_gain":0,"player_choice":"Ignored","damage_taken":0,"max_hp_gain":0,"max_hp_loss":0,"event_name":"Ghosts","floor":19,"gold_loss":0},{"damage_healed":0,"gold_gain":100,"player_choice":"Pray","damage_taken":0,"max_hp_gain":0,"max_hp_loss":0,"event_name":"Golden Shrine","floor":20,"gold_loss":0}],"is_beta":false,"boss_relics":[{"not_picked":["Coffee Dripper","Runic Dome"],"picked":"Astrolabe"}],"items_purged_floors":[10],"is_endless":false,"potions_floor_spawned":[4,13,14,16,21,22,28,29,30],"killed_by":"Collector","ascension_level":2}}