{"host":"9b7hrp48q3pna783","time":1610921413,"event":{"mods":["BaseMod","Colored Map","Colored Powertips","Highlight Path","Minty Spire (QoL Compilation)","Relic Stats"],"gold_per_floor":[119,119,129,144,158,158,187,187,210,220,220,236,236,253,253,358,358,377,393,406,406,426,426,444,444,496,258,258,258,258,268,268,268,268],"floor_reached":33,"language":"ENG","playtime":1231,"items_purged":["Strike_B"],"score":276,"play_id":"84c7d05a-7b72-4a9c-9076-8ee3b56ef989","local_time":"20210117171013","is_ascension_mode":true,"campfire_choices":[{"data":"Chaos","floor":6,"key":"SMITH"},{"data":"Barrage","floor":8,"key":"SMITH"},{"data":"Redo","floor":13,"key":"SMITH"},{"floor":15,"key":"REST"},{"data":"Rainbow","floor":23,"key":"SMITH"},{"data":"Darkness","floor":25,"key":"SMITH"},{"data":"Apotheosis","floor":28,"key":"SMITH"},{"floor":32,"key":"REST"}],"circlet_count":0,"master_deck":["Strike_B+1","Strike_B","Defend_B","Defend_B","Defend_B","Defend_B","Zap+1","Dualcast","Chaos+1","Redo+1","Doom and Gloom","Barrage+1","Compile Driver","Skim","Rainbow+1","Sweeping Beam+1","Tempest","Darkness+1","Apotheosis+1"],"relics":["Cracked Core","Potion Belt","Smiling Mask","Runic Dome","Strawberry"],"acts_visited":["Exordium","TheCity"],"potions_floor_usage":[7,14,16,16,16,16,16,16,24,24,25,33],"damage_taken":[{"damage":4,"enemies":"2 Louse","floor":1,"turns":2},{"damage":10,"enemies":"Small Slimes","floor":3,"turns":2},{"damage":4,"enemies":"Jaw Worm","floor":4,"turns":3},{"damage":8,"enemies":"Large Slime","floor":5,"turns":4},{"damage":14,"enemies":"Lagavulin","floor":7,"turns":5},{"damage":6,"enemies":"Looter","floor":10,"turns":2},{"damage":7,"enemies":"Exordium Wildlife","floor":12,"turns":3},{"damage":4,"enemies":"Large Slime","floor":14,"turns":2},{"damage":16,"enemies":"The Guardian","floor":16,"turns":7},{"damage":0,"enemies":"Spheric Guardian","floor":18,"turns":2},{"damage":4,"enemies":"Shell Parasite","floor":19,"turns":4},{"damage":15,"enemies":"Snecko","floor":20,"turns":4},{"damage":12,"enemies":"Cultist and Chosen","floor":22,"turns":4},{"damage":34,"enemies":"Shelled Parasite and Fungi","floor":24,"turns":3},{"damage":24,"enemies":"Snake Plant","floor":31,"turns":2},{"damage":62,"enemies":"Champ","floor":33,"turns":9}],"seed_played":"-3190662093025073226","potions_obtained":[{"floor":5,"key":"Swift Potion"},{"floor":7,"key":"Fire Potion"},{"floor":12,"key":"EntropicBrew"},{"floor":18,"key":"DuplicationPotion"},{"floor":19,"key":"DuplicationPotion"},{"floor":20,"key":"Fruit Juice"},{"floor":24,"key":"Explosive Potion"}],"is_trial":false,"path_per_floor":["M","?","M","M","M","R","E","R","T","M","?","M","R","M","R","B",null,"M","M","M","?","M","R","M","R","T","$","R","?","?","M","R","B"],"character_chosen":"DEFECT","items_purchased":["Apotheosis"],"campfire_rested":2,"item_purchase_floors":[27],"current_hp_per_floor":[71,56,46,42,34,34,20,20,20,14,14,7,7,3,25,9,75,75,71,56,56,44,44,10,15,22,22,22,51,51,27,53,0,0],"gold":268,"neow_bonus":"THREE_CARDS","is_daily":false,"chose_seed":false,"campfire_upgraded":6,"win_rate":0.0,"timestamp":1610921413,"path_taken":["M","?","M","M","M","R","E","R","T","M","?","M","R","M","R","BOSS","M","M","M","?","M","R","M","R","T","$","R","?","?","?","R","BOSS"],"items_purchased_type":["Card"],"build_version":"2020-12-22","purchased_purges":1,"victory":false,"max_hp_per_floor":[75,75,75,75,75,75,75,75,75,75,75,75,75,75,75,75,75,75,75,75,75,75,75,75,80,87,87,87,87,87,87,87,87,87],"relic_stats":{"counters":[16,58],"Smiling Mask":25,"obtain_stats":[{"Potion Belt":7,"Runic Dome":17,"Strawberry":26,"Cracked Core":0,"Smiling Mask":9},{"Potion Belt":5,"Runic Dome":9,"Strawberry":14,"Cracked Core":0,"Smiling Mask":5},{"Potion Belt":16,"Runic Dome":30,"Strawberry":47,"Cracked Core":0,"Smiling Mask":16}]},"card_choices":[{"not_picked":["Go for the Eyes","Turbo"],"picked":"Chaos","floor":0},{"not_picked":["Compile Driver","Beam Cell"],"picked":"Redo","floor":1},{"not_picked":["Turbo","Ball Lightning","Beam Cell"],"picked":"SKIP","floor":3},{"not_picked":["Storm","Recycle"],"picked":"Doom and Gloom","floor":4},{"not_picked":["Sweeping Beam","Streamline"],"picked":"Barrage","floor":5},{"not_picked":["Hologram","Sweeping Beam"],"picked":"Compile Driver","floor":7},{"not_picked":["Ball Lightning","Reinforced Body","Steam"],"picked":"SKIP","floor":10},{"not_picked":["Meteor Strike","Glacier"],"picked":"Skim","floor":12},{"not_picked":["Lockon","Scrape","Redo"],"picked":"SKIP","floor":14},{"not_picked":["Meteor Strike","Fission"],"picked":"Rainbow","floor":16},{"not_picked":["Conserve Battery+1","Ball Lightning"],"picked":"Sweeping Beam+1","floor":18},{"not_picked":["Stack+1","Coolheaded","Cold Snap+1"],"picked":"SKIP","floor":19},{"not_picked":["Steam","Cold Snap"],"picked":"Tempest","floor":20},{"not_picked":["Redo","Stack","Compile Driver"],"picked":"SKIP","floor":22},{"not_picked":["Chaos","Go for the Eyes"],"picked":"Darkness","floor":24},{"not_picked":["Reprogram","Seek","Steam Power"],"picked":"SKIP","floor":31}],"player_experience":91575,"relics_obtained":[{"floor":7,"key":"Potion Belt"},{"floor":9,"key":"Smiling Mask"},{"floor":26,"key":"Strawberry"}],"event_choices":[{"damage_healed":0,"gold_gain":0,"player_choice":"Entered Light","damage_taken":15,"max_hp_gain":0,"max_hp_loss":0,"event_name":"Shining Light","floor":2,"gold_loss":0,"cards_upgraded":["Zap","Strike_B"]},{"damage_healed":0,"gold_gain":0,"player_choice":"Ignored","damage_taken":0,"max_hp_gain":0,"max_hp_loss":0,"event_name":"Liars Game","floor":11,"gold_loss":0},{"cards_removed":["Strike_B"],"damage_healed":0,"gold_gain":0,"player_choice":"Elegance","damage_taken":0,"max_hp_gain":0,"max_hp_loss":0,"event_name":"Back to Basics","floor":21,"gold_loss":0},{"damage_healed":29,"gold_gain":0,"player_choice":"Heal","damage_taken":0,"max_hp_gain":0,"max_hp_loss":0,"event_name":"The Library","floor":29,"gold_loss":0},{"damage_healed":0,"gold_gain":0,"player_choice":"Ignored","damage_taken":0,"max_hp_gain":0,"max_hp_loss":0,"event_name":"Cursed Tome","floor":30,"gold_loss":0}],"is_beta":false,"boss_relics":[{"not_picked":["Astrolabe","Runic Pyramid"],"picked":"Runic Dome"}],"items_purged_floors":[27],"is_endless":false,"potions_floor_spawned":[5,7,12,14,18,19,20,24],"killed_by":"Champ","ascension_level":2}}