{"host":"4rvakrj1idbgia3f","time":1610890245,"event":{"mods":["BaseMod","Colored Map","Colored Powertips","DeckTracker","Highlight Path","MarisaÅiñ∂âJÅ@ñÇóùçπÅj","Minty Spire (QoL Compilation)","Random Character Button","StSLib"],"gold_per_floor":[369,18,51,84,159,159,159,206,256,256,256,297,331,379,379,492,492,527,40,40,69,101,101,133,133,133,178,178,194,194,194,194,194,194],"floor_reached":33,"language":"JPN","playtime":2151,"items_purged":["Defend_MRS"],"score":433,"play_id":"e64da886-f85b-4d19-8b51-0f156f0f08c1","local_time":"20210117223045","is_ascension_mode":true,"campfire_choices":[{"data":"EnergyFlow","floor":6.0,"key":"SMITH"},{"data":"MillisecondPulsars","floor":11.0,"key":"SMITH"},{"data":"MasterSpark","floor":15.0,"key":"SMITH"},{"data":"DarkMatter","floor":23,"key":"SMITH"},{"data":"TreasureHunter","floor":25,"key":"SMITH"},{"floor":28,"key":"REST"},{"data":"BinaryStars","floor":32,"key":"SMITH"}],"circlet_count":0,"master_deck":["Strike_MRS+1","Strike_MRS+1","Strike_MRS+1","Defend_MRS+1","Defend_MRS+1","MasterSpark+1","UpSweep","AsteroidBelt","WitchOfGreed","DoubleSpark","EnergyFlow+1","MillisecondPulsars+1","SporeBomb","AsteroidBelt","MagicAbsorber","TreasureHunter+1","MysteriousBeam+1","UnstableBomb","DarkMatter+1","OneTimeOff","BinaryStars+1"],"relics":["MiniHakkero","TungstenRod","Happy Flower","Toy Ornithopter","FossilizedHelix","Pen Nib","ExperimentalFamiliar","Membership Card","Ice Cream","MagicBroom","Centennial Puzzle","StrikeDummy","Sundial"],"acts_visited":["Exordium","TheCity"],"potions_floor_usage":[22,33,33],"damage_taken":[{"damage":0.0,"enemies":"Small Slimes","floor":1.0,"turns":3.0},{"damage":0.0,"enemies":"2 Louse","floor":3.0,"turns":5.0},{"damage":1.0,"enemies":"Jaw Worm","floor":4.0,"turns":4.0},{"damage":19.0,"enemies":"3 Sentries","floor":8.0,"turns":11.0},{"damage":12.0,"enemies":"Lagavulin","floor":12.0,"turns":7.0},{"damage":0.0,"enemies":"Looter","floor":13.0,"turns":5.0},{"damage":0.0,"enemies":"3 Sentries","floor":14.0,"turns":7.0},{"damage":16.0,"enemies":"Hexaghost","floor":16.0,"turns":6.0},{"damage":0,"enemies":"3 Byrds","floor":18,"turns":3},{"damage":0,"enemies":"Shell Parasite","floor":21,"turns":2},{"damage":7,"enemies":"Snake Plant","floor":22,"turns":4},{"damage":3,"enemies":"Cultist and Chosen","floor":24,"turns":5},{"damage":42,"enemies":"Gremlin Leader","floor":27,"turns":9},{"damage":0,"enemies":"Snecko","floor":29,"turns":3},{"damage":60,"enemies":"Automaton","floor":33,"turns":6}],"seed_played":"-4566709350288752965","potions_obtained":[{"floor":1.0,"key":"ShroomBrew"},{"floor":3.0,"key":"LiquidMemories"},{"floor":4.0,"key":"Fruit Juice"},{"floor":8.0,"key":"AttackPotion"},{"floor":12.0,"key":"Energy Potion"},{"floor":13.0,"key":"LiquidBronze"},{"floor":14.0,"key":"LiquidMemories"},{"floor":16.0,"key":"SkillPotion"},{"floor":18,"key":"SteroidPotion"},{"floor":18,"key":"Strength Potion"},{"floor":21,"key":"LiquidMemories"},{"floor":22,"key":"SteroidPotion"},{"floor":27,"key":"Block Potion"},{"floor":27,"key":"EntropicBrew"}],"is_trial":false,"path_per_floor":["M","$","M","M","?","R","?","E","T","?","R","E","M","E","R","B",null,"M","$","?","M","M","R","M","R","T","E","R","M","?","?","R","B"],"character_chosen":"MARISA","items_purchased":["TungstenRod","WitchOfGreed","Membership Card","Ice Cream","MagicBroom"],"campfire_rested":1,"item_purchase_floors":[2,2,19,19,19],"current_hp_per_floor":[68,68,68,72,62,62,48,29,29,53,53,46,46,56,56,40,65,65,65,53,53,51,51,48,48,48,6,29,29,29,29,29,0,0],"gold":194,"neow_bonus":"TWO_FIFTY_GOLD","is_daily":false,"chose_seed":false,"campfire_upgraded":6,"win_rate":0.0,"timestamp":1610890245,"path_taken":["M","$","M","M","?","R","?","E","T","?","R","E","M","E","R","BOSS","M","$","?","M","M","R","M","R","T","E","R","M","?","?","R","BOSS"],"items_purchased_type":["Relic","Card","Relic","Relic","Relic"],"build_version":"2020-12-22","purchased_purges":1,"victory":false,"max_hp_per_floor":[68,68,68,73,73,73,73,73,73,73,73,73,73,73,73,73,73,73,73,78,78,78,78,78,78,78,78,78,78,78,78,78,78,78],"card_choices":[{"not_picked":["OneTimeOff","MilkyWay"],"picked":"AsteroidBelt","floor":1.0},{"not_picked":["GalacticHalo","NonDirectionalLaser"],"picked":"DoubleSpark","floor":3.0},{"not_picked":["WitchLeyline","PropBag"],"picked":"EnergyFlow","floor":4.0},{"not_picked":["ManaConvection","GalacticHalo"],"picked":"MillisecondPulsars","floor":8.0},{"not_picked":["Acceleration","OrrerysSun"],"picked":"SporeBomb","floor":12.0},{"not_picked":["EarthLightRay","StarBarrage"],"picked":"AsteroidBelt","floor":13.0},{"not_picked":["MysteriousBeam","CasketOfStar"],"picked":"MagicAbsorber","floor":14.0},{"not_picked":["CasketOfStar","CollectingQuirk"],"picked":"TreasureHunter","floor":16.0},{"not_picked":["GalacticHalo","LuminesStrike"],"picked":"MysteriousBeam+1","floor":18},{"not_picked":["PowerUp","WitchLeyline"],"picked":"UnstableBomb","floor":21},{"not_picked":["SprinkleStarSeal","GrandCross"],"picked":"DarkMatter","floor":22},{"not_picked":["WitchOfGreed+1","6A","GravityBeat+1"],"picked":"SKIP","floor":24},{"not_picked":["UnstableBomb+1","BlazeAway","OneTimeOff"],"picked":"SKIP","floor":27},{"not_picked":["PowerUp","GalacticHalo","UnstableBomb"],"picked":"SKIP","floor":29}],"player_experience":2090035,"relics_obtained":[{"floor":8.0,"key":"Happy Flower"},{"floor":9.0,"key":"Toy Ornithopter"},{"floor":12.0,"key":"FossilizedHelix"},{"floor":14.0,"key":"Pen Nib"},{"floor":26,"key":"Centennial Puzzle"},{"floor":27,"key":"StrikeDummy"},{"floor":27,"key":"Sundial"}],"event_choices":[{"damage_healed":0.0,"max_hp_gain":0.0,"max_hp_loss":0.0,"gold_gain":75.0,"event_name":"World of Goop","player_choice":"Gather Gold","floor":5.0,"gold_loss":0.0,"damage_taken":11.0},{"damage_healed":0.0,"max_hp_gain":0.0,"max_hp_loss":0.0,"gold_gain":0.0,"event_name":"Shining Light","player_choice":"Entered Light","floor":7.0,"gold_loss":0.0,"damage_taken":15.0,"cards_upgraded":["Defend_MRS","Defend_MRS"]},{"damage_healed":24.0,"max_hp_gain":0.0,"max_hp_loss":0.0,"gold_gain":0.0,"event_name":"Big Fish","player_choice":"Banana","floor":10.0,"gold_loss":0.0,"damage_taken":0.0},{"damage_healed":0,"gold_gain":0,"player_choice":"Shed Blood","damage_taken":18,"max_hp_gain":5,"max_hp_loss":0,"event_name":"Forgotten Altar","floor":20,"gold_loss":0},{"damage_healed":0,"gold_gain":0,"cards_transformed":["Defend_MRS","Strike_MRS"],"player_choice":"Became Test Subject","damage_taken":0,"max_hp_gain":0,"max_hp_loss":0,"event_name":"Drug Dealer","floor":30,"gold_loss":0,"cards_obtained":["OneTimeOff","BinaryStars"]},{"damage_healed":0,"gold_gain":0,"player_choice":"Simplicity","damage_taken":0,"max_hp_gain":0,"max_hp_loss":0,"event_name":"Back to Basics","floor":31,"gold_loss":0,"cards_upgraded":["Strike_MRS","Strike_MRS","Strike_MRS"]}],"is_beta":false,"boss_relics":[{"not_picked":["Runic Dome","Runic Pyramid"],"picked":"ExperimentalFamiliar"}],"items_purged_floors":[19],"is_endless":false,"potions_floor_spawned":[1,8,13,18,27,29],"killed_by":"Automaton","ascension_level":6}}