{"host":"zjnmjbs15rdpqnz9","time":1610849592,"event":{"mods":["BaseMod","Minty Spire (QoL Compilation)"],"gold_per_floor":[112,127,137,153,153,153,185,32,58,58,58,78,78,109,109,185,185,198,198,209,237,152,152,152],"floor_reached":23,"language":"ENG","playtime":603,"items_purged":["Strike_G"],"score":398,"play_id":"d5041a7a-8330-4624-8cd7-084d18eb9a73","local_time":"20210116191312","is_ascension_mode":true,"campfire_choices":[{"data":"Bouncing Flask","floor":6,"key":"SMITH"},{"data":"Crippling Poison","floor":11,"key":"SMITH"},{"data":"Poisoned Stab","floor":13,"key":"SMITH"},{"floor":15,"key":"REST"}],"circlet_count":0,"master_deck":["AscendersBane","Strike_G","Strike_G","Defend_G","Defend_G","Defend_G","Defend_G","Defend_G","Survivor","Neutralize+1","Blade Dance","Infinite Blades","Flying Knee+1","Bouncing Flask+1","Poisoned Stab+1","Crippling Poison+1","Parasite","PiercingWail","Heel Hook","Die Die Die","Heel Hook","Deadly Poison+1","Cloak And Dagger+1"],"relics":["Ring of the Snake","NeowsBlessing","Orichalcum","Bronze Scales","Whetstone","Empty Cage","Red Mask","Boot"],"acts_visited":["Exordium","TheCity"],"potions_floor_usage":[16,21],"damage_taken":[{"damage":0,"enemies":"Cultist","floor":1,"turns":1},{"damage":0,"enemies":"2 Louse","floor":2,"turns":1},{"damage":0,"enemies":"Jaw Worm","floor":3,"turns":1},{"damage":14,"enemies":"Exordium Thugs","floor":4,"turns":4},{"damage":25,"enemies":"Lagavulin","floor":7,"turns":6},{"damage":9,"enemies":"Large Slime","floor":12,"turns":4},{"damage":17,"enemies":"Gremlin Nob","floor":14,"turns":4},{"damage":4,"enemies":"Hexaghost","floor":16,"turns":9},{"damage":22,"enemies":"Shell Parasite","floor":18,"turns":5},{"damage":0,"enemies":"Chosen","floor":20,"turns":4},{"damage":11,"enemies":"Masked Bandits","floor":21,"turns":2},{"damage":26,"enemies":"Book of Stabbing","floor":23,"turns":3}],"seed_played":"-1232743844329902037","potions_obtained":[{"floor":2,"key":"SneckoOil"},{"floor":3,"key":"EssenceOfSteel"},{"floor":16,"key":"DuplicationPotion"}],"is_trial":false,"path_per_floor":["M","M","M","M","?","R","E","$","T","?","R","M","R","E","R","B",null,"M","?","M","?","?","E"],"character_chosen":"THE_SILENT","items_purchased":["Crippling Poison"],"campfire_rested":1,"item_purchase_floors":[8],"current_hp_per_floor":[59,59,59,45,45,45,20,20,20,36,36,27,27,10,29,25,56,34,34,34,23,23,0,0],"gold":152,"neow_bonus":"THREE_ENEMY_KILL","is_daily":false,"chose_seed":false,"campfire_upgraded":3,"win_rate":0.0,"timestamp":1610849592,"path_taken":["M","M","?","M","?","R","E","$","T","?","R","?","R","E","R","BOSS","M","?","M","?","?","E"],"items_purchased_type":["Card"],"build_version":"2020-12-22","purchased_purges":1,"victory":false,"max_hp_per_floor":[66,66,66,66,66,66,66,66,66,66,66,66,66,66,66,66,66,66,66,66,66,66,66,66],"card_choices":[{"not_picked":["Dodge and Roll","Slice"],"picked":"Blade Dance","floor":1},{"not_picked":["Quick Slash","Flying Knee"],"picked":"Infinite Blades","floor":2},{"not_picked":["Catalyst","Infinite Blades"],"picked":"Flying Knee","floor":3},{"not_picked":["Bullet Time","Heel Hook"],"picked":"Bouncing Flask","floor":4},{"not_picked":["Deadly Poison","Deflect"],"picked":"Poisoned Stab","floor":7},{"not_picked":["Escape Plan","Flying Knee"],"picked":"PiercingWail","floor":12},{"not_picked":["Tactician","Flechettes"],"picked":"Heel Hook","floor":14},{"not_picked":["Doppelganger","Grand Finale"],"picked":"Die Die Die","floor":16},{"not_picked":["Quick Slash","Reflex"],"picked":"Heel Hook","floor":18},{"not_picked":["Reflex","Choke"],"picked":"Deadly Poison+1","floor":20},{"not_picked":["Outmaneuver","Infinite Blades"],"picked":"Cloak And Dagger+1","floor":21}],"player_experience":852187,"relics_obtained":[{"floor":7,"key":"Orichalcum"},{"floor":9,"key":"Bronze Scales"},{"floor":14,"key":"Whetstone"},{"floor":21,"key":"Red Mask"}],"event_choices":[{"damage_healed":0,"gold_gain":0,"player_choice":"Ignored","damage_taken":0,"max_hp_gain":0,"max_hp_loss":0,"event_name":"Shining Light","floor":5,"gold_loss":0},{"damage_healed":16,"gold_gain":0,"player_choice":"Healed and dodged fight","damage_taken":0,"max_hp_gain":0,"max_hp_loss":0,"event_name":"Mushrooms","floor":10,"gold_loss":0,"cards_obtained":["Parasite"]},{"damage_healed":0,"gold_gain":0,"player_choice":"Ignored","damage_taken":0,"max_hp_gain":0,"max_hp_loss":0,"event_name":"Vampires","floor":19,"gold_loss":0},{"damage_healed":0,"gold_gain":0,"player_choice":"Fought Bandits","damage_taken":0,"max_hp_gain":0,"max_hp_loss":0,"event_name":"Masked Bandits","floor":21,"gold_loss":0},{"damage_healed":0,"gold_gain":0,"player_choice":"Obtained Relic","damage_taken":0,"relics_obtained":["Boot"],"max_hp_gain":0,"max_hp_loss":0,"event_name":"Addict","floor":22,"gold_loss":85}],"is_beta":false,"boss_relics":[{"not_picked":["Busted Crown","Runic Dome"],"picked":"Empty Cage"}],"items_purged_floors":[8],"is_endless":false,"potions_floor_spawned":[2,3,12,16,18,20],"killed_by":"Book of Stabbing","ascension_level":20}}