{"host":"6p0attdrtjqaih7v","time":1610884707,"event":{"mods":["2.2 Compatiblity","AchievementEnabler","Bard","BaseMod","Better Skull","Better Third Choice","Colored Powertips","Hermit","Highlight Path","Jorbs\u0027s Wanderer Trilogy","Key Reminder","Minty Spire (QoL Compilation)","Permanent Neow","Quick Restart","Random Character Button","Relic Stats","Replay The Spire","Robot Space Explorer","StSLib"],"gold_per_floor":[110,185,205,59,59,89,105,105,130,173,38,69,69,104,104,199,199,210,228,248,18,18,18,50,74,74,74,74,85,85,103,103,201,201,218,3,3,16,16,45,45,77,77,95,95,127,36,48,48,48],"floor_reached":51,"language":"ENG","playtime":2575,"items_purged":["RobotSpaceExplorer:Strike"],"score":1291,"play_id":"7ea5b3cb-cb94-412a-b897-57b7c199ba8f","local_time":"20210117065827","is_ascension_mode":true,"campfire_choices":[{"data":"RobotSpaceExplorer:MiniLasers","floor":8,"key":"SMITH"},{"data":"RobotSpaceExplorer:HighVoltage","floor":15,"key":"SMITH"},{"data":"RobotSpaceExplorer:DoubleBlock","floor":23,"key":"SMITH"},{"data":"RobotSpaceExplorer:PowerGlove","floor":30,"key":"SMITH"},{"data":"RobotSpaceExplorer:IronShell","floor":32,"key":"SMITH"},{"data":"RobotSpaceExplorer:Blaster","floor":41,"key":"SMITH"},{"data":"RobotSpaceExplorer:SelfCleaning","floor":45,"key":"SMITH"},{"data":"RobotSpaceExplorer:Accelerator","floor":49,"key":"SMITH"}],"circlet_count":0,"master_deck":["RobotSpaceExplorer:Defend+1","RobotSpaceExplorer:Defend","RobotSpaceExplorer:Defend","RobotSpaceExplorer:Defend","RobotSpaceExplorer:Scan","RobotSpaceExplorer:MiniLasers+1","Seek+1","RobotSpaceExplorer:MetalStrike","RobotSpaceExplorer:DoubleBlock+1","RobotSpaceExplorer:SelfCleaning+1","RobotSpaceExplorer:HighVoltage+1","RobotSpaceExplorer:PowerGlove+1","RobotSpaceExplorer:MiniDrones","RobotSpaceExplorer:Accelerator+1","RobotSpaceExplorer:RigExplosive+1","RobotSpaceExplorer:Probe+1","RobotSpaceExplorer:SurgingStrike","RobotSpaceExplorer:ScrapToss","Bite","Bite","Bite","Bite","Bite","RobotSpaceExplorer:SwiftStep+1","RobotSpaceExplorer:IronShell+1","RobotSpaceExplorer:Blaster+1","RobotSpaceExplorer:FrostMissile+1","RobotSpaceExplorer:ScrapToss","Impatience","RobotSpaceExplorer:Electroshield+1","RobotSpaceExplorer:LuckyStrike+1","RobotSpaceExplorer:SwiftStep+1","Flash of Steel","RobotSpaceExplorer:LuckyStrike+1"],"relics":["RobotSpaceExplorer:RoboCore","MealTicket","Sling","War Paint","PreservedInsect","MawBank","Tiny Chest","Bag of Preparation","Shuriken","Matryoshka","keyreminder:keyreminder","Coffee Dripper","Iron Hammer","RobotSpaceExplorer:FoglandsKnife","Centennial Puzzle","Art of War","Toy Ornithopter","Black Star","Lizard Tail","Anchor","ReplayTheSpireMod:Lightbulb","Quantum Egg","Strawberry","Meat on the Bone","Ancient Tea Set","Mercury Hourglass"],"acts_visited":["Exordium","TheCity","TheBeyond"],"potions_floor_usage":[6,6,14,16,16,16,19,19,29,29,29,33,33,35,40,42,44,44,44,50,50,50],"damage_taken":[{"damage":6,"enemies":"Jaw Worm","floor":1,"turns":4},{"damage":0,"enemies":"Small Slimes","floor":3,"turns":2},{"damage":7,"enemies":"Lagavulin","floor":6,"turns":5},{"damage":0,"enemies":"Cultist","floor":7,"turns":2},{"damage":3,"enemies":"Gremlin Nob","floor":10,"turns":3},{"damage":6,"enemies":"Lagavulin","floor":12,"turns":5},{"damage":0,"enemies":"Replay:BlueRogue","floor":14,"turns":3},{"damage":37,"enemies":"Slime Boss","floor":16,"turns":10},{"damage":0,"enemies":"3 Byrds","floor":18,"turns":4},{"damage":5,"enemies":"2 Thieves","floor":19,"turns":4},{"damage":6,"enemies":"Centurion and Healer","floor":20,"turns":4},{"damage":0,"enemies":"Gremlin Leader","floor":24,"turns":2},{"damage":0,"enemies":"Snecko","floor":29,"turns":3},{"damage":0,"enemies":"Snake Plant","floor":31,"turns":2},{"damage":63,"enemies":"Collector","floor":33,"turns":8},{"damage":13,"enemies":"3 Shapes","floor":35,"turns":8},{"damage":1,"enemies":"3 Darklings","floor":38,"turns":3},{"damage":24,"enemies":"Reptomancer","floor":40,"turns":5},{"damage":18,"enemies":"R_Hoarder","floor":42,"turns":6},{"damage":3,"enemies":"Transient","floor":44,"turns":5},{"damage":0,"enemies":"Giant Head","floor":46,"turns":3},{"damage":0,"enemies":"Spire Growth","floor":48,"turns":4},{"damage":10,"enemies":"Awakened One","floor":50,"turns":10}],"seed_played":"-5105538922519680506","potions_obtained":[{"floor":3,"key":"EntropicBrew"},{"floor":7,"key":"AttackPotion"},{"floor":14,"key":"SpeedPotion"},{"floor":18,"key":"SpeedPotion"},{"floor":38,"key":"FairyPotion"},{"floor":42,"key":"EssenceOfSteel"},{"floor":44,"key":"Block Potion"}],"is_trial":false,"path_per_floor":["M","?","M","$","?","E","M","R","T","E","$","E","T","E","R","B",null,"M","M","M","$","?","R","E","T","T","$","?","M","R","M","R","B",null,"M","$","?","M","T","E","R","E","T","M","R","E","$","M","R","B",null],"character_chosen":"RobotSpaceExplorer","items_purchased":["Sling","RobotSpaceExplorer:HighVoltage","RobotSpaceExplorer:ScrapToss","Blood Vial","RobotSpaceExplorer:ScrapToss","Impatience","Strength Potion","Flash of Steel"],"campfire_rested":0,"item_purchase_floors":[4,11,21,21,36,36,36,47],"current_hp_per_floor":[62,51,51,66,49,42,42,42,42,39,54,48,48,48,48,11,59,59,54,48,63,63,63,69,69,69,75,61,80,80,80,80,41,70,67,80,80,80,80,64,64,76,76,86,86,87,87,87,87,87],"gold":48,"neow_bonus":"RANDOM_COMMON_RELIC","is_daily":false,"chose_seed":false,"campfire_upgraded":8,"win_rate":0.0,"timestamp":1610884707,"path_taken":["M","?","M","$","?","E","?","R","T","E","$","E","?","E","R","BOSS","M","M","?","$","?","R","E","?","T","?","?","M","R","M","R","BOSS","M","$","?","M","?","E","R","E","T","M","R","E","?","M","R","BOSS"],"items_purchased_type":["Relic","Card","Card","Relic","Card","Card","Potion","Card"],"build_version":"2020-12-22","purchased_purges":1,"victory":true,"max_hp_per_floor":[75,75,75,75,75,75,75,75,75,75,75,75,75,75,75,75,75,75,75,75,75,75,75,75,75,75,75,80,80,80,80,80,80,80,80,80,80,80,80,80,80,87,87,87,87,87,87,87,87,87],"relic_stats":{"counters":[23,105],"PreservedInsect":402,"Bag of Preparation":[34],"War Paint":["RobotSpaceExplorer:Defend","Seek"],"MawBank":24,"Mercury Hourglass":[51],"Centennial Puzzle":[18],"Lizard Tail":0,"Shuriken":[63],"MealTicket":64,"Tiny Chest":2,"Art of War":[2],"Black Star":3,"obtain_stats":[{"Bag of Preparation":12,"Sling":4,"Ancient Tea Set":46,"Blood Vial":21,"Centennial Puzzle":25,"Lizard Tail":39,"Matryoshka":14,"Strawberry":42,"MealTicket":0,"Tiny Chest":10,"Iron Hammer":24,"Quantum Egg":42,"RobotSpaceExplorer:RoboCore":0,"PreservedInsect":6,"War Paint":5,"MawBank":9,"Mercury Hourglass":46,"keyreminder:keyreminder":14,"RobotSpaceExplorer:FoglandsKnife":25,"Anchor":40,"Shuriken":13,"Coffee Dripper":17,"Art of War":26,"Black Star":34,"ReplayTheSpireMod:Lightbulb":40,"Toy Ornithopter":26,"Meat on the Bone":43},{"Bag of Preparation":6,"Sling":2,"Ancient Tea Set":21,"Blood Vial":11,"Centennial Puzzle":12,"Lizard Tail":17,"Matryoshka":7,"Strawberry":19,"MealTicket":0,"Tiny Chest":5,"Iron Hammer":12,"Quantum Egg":19,"RobotSpaceExplorer:RoboCore":0,"PreservedInsect":3,"War Paint":2,"MawBank":4,"Mercury Hourglass":21,"keyreminder:keyreminder":7,"RobotSpaceExplorer:FoglandsKnife":12,"Anchor":18,"Shuriken":6,"Coffee Dripper":8,"Art of War":12,"Black Star":15,"ReplayTheSpireMod:Lightbulb":18,"Toy Ornithopter":12,"Meat on the Bone":19},{"Bag of Preparation":21,"Sling":6,"Ancient Tea Set":91,"Blood Vial":46,"Centennial Puzzle":48,"Lizard Tail":72,"Matryoshka":24,"Strawberry":83,"MealTicket":0,"Tiny Chest":16,"Iron Hammer":48,"Quantum Egg":83,"RobotSpaceExplorer:RoboCore":0,"PreservedInsect":11,"War Paint":6,"MawBank":13,"Mercury Hourglass":91,"keyreminder:keyreminder":24,"RobotSpaceExplorer:FoglandsKnife":48,"Anchor":77,"Shuriken":21,"Coffee Dripper":34,"Art of War":48,"Black Star":61,"ReplayTheSpireMod:Lightbulb":77,"Toy Ornithopter":48,"Meat on the Bone":83}],"Toy Ornithopter":29,"Meat on the Bone":0},"card_choices":[{"not_picked":["RobotSpaceExplorer:Electroshield","RobotSpaceExplorer:TurboDodge"],"picked":"RobotSpaceExplorer:BigMissile","floor":1},{"not_picked":["RobotSpaceExplorer:FreezingShield","RobotSpaceExplorer:FranticSearch"],"picked":"RobotSpaceExplorer:SurgingStrike","floor":3},{"not_picked":["RobotSpaceExplorer:Explosion","RobotSpaceExplorer:SwiftStep"],"picked":"RobotSpaceExplorer:MetalStrike","floor":6},{"not_picked":["RobotSpaceExplorer:Counterblock","RobotSpaceExplorer:FreezeRay"],"picked":"RobotSpaceExplorer:DoubleBlock","floor":7},{"not_picked":["RobotSpaceExplorer:ToxicBomb","RobotSpaceExplorer:ImprovisedAttack"],"picked":"RobotSpaceExplorer:SelfCleaning","floor":10},{"not_picked":["RobotSpaceExplorer:SlimeMissile","RobotSpaceExplorer:ExhaustFan"],"picked":"RobotSpaceExplorer:PowerGlove","floor":12},{"not_picked":["RobotSpaceExplorer:ShovelStrike","RobotSpaceExplorer:Explosion"],"picked":"RobotSpaceExplorer:MiniDrones","floor":14},{"not_picked":["RobotSpaceExplorer:Exploration","RobotSpaceExplorer:Autoloader"],"picked":"RobotSpaceExplorer:Accelerator","floor":16},{"not_picked":["RobotSpaceExplorer:Fix","RobotSpaceExplorer:ImprovisedAttack"],"picked":"RobotSpaceExplorer:RigExplosive+1","floor":18},{"not_picked":["RobotSpaceExplorer:MiniBoosters","RobotSpaceExplorer:Fix"],"picked":"RobotSpaceExplorer:Probe+1","floor":19},{"not_picked":["RobotSpaceExplorer:Counterblock+1","RobotSpaceExplorer:TurboDodge"],"picked":"RobotSpaceExplorer:SurgingStrike","floor":20},{"not_picked":["RobotSpaceExplorer:ScrapMissile","RobotSpaceExplorer:SurgingShield"],"picked":"RobotSpaceExplorer:SwiftStep+1","floor":24},{"not_picked":["RobotSpaceExplorer:ScrapMissile","RobotSpaceExplorer:ShockKick+1","RobotSpaceExplorer:DoubleBlock"],"picked":"SKIP","floor":29},{"not_picked":["RobotSpaceExplorer:MiniBoosters","RobotSpaceExplorer:Ammunition"],"picked":"RobotSpaceExplorer:IronShell","floor":31},{"not_picked":["RobotSpaceExplorer:Scanner","RobotSpaceExplorer:DroneSwarm"],"picked":"RobotSpaceExplorer:Blaster","floor":33},{"not_picked":["RobotSpaceExplorer:Ammunition","RobotSpaceExplorer:StunGrenade"],"picked":"RobotSpaceExplorer:FrostMissile+1","floor":35},{"not_picked":["RobotSpaceExplorer:Ammunition+1","RobotSpaceExplorer:SurgingShield+1"],"picked":"RobotSpaceExplorer:Electroshield+1","floor":38},{"not_picked":["RobotSpaceExplorer:ScrapMissile+1","RobotSpaceExplorer:GlueSpray"],"picked":"RobotSpaceExplorer:LuckyStrike+1","floor":40},{"not_picked":["RobotSpaceExplorer:SurgingStrike+1","RobotSpaceExplorer:GlueSpray+1"],"picked":"RobotSpaceExplorer:Wormhole","floor":42},{"not_picked":["RobotSpaceExplorer:FrostMissile+1","RobotSpaceExplorer:SurgingStrike+1","RobotSpaceExplorer:ScrapMissile"],"picked":"SKIP","floor":44},{"not_picked":["RobotSpaceExplorer:SurgingShield","RobotSpaceExplorer:ScrapMissile"],"picked":"RobotSpaceExplorer:SwiftStep+1","floor":46},{"not_picked":["RobotSpaceExplorer:SurgingShield+1","RobotSpaceExplorer:Smokescreen"],"picked":"RobotSpaceExplorer:LuckyStrike+1","floor":48}],"player_experience":866621,"relics_obtained":[{"floor":6,"key":"PreservedInsect"},{"floor":9,"key":"MawBank"},{"floor":10,"key":"Tiny Chest"},{"floor":12,"key":"Bag of Preparation"},{"floor":13,"key":"Shuriken"},{"floor":14,"key":"Matryoshka"},{"floor":24,"key":"Iron Hammer"},{"floor":25,"key":"RobotSpaceExplorer:FoglandsKnife"},{"floor":25,"key":"Centennial Puzzle"},{"floor":26,"key":"Art of War"},{"floor":26,"key":"Toy Ornithopter"},{"floor":39,"key":"Lizard Tail"},{"floor":40,"key":"Anchor"},{"floor":40,"key":"ReplayTheSpireMod:Lightbulb"},{"floor":42,"key":"Quantum Egg"},{"floor":42,"key":"Strawberry"},{"floor":43,"key":"Meat on the Bone"},{"floor":46,"key":"Ancient Tea Set"},{"floor":46,"key":"Mercury Hourglass"}],"event_choices":[{"damage_healed":0,"gold_gain":75,"player_choice":"Gather Gold","damage_taken":11,"max_hp_gain":0,"max_hp_loss":0,"event_name":"World of Goop","floor":2,"gold_loss":0},{"damage_healed":0,"gold_gain":0,"player_choice":"Became a vampire (Vial)","damage_taken":0,"max_hp_gain":0,"max_hp_loss":0,"event_name":"Vampires","floor":22,"relics_lost":["Blood Vial"],"gold_loss":0,"cards_obtained":["Bite","Bite","Bite","Bite","Bite"]},{"damage_healed":0,"gold_gain":0,"player_choice":"Shed Blood","damage_taken":19,"max_hp_gain":5,"max_hp_loss":0,"event_name":"Forgotten Altar","floor":28,"gold_loss":0},{"cards_removed":["RobotSpaceExplorer:BigMissile"],"damage_healed":0,"gold_gain":0,"player_choice":"Removed Attack","damage_taken":0,"max_hp_gain":0,"max_hp_loss":0,"event_name":"Falling","floor":37,"gold_loss":0}],"is_beta":false,"boss_relics":[{"not_picked":["Replay:Bronze Core","Abe\u0027s Treasure"],"picked":"Coffee Dripper"},{"not_picked":["Busted Crown","Runic Dome"],"picked":"Black Star"}],"items_purged_floors":[11],"is_endless":false,"potions_floor_spawned":[3,7,14,18,38,42,44],"ascension_level":9}}