{"host":"knduvrfsmt572yyo","time":1610879756,"event":{"mods":["AchievementEnabler","BaseMod","Bestiary","Better Match","Better Note","Better Skull","Better Third Choice","Colored Powertips","Minty Spire (QoL Compilation)","Permanent Neow","Quick Restart","Spicy Shops","StSLib","Thieving Mod","Waifu the Spire","everything is the same but u backflip on backflip"],"gold_per_floor":[112,62,74,89,89,89,124,124,124,143,158,189,199,14,14,113,113,126,139,189,16,30,30,30],"floor_reached":23,"language":"ENG","playtime":814,"items_purged":[],"score":254,"play_id":"7c697ffa-30e4-4704-ae4c-01151021f634","local_time":"20210117133556","is_ascension_mode":true,"campfire_choices":[{"data":"Thunderclap","floor":6,"key":"SMITH"},{"floor":8,"key":"REST"},{"floor":15,"key":"REST"}],"circlet_count":0,"master_deck":["Strike_R","Strike_R","Strike_R","Strike_R","Defend_R","Defend_R","Defend_R","Bash","Flex","Cleave","Thunderclap+1","Warcry","Dropkick","Anger","Intimidate","Shrug It Off","Spot Weakness","Limit Break","CurseOfTheBell","Flex+1","Flame Barrier+1","Inflame","Shrug It Off"],"relics":["Burning Blood","Art of War","Happy Flower","Letter Opener","Juzu Bracelet","Membership Card","TheAbacus","Calling Bell","Omamori","Pantograph","Turnip","Calipers"],"acts_visited":["Exordium","TheCity"],"potions_floor_usage":[16],"damage_taken":[{"damage":7,"enemies":"Small Slimes","floor":1,"turns":3},{"damage":7,"enemies":"Jaw Worm","floor":3,"turns":3},{"damage":0,"enemies":"2 Louse","floor":4,"turns":2},{"damage":61,"enemies":"Lagavulin","floor":7,"turns":7},{"damage":25,"enemies":"Exordium Thugs","floor":10,"turns":3},{"damage":12,"enemies":"2 Fungi Beasts","floor":11,"turns":2},{"damage":13,"enemies":"Gremlin Nob","floor":12,"turns":4},{"damage":0,"enemies":"Exordium Wildlife","floor":13,"turns":1},{"damage":25,"enemies":"The Guardian","floor":16,"turns":9},{"damage":19,"enemies":"2 Thieves","floor":18,"turns":3},{"damage":31,"enemies":"Shell Parasite","floor":19,"turns":5},{"damage":17,"enemies":"Sentry and Sphere","floor":22,"turns":5},{"damage":21,"enemies":"Book of Stabbing","floor":23,"turns":2}],"seed_played":"-7260461105800668577","potions_obtained":[{"floor":4,"key":"LiquidBronze"},{"floor":7,"key":"Energy Potion"},{"floor":10,"key":"SmokeBomb"},{"floor":13,"key":"SteroidPotion"},{"floor":19,"key":"Fire Potion"}],"is_trial":false,"path_per_floor":["M","?","M","M","?","R","E","R","T","M","M","E","M","$","R","B",null,"M","M","?","$","M","E"],"character_chosen":"IRONCLAD","items_purchased":["Membership Card","TheAbacus","Calipers","Inflame"],"campfire_rested":2,"item_purchase_floors":[14,14,21,21],"current_hp_per_floor":[79,79,78,80,80,80,25,49,49,30,24,17,23,23,47,28,67,54,29,29,29,18,0,0],"gold":30,"neow_bonus":"RANDOM_COMMON_RELIC","is_daily":false,"chose_seed":false,"campfire_upgraded":1,"win_rate":0.0,"timestamp":1610879756,"path_taken":["M","?","M","M","?","R","E","R","T","M","M","E","M","$","R","BOSS","M","M","?","?","M","E"],"items_purchased_type":["Relic","Relic","Relic","Card"],"build_version":"2020-12-22","purchased_purges":0,"victory":false,"max_hp_per_floor":[80,80,80,80,80,80,80,80,80,80,80,80,80,80,80,80,80,80,80,80,80,80,80,80],"card_choices":[{"not_picked":["Wild Strike","Shockwave"],"picked":"Flex","floor":1},{"not_picked":["Seeing Red","True Grit"],"picked":"Cleave","floor":3},{"not_picked":["Fire Breathing","Battle Trance"],"picked":"Thunderclap","floor":4},{"not_picked":["Wild Strike","Second Wind"],"picked":"Dropkick","floor":7},{"not_picked":["Sentinel","Feel No Pain"],"picked":"Anger","floor":10},{"not_picked":["Reckless Charge","Impervious"],"picked":"Intimidate","floor":11},{"not_picked":["Double Tap","Thunderclap"],"picked":"Shrug It Off","floor":12},{"not_picked":["Whirlwind","Armaments"],"picked":"Spot Weakness","floor":13},{"not_picked":["Barricade","Impervious"],"picked":"Limit Break","floor":16},{"not_picked":["Headbutt+1","Combust+1"],"picked":"Flex+1","floor":18},{"not_picked":["Reckless Charge","Heavy Blade"],"picked":"Flame Barrier+1","floor":19},{"not_picked":["Warcry","Twin Strike"],"picked":"Shrug It Off","floor":22}],"player_experience":305699,"relics_obtained":[{"floor":7,"key":"Happy Flower"},{"floor":9,"key":"Letter Opener"},{"floor":12,"key":"Juzu Bracelet"},{"floor":17,"key":"Omamori"},{"floor":17,"key":"Pantograph"},{"floor":17,"key":"Turnip"}],"event_choices":[{"cards_removed":["Strike_R"],"damage_healed":0,"gold_gain":0,"player_choice":"Card Removal","damage_taken":0,"max_hp_gain":0,"max_hp_loss":0,"event_name":"The Cleric","floor":2,"gold_loss":50},{"damage_healed":0,"gold_gain":0,"cards_transformed":["Defend_R"],"player_choice":"Change","damage_taken":0,"max_hp_gain":0,"max_hp_loss":0,"event_name":"Living Wall","floor":5,"gold_loss":0,"cards_obtained":["Warcry"]},{"damage_healed":0,"gold_gain":100,"player_choice":"Bet on Murderer","damage_taken":0,"max_hp_gain":0,"max_hp_loss":0,"event_name":"The Joust","floor":20,"gold_loss":50}],"is_beta":false,"boss_relics":[{"not_picked":["Busted Crown","SlaversCollar"],"picked":"Calling Bell"}],"items_purged_floors":[],"is_endless":false,"potions_floor_spawned":[4,7,10,13,19,22],"killed_by":"Book of Stabbing","ascension_level":5}}