{"host":"m6aaltr68g9tvoay","time":1610856390,"event":{"mods":["AchievementEnabler","BaseMod","Colored Map","Downfall","Minty Spire (QoL Compilation)","StSLib"],"gold_per_floor":[99,115,127,127,34,60,60,45,45,220,240,259,159,189,189,189,189],"floor_reached":16,"language":"ENG","playtime":1139,"items_purged":[],"score":154,"play_id":"57cb5bec-c3be-4b45-894d-a87c6f78f32e","local_time":"20210116200630","is_ascension_mode":true,"campfire_choices":[{"floor":1,"key":"RECALL"},{"floor":9,"key":"REST"},{"floor":13,"key":"REST"}],"circlet_count":0,"master_deck":["sneckomod:Strike","sneckomod:Strike","sneckomod:Strike","sneckomod:Defend","sneckomod:Defend","sneckomod:Defend","sneckomod:TailWhip","sneckomod:SnekBite","sneckomod:Unknown","sneckomod:Unknown","sneckomod:UnknownVulnerable","sneckomod:WideSting","sneckomod:UnknownRarePower","sneckomod:CheapStock","sneckomod:UnknownRareAttack","sneckomod:IronFang","Doubt","sneckomod:DiceCrush","sneckomod:UnknownStrength","sneckomod:Transmogrify"],"relics":["sneckomod:SneckoSoul","Potion Belt","downfall:BrokenWingStatue","Ginger","downfall:HeartBlessingRed","Vajra"],"acts_visited":["Exordium"],"potions_floor_usage":[13,15,16],"damage_taken":[{"damage":7,"enemies":"Small Slimes","floor":2,"turns":3},{"damage":10,"enemies":"2 Louse","floor":3,"turns":3},{"damage":0,"enemies":"downfall:FleeingMerchant","floor":5,"turns":4},{"damage":56,"enemies":"3 Sentries","floor":6,"turns":8},{"damage":5,"enemies":"downfall:FleeingMerchant","floor":8,"turns":4},{"damage":0,"enemies":"Jaw Worm","floor":11,"turns":5},{"damage":42,"enemies":"Gremlin Gang","floor":12,"turns":5},{"damage":26,"enemies":"Gremlin Nob","floor":14,"turns":4},{"damage":0,"enemies":"Blue Slaver","floor":15,"turns":1},{"damage":40,"enemies":"IC_STATUS_ARCHETYPE","floor":16,"turns":8}],"seed_played":"8794216835082843968","potions_obtained":[{"floor":2,"key":"sneckomod:CheatPotion"},{"floor":6,"key":"SmokeBomb"},{"floor":11,"key":"EssenceOfSteel"},{"floor":12,"key":"Fruit Juice"}],"is_trial":false,"path_per_floor":["R","M","M","?","$","E","T","$","R","?","M","M","R","E","M","B"],"character_chosen":"THE_SNECKO","items_purchased":["sneckomod:CheapStock"],"campfire_rested":2,"item_purchase_floors":[5],"current_hp_per_floor":[81,74,64,64,64,8,8,3,45,45,45,11,58,32,32,0,0],"gold":189,"neow_bonus":"RANDOM_COMMON_RELIC","is_daily":false,"chose_seed":false,"campfire_upgraded":0,"win_rate":0.0,"timestamp":1610856390,"path_taken":["R","M","M","?","$","E","T","$","R","?","M","M","R","E","M","BOSS"],"items_purchased_type":["Card"],"build_version":"2020-12-22","purchased_purges":0,"victory":false,"max_hp_per_floor":[90,90,90,90,90,90,90,90,90,90,90,90,95,95,95,95,95],"card_choices":[{"not_picked":["sneckomod:UnknownCommonSkill","sneckomod:SoulRoll"],"picked":"sneckomod:UnknownVulnerable","floor":2},{"not_picked":["sneckomod:SoulDraw","sneckomod:Memorize"],"picked":"sneckomod:WideSting","floor":3},{"not_picked":["sneckomod:UnknownStrike","sneckomod:Unknown1Cost"],"picked":"sneckomod:UnknownRarePower","floor":5},{"not_picked":["sneckomod:IronFang","sneckomod:UnknownDraw"],"picked":"sneckomod:UnknownRareAttack","floor":6},{"not_picked":["sneckomod:Unknown1Cost","sneckomod:MasterEye"],"picked":"sneckomod:IronFang","floor":8},{"not_picked":["sneckomod:QuickMove","sneckomod:UnknownDraw"],"picked":"sneckomod:DiceCrush","floor":11},{"not_picked":["sneckomod:Cheat","sneckomod:SoulRoll"],"picked":"sneckomod:UnknownStrength","floor":12},{"not_picked":["sneckomod:DiceBlock","sneckomod:SoulExchange"],"picked":"sneckomod:Transmogrify","floor":14}],"player_experience":1812696,"relics_obtained":[{"floor":6,"key":"Regal Pillow"},{"floor":7,"key":"Ginger"},{"floor":14,"key":"Vajra"}],"event_choices":[],"is_beta":false,"boss_relics":[],"items_purged_floors":[],"is_endless":false,"potions_floor_spawned":[2,6,11,12,15],"killed_by":"IC_STATUS_ARCHETYPE","ascension_level":8}}