{"host":"bxdue9bkfm2khp2x","time":1610872190,"event":{"mods":["ATMod(阿瑾Mod)","Arknights The Spire","Aspiration","BaseMod","Better Vampires","Challenge The Spire","Colored Map","Colored Powertips","Conspire","Decade(王小明)","Dota2Spire","Highlight Path","Minty Spire (QoL Compilation)","MostiFishMod","Remilia（蕾米莉亚）","Replay The Spire","RumiaBox-露米娅的神秘盒子","Ryuuou龙王","Spicy Shops","StSLib","Td1madao Mod","The Alterego","The Bug Knight","The Cursed","The Servant 0.9.4","WarShipGirlsR/战舰少女R mod","noobMod","vexMod","【功能Mod】混沌之环修复补丁","【遗物卡牌】REMEMod","篝火指南"],"gold_per_floor":[119,155,174,174,222,222,247,287,359,359,359,359,372,3,3,104,104,116,132,146,39,50,78,78,89,113,147,507,258,278,292,292,392,392,404,419,419,419,433,433,467,467,493,18,18,32,48,148,148,148,148],"floor_reached":50,"language":"ZHS","playtime":5438,"items_purged":["ats:Strike C","ats:Strike V","ats:Poison Spread","ats:Strike S"],"score":640,"play_id":"ff71b150-596f-42d9-9a3b-e85d8ab38968","local_time":"20210117162950","is_ascension_mode":true,"campfire_choices":[{"data":"AT_KneejerkReflex","floor":6.0,"key":"SMITH"},{"data":"ats:Emotion Absorption","floor":12.0,"key":"SMITH"},{"data":"ats:Shell Defense","floor":15,"key":"SMITH"},{"data":"ats:Neurotoxin","floor":24,"key":"SMITH"},{"data":"ats:Calcification","floor":32,"key":"SMITH"},{"data":"ats:Echo Reverb","floor":40,"key":"SMITH"},{"data":"ats:Flexible Camouflage","floor":42,"key":"SMITH"},{"data":"ats:Armor Crushing Shot","floor":49,"key":"SMITH"}],"circlet_count":0,"master_deck":["ats:Armor Crushing Shot+1","ats:Defend","ats:Defend","ats:Emotion Absorption+1","ats:Nebulous Foxfire","AT_KneejerkReflex+1","ats:Poison Spread","ats:Shell Defense+1","ats:Echo Reverb+1","ats:Neurotoxin+1","ats:Consecutive Shot Auto+1","ats:Flexible Camouflage+1","ats:Calcification+1","ats:Wolf Pack"],"relics":["ats:Sanity","DaveBox","REME_ComplimentaryCards","ice","AT_ATBox","ThornShield","SynthV:TestCard","SSSystem","Dota2Spire:MagicBottle","ats:Originium","Shuriken","Garlic","Ginger","Empty Cage","Blue Doll","Dota2Spire:LotusOrb","Red Mask","Replay:PocketPolymizer","ReplayFunnel","Membership Card","Dota2Spire:EchoSabre","ats:Snipe","PreservedInsect"],"acts_visited":["Exordium","TheCity","TheBeyond"],"potions_floor_usage":[23,23,25,27,27,30,31,33,33,39,50,50],"damage_taken":[{"damage":13.0,"enemies":"Jaw Worm","floor":1.0,"turns":6.0},{"damage":10.0,"enemies":"conspire:MimicChest","floor":2.0,"turns":5.0},{"damage":0.0,"enemies":"Small Slimes","floor":3.0,"turns":2.0},{"damage":6.0,"enemies":"HollowMod:MossKnight","floor":7.0,"turns":8.0},{"damage":0.0,"enemies":"Cultist","floor":8.0,"turns":4.0},{"damage":2.0,"enemies":"Looter","floor":13.0,"turns":4.0},{"damage":9,"enemies":"The Guardian","floor":16,"turns":7},{"damage":0,"enemies":"3 Byrds","floor":18,"turns":1},{"damage":0,"enemies":"Chosen","floor":19,"turns":4},{"damage":0,"enemies":"Snake Plant","floor":20,"turns":4},{"damage":0,"enemies":"Chosen and Byrds","floor":22,"turns":4},{"damage":23,"enemies":"Slavers","floor":23,"turns":4},{"damage":17,"enemies":"3 Cultists","floor":25,"turns":5},{"damage":9,"enemies":"Masked Bandits","floor":27,"turns":4},{"damage":4,"enemies":"Centurion and Healer","floor":30,"turns":7},{"damage":0,"enemies":"Snecko","floor":31,"turns":4},{"damage":30,"enemies":"Champ","floor":33,"turns":10},{"damage":13,"enemies":"3 Darklings","floor":35,"turns":4},{"damage":1,"enemies":"Orb Walker","floor":36,"turns":4},{"damage":12,"enemies":"Maw","floor":39,"turns":6},{"damage":48,"enemies":"Giant Head","floor":41,"turns":9},{"damage":5,"enemies":"Transient","floor":46,"turns":5},{"damage":0,"enemies":"Sphere and 2 Shapes","floor":47,"turns":4},{"damage":7,"enemies":"Donu and Deca","floor":50,"turns":5}],"seed_played":"-960922268379355764","potions_obtained":[{"floor":7.0,"key":"REME_GoldPotion"},{"floor":13.0,"key":"Ancient Potion"},{"floor":16,"key":"SkillPotion"},{"floor":19,"key":"Toxic Potion"},{"floor":22,"key":"Fire Potion"},{"floor":23,"key":"Weak Potion"},{"floor":25,"key":"PowerPotion"},{"floor":31,"key":"Block Potion"},{"floor":33,"key":"PowerPotion"},{"floor":36,"key":"DuplicationPotion"},{"floor":39,"key":"conspire:TimeTravelPotion"},{"floor":41,"key":"Venom Potion"}],"is_trial":false,"path_per_floor":["M","?","M","?","T","R","E","M","T","?","?","R","M","$","R","B",null,"M","M","M","$","M","E","R","M","T","?","?","R","M","M","R","B",null,"M","M","?","?","M","R","E","R","T","$","?","M","M","?","R","B"],"character_chosen":"DOCTOR_CLASS","items_purchased":["Ginger","ats:Neurotoxin","ats:Consecutive Shot Auto+1","Dota2Spire:HealingSalve","Block Potion","Membership Card","Dota2Spire:EchoSabre","ats:Snipe","PreservedInsect"],"campfire_rested":0,"item_purchase_floors":[14,21,21,29,29,44,44,44,44],"current_hp_per_floor":[66,70,70,70,70,70,72,72,72,77,77,77,75,75,75,77,77,77,77,77,77,77,62,62,47,47,43,7,7,42,56,56,52,77,75,77,77,77,69,69,43,43,43,43,36,41,44,44,44,50,50],"gold":148,"neow_bonus":"THREE_CARDS","is_daily":false,"chose_seed":false,"campfire_upgraded":8,"win_rate":0.0,"timestamp":1610872190,"path_taken":["M","?","?","?","?","R","E","M","T","?","?","R","?","$","R","BOSS","M","M","M","$","M","E","R","?","T","?","?","R","M","M","R","BOSS","M","M","?","?","?","R","E","R","T","$","?","?","M","?","R","BOSS"],"items_purchased_type":["Relic","Card","Card","Potion","Potion","Relic","Relic","Relic","Relic"],"build_version":"2020-12-22","purchased_purges":4,"victory":false,"max_hp_per_floor":[72,72,72,72,72,72,72,72,72,77,77,77,77,77,77,77,77,77,77,77,77,77,77,77,77,77,77,77,77,77,77,77,77,77,77,77,77,77,77,77,77,77,77,77,77,77,77,77,77,77,77],"card_choices":[{"not_picked":["ats:Hammer On","ats:Sword Rain"],"picked":"ats:Revitalization","floor":0.0},{"not_picked":["ats:Shell Defense","ats:Revitalization"],"picked":"ats:Poison Spread","floor":1.0},{"not_picked":["ats:Assault Order","ats:Charging Defense","ats:Consecutive Shot Auto","ats:LN2 Cannon"],"picked":"ats:Poison Spread","floor":2.0},{"not_picked":["ats:Powerful Strike","ats:Flexible Camouflage","ats:Closed Bolt Burst Fire","ats:Consecutive Shot Auto"],"picked":"ats:Shell Defense","floor":3.0},{"not_picked":["ats:Ignite","ats:Childhood Dance","ats:Leaping Hammer","ats:Powerful Strike","ats:Assault Order"],"picked":"SKIP","floor":7.0},{"not_picked":["ats:Red Shift","ats:Nebulous Foxfire","ats:Explosion Area Strengthen","ats:Apocalypse","ats:Leaping Hammer"],"picked":"SKIP","floor":8.0},{"not_picked":["ats:Explosion Area Strengthen","ats:Steam Pump","ats:Closed Bolt Burst Fire","ats:Counter Healing Mode","ats:Cat Scratch"],"picked":"SKIP","floor":13.0},{"not_picked":["ats:Fractured Body","ats:Ambush","ats:Wolf Pack","ats:Rat Pack"],"picked":"ats:Echo Reverb","floor":16},{"not_picked":["ats:Healing Drone","ats:Poison Spread","ats:Ignite","ats:Childhood Dance+1","ats:Revitalization"],"picked":"SKIP","floor":18},{"not_picked":["ats:Collapsing Strike","ats:Encircling Forest","ats:Soul Absorption+1","ats:Cat Scratch+1","ats:Flexible Camouflage"],"picked":"SKIP","floor":19},{"not_picked":["ats:Very Hot Blade","ats:Ambush","ats:Explosion Area Strengthen","ats:Shell Defense","ats:Flexible Camouflage"],"picked":"SKIP","floor":20},{"not_picked":["ats:Chain Hook","ats:Hammer On","ats:Demon Strength+1","ats:Curse Doll"],"picked":"ats:Flexible Camouflage","floor":22},{"not_picked":["ats:Apocalypse","ats:Explosion Area Strengthen","ats:Burning Ground","ats:Chain Hook+1","ats:Hammer On+1"],"picked":"SKIP","floor":23},{"not_picked":["ats:Healing Strengthening","ats:Curse Doll+1","ats:Encircling Forest+1","ats:Assault Order+1","ats:Mental Burst"],"picked":"SKIP","floor":25},{"not_picked":["ats:Durian","ats:Shadow Raid","ats:Leaping Hammer","ats:Assault Order","ats:Cat Scratch+1"],"picked":"SKIP","floor":30},{"not_picked":["ats:Apocalypse","ats:Counter Healing Mode","ats:Assault Order","ats:Cat Scratch"],"picked":"ats:Calcification","floor":31},{"not_picked":["ats:Flexible Camouflage","ats:Shell Defense+1","ats:Support Order+1","ats:Powerful Strike+1","ats:Cat Scratch+1"],"picked":"SKIP","floor":35},{"not_picked":["ats:Apocalypse","ats:Revitalization","ats:Ignite+1","ats:Sword Rain+1","ats:Cat Scratch+1"],"picked":"SKIP","floor":36},{"not_picked":["ats:Assault Order+1","ats:Echo Reverb","ats:Leaping Hammer+1","ats:Ignite","ats:Poison Spread"],"picked":"SKIP","floor":39},{"not_picked":["ats:Revitalization+1","ats:Explosion Area Strengthen","ats:Consecutive Shot Auto","ats:Powerful Strike","ats:Cat Scratch+1"],"picked":"SKIP","floor":41},{"not_picked":["ats:Consecutive Shot Auto+1","ats:Encircling Forest","ats:Collapsing Strike+1","ats:Hook Shot","ats:Cat Scratch"],"picked":"SKIP","floor":46},{"not_picked":["ats:Ignite+1","ats:Guardian Obelisk+1","ats:Childhood Dance","ats:Volcano","ats:Leaping Hammer+1"],"picked":"SKIP","floor":47}],"player_experience":1269304,"relics_obtained":[{"floor":1.0,"key":"SynthV:TestCard"},{"floor":2.0,"key":"SSSystem"},{"floor":5.0,"key":"Dota2Spire:MagicBottle"},{"floor":7.0,"key":"ats:Originium"},{"floor":7.0,"key":"Shuriken"},{"floor":23,"key":"ats:Originium"},{"floor":23,"key":"Blue Doll"},{"floor":26,"key":"Dota2Spire:LotusOrb"},{"floor":27,"key":"Red Mask"},{"floor":41,"key":"ats:Originium"},{"floor":41,"key":"Replay:PocketPolymizer"},{"floor":43,"key":"ReplayFunnel"}],"event_choices":[{"damage_healed":0.0,"max_hp_gain":5.0,"max_hp_loss":0.0,"gold_gain":0.0,"event_name":"Big Fish","player_choice":"Donut","floor":10.0,"gold_loss":0.0,"damage_taken":0.0},{"cards_removed":["ats:Revitalization"],"damage_healed":0.0,"max_hp_gain":0.0,"max_hp_loss":0.0,"gold_gain":0.0,"event_name":"WeMeetAgain","player_choice":"Gave Card","floor":11.0,"gold_loss":0.0,"damage_taken":0.0,"relics_obtained":["Garlic"]},{"damage_healed":0,"gold_gain":0,"player_choice":"Fought Bandits","damage_taken":0,"max_hp_gain":0,"max_hp_loss":0,"event_name":"Masked Bandits","floor":27,"gold_loss":0},{"damage_healed":0,"gold_gain":360,"player_choice":"GOLD GOLD GOLD GOLD ","damage_taken":36,"max_hp_gain":0,"max_hp_loss":0,"event_name":"Knowing Skull","floor":28,"potions_obtained":[],"gold_loss":0,"cards_obtained":[]},{"damage_healed":0,"gold_gain":0,"player_choice":"Leave","damage_taken":0,"max_hp_gain":0,"max_hp_loss":0,"event_name":"conspire:Investor","floor":38,"gold_loss":0},{"damage_healed":0,"gold_gain":0,"player_choice":"Damaged","damage_taken":7,"max_hp_gain":0,"max_hp_loss":0,"event_name":"Wheel of Change","floor":45,"gold_loss":0},{"damage_healed":0,"gold_gain":0,"player_choice":"Ignored","damage_taken":0,"max_hp_gain":0,"max_hp_loss":0,"event_name":"Ryuuou:Expiration","floor":48,"gold_loss":0}],"is_beta":false,"boss_relics":[{"not_picked":["Ectoplasm","ats:Sanity Plus"],"picked":"Empty Cage"},{"not_picked":["NightmareShop","REME_DuelDisc","Replay:Drink Me"]}],"items_purged_floors":[14,29,44,44],"is_endless":false,"potions_floor_spawned":[7,13,16,19,22,23,25,31,33,36,39,41],"killed_by":"Donu and Deca","ascension_level":4}}