{"host":"2fm9rzmnsqzo2dk8","time":1610897030,"event":{"mods":["AchievementEnabler","BaseMod","Minty Spire (QoL Compilation)","StSLib"],"gold_per_floor":[114,129,129,129,129,162,162,172,172,187,112,112,125,150,150,150,150],"floor_reached":16,"language":"ZHS","playtime":759,"items_purged":["Defend_G"],"score":121,"play_id":"1cd9911c-4a6f-4569-a10a-64cc3824f7f5","local_time":"20210118022350","is_ascension_mode":true,"campfire_choices":[{"data":"Poisoned Stab","floor":7.0,"key":"SMITH"},{"floor":15.0,"key":"REST"}],"circlet_count":0,"master_deck":["Strike_G","Strike_G","Strike_G","Defend_G","Defend_G","Defend_G","Defend_G","Survivor","Neutralize","Poisoned Stab+1","Backflip","Prepared","Glass Knife","Deadly Poison","Endless Agony"],"relics":["Ring of the Snake","PreservedInsect","Sundial","Paper Crane","Tingsha","Question Card"],"acts_visited":["Exordium"],"potions_floor_usage":[16,16,16,16,16],"damage_taken":[{"damage":9.0,"enemies":"Jaw Worm","floor":1.0,"turns":7.0},{"damage":4.0,"enemies":"Small Slimes","floor":2.0,"turns":3.0},{"damage":4.0,"enemies":"Gremlin Nob","floor":6.0,"turns":4.0},{"damage":1.0,"enemies":"Cultist","floor":8.0,"turns":4.0},{"damage":11.0,"enemies":"Exordium Thugs","floor":10.0,"turns":6.0},{"damage":0.0,"enemies":"3 Louse","floor":13.0,"turns":3.0},{"damage":26.0,"enemies":"Lagavulin","floor":14.0,"turns":4.0},{"damage":33,"enemies":"Slime Boss","floor":16,"turns":7}],"seed_played":"3652161671953080030","potions_obtained":[{"floor":1.0,"key":"GamblersBrew"},{"floor":10.0,"key":"SteroidPotion"},{"floor":14.0,"key":"EntropicBrew"}],"is_trial":false,"path_per_floor":["M","M","?","?","?","E","R","M","T","M","$","?","M","E","R","B"],"character_chosen":"THE_SILENT","items_purchased":[],"campfire_rested":1,"item_purchase_floors":[],"current_hp_per_floor":[61,57,50,50,50,46,46,45,45,34,34,34,34,8,29,0,0],"gold":150,"neow_bonus":"RANDOM_COMMON_RELIC","is_daily":false,"chose_seed":false,"campfire_upgraded":1,"win_rate":0.0,"timestamp":1610897030,"path_taken":["M","M","?","?","?","E","R","M","T","?","?","?","M","E","R","BOSS"],"items_purchased_type":[],"build_version":"2020-12-22","purchased_purges":1,"victory":false,"max_hp_per_floor":[70,70,70,70,70,70,70,70,70,70,70,70,70,70,70,70,70],"card_choices":[{"not_picked":["Caltrops","Slice"],"picked":"Poisoned Stab","floor":1.0},{"not_picked":["Deflect","Leg Sweep","Tactician"],"picked":"SKIP","floor":2.0},{"not_picked":["Quick Slash","Tactician"],"picked":"Backflip","floor":6.0},{"not_picked":["PiercingWail","Terror","Backflip"],"picked":"SKIP","floor":8.0},{"not_picked":["Blade Dance","Acrobatics"],"picked":"Prepared","floor":10.0},{"not_picked":["Sucker Punch","Slice"],"picked":"Deadly Poison","floor":13.0},{"not_picked":["Backflip","Outmaneuver"],"picked":"Endless Agony","floor":14.0}],"player_experience":35888,"relics_obtained":[{"floor":6.0,"key":"Paper Crane"},{"floor":9.0,"key":"Tingsha"},{"floor":14.0,"key":"Question Card"}],"event_choices":[{"cards_removed":["Strike_G"],"damage_healed":0.0,"max_hp_gain":0.0,"max_hp_loss":0.0,"gold_gain":0.0,"event_name":"Golden Wing","player_choice":"Card Removal","floor":3.0,"gold_loss":0.0,"damage_taken":7.0},{"damage_healed":0.0,"max_hp_gain":0.0,"max_hp_loss":0.0,"gold_gain":0.0,"event_name":"Big Fish","player_choice":"Box","floor":4.0,"gold_loss":0.0,"damage_taken":0.0,"relics_obtained":["Sundial"],"cards_obtained":["Regret"]},{"cards_removed":["Regret"],"damage_healed":0.0,"max_hp_gain":0.0,"max_hp_loss":0.0,"gold_gain":0.0,"event_name":"Purifier","player_choice":"Purged","floor":5.0,"gold_loss":0.0,"damage_taken":0.0},{"damage_healed":0.0,"max_hp_gain":0.0,"max_hp_loss":0.0,"gold_gain":0.0,"cards_transformed":["Strike_G"],"event_name":"Living Wall","player_choice":"Change","floor":12.0,"gold_loss":0.0,"damage_taken":0.0,"cards_obtained":["Glass Knife"]}],"is_beta":false,"boss_relics":[],"items_purged_floors":[11],"is_endless":false,"potions_floor_spawned":[1,10,14],"killed_by":"Slime Boss","ascension_level":2}}