{"host":"3ikutf0nfngyhvfs","time":1610908646,"event":{"mods":["AchievementEnabler","BaseMod","Downfall","Hermit","Minty Spire (QoL Compilation)","StSLib","The Construct","The Cursed","The Disciple","The Hierophant","The Poker Player","The Runesmith"],"gold_per_floor":[109,109,124,23,23,54,54,72,126,126,137,165,165,179,179,283,283,298,318,163,180,195,195,195],"floor_reached":23,"language":"ENG","playtime":3432,"items_purged":["Regret"],"score":203,"play_id":"b9de4978-91be-46c8-a507-bff1dbbcfc95","local_time":"20210117123726","is_ascension_mode":false,"campfire_choices":[{"data":"Runesmith:Grindstone","floor":10,"key":"SMITH"},{"floor":13,"key":"RECALL"},{"data":"Runesmith:Malloc","floor":15,"key":"SMITH"}],"circlet_count":0,"master_deck":["Runesmith:Strike_RS","Runesmith:Strike_RS","Runesmith:Strike_RS","Runesmith:Defend_RS","Runesmith:Defend_RS","Runesmith:Defend_RS","Runesmith:Defend_RS","Runesmith:CraftFirestone","Runesmith:Fortify","Runesmith:HammerThrow","Runesmith:Grindstone+1","Runesmith:Malloc","Runesmith:Malloc+1","Runesmith:DoubleUp","Runesmith:CraftIncendium","Runesmith:DuctTape","Runesmith:Accelerate+1","Runesmith:PoweredAnvil","Flash of Steel","Runesmith:Refine+1"],"relics":["Runesmith:BrokenRuby","Happy Flower","Bottled Lightning","Tiny Chest","Eternal Feather","Black Star"],"acts_visited":["Exordium","TheCity"],"potions_floor_usage":[6,12,18,21,23],"damage_taken":[{"damage":4,"enemies":"Small Slimes","floor":1,"turns":5},{"damage":2,"enemies":"2 Louse","floor":3,"turns":3},{"damage":34,"enemies":"Gremlin Nob","floor":6,"turns":5},{"damage":0,"enemies":"Cultist","floor":8,"turns":4},{"damage":5,"enemies":"Exordium Wildlife","floor":11,"turns":5},{"damage":9,"enemies":"3 Sentries","floor":12,"turns":9},{"damage":0,"enemies":"Large Slime","floor":14,"turns":5},{"damage":31,"enemies":"Hexaghost","floor":16,"turns":10},{"damage":6,"enemies":"Shell Parasite","floor":18,"turns":8},{"damage":9,"enemies":"Spheric Guardian","floor":19,"turns":5},{"damage":5,"enemies":"Snake Plant","floor":21,"turns":7},{"damage":11,"enemies":"Shelled Parasite and Fungi","floor":22,"turns":8},{"damage":51,"enemies":"Gremlin Leader","floor":23,"turns":5}],"seed_played":"-2963031577558640237","potions_obtained":[{"floor":3,"key":"Energy Potion"},{"floor":6,"key":"BlessingOfTheForge"},{"floor":14,"key":"SpeedPotion"},{"floor":18,"key":"LiquidMemories"},{"floor":22,"key":"Strength Potion"}],"is_trial":false,"path_per_floor":["M","?","M","$","?","E","?","M","T","R","M","E","R","M","R","B",null,"M","M","$","M","M","E"],"character_chosen":"RUNESMITH_CLASS","items_purchased":["Runesmith:Grindstone","Runesmith:PoweredAnvil","Flash of Steel"],"campfire_rested":0,"item_purchase_floors":[4,20,20],"current_hp_per_floor":[66,66,64,64,57,23,80,80,80,80,75,66,72,72,80,49,80,74,65,65,60,49,0,0],"gold":195,"neow_bonus":"ONE_RANDOM_RARE_CARD","is_daily":false,"chose_seed":false,"campfire_upgraded":2,"win_rate":0.0,"timestamp":1610908646,"path_taken":["M","?","M","$","?","E","?","M","T","R","M","E","R","M","R","BOSS","M","M","$","M","?","E"],"items_purchased_type":["Card","Card","Card"],"build_version":"2020-12-22","purchased_purges":1,"victory":false,"max_hp_per_floor":[70,70,70,70,70,70,80,80,80,80,80,80,80,80,80,80,80,80,80,80,80,80,80,80],"card_choices":[{"not_picked":["Runesmith:BackupBattery","Runesmith:HeatedChisel"],"picked":"Runesmith:HammerThrow","floor":1},{"not_picked":["Runesmith:EarthShield","Runesmith:MakeshiftArmor","Runesmith:ShiftingStrike"],"picked":"SKIP","floor":3},{"not_picked":["Runesmith:HammerThrow","Runesmith:ChargedHammer","Runesmith:ChiselStab"],"picked":"SKIP","floor":6},{"not_picked":["Runesmith:ShiftingStrike","Runesmith:LastStand"],"picked":"Runesmith:Malloc","floor":8},{"not_picked":["Runesmith:Attraction","Runesmith:Accelerate"],"picked":"Runesmith:Malloc","floor":11},{"not_picked":["Runesmith:ChiselStab","Runesmith:HammerTime"],"picked":"Runesmith:DoubleUp","floor":12},{"not_picked":["Runesmith:CraftMagma","Runesmith:EarthShield"],"picked":"Runesmith:CraftIncendium","floor":14},{"not_picked":["Runesmith:FissionHammer","Runesmith:CraftMedicinae"],"picked":"Runesmith:DuctTape","floor":16},{"not_picked":["Runesmith:CraftProtectio","Runesmith:CraftSpiculum+1","Runesmith:PerfectChisel+1"],"picked":"SKIP","floor":18},{"not_picked":["Runesmith:UnstableHammer","Runesmith:CraftObretio"],"picked":"Runesmith:Accelerate+1","floor":19},{"not_picked":["Runesmith:EarthShield+1","Runesmith:Attraction"],"picked":"Runesmith:Refine+1","floor":21},{"not_picked":["Runesmith:CraftVitae+1","Runesmith:HeatExchange","Runesmith:Superposition"],"picked":"SKIP","floor":22}],"player_experience":463083,"relics_obtained":[{"floor":6,"key":"Bottled Lightning"},{"floor":9,"key":"Tiny Chest"},{"floor":12,"key":"Eternal Feather"}],"event_choices":[{"damage_healed":0,"gold_gain":0,"player_choice":"Box","damage_taken":0,"relics_obtained":["Happy Flower"],"max_hp_gain":0,"max_hp_loss":0,"event_name":"Big Fish","floor":2,"gold_loss":0,"cards_obtained":["Regret"]},{"cards_removed":["Runesmith:Strike_RS"],"damage_healed":0,"gold_gain":0,"player_choice":"Card Removal","damage_taken":7,"max_hp_gain":0,"max_hp_loss":0,"event_name":"Golden Wing","floor":5,"gold_loss":0},{"cards_removed":["Runesmith:Supernova"],"damage_healed":47,"gold_gain":0,"player_choice":"Offered Rare","damage_taken":0,"max_hp_gain":10,"max_hp_loss":0,"event_name":"Bonfire Elementals","floor":7,"gold_loss":0}],"is_beta":false,"boss_relics":[{"not_picked":["Ectoplasm","bronze:MakeshiftBattery"],"picked":"Black Star"}],"items_purged_floors":[4],"is_endless":false,"potions_floor_spawned":[3,6,14,18,22],"killed_by":"Gremlin Leader","ascension_level":0}}