{"host":"5icjlaq41ghjcr7h","time":1610876109,"event":{"mods":["AchievementEnabler","BaseMod","Colored Map","Minty Spire (QoL Compilation)","SuperFastMode","everything is the same but u backflip on backflip"],"gold_per_floor":[10,24,24,40,59,74,105,105],"floor_reached":7,"language":"KOR","playtime":232,"items_purged":[],"score":61,"play_id":"643df068-90ae-4c2b-9ba5-f6040bdf0895","local_time":"20210117183509","is_ascension_mode":true,"campfire_choices":[],"circlet_count":0,"master_deck":["Strike_R","Strike_R","Strike_R","Strike_R","Defend_R","Defend_R","Defend_R","Defend_R","Bash","Pommel Strike","Dark Embrace","Fire Breathing","Immolate"],"relics":["Burning Blood","StoneCalendar","Bronze Scales"],"acts_visited":["Exordium"],"potions_floor_usage":[5,5],"damage_taken":[{"damage":0,"enemies":"2 Louse","floor":1,"turns":3},{"damage":12,"enemies":"Jaw Worm","floor":2,"turns":2},{"damage":11,"enemies":"Cultist","floor":4,"turns":4},{"damage":24,"enemies":"Exordium Wildlife","floor":5,"turns":2},{"damage":11,"enemies":"Blue Slaver","floor":6,"turns":3},{"damage":28,"enemies":"Gremlin Nob","floor":7,"turns":4}],"seed_played":"-888109236549199762","potions_obtained":[{"floor":2,"key":"Energy Potion"},{"floor":4,"key":"LiquidBronze"},{"floor":7,"key":"GamblersBrew"}],"is_trial":false,"path_per_floor":["M","M","?","M","M","M","E"],"character_chosen":"IRONCLAD","items_purchased":[],"campfire_rested":0,"item_purchase_floors":[],"current_hp_per_floor":[80,74,74,69,51,46,24,24],"gold":105,"neow_bonus":"ONE_RARE_RELIC","is_daily":false,"chose_seed":false,"campfire_upgraded":0,"win_rate":0.0,"timestamp":1610876109,"path_taken":["M","M","?","M","M","M","E"],"items_purchased_type":[],"build_version":"2020-12-22","purchased_purges":0,"victory":false,"max_hp_per_floor":[80,80,80,80,80,80,80,80],"card_choices":[{"not_picked":["Anger","Armaments"],"picked":"Pommel Strike","floor":1},{"not_picked":["Clash","Twin Strike"],"picked":"Dark Embrace","floor":2},{"not_picked":["True Grit","Clash"],"picked":"Immolate","floor":4},{"not_picked":["Clothesline","True Grit","Thunderclap"],"picked":"SKIP","floor":5},{"not_picked":["Iron Wave","Infernal Blade","Havoc"],"picked":"SKIP","floor":6},{"not_picked":["Metallicize","Twin Strike","Iron Wave"],"picked":"SKIP","floor":7}],"player_experience":144635,"relics_obtained":[{"floor":7,"key":"Bronze Scales"}],"event_choices":[{"damage_healed":0,"gold_gain":0,"cards_transformed":["Strike_R"],"player_choice":"Change","damage_taken":0,"max_hp_gain":0,"max_hp_loss":0,"event_name":"Living Wall","floor":3,"gold_loss":0,"cards_obtained":["Fire Breathing"]}],"is_beta":false,"boss_relics":[],"items_purged_floors":[],"is_endless":false,"potions_floor_spawned":[2,4,7],"killed_by":"Gremlin Nob","ascension_level":2}}