{"host":"7sqhl7p0q0irnjd4","time":1610852475,"event":{"mods":["AchievementEnabler","BaseMod","Bestiary","Colored Map","Colored Powertips","Filter the Spire","Minty Spire (QoL Compilation)","Relic Stats","everything is the same but u backflip on backflip","ojb\u0027s Info Mod"],"gold_per_floor":[118,46,46,46,60,86,50,83,106,121,121,151,2,52,52,150,150,162,86,102,115,131,131,164,164,164,176,187,199,211,238,238,340,390,403,363,375,388,401,433,433,461,485,514,533,533,533,259,259,259,259,259,7,39,39],"floor_reached":56,"language":"ENG","playtime":5373,"items_purged":["Survivor+1","Dagger Spray+1"],"score":1868,"play_id":"75d309c1-6490-41bc-9ef0-d9e543e5ac34","local_time":"20210116220115","is_ascension_mode":true,"campfire_choices":[{"floor":15,"key":"REST"},{"floor":23,"key":"DIG"},{"floor":25,"key":"DIG"},{"data":"Envenom","floor":32,"key":"SMITH"},{"floor":41,"key":"DIG"},{"floor":46,"key":"REST"},{"floor":49,"key":"RECALL"},{"floor":52,"key":"DIG"}],"circlet_count":0,"master_deck":["Neutralize+1","Blur+1","Terror+1","Venomology+1","After Image","Leg Sweep+1","Malaise+1","Backflip+1","Envenom+1","Deadly Poison+1","Phantasmal Killer+1","Wraith Form v2+1","Noxious Fumes+1","Bane+1","Footwork+1","Blade Dance+1","Catalyst+1"],"relics":["Pandora\u0027s Box","Whetstone","Calipers","Anchor","InkBottle","Toolbox","Gambling Chip","Calling Bell","Smiling Mask","Toxic Egg 2","Shovel","Toy Ornithopter","The Specimen","Frozen Egg 2","Ice Cream","Sundial","Tiny House","War Paint","Singing Bowl","Pear","Unceasing Top","Lee\u0027s Waffle","Kunai","OrangePellets","Mummified Hand"],"acts_visited":["Exordium","TheCity","TheBeyond","TheEnding"],"potions_floor_usage":[14,16,16,18,21,22,24,24,24,24,29,30,30,31,31,33,35,38,38,39,40,42,42,44,44,45,50,50,50,55,55,55],"damage_taken":[{"damage":10,"enemies":"2 Louse","floor":1,"turns":12},{"damage":2,"enemies":"Small Slimes","floor":5,"turns":13},{"damage":0,"enemies":"Lagavulin","floor":6,"turns":10},{"damage":2,"enemies":"Gremlin Nob","floor":8,"turns":3},{"damage":0,"enemies":"Jaw Worm","floor":10,"turns":2},{"damage":4,"enemies":"3 Sentries","floor":12,"turns":5},{"damage":0,"enemies":"Lagavulin","floor":14,"turns":5},{"damage":0,"enemies":"Slime Boss","floor":16,"turns":12},{"damage":2,"enemies":"Spheric Guardian","floor":18,"turns":5},{"damage":0,"enemies":"3 Byrds","floor":20,"turns":5},{"damage":0,"enemies":"Shelled Parasite and Fungi","floor":21,"turns":5},{"damage":9,"enemies":"Cultist and Chosen","floor":22,"turns":5},{"damage":0,"enemies":"Slavers","floor":24,"turns":6},{"damage":0,"enemies":"Snecko","floor":27,"turns":5},{"damage":17,"enemies":"Snake Plant","floor":28,"turns":4},{"damage":23,"enemies":"Chosen and Byrds","floor":29,"turns":6},{"damage":0,"enemies":"Cultist and Chosen","floor":30,"turns":5},{"damage":32,"enemies":"Gremlin Leader","floor":31,"turns":5},{"damage":0,"enemies":"Champ","floor":33,"turns":12},{"damage":4,"enemies":"Orb Walker","floor":35,"turns":7},{"damage":25,"enemies":"3 Darklings","floor":37,"turns":4},{"damage":0,"enemies":"Jaw Worm Horde","floor":38,"turns":5},{"damage":16,"enemies":"Sphere and 2 Shapes","floor":39,"turns":5},{"damage":27,"enemies":"Nemesis","floor":40,"turns":7},{"damage":21,"enemies":"Reptomancer","floor":42,"turns":4},{"damage":26,"enemies":"Nemesis","floor":44,"turns":5},{"damage":7,"enemies":"Transient","floor":45,"turns":5},{"damage":97,"enemies":"Awakened One","floor":50,"turns":12},{"damage":58,"enemies":"Shield and Spear","floor":54,"turns":5},{"damage":86,"enemies":"The Heart","floor":55,"turns":10}],"seed_played":"2051055396212541955","potions_obtained":[{"floor":10,"key":"GamblersBrew"},{"floor":12,"key":"Swift Potion"},{"floor":16,"key":"Ancient Potion"},{"floor":18,"key":"PowerPotion"},{"floor":20,"key":"CultistPotion"},{"floor":27,"key":"FearPotion"},{"floor":34,"key":"FearPotion"},{"floor":40,"key":"GamblersBrew"},{"floor":44,"key":"Fire Potion"},{"floor":45,"key":"Block Potion"}],"is_trial":false,"path_per_floor":["M","$","?","?","M","E","$","E","T","M","?","E","$","E","R","B",null,"M","$","M","M","M","R","E","R","T","M","M","M","M","E","R","B",null,"M","$","M","M","M","E","R","E","T","E","M","R","?","$","R","B",null,"R","$","E","B",null],"character_chosen":"THE_SILENT","items_purchased":["Terror","Backstab","Toolbox","Malaise+1","Noxious Fumes+1","Catalyst+1","Lee\u0027s Waffle","OrangePellets","ColorlessPotion"],"campfire_rested":2,"item_purchase_floors":[2,7,13,19,36,48,48,53,53],"current_hp_per_floor":[60,60,60,60,58,58,58,56,56,56,42,38,38,38,59,59,70,68,68,68,68,59,59,70,70,70,70,53,35,45,23,23,28,75,71,71,46,56,45,23,23,24,24,10,10,37,37,98,98,6,98,98,98,42,1],"gold":39,"neow_bonus":"BOSS_RELIC","is_daily":false,"chose_seed":false,"campfire_upgraded":1,"win_rate":0.0,"timestamp":1610852475,"path_taken":["M","$","?","?","M","E","?","E","T","?","?","E","?","E","R","BOSS","M","$","?","M","M","R","E","R","T","M","M","M","M","E","R","BOSS","M","$","M","M","M","E","R","E","T","E","M","R","?","$","R","BOSS","R","$","E","BOSS"],"items_purchased_type":["Card","Card","Relic","Card","Card","Card","Relic","Relic","Potion"],"build_version":"2020-12-22","purchased_purges":2,"victory":true,"max_hp_per_floor":[70,70,70,70,70,70,70,70,70,70,70,70,70,70,70,70,70,70,70,70,70,70,70,70,70,70,70,70,70,70,70,70,70,75,75,75,75,75,75,75,75,87,87,89,91,91,91,98,98,98,98,98,98,100,100],"relic_stats":{"Lee\u0027s Waffle":61,"Singing Bowl":8,"counters":[30,194],"Whetstone":["Neutralize","Dagger Spray"],"War Paint":["Terror"],"Smiling Mask":75,"OrangePellets":[1],"Shovel":4,"Sundial":[22],"Mummified Hand":[8],"Gambling Chip":[37],"Pandora\u0027s Box":["Dagger Spray","Terror","Storm of Steel","Bane","Adrenaline","Backstab","Expertise","Riddle With Holes","Eviscerate","Eviscerate"],"Kunai":[5],"obtain_stats":[{"Ice Cream":26,"Calipers":8,"Tiny House":34,"Singing Bowl":41,"Whetstone":6,"Smiling Mask":17,"Shovel":17,"Sundial":31,"Mummified Hand":54,"Gambling Chip":14,"Toolbox":13,"Kunai":52,"Toxic Egg 2":17,"InkBottle":12,"Ring of the Snake":0,"Lee\u0027s Waffle":48,"Pear":42,"The Specimen":24,"Frozen Egg 2":25,"War Paint":40,"Calling Bell":17,"OrangePellets":53,"Anchor":9,"Pandora\u0027s Box":0,"Toy Ornithopter":23,"Unceasing Top":44},{"Ice Cream":13,"Calipers":4,"Tiny House":19,"Singing Bowl":24,"Whetstone":3,"Smiling Mask":8,"Shovel":8,"Sundial":18,"Mummified Hand":29,"Gambling Chip":7,"Toolbox":6,"Kunai":28,"Toxic Egg 2":8,"InkBottle":6,"Ring of the Snake":0,"Lee\u0027s Waffle":27,"Pear":25,"The Specimen":13,"Frozen Egg 2":13,"War Paint":24,"Calling Bell":8,"OrangePellets":28,"Anchor":4,"Pandora\u0027s Box":0,"Toy Ornithopter":12,"Unceasing Top":26},{"Ice Cream":88,"Calipers":38,"Tiny House":125,"Singing Bowl":153,"Whetstone":35,"Smiling Mask":62,"Shovel":62,"Sundial":113,"Mummified Hand":184,"Gambling Chip":50,"Toolbox":45,"Kunai":179,"Toxic Egg 2":62,"InkBottle":45,"Ring of the Snake":0,"Lee\u0027s Waffle":167,"Pear":157,"The Specimen":88,"Frozen Egg 2":88,"War Paint":153,"Calling Bell":62,"OrangePellets":179,"Anchor":38,"Pandora\u0027s Box":0,"Toy Ornithopter":82,"Unceasing Top":162}],"InkBottle":[68],"Toy Ornithopter":106,"Unceasing Top":[4]},"card_choices":[{"not_picked":["Poisoned Stab","Distraction"],"picked":"Blur","floor":1},{"not_picked":["Acrobatics","Blur"],"picked":"Dagger Spray","floor":5},{"not_picked":["Bullet Time","Dodge and Roll","Poisoned Stab"],"picked":"SKIP","floor":6},{"not_picked":["Prepared","Bane"],"picked":"Venomology","floor":8},{"not_picked":["Endless Agony","Prepared","Heel Hook"],"picked":"SKIP","floor":10},{"not_picked":["Dagger Spray","Dash","Dodge and Roll"],"picked":"SKIP","floor":12},{"not_picked":["Backflip","Deadly Poison","Underhanded Strike"],"picked":"SKIP","floor":14},{"not_picked":["Storm of Steel","Bullet Time"],"picked":"After Image","floor":16},{"not_picked":["Acrobatics+1","Flechettes"],"picked":"Leg Sweep+1","floor":18},{"not_picked":["Sucker Punch+1","Expertise+1"],"picked":"Backflip+1","floor":20},{"not_picked":["Underhanded Strike","Skewer","Dagger Throw"],"picked":"SKIP","floor":21},{"not_picked":["Terror+1","Quick Slash+1","Acrobatics+1"],"picked":"SKIP","floor":22},{"not_picked":["Expertise+1","Deflect+1"],"picked":"Envenom","floor":24},{"not_picked":["Flying Knee","Dodge and Roll+1"],"picked":"Deadly Poison+1","floor":27},{"not_picked":["Prepared+1","Backflip+1","Deadly Poison+1"],"picked":"SKIP","floor":28},{"not_picked":["Outmaneuver+1","Underhanded Strike","Endless Agony"],"picked":"SKIP","floor":29},{"not_picked":["Acrobatics+1","All Out Attack","Terror+1"],"picked":"SKIP","floor":30},{"not_picked":["Deadly Poison+1","Terror+1"],"picked":"Phantasmal Killer+1","floor":31},{"not_picked":["Unload","Burst+1"],"picked":"Wraith Form v2+1","floor":33},{"not_picked":["Backflip+1","Sucker Punch+1","Dagger Spray+1"],"picked":"SKIP","floor":35},{"not_picked":["Quick Slash","Leg Sweep+1","Heel Hook+1"],"picked":"SKIP","floor":37},{"not_picked":["Dodge and Roll+1","Prepared+1"],"picked":"Bane+1","floor":38},{"not_picked":["Flying Knee","Blade Dance+1"],"picked":"Footwork+1","floor":39},{"not_picked":["Slice","Quick Slash"],"picked":"Blade Dance+1","floor":40},{"not_picked":["Envenom+1","Blade Dance+1","Distraction+1"],"picked":"Singing Bowl","floor":42},{"not_picked":["Cloak And Dagger+1","Expertise+1","Distraction+1"],"picked":"Singing Bowl","floor":44},{"not_picked":["Prepared+1","Blade Dance+1","Quick Slash+1"],"picked":"Singing Bowl","floor":45},{"not_picked":["Slice+1","Outmaneuver+1","Poisoned Stab+1"],"picked":"Singing Bowl","floor":54}],"player_experience":331092,"relics_obtained":[{"floor":6,"key":"Whetstone"},{"floor":8,"key":"Calipers"},{"floor":9,"key":"Anchor"},{"floor":12,"key":"InkBottle"},{"floor":14,"key":"Gambling Chip"},{"floor":17,"key":"Smiling Mask"},{"floor":17,"key":"Toxic Egg 2"},{"floor":17,"key":"Shovel"},{"floor":23,"key":"Toy Ornithopter"},{"floor":24,"key":"The Specimen"},{"floor":25,"key":"Frozen Egg 2"},{"floor":26,"key":"Ice Cream"},{"floor":31,"key":"Sundial"},{"floor":40,"key":"War Paint"},{"floor":41,"key":"Singing Bowl"},{"floor":42,"key":"Pear"},{"floor":44,"key":"Unceasing Top"},{"floor":52,"key":"Kunai"},{"floor":54,"key":"Mummified Hand"}],"event_choices":[{"damage_healed":0,"gold_gain":0,"player_choice":"Ignored","damage_taken":0,"max_hp_gain":0,"max_hp_loss":0,"event_name":"Liars Game","floor":3,"gold_loss":0},{"damage_healed":0,"gold_gain":0,"player_choice":"Leave","damage_taken":0,"max_hp_gain":0,"max_hp_loss":0,"event_name":"The Cleric","floor":4,"gold_loss":0},{"damage_healed":0,"gold_gain":0,"player_choice":"Entered Light","damage_taken":14,"max_hp_gain":0,"max_hp_loss":0,"event_name":"Shining Light","floor":11,"gold_loss":0,"cards_upgraded":["Survivor","Venomology"]},{"cards_removed":["Backstab"],"damage_healed":0,"gold_gain":0,"player_choice":"Removed Attack","damage_taken":0,"max_hp_gain":0,"max_hp_loss":0,"event_name":"Falling","floor":47,"gold_loss":0}],"is_beta":false,"boss_relics":[{"not_picked":["Cursed Key","Busted Crown"],"picked":"Calling Bell"},{"not_picked":["Runic Pyramid","Snecko Eye"],"picked":"Tiny House"}],"items_purged_floors":[48,53],"is_endless":false,"potions_floor_spawned":[10,12,14,16,18,20,22,27,40,44,45,54],"ascension_level":4}}