{"host":"ayh4nqhr0ddw4ozv","time":1610867335,"event":{"mods":["BaseMod","Minty Spire (QoL Compilation)","Relic Stats","Replay The Spire","Robot Space Explorer","StSLib"],"gold_per_floor":[109,126,140,40,55,55,82,99,124,124,141,160,85,85,85,159,159,171,182,182,192,192,192],"floor_reached":22,"language":"ENG","playtime":1361,"items_purged":["RobotSpaceExplorer:Strike"],"score":371,"play_id":"c4f1890b-165d-4023-8d3e-326234e0448d","local_time":"20210116230855","is_ascension_mode":true,"campfire_choices":[{"data":"RobotSpaceExplorer:Blaster","floor":6.0,"key":"SMITH"},{"floor":10.0,"key":"REST"},{"floor":15.0,"key":"DIG"}],"circlet_count":0,"master_deck":["AscendersBane","RobotSpaceExplorer:Strike","RobotSpaceExplorer:Defend","RobotSpaceExplorer:Defend","RobotSpaceExplorer:Defend","RobotSpaceExplorer:Defend","RobotSpaceExplorer:Scan","RobotSpaceExplorer:MiniLasers","RobotSpaceExplorer:BlastShield","RobotSpaceExplorer:LuckyStrike","RobotSpaceExplorer:MiniDrones","RobotSpaceExplorer:Blaster+1","RobotSpaceExplorer:SurgingStrike","RobotSpaceExplorer:TurboDodge","RobotSpaceExplorer:LuckyStrike","RobotSpaceExplorer:Calculate","RobotSpaceExplorer:Scanner","RobotSpaceExplorer:IronShell+1"],"relics":["RobotSpaceExplorer:RoboCore","Akabeko","Boot","Gremlin Food","ReplayTheSpireMod:DimensionalGlitch"],"acts_visited":["Exordium","TheCity"],"potions_floor_usage":[16,19,22],"damage_taken":[{"damage":1.0,"enemies":"Cultist","floor":1.0,"turns":5.0},{"damage":3.0,"enemies":"2 Louse","floor":2.0,"turns":3.0},{"damage":6.0,"enemies":"Jaw Worm","floor":3.0,"turns":4.0},{"damage":12.0,"enemies":"3 Louse","floor":5.0,"turns":4.0},{"damage":20.0,"enemies":"Replay:BlueRogue","floor":7.0,"turns":6.0},{"damage":0.0,"enemies":"Looter","floor":8.0,"turns":4.0},{"damage":0.0,"enemies":"Exordium Wildlife","floor":11.0,"turns":2.0},{"damage":1.0,"enemies":"3 Louse","floor":12.0,"turns":3.0},{"damage":10,"enemies":"The Guardian","floor":16,"turns":13},{"damage":3,"enemies":"Shell Parasite","floor":18,"turns":4},{"damage":16,"enemies":"Spheric Guardian","floor":19,"turns":5},{"damage":20,"enemies":"Centurion and Healer","floor":21,"turns":12},{"damage":3,"enemies":"Sentry and Sphere","floor":22,"turns":2}],"seed_played":"-565880409350451256","potions_obtained":[{"floor":1.0,"key":"RobotSpaceExplorer:PlasmaFlask"},{"floor":2.0,"key":"PowerPotion"},{"floor":16,"key":"Swift Potion"},{"floor":19,"key":"CultistPotion"}],"is_trial":false,"path_per_floor":["M","M","M","$","M","R","E","M","T","R","M","M","?","?","R","B",null,"M","M","?","M","M"],"character_chosen":"RobotSpaceExplorer","items_purchased":["RobotSpaceExplorer:SurgingStrike"],"campfire_rested":1,"item_purchase_floors":[4],"current_hp_per_floor":[63,60,54,54,42,42,22,22,22,43,43,42,42,42,42,32,61,58,42,22,2,0,0],"gold":192,"neow_bonus":"ONE_RANDOM_RARE_CARD","is_daily":false,"chose_seed":false,"campfire_upgraded":1,"win_rate":0.0,"timestamp":1610867335,"path_taken":["M","M","?","?","M","R","E","M","T","R","M","M","?","?","R","BOSS","M","M","?","M","M"],"items_purchased_type":["Card"],"build_version":"2020-12-22","purchased_purges":1,"victory":false,"max_hp_per_floor":[71,71,71,71,71,71,71,71,71,71,71,71,71,71,71,71,71,71,71,76,76,76,76],"relic_stats":{"counters":[13,67],"Boot":[63],"obtain_stats":[{"Gremlin Food":15,"RobotSpaceExplorer:RoboCore":0,"Boot":9,"ReplayTheSpireMod:DimensionalGlitch":17,"Akabeko":7},{"Gremlin Food":8,"RobotSpaceExplorer:RoboCore":0,"Boot":6,"ReplayTheSpireMod:DimensionalGlitch":9,"Akabeko":5},{"Gremlin Food":31,"RobotSpaceExplorer:RoboCore":0,"Boot":26,"ReplayTheSpireMod:DimensionalGlitch":44,"Akabeko":22}]},"card_choices":[{"not_picked":["RobotSpaceExplorer:FranticSearch","RobotSpaceExplorer:ImprovisedAttack"],"picked":"RobotSpaceExplorer:LuckyStrike","floor":1.0},{"not_picked":["RobotSpaceExplorer:Ammunition","RobotSpaceExplorer:Counterblock"],"picked":"RobotSpaceExplorer:MiniDrones","floor":2.0},{"not_picked":["RobotSpaceExplorer:MiniDrones","RobotSpaceExplorer:Counterblock"],"picked":"RobotSpaceExplorer:Blaster","floor":3.0},{"not_picked":["RobotSpaceExplorer:Pulsar","RobotSpaceExplorer:SurgingShield","RobotSpaceExplorer:FrostMissile"],"picked":"SKIP","floor":5.0},{"not_picked":["RobotSpaceExplorer:Smokescreen","RobotSpaceExplorer:StarDust"],"picked":"RobotSpaceExplorer:TurboDodge","floor":7.0},{"not_picked":["RobotSpaceExplorer:ScrapMissile","RobotSpaceExplorer:SurgingShield"],"picked":"RobotSpaceExplorer:LuckyStrike","floor":8.0},{"not_picked":["RobotSpaceExplorer:SurgingShield","RobotSpaceExplorer:MetalStrike"],"picked":"RobotSpaceExplorer:Calculate","floor":11.0},{"not_picked":["RobotSpaceExplorer:Discharger","RobotSpaceExplorer:GlueShot"],"picked":"RobotSpaceExplorer:Scanner","floor":12.0},{"not_picked":["RobotSpaceExplorer:GlueShot","RobotSpaceExplorer:ImprovisedAttack","RobotSpaceExplorer:Probe"],"picked":"SKIP","floor":18},{"not_picked":["RobotSpaceExplorer:StarLightning","RobotSpaceExplorer:SurgingShield"],"picked":"RobotSpaceExplorer:IronShell+1","floor":19},{"not_picked":["RobotSpaceExplorer:Pulsar","RobotSpaceExplorer:PlasmaMissile","RobotSpaceExplorer:Asteroid"],"picked":"SKIP","floor":21}],"player_experience":343147,"relics_obtained":[{"floor":7.0,"key":"Akabeko"},{"floor":9.0,"key":"Boot"},{"floor":15.0,"key":"Gremlin Food"}],"event_choices":[{"cards_removed":["RobotSpaceExplorer:Strike"],"damage_healed":0.0,"max_hp_gain":0.0,"max_hp_loss":0.0,"gold_gain":0.0,"event_name":"The Cleric","player_choice":"Card Removal","floor":13.0,"gold_loss":75.0,"damage_taken":0.0},{"damage_healed":0,"gold_gain":0,"player_choice":"Shed Blood","damage_taken":25,"max_hp_gain":5,"max_hp_loss":0,"event_name":"Forgotten Altar","floor":20,"gold_loss":0}],"is_beta":false,"boss_relics":[{"not_picked":["Honey Jar","Replay:Bronze Core"],"picked":"ReplayTheSpireMod:DimensionalGlitch"}],"items_purged_floors":[4],"is_endless":false,"potions_floor_spawned":[1,2,3,5,16,19],"killed_by":"Sentry and Sphere","ascension_level":19}}