{"host":"axuns55dzq466eei","time":1610888579,"event":{"mods":["BaseMod","Colored Map","Keyboard Shortcuts","Minty Spire (QoL Compilation)","StSLib","SuperFastMode"],"gold_per_floor":[119,119,137,155,155,155,165,196,271,288,288,55,105,123,123,195,195,210,125,175,189,189,189,189],"floor_reached":23,"language":"KOR","playtime":472,"items_purged":["Strike_B"],"score":382,"play_id":"44054679-dd67-4334-a76a-a23cf5a9c47e","local_time":"20210117220259","is_ascension_mode":true,"campfire_choices":[{"data":"Ball Lightning","floor":6,"key":"SMITH"},{"data":"Seek","floor":11,"key":"SMITH"},{"data":"Undo","floor":15,"key":"SMITH"}],"circlet_count":0,"master_deck":["AscendersBane","Defend_B+1","Defend_B+1","Defend_B","Defend_B","Zap+1","Dualcast","Barrage+1","Ball Lightning+1","Rebound","Seek+1","Compile Driver","Undo+1","Creative AI+1","Cold Snap+1","Buffer+1","White Noise+1","Coolheaded","Coolheaded","Glacier"],"relics":["Cracked Core","Lizard Tail","War Paint","Frozen Egg 2","Runic Capacitor","Astrolabe","Pantograph"],"acts_visited":["Exordium","TheCity"],"potions_floor_usage":[8,16,21,23],"damage_taken":[{"damage":6,"enemies":"2 Louse","floor":1,"turns":3},{"damage":1,"enemies":"Cultist","floor":3,"turns":3},{"damage":5,"enemies":"Small Slimes","floor":4,"turns":2},{"damage":9,"enemies":"Red Slaver","floor":7,"turns":2},{"damage":35,"enemies":"Lagavulin","floor":8,"turns":4},{"damage":13,"enemies":"Blue Slaver","floor":10,"turns":3},{"damage":7,"enemies":"Exordium Wildlife","floor":14,"turns":4},{"damage":3,"enemies":"Hexaghost","floor":16,"turns":7},{"damage":7,"enemies":"Shell Parasite","floor":18,"turns":4},{"damage":0,"enemies":"2 Thieves","floor":21,"turns":4},{"damage":63,"enemies":"Slavers","floor":23,"turns":4}],"seed_played":"4378923387385711515","potions_obtained":[{"floor":3,"key":"FearPotion"},{"floor":8,"key":"LiquidBronze"},{"floor":10,"key":"PowerPotion"},{"floor":21,"key":"DistilledChaos"}],"is_trial":false,"path_per_floor":["M","?","M","M","?","R","M","E","T","M","R","$","?","M","R","B",null,"M","?","?","M","?","E"],"character_chosen":"DEFECT","items_purchased":["Runic Capacitor"],"campfire_rested":0,"item_purchase_floors":[12],"current_hp_per_floor":[58,58,57,52,52,52,43,8,8,35,35,35,35,28,28,25,60,53,53,53,53,53,0,0],"gold":189,"neow_bonus":"UPGRADE_CARD","is_daily":false,"chose_seed":false,"campfire_upgraded":3,"win_rate":0.0,"timestamp":1610888579,"path_taken":["M","?","?","M","?","R","?","E","T","M","R","$","?","M","R","BOSS","M","?","?","M","?","E"],"items_purchased_type":["Relic"],"build_version":"2020-12-22","purchased_purges":1,"victory":false,"max_hp_per_floor":[71,71,71,71,71,71,71,71,71,71,71,71,71,71,71,71,71,71,71,71,71,71,71,71],"card_choices":[{"not_picked":["Steam Power","Barrage"],"picked":"Ball Lightning","floor":1},{"not_picked":["FTL","Go for the Eyes"],"picked":"Barrage","floor":3},{"not_picked":["Sunder","Leap"],"picked":"Ball Lightning","floor":4},{"not_picked":["Turbo","Sweeping Beam"],"picked":"Rebound","floor":7},{"not_picked":["Reinforced Body","Double Energy"],"picked":"Seek","floor":8},{"not_picked":["Barrage","Rebound"],"picked":"Compile Driver","floor":10},{"not_picked":["Hologram","Leap"],"picked":"Undo","floor":14},{"not_picked":["Reboot","Seek"],"picked":"Creative AI+1","floor":16},{"not_picked":["Stack","Redo"],"picked":"Coolheaded","floor":18},{"not_picked":["Sweeping Beam","Fusion"],"picked":"Coolheaded","floor":21}],"player_experience":1080227,"relics_obtained":[{"floor":8,"key":"War Paint"},{"floor":9,"key":"Frozen Egg 2"}],"event_choices":[{"cards_removed":["Ball Lightning"],"damage_healed":0,"gold_gain":0,"player_choice":"Gave Card","damage_taken":0,"relics_obtained":["Lizard Tail"],"max_hp_gain":0,"max_hp_loss":0,"event_name":"WeMeetAgain","floor":2,"gold_loss":0},{"damage_healed":0,"gold_gain":0,"player_choice":"Forge","damage_taken":0,"max_hp_gain":0,"max_hp_loss":0,"event_name":"Accursed Blacksmith","floor":5,"gold_loss":0,"cards_upgraded":["Barrage"]},{"damage_healed":0,"gold_gain":50,"player_choice":"Pray","damage_taken":0,"max_hp_gain":0,"max_hp_loss":0,"event_name":"Golden Shrine","floor":13,"gold_loss":0},{"damage_healed":0,"gold_gain":0,"player_choice":"Obtained Relic","damage_taken":0,"relics_obtained":["Pantograph"],"max_hp_gain":0,"max_hp_loss":0,"event_name":"Addict","floor":19,"gold_loss":85},{"damage_healed":0,"gold_gain":50,"player_choice":"Stole From Cult","damage_taken":0,"max_hp_gain":0,"max_hp_loss":0,"event_name":"Nest","floor":20,"gold_loss":0},{"damage_healed":0,"gold_gain":0,"player_choice":"Read","damage_taken":0,"max_hp_gain":0,"max_hp_loss":0,"event_name":"The Library","floor":22,"gold_loss":0,"cards_obtained":["Glacier"]}],"is_beta":false,"boss_relics":[{"not_picked":["Runic Dome","Velvet Choker"],"picked":"Astrolabe"}],"items_purged_floors":[12],"is_endless":false,"potions_floor_spawned":[3,8,10,21],"killed_by":"Slavers","ascension_level":20}}