{"host":"kh6fvhxn285ncg0o","time":1610849293,"event":{"mods":["Act Like it!","BaseMod","Colored Map","Friendly Minions","Keyboard Shortcuts","Minty Spire (QoL Compilation)","Quick Restart","Relic Stats","StSLib","SuperFastMode"],"gold_per_floor":[118,138,63,63,63,63,95,95,95,113,143,143,158,193,193,267,267,286,286,296,307,318,318,351,351,351,384,395,411,611,636,636,713,713,723,586,603,618,633,658,668,699,699,699,733,733,429,480,480,480,480,480,480,118,145,145],"floor_reached":57,"language":"KOR","playtime":1925,"items_purged":["Strike_R","Fire Breathing","Immolate","Brutality"],"score":3540,"play_id":"0fdb11b5-ca49-4d9c-8636-64d2c08b8da4","local_time":"20210117110813","is_ascension_mode":true,"campfire_choices":[{"floor":6.0,"key":"REST"},{"data":"Bash","floor":8.0,"key":"SMITH"},{"data":"Shrug It Off","floor":12.0,"key":"SMITH"},{"data":"Body Slam","floor":15.0,"key":"SMITH"},{"data":"Fiend Fire","floor":23.0,"key":"SMITH"},{"data":"Dual Wield","floor":25.0,"key":"SMITH"},{"data":"Battle Trance","floor":32.0,"key":"SMITH"},{"data":"Feel No Pain","floor":46.0,"key":"SMITH"},{"floor":49.0,"key":"RECALL"},{"data":"Burning Pact","floor":53.0,"key":"SMITH"}],"circlet_count":0,"master_deck":["AscendersBane","Bash+1","Shrug It Off+1","Carnage+1","Battle Trance+1","Body Slam+1","Fiend Fire+1","Rage+1","Necronomicurse","True Grit+1","Flame Barrier+1","Dual Wield+1","Feel No Pain+1","Whirlwind","Pommel Strike","Berserk","Dark Embrace","Carnage","Intimidate","Fire Breathing","Evolve","Burning Pact+1"],"relics":["Burning Blood","Pocketwatch","Potion Belt","Lantern","Smiling Mask","Mark of Pain","Necronomicon","Bag of Marbles","Ornamental Fan","Mercury Hourglass","Toy Ornithopter","Pandora\u0027s Box","Bag of Preparation","Ancient Tea Set","Mummified Hand","Incense Burner","FossilizedHelix","TheAbacus","Gambling Chip","OrangePellets","Akabeko"],"acts_visited":["Exordium","TheCity","TheBeyond","TheEnding"],"potions_floor_usage":[56,56,56,56],"damage_taken":[{"damage":1.0,"enemies":"Cultist","floor":1.0,"turns":3.0},{"damage":5.0,"enemies":"Small Slimes","floor":2.0,"turns":3.0},{"damage":8.0,"enemies":"Gremlin Nob","floor":7.0,"turns":3.0},{"damage":6.0,"enemies":"2 Louse","floor":10.0,"turns":2.0},{"damage":4.0,"enemies":"3 Sentries","floor":11.0,"turns":7.0},{"damage":0.0,"enemies":"2 Fungi Beasts","floor":13.0,"turns":2.0},{"damage":0.0,"enemies":"Gremlin Nob","floor":14.0,"turns":3.0},{"damage":0.0,"enemies":"The Guardian","floor":16.0,"turns":13.0},{"damage":17.0,"enemies":"Spheric Guardian","floor":18.0,"turns":4.0},{"damage":6.0,"enemies":"2 Thieves","floor":20.0,"turns":3.0},{"damage":0.0,"enemies":"Chosen and Byrds","floor":21.0,"turns":5.0},{"damage":9.0,"enemies":"Centurion and Healer","floor":22.0,"turns":3.0},{"damage":0.0,"enemies":"Gremlin Leader","floor":24.0,"turns":3.0},{"damage":33.0,"enemies":"Slavers","floor":27.0,"turns":6.0},{"damage":0.0,"enemies":"Sentry and Sphere","floor":28.0,"turns":3.0},{"damage":1.0,"enemies":"Chosen and Byrds","floor":29.0,"turns":3.0},{"damage":0.0,"enemies":"Book of Stabbing","floor":31.0,"turns":3.0},{"damage":18.0,"enemies":"Automaton","floor":33.0,"turns":7.0},{"damage":8.0,"enemies":"Orb Walker","floor":35.0,"turns":2.0},{"damage":1.0,"enemies":"3 Darklings","floor":37.0,"turns":3.0},{"damage":9.0,"enemies":"Jaw Worm Horde","floor":38.0,"turns":3.0},{"damage":2.0,"enemies":"Maw","floor":39.0,"turns":7.0},{"damage":42.0,"enemies":"Nemesis","floor":40.0,"turns":7.0},{"damage":0.0,"enemies":"3 Darklings","floor":41.0,"turns":1.0},{"damage":0.0,"enemies":"Reptomancer","floor":42.0,"turns":2.0},{"damage":4.0,"enemies":"Nemesis","floor":45.0,"turns":5.0},{"damage":0.0,"enemies":"2 Orb Walkers","floor":48.0,"turns":1.0},{"damage":0.0,"enemies":"Donu and Deca","floor":50.0,"turns":4.0},{"damage":0.0,"enemies":"Time Eater","floor":51.0,"turns":5.0},{"damage":0.0,"enemies":"Shield and Spear","floor":55.0,"turns":7.0},{"damage":0,"enemies":"The Heart","floor":56,"turns":6}],"seed_played":"5602986553410442608","potions_obtained":[{"floor":7.0,"key":"EntropicBrew"},{"floor":10.0,"key":"DuplicationPotion"},{"floor":11.0,"key":"PowerPotion"},{"floor":20.0,"key":"AttackPotion"},{"floor":28.0,"key":"DuplicationPotion"},{"floor":29.0,"key":"SpeedPotion"},{"floor":35.0,"key":"AttackPotion"},{"floor":38.0,"key":"Fruit Juice"},{"floor":41.0,"key":"LiquidMemories"},{"floor":45.0,"key":"Regen Potion"}],"is_trial":false,"path_per_floor":["M","M","$","?","?","R","E","R","T","M","E","R","M","E","R","B",null,"M","?","M","M","M","R","E","R","T","E","M","M","?","E","R","B",null,"M","$","M","M","M","E","M","E","T","T","E","R","$","?","R","B","B",null,"R","$","E","B",null],"character_chosen":"IRONCLAD","items_purchased":["Evolve","TheAbacus","Burning Pact","SpeedPotion","OrangePellets","DistilledChaos"],"campfire_rested":1,"item_purchase_floors":[36,47,47,54,54,54],"current_hp_per_floor":[55,56,56,33,33,55,53,53,53,53,55,55,61,67,67,73,75,64,43,43,49,46,46,52,52,52,25,31,36,36,42,42,35,65,63,63,73,70,74,43,49,55,55,55,67,67,67,73,73,79,80,80,80,80,80,80],"gold":145,"neow_bonus":"ONE_RARE_RELIC","is_daily":false,"chose_seed":false,"campfire_upgraded":8,"win_rate":0.0,"timestamp":1610849293,"path_taken":["M","M","?","?","?","R","E","R","T","M","E","R","M","E","R","BOSS","M","?","M","M","M","R","E","R","T","E","M","M","?","E","R","BOSS","M","$","M","M","M","E","M","E","T","?","E","R","$","?","R","BOSS","BOSS","R","$","E","BOSS"],"items_purchased_type":["Card","Relic","Card","Potion","Relic","Potion"],"build_version":"2020-12-22","purchased_purges":4,"victory":true,"max_hp_per_floor":[75,75,75,75,75,75,75,75,75,75,75,75,75,75,75,75,75,75,75,75,75,75,75,75,75,75,75,75,75,75,75,75,75,75,75,75,75,75,75,75,75,75,75,75,80,80,80,80,80,80,80,80,80,80,80,80],"relic_stats":{"counters":[31,129],"Bag of Preparation":[16],"Smiling Mask":225,"Burning Blood":168,"Mercury Hourglass":[236],"OrangePellets":[5],"TheAbacus":[420],"Ornamental Fan":[112],"Mummified Hand":[45],"Gambling Chip":[17],"Pandora\u0027s Box":["Whirlwind","Pommel Strike","Brutality","Berserk","Dark Embrace","Carnage","Intimidate","Fire Breathing"],"Necronomicon":[39],"obtain_stats":[{"Potion Belt":7,"Lantern":11,"Bag of Preparation":40,"Incense Burner":44,"Smiling Mask":14,"Ancient Tea Set":42,"Burning Blood":0,"Akabeko":55,"Mercury Hourglass":27,"OrangePellets":54,"TheAbacus":47,"Ornamental Fan":26,"Mummified Hand":43,"Gambling Chip":48,"Pandora\u0027s Box":34,"Mark of Pain":17,"Necronomicon":19,"Bag of Marbles":24,"Toy Ornithopter":31,"FossilizedHelix":45,"Pocketwatch":0},{"Potion Belt":3,"Lantern":5,"Bag of Preparation":23,"Incense Burner":25,"Smiling Mask":7,"Ancient Tea Set":25,"Burning Blood":0,"Akabeko":30,"Mercury Hourglass":14,"OrangePellets":29,"TheAbacus":26,"Ornamental Fan":13,"Mummified Hand":25,"Gambling Chip":27,"Pandora\u0027s Box":18,"Mark of Pain":8,"Necronomicon":9,"Bag of Marbles":13,"Toy Ornithopter":17,"FossilizedHelix":26,"Pocketwatch":0},{"Potion Belt":9,"Lantern":18,"Bag of Preparation":98,"Incense Burner":101,"Smiling Mask":23,"Ancient Tea Set":101,"Burning Blood":0,"Akabeko":123,"Mercury Hourglass":60,"OrangePellets":116,"TheAbacus":106,"Ornamental Fan":54,"Mummified Hand":101,"Gambling Chip":107,"Pandora\u0027s Box":76,"Mark of Pain":36,"Necronomicon":40,"Bag of Marbles":54,"Toy Ornithopter":69,"FossilizedHelix":106,"Pocketwatch":0}],"Toy Ornithopter":21,"Pocketwatch":[152]},"card_choices":[{"not_picked":["Sword Boomerang","Iron Wave"],"picked":"Shrug It Off","floor":1.0},{"not_picked":["Shockwave","Bloodletting"],"picked":"Carnage","floor":2.0},{"not_picked":["Anger","Dropkick"],"picked":"Battle Trance","floor":7.0},{"not_picked":["Rupture","Heavy Blade","Entrench"],"picked":"SKIP","floor":10.0},{"not_picked":["Bludgeon","Carnage","Blood for Blood"],"picked":"SKIP","floor":11.0},{"not_picked":["True Grit","Havoc","Warcry"],"picked":"SKIP","floor":13.0},{"not_picked":["Sword Boomerang","Armaments"],"picked":"Body Slam","floor":14.0},{"not_picked":["Exhume","Juggernaut"],"picked":"Fiend Fire","floor":16.0},{"not_picked":["Entrench","Body Slam"],"picked":"Rage+1","floor":18.0},{"not_picked":["Anger+1","Pommel Strike"],"picked":"True Grit+1","floor":20.0},{"not_picked":["Carnage","Metallicize","Rupture"],"picked":"SKIP","floor":21.0},{"not_picked":["Warcry","Shrug It Off"],"picked":"Flame Barrier+1","floor":22.0},{"not_picked":["Rampage","Wild Strike+1"],"picked":"Dual Wield","floor":24.0},{"not_picked":["Flex","Wild Strike"],"picked":"Fire Breathing","floor":27.0},{"not_picked":["Anger","Combust","Body Slam+1"],"picked":"SKIP","floor":28.0},{"not_picked":["Blood for Blood","Clothesline"],"picked":"Feel No Pain","floor":29.0},{"not_picked":["Carnage","Perfected Strike","Heavy Blade"],"picked":"SKIP","floor":31.0},{"not_picked":["Exhume","Juggernaut"],"picked":"Immolate","floor":33.0},{"not_picked":["Sword Boomerang","Entrench","Pommel Strike+1"],"picked":"SKIP","floor":35.0},{"not_picked":["Body Slam","Evolve","Entrench"],"picked":"SKIP","floor":37.0},{"not_picked":["Combust","Flame Barrier+1","True Grit"],"picked":"SKIP","floor":38.0},{"not_picked":["Clothesline","Sentinel","Inflame"],"picked":"SKIP","floor":39.0},{"not_picked":["Whirlwind","Evolve+1","Blood for Blood+1"],"picked":"SKIP","floor":40.0},{"not_picked":["True Grit","Shrug It Off","Whirlwind"],"picked":"SKIP","floor":41.0},{"not_picked":["Perfected Strike","Body Slam","Bludgeon"],"picked":"SKIP","floor":42.0},{"not_picked":["Ghostly Armor","Thunderclap","Combust"],"picked":"SKIP","floor":45.0},{"not_picked":["Limit Break","Combust","Perfected Strike"],"picked":"SKIP","floor":55.0}],"player_experience":3476129,"relics_obtained":[{"floor":7.0,"key":"Potion Belt"},{"floor":11.0,"key":"Lantern"},{"floor":14.0,"key":"Smiling Mask"},{"floor":19.0,"key":"Necronomicon"},{"floor":24.0,"key":"Bag of Marbles"},{"floor":26.0,"key":"Ornamental Fan"},{"floor":27.0,"key":"Mercury Hourglass"},{"floor":31.0,"key":"Toy Ornithopter"},{"floor":40.0,"key":"Bag of Preparation"},{"floor":42.0,"key":"Ancient Tea Set"},{"floor":43.0,"key":"Mummified Hand"},{"floor":44.0,"key":"Incense Burner"},{"floor":45.0,"key":"FossilizedHelix"},{"floor":48.0,"key":"Gambling Chip"},{"floor":55.0,"key":"Akabeko"}],"event_choices":[{"damage_healed":0.0,"max_hp_gain":0.0,"max_hp_loss":0.0,"gold_gain":0.0,"event_name":"Shining Light","player_choice":"Entered Light","floor":4.0,"gold_loss":0.0,"damage_taken":23.0,"cards_upgraded":["Defend_R","Strike_R"]},{"damage_healed":0.0,"max_hp_gain":0.0,"max_hp_loss":0.0,"gold_gain":0.0,"event_name":"Living Wall","player_choice":"Grow","floor":5.0,"gold_loss":0.0,"damage_taken":0.0,"cards_upgraded":["Carnage"]},{"damage_healed":0.0,"max_hp_gain":0.0,"max_hp_loss":0.0,"gold_gain":0.0,"event_name":"Cursed Tome","player_choice":"Obtained Book","floor":19.0,"gold_loss":0.0,"damage_taken":21.0},{"damage_healed":0.0,"max_hp_gain":0.0,"max_hp_loss":0.0,"gold_gain":200.0,"event_name":"Wheel of Change","player_choice":"Gold","floor":30.0,"gold_loss":0.0,"damage_taken":0.0},{"damage_healed":0.0,"max_hp_gain":0.0,"max_hp_loss":0.0,"gold_gain":0.0,"event_name":"Mysterious Sphere","player_choice":"Fight","floor":48.0,"gold_loss":0.0,"damage_taken":0.0}],"is_beta":false,"boss_relics":[{"not_picked":["Philosopher\u0027s Stone","Snecko Eye"],"picked":"Mark of Pain"},{"not_picked":["Cursed Key","Tiny House"],"picked":"Pandora\u0027s Box"}],"items_purged_floors":[3,36,47,54],"is_endless":false,"potions_floor_spawned":[7,10,11,20,28,29,35,38,41,45,48],"ascension_level":20}}