{"host":"8d3fefv2347kqkpz","time":1610857845,"event":{"mods":["100% Spire Juice","BaseMod","Better Vampires","Colored Map","Minty Spire (QoL Compilation)","Quick Restart","Replay The Spire","StSLib","The Gatherer","Waifu the Spire"],"gold_per_floor":[213,213,232,4,14,14,41,41,41,75,92,106,29,47,47,145,145,165,183,203,57,57,57,87,87,87,113,124,124,144,162,162,266,266,279,4,24,24,50,50,67,67,67,67,79,79,4,20,20,20,20],"floor_reached":50,"language":"ZHS","playtime":2330,"items_purged":["Strike_R","Strike_R","Bash"],"score":499,"play_id":"154f82cd-7f63-401e-b9b5-dccea99003b3","local_time":"20210117123045","is_ascension_mode":false,"campfire_choices":[{"data":"Demon Form","floor":6,"key":"SMITH"},{"data":"Rampage","floor":8,"key":"SMITH"},{"floor":15,"key":"REST"},{"floor":23,"key":"REST"},{"data":"Limit Break","floor":29,"key":"SMITH"},{"floor":32,"key":"REST"},{"floor":40,"key":"REST"},{"floor":42,"key":"REST"},{"floor":46,"key":"REST"},{"floor":49,"key":"REST"}],"circlet_count":0,"master_deck":["Strike_R","Strike_R","Defend_R","Defend_R","Defend_R+1","Defend_R","Flex","Heavy Blade","Metallicize","Demon Form+1","Offering+1","Rampage+1","Hemogenesis","Rupture","Cleave","Hemokinesis","Limit Break+1","Sword Boomerang","ReplayTheSpireMod:Stacked","Hemokinesis","Warcry+1","Combust+1","Warcry+1"],"relics":["Burning Blood","Orrery","Gremlin Horn","Oddly Smooth Stone","War Paint","Runic Pyramid","Eternal Feather","Frozen Egg 2","Blue Doll","SlaversCollar","Chemical X","Omamori","King of Hearts"],"acts_visited":["Exordium","TheCity","TheBeyond"],"potions_floor_usage":[24,24,24,30,31,45,48],"damage_taken":[{"damage":7,"enemies":"2 Louse","floor":1,"turns":3},{"damage":1,"enemies":"Cultist","floor":3,"turns":3},{"damage":6,"enemies":"Small Slimes","floor":5,"turns":4},{"damage":23,"enemies":"3 Sentries","floor":7,"turns":6},{"damage":12,"enemies":"Lagavulin","floor":10,"turns":7},{"damage":12,"enemies":"3 Louse","floor":11,"turns":3},{"damage":18,"enemies":"Blue Slaver","floor":12,"turns":2},{"damage":11,"enemies":"Exordium Thugs","floor":14,"turns":4},{"damage":28,"enemies":"Fading Forest","floor":16,"turns":11},{"damage":19,"enemies":"Spheric Guardian","floor":18,"turns":5},{"damage":56,"enemies":"3 Byrds","floor":19,"turns":6},{"damage":40,"enemies":"Centurion and Healer","floor":20,"turns":6},{"damage":41,"enemies":"Gremlin Leader","floor":24,"turns":7},{"damage":10,"enemies":"Chosen and Byrds","floor":28,"turns":6},{"damage":8,"enemies":"Snecko","floor":30,"turns":4},{"damage":48,"enemies":"Shelled Parasite and Fungi","floor":31,"turns":6},{"damage":39,"enemies":"Champ","floor":33,"turns":10},{"damage":45,"enemies":"Orb Walker","floor":35,"turns":6},{"damage":58,"enemies":"3 Shapes","floor":37,"turns":7},{"damage":52,"enemies":"Spire Growth","floor":41,"turns":6},{"damage":44,"enemies":"Maw","floor":45,"turns":8},{"damage":48,"enemies":"Transient","floor":48,"turns":5},{"damage":71,"enemies":"Awakened One","floor":50,"turns":5}],"seed_played":"-3959274636964335970","potions_obtained":[{"floor":2,"key":"DistilledChaos"},{"floor":2,"key":"ElixirPotion"},{"floor":2,"key":"Block Potion"},{"floor":7,"key":"Swift Potion"},{"floor":10,"key":"Flashbang"},{"floor":24,"key":"GamblersBrew"},{"floor":30,"key":"Fire Potion"},{"floor":31,"key":"Fire Potion"},{"floor":37,"key":"HeartOfIron"}],"is_trial":false,"path_per_floor":["M","?","M","$","M","R","E","R","T","E","M","M","$","M","R","B",null,"M","M","M","$","?","R","E","?","T","T","M","R","M","M","R","B",null,"M","$","M","?","T","R","M","R","T","?","M","R","$","M","R","B"],"character_chosen":"IRONCLAD","items_purchased":["Orrery","Hemokinesis","Sword Boomerang","Chemical X","Combust+1"],"campfire_rested":7,"item_purchase_floors":[4,13,21,36,47],"current_hp_per_floor":[79,79,80,80,80,80,63,63,63,62,63,51,51,46,70,65,80,78,55,30,30,30,54,36,36,36,36,41,53,56,29,65,49,80,54,54,19,19,19,55,22,58,58,58,37,73,73,31,67,0,0],"gold":20,"neow_bonus":"HUNDRED_GOLD","is_daily":false,"chose_seed":false,"campfire_upgraded":3,"win_rate":0.0,"timestamp":1610857845,"path_taken":["M","?","M","?","?","R","E","R","T","E","M","M","$","M","R","BOSS","M","M","M","$","?","R","E","?","T","?","M","R","?","M","R","BOSS","M","$","M","?","?","R","M","R","T","?","?","R","?","M","R","BOSS"],"items_purchased_type":["Relic","Card","Card","Relic","Card"],"build_version":"2020-12-22","purchased_purges":3,"victory":false,"max_hp_per_floor":[80,80,80,80,80,80,80,80,80,80,80,80,80,80,80,80,80,80,80,80,80,80,80,80,80,80,80,80,80,80,80,80,80,80,80,80,80,80,80,80,80,80,80,80,80,80,80,80,80,80,80],"card_choices":[{"not_picked":["ReplayTheSpireMod:Strike From Hell","Massacre"],"picked":"Flex","floor":1},{"not_picked":["Pommel Strike","Replay:Undeath\u0027s Touch","Uppercut"],"picked":"SKIP","floor":3},{"not_picked":["Wild Strike","Clothesline"],"picked":"Heavy Blade","floor":4},{"not_picked":["Clash","Shrug It Off"],"picked":"Metallicize","floor":4},{"not_picked":["Body Slam","Havoc"],"picked":"Demon Form","floor":4},{"not_picked":["Armaments","Life Link"],"picked":"Offering","floor":4},{"not_picked":["Clothesline","Defy Death"],"picked":"Rampage","floor":5},{"not_picked":["Twin Strike","Feel No Pain"],"picked":"Hemogenesis","floor":7},{"not_picked":["ReplayTheSpireMod:Corrosion Curse","Clothesline","Dark Embrace"],"picked":"SKIP","floor":10},{"not_picked":["ReplayTheSpireMod:Stacked","Run Through"],"picked":"Rupture","floor":11},{"not_picked":["ReplayReversal","Pommel Strike"],"picked":"Cleave","floor":12},{"not_picked":["Anger","Havoc","Infernal Blade"],"picked":"SKIP","floor":14},{"not_picked":["Juggernaut","Bludgeon"],"picked":"Limit Break","floor":16},{"not_picked":["Massacre","Iron Wave","Sever Soul"],"picked":"SKIP","floor":18},{"not_picked":["Wild Strike","Flame Barrier","True Grit"],"picked":"SKIP","floor":19},{"not_picked":["ReplayTheSpireMod:Strike From Hell","Carnage","Replay:Undeath\u0027s Touch"],"picked":"SKIP","floor":20},{"not_picked":["Shrug It Off+1","Twin Strike+1","Clothesline"],"picked":"SKIP","floor":24},{"not_picked":["Whirlwind","Sword Boomerang","Anger+1"],"picked":"SKIP","floor":28},{"not_picked":["Flame Barrier","Clash","ReplayTheSpireMod:LeadingStrike"],"picked":"SKIP","floor":30},{"not_picked":["ReplayTheSpireMod:Strike From Hell+1","True Grit+1"],"picked":"ReplayTheSpireMod:Stacked","floor":31},{"not_picked":["Defy Death+1","Anger","Run Through"],"picked":"SKIP","floor":35},{"not_picked":["ReplayTheSpireMod:Strike From Hell","Iron Wave+1"],"picked":"Hemokinesis","floor":37},{"not_picked":["Heavy Blade+1","Thunderclap+1","Replay:Undeath\u0027s Touch"],"picked":"SKIP","floor":41},{"not_picked":["Shrug It Off","Twin Strike"],"picked":"Warcry+1","floor":45},{"not_picked":["ReplayTheSpireMod:Stacked","Sword Boomerang+1"],"picked":"Warcry+1","floor":48}],"player_experience":68718,"relics_obtained":[{"floor":7,"key":"Gremlin Horn"},{"floor":9,"key":"Oddly Smooth Stone"},{"floor":10,"key":"War Paint"},{"floor":24,"key":"Eternal Feather"},{"floor":26,"key":"Frozen Egg 2"},{"floor":27,"key":"Blue Doll"},{"floor":39,"key":"Omamori"},{"floor":43,"key":"King of Hearts"}],"event_choices":[{"damage_healed":0,"gold_gain":0,"player_choice":"Got Potions","damage_taken":0,"max_hp_gain":0,"max_hp_loss":0,"event_name":"Lab","floor":2,"gold_loss":0},{"damage_healed":0,"gold_gain":0,"player_choice":"Ignored","damage_taken":0,"max_hp_gain":0,"max_hp_loss":0,"event_name":"Vampires","floor":22,"gold_loss":0},{"damage_healed":0,"gold_gain":0,"player_choice":"Ignored","damage_taken":0,"max_hp_gain":0,"max_hp_loss":0,"event_name":"Ghosts","floor":25,"gold_loss":0},{"cards_removed":["Strike_R"],"damage_healed":0,"gold_gain":0,"player_choice":"Removed Attack","damage_taken":0,"max_hp_gain":0,"max_hp_loss":0,"event_name":"Falling","floor":38,"gold_loss":0},{"damage_healed":0,"gold_gain":0,"player_choice":"Bought 0 Potions","damage_taken":0,"max_hp_gain":0,"max_hp_loss":0,"event_name":"The Woman in Blue","floor":44,"gold_loss":0}],"is_beta":false,"boss_relics":[{"not_picked":["Sozu","Ooze Armor"],"picked":"Runic Pyramid"},{"not_picked":["Replay:Bronze Core","Philosopher\u0027s Stone"],"picked":"SlaversCollar"}],"items_purged_floors":[4,21,36],"is_endless":false,"potions_floor_spawned":[3,7,10,11,19,20,24,30,31,37],"killed_by":"Awakened One","ascension_level":0}}