{"host":"9v3x998ddbx8o276","time":1610883159,"event":{"mods":["AchievementEnabler","BaseMod","Colored Map","Colored Powertips","Highlight Path","Minty Spire (QoL Compilation)","Quick Restart","Rare Cards Sparkle"],"gold_per_floor":[112,17,0,15,33,33,57,57,134,165,165,203,203,168,168,262,262,276,276,276,286,356,356,376,405,405,405,419,419,419],"floor_reached":29,"language":"ENG","playtime":821,"items_purged":[],"score":498,"play_id":"25bd96d1-55d3-4822-8b0f-ce7e54c3e43f","local_time":"20210117220239","is_ascension_mode":true,"campfire_choices":[{"data":"Blade Dance","floor":6.0,"key":"SMITH"},{"data":"Finisher","floor":8.0,"key":"SMITH"},{"floor":13.0,"key":"REST"},{"data":"Noxious Fumes","floor":15.0,"key":"SMITH"},{"floor":23.0,"key":"REST"},{"floor":27.0,"key":"REST"}],"circlet_count":0,"master_deck":["AscendersBane","Strike_G","Strike_G","Defend_G","Defend_G","Defend_G","Defend_G","Defend_G","Survivor","Neutralize","Blade Dance+1","Noxious Fumes+1","Deadly Poison","Finisher+1","Dagger Throw","Blade Dance","Burst","Accuracy+1","After Image+1","Deflect+1","Bouncing Flask","Footwork","PiercingWail","Dagger Spray","Terror","Catalyst"],"relics":["Ring of the Snake","NeowsBlessing","Bag of Marbles","The Courier","Shuriken","Bloody Idol","StoneCalendar","Astrolabe","Matryoshka","MealTicket","Regal Pillow","Du-Vu Doll"],"acts_visited":["Exordium","TheCity"],"potions_floor_usage":[29],"damage_taken":[{"damage":0.0,"enemies":"Jaw Worm","floor":1.0,"turns":1.0},{"damage":0.0,"enemies":"2 Louse","floor":4.0,"turns":1.0},{"damage":0.0,"enemies":"Cultist","floor":5.0,"turns":1.0},{"damage":20.0,"enemies":"3 Sentries","floor":10.0,"turns":8.0},{"damage":30.0,"enemies":"Gremlin Nob","floor":12.0,"turns":4.0},{"damage":24.0,"enemies":"The Guardian","floor":16.0,"turns":10.0},{"damage":6.0,"enemies":"Shell Parasite","floor":18.0,"turns":3.0},{"damage":15.0,"enemies":"Spheric Guardian","floor":21.0,"turns":4.0},{"damage":18.0,"enemies":"Snake Plant","floor":24.0,"turns":4.0},{"damage":22.0,"enemies":"Book of Stabbing","floor":25.0,"turns":6.0},{"damage":28.0,"enemies":"Cultist and Chosen","floor":28.0,"turns":6.0},{"damage":31,"enemies":"Gremlin Leader","floor":29,"turns":3}],"seed_played":"8096533458205930054","potions_obtained":[{"floor":5.0,"key":"Weak Potion"},{"floor":18.0,"key":"CultistPotion"},{"floor":25.0,"key":"Poison Potion"},{"floor":28.0,"key":"DistilledChaos"}],"is_trial":false,"path_per_floor":["M","$","?","M","M","R","T","R","T","E","?","E","R","?","R","B",null,"M","?","?","M","T","R","M","E","T","R","M","E"],"character_chosen":"THE_SILENT","items_purchased":["Noxious Fumes","SkillPotion"],"campfire_rested":3,"item_purchase_floors":[2,2],"current_hp_per_floor":[59,59,59,59,59,59,59,59,59,39,39,9,27,42,42,18,50,44,44,44,34,39,57,44,27,27,60,37,6,6],"gold":419,"neow_bonus":"THREE_ENEMY_KILL","is_daily":false,"chose_seed":false,"campfire_upgraded":3,"win_rate":0.0,"timestamp":1610883159,"path_taken":["M","$","?","M","M","R","?","R","T","E","?","E","R","?","R","BOSS","M","?","?","M","?","R","?","E","T","R","M","E"],"items_purchased_type":["Card","Potion"],"build_version":"2020-12-22","purchased_purges":0,"victory":false,"max_hp_per_floor":[66,66,66,66,66,66,66,66,66,66,60,60,60,60,60,60,60,60,60,60,60,60,60,60,60,60,60,60,60,60],"card_choices":[{"not_picked":["Dodge and Roll","All Out Attack"],"picked":"Blade Dance","floor":1.0},{"not_picked":["Well Laid Plans","Cloak And Dagger"],"picked":"Deadly Poison","floor":4.0},{"not_picked":["Deflect","Outmaneuver"],"picked":"Finisher","floor":5.0},{"not_picked":["Concentrate","Caltrops"],"picked":"Dagger Throw","floor":10.0},{"not_picked":["Acrobatics","Choke"],"picked":"Blade Dance","floor":12.0},{"not_picked":["Doppelganger","Adrenaline"],"picked":"Burst","floor":16.0},{"not_picked":["Tactician","Sucker Punch+1"],"picked":"Bouncing Flask","floor":18.0},{"not_picked":["Masterful Stab","Poisoned Stab"],"picked":"PiercingWail","floor":21.0},{"not_picked":["Flying Knee","Outmaneuver"],"picked":"Dagger Spray","floor":24.0},{"not_picked":["Blur","Underhanded Strike"],"picked":"Terror","floor":25.0},{"not_picked":["Poisoned Stab+1","Sucker Punch+1"],"picked":"Catalyst","floor":28.0}],"player_experience":1668930,"relics_obtained":[{"floor":7.0,"key":"Bag of Marbles"},{"floor":9.0,"key":"The Courier"},{"floor":10.0,"key":"Shuriken"},{"floor":12.0,"key":"StoneCalendar"},{"floor":22.0,"key":"Matryoshka"},{"floor":25.0,"key":"MealTicket"},{"floor":26.0,"key":"Regal Pillow"},{"floor":26.0,"key":"Du-Vu Doll"}],"event_choices":[{"damage_healed":0.0,"max_hp_gain":0.0,"max_hp_loss":0.0,"gold_gain":0.0,"event_name":"World of Goop","player_choice":"Left Gold","floor":3.0,"gold_loss":17.0,"damage_taken":0.0},{"damage_healed":0.0,"max_hp_gain":0.0,"max_hp_loss":6.0,"gold_gain":0.0,"event_name":"Golden Idol","player_choice":"Lose Max HP","floor":11.0,"gold_loss":0.0,"damage_taken":0.0,"relics_obtained":["Golden Idol"]},{"damage_healed":15.0,"max_hp_gain":0.0,"max_hp_loss":0.0,"gold_gain":0.0,"event_name":"The Cleric","player_choice":"Healed","floor":14.0,"gold_loss":35.0,"damage_taken":0.0},{"damage_healed":0.0,"max_hp_gain":0.0,"max_hp_loss":0.0,"gold_gain":0.0,"event_name":"Forgotten Altar","player_choice":"Gave Idol","floor":19.0,"relics_lost":["Golden Idol"],"gold_loss":0.0,"damage_taken":0.0,"relics_obtained":["Bloody Idol"]},{"damage_healed":0.0,"max_hp_gain":0.0,"max_hp_loss":0.0,"gold_gain":0.0,"event_name":"The Library","player_choice":"Read","floor":20.0,"gold_loss":0.0,"damage_taken":0.0,"cards_obtained":["Footwork"]}],"is_beta":false,"boss_relics":[{"not_picked":["Runic Dome","SacredBark"],"picked":"Astrolabe"}],"items_purged_floors":[],"is_endless":false,"potions_floor_spawned":[5,18,25,28],"killed_by":"Gremlin Leader","ascension_level":20}}