{"host":"f5gffvlv6a66yqkd","time":1610876153,"event":{"mods":["2.2 Compatiblity","Alarm Clock","BaseMod","Colored Map","Custom Start","DeckTracker","Keyboard Shortcuts","Minty Spire (QoL Compilation)","Permanent Neow","Quick Restart","Relic Stats","Replay The Spire","StSLib","SuperFastMode"],"gold_per_floor":[119,119,134,134,8,37,37,57,57,92,92,106,106,116,116,188,188,204,217,232,60,60,94,94,94,94],"floor_reached":25,"language":"KOR","playtime":875,"items_purged":["Strike_B"],"score":512,"play_id":"ea0102f3-19d0-4164-88da-818168685fd2","local_time":"20210117183553","is_ascension_mode":true,"campfire_choices":[{"data":"Dualcast","floor":7.0,"key":"SMITH"},{"data":"Coolheaded","floor":11.0,"key":"SMITH"},{"data":"Chill","floor":13.0,"key":"SMITH"},{"data":"Barrage","floor":15.0,"key":"SMITH"},{"floor":24.0,"key":"REST"}],"circlet_count":0,"master_deck":["AscendersBane","Strike_B","Defend_B","Defend_B","Defend_B","Zap+1","Dualcast+1","Doom and Gloom","Reboot","Compile Driver","Chill+1","Streamline","Coolheaded+1","Ball Lightning","Barrage+1","Panic Button","Panic Button","Reboot","Go for the Eyes","ReplayTheSpireMod:Calculation Training","Leap","Stack","Barrage","ReplayTheSpireMod:Calculation Training","Chaos+1"],"relics":["Cracked Core","Emotion Chip","Replay:Ringing Soul","Strawberry","Inserter","Prayer Wheel","Orrery","Regal Pillow"],"acts_visited":["Exordium","TheCity"],"potions_floor_usage":[25],"damage_taken":[{"damage":2.0,"enemies":"Jaw Worm","floor":1.0,"turns":3.0},{"damage":1.0,"enemies":"Cultist","floor":3.0,"turns":3.0},{"damage":25.0,"enemies":"Lagavulin","floor":6.0,"turns":5.0},{"damage":3.0,"enemies":"2 Louse","floor":8.0,"turns":2.0},{"damage":12.0,"enemies":"Gremlin Nob","floor":10.0,"turns":3.0},{"damage":12.0,"enemies":"Lots of Slimes","floor":12.0,"turns":2.0},{"damage":2.0,"enemies":"2 Fungi Beasts","floor":14.0,"turns":2.0},{"damage":27.0,"enemies":"Slime Boss","floor":16.0,"turns":7.0},{"damage":0.0,"enemies":"3 Byrds","floor":18.0,"turns":4.0},{"damage":33.0,"enemies":"2 Thieves","floor":19.0,"turns":4.0},{"damage":23.0,"enemies":"Centurion and Healer","floor":20.0,"turns":7.0},{"damage":9.0,"enemies":"Slavers","floor":23.0,"turns":7.0},{"damage":88,"enemies":"Gremlin Leader","floor":25,"turns":9}],"seed_played":"-3042159015382006771","potions_obtained":[{"floor":0.0,"key":"Fruit Juice"},{"floor":0.0,"key":"AttackPotion"},{"floor":0.0,"key":"Swift Potion"},{"floor":1.0,"key":"Block Potion"},{"floor":3.0,"key":"FocusPotion"},{"floor":16.0,"key":"Explosive Potion"},{"floor":18.0,"key":"GamblersBrew"},{"floor":20.0,"key":"Venom Potion"}],"is_trial":false,"path_per_floor":["M","?","M","?","$","E","R","M","T","E","R","M","R","M","R","B",null,"M","M","M","$","?","E","R","E"],"character_chosen":"DEFECT","items_purchased":["Compile Driver","Orrery"],"campfire_rested":1,"item_purchase_floors":[5,21],"current_hp_per_floor":[67,67,66,66,66,41,41,38,38,36,36,27,27,28,28,4,72,72,42,22,25,28,22,70,0,0],"gold":94,"neow_bonus":"THREE_SMALL_POTIONS","is_daily":false,"chose_seed":false,"campfire_upgraded":4,"win_rate":0.0,"timestamp":1610876153,"path_taken":["M","?","?","?","$","E","R","M","T","E","R","M","R","M","R","BOSS","M","?","M","$","?","E","R","E"],"items_purchased_type":["Card","Relic"],"build_version":"2020-12-22","purchased_purges":1,"victory":false,"max_hp_per_floor":[76,76,76,76,76,76,76,76,76,86,86,89,89,92,92,95,95,95,98,101,104,107,110,110,110,110],"relic_stats":{"Emotion Chip":[32,17,13,2,0],"Regal Pillow":15,"Inserter":[15],"counters":[13,58],"Prayer Wheel":2,"obtain_stats":[{"Replay:Ringing Soul":9,"Emotion Chip":6,"Regal Pillow":23,"Inserter":17,"Strawberry":10,"Orrery":21,"Prayer Wheel":19,"Cracked Core":0},{"Replay:Ringing Soul":4,"Emotion Chip":3,"Regal Pillow":12,"Inserter":8,"Strawberry":5,"Orrery":11,"Prayer Wheel":10,"Cracked Core":0},{"Replay:Ringing Soul":13,"Emotion Chip":11,"Regal Pillow":49,"Inserter":27,"Strawberry":16,"Orrery":42,"Prayer Wheel":32,"Cracked Core":0}]},"card_choices":[{"not_picked":["Rebound","ReplayTheSpireMod:Repulse"],"picked":"Doom and Gloom","floor":1.0},{"not_picked":["Turbo","Reprogram"],"picked":"Reboot","floor":3.0},{"not_picked":["Redo","White Noise"],"picked":"Chill","floor":6.0},{"not_picked":["Auto Shields","BasicCrystalCard"],"picked":"Streamline","floor":8.0},{"not_picked":["Barrage","Machine Learning"],"picked":"Coolheaded","floor":10.0},{"not_picked":["Go for the Eyes","Turbo"],"picked":"Ball Lightning","floor":12.0},{"not_picked":["BasicCrystalCard","Rainbow"],"picked":"Barrage","floor":14.0},{"not_picked":["Seek","Reboot"],"picked":"ReplayTheSpireMod:Fabricate Wheel","floor":16.0},{"not_picked":["Turbo","ReplayTheSpireMod:Repulse","Gash+1"],"picked":"SKIP","floor":18.0},{"not_picked":["Coolheaded","Ball Lightning+1"],"picked":"Panic Button","floor":19.0},{"not_picked":["Scrape","Rebound","Force Field+1"],"picked":"SKIP","floor":19.0},{"not_picked":["Loop+1","Darkness"],"picked":"Panic Button","floor":20.0},{"not_picked":["Go for the Eyes","ReplayTheSpireMod:Repulse","Sweeping Beam+1"],"picked":"SKIP","floor":20.0},{"not_picked":["Rip and Tear","FTL"],"picked":"Reboot","floor":21.0},{"not_picked":["Streamline","Ball Lightning+1"],"picked":"Go for the Eyes","floor":21.0},{"not_picked":["Sweeping Beam","ReplayRNGCard"],"picked":"ReplayTheSpireMod:Calculation Training","floor":21.0},{"not_picked":["Lockon","Compile Driver+1"],"picked":"Leap","floor":21.0},{"not_picked":["Darkness","Heatsinks"],"picked":"Stack","floor":21.0},{"not_picked":["Sweeping Beam","Scrape"],"picked":"Chaos+1","floor":23.0}],"player_experience":1579001,"relics_obtained":[{"floor":6.0,"key":"Emotion Chip"},{"floor":9.0,"key":"Replay:Ringing Soul"},{"floor":10.0,"key":"Strawberry"},{"floor":23.0,"key":"Regal Pillow"}],"event_choices":[{"damage_healed":0.0,"max_hp_gain":0.0,"max_hp_loss":0.0,"gold_gain":0.0,"event_name":"Accursed Blacksmith","player_choice":"Forge","floor":2.0,"gold_loss":0.0,"damage_taken":0.0,"cards_upgraded":["Zap"]},{"cards_removed":["Defend_B"],"damage_healed":0.0,"max_hp_gain":0.0,"max_hp_loss":0.0,"gold_gain":0.0,"event_name":"Purifier","player_choice":"Purged","floor":4.0,"gold_loss":0.0,"damage_taken":0.0},{"damage_healed":0.0,"max_hp_gain":0.0,"max_hp_loss":0.0,"gold_gain":0.0,"cards_transformed":["Strike_B","Strike_B"],"event_name":"Drug Dealer","player_choice":"Became Test Subject","floor":22.0,"gold_loss":0.0,"damage_taken":0.0,"cards_obtained":["Barrage","ReplayTheSpireMod:Calculation Training"]}],"is_beta":false,"boss_relics":[{"not_picked":["Sozu","Calling Bell"],"picked":"Inserter"}],"items_purged_floors":[5],"is_endless":false,"potions_floor_spawned":[1,3,8,16,18,20],"killed_by":"Gremlin Leader","ascension_level":20}}