{"host":"bhhjkloc4kd9nqc5","time":1610878337,"event":{"mods":["100% Spire Juice","Act Like it!","BaseMod","Chen","Gensokyo","Infinite Spire","Koishi","Lobotomy","LobotomyExtend","Marisa????????","Minty Spire (QoL Compilation)","Onozuka Komachi Mod","Remilia??????","Replay The Spire","RumiaBox-????????","StSLib","The Administrix","The Cursed","The Gatherer","Yakumo Yukari mod","Yuri Mod","Yuyuko","slay the spire mod where everything is the same but ironclad has a cowboy hat"],"gold_per_floor":[112,130,147,160,160,160,160],"floor_reached":6,"language":"ENG","playtime":1023,"items_purged":[],"score":38,"play_id":"15acb19f-8a79-4737-a8cf-c4cb77905603","local_time":"20210117191217","is_ascension_mode":false,"campfire_choices":[],"circlet_count":0,"master_deck":["Koishi:BasicStrike","Koishi:BasicStrike","Koishi:BasicStrike","Koishi:BasicStrike","Koishi:BasicDefend","Koishi:BasicDefend","Koishi:BasicDefend","Koishi:BasicDefend","Koishi:Provoke","Koishi:HauntingSlash","Wellcheers","VoidDream","Koishi:MassHysteria","WallGazer","Variant","Koishi:ReleaseOfTheId","Decay"],"relics":["Koishi:ImaginaryFriend","CogitoBucket","RabbitCall","LetterFromLob"],"acts_visited":["Exordium"],"potions_floor_usage":[6],"damage_taken":[{"damage":5,"enemies":"Small Slimes","floor":1,"turns":4},{"damage":2,"enemies":"Cultist","floor":2,"turns":5},{"damage":0,"enemies":"2 Louse","floor":3,"turns":4},{"damage":13,"enemies":"Red Slaver","floor":4,"turns":5},{"damage":8,"enemies":"3 Sentries","floor":6,"turns":2}],"seed_played":"4308644886161968722","potions_obtained":[{"floor":1,"key":"Milkshake"},{"floor":2,"key":"BlessingOfTheForge"},{"floor":4,"key":"Energy Potion"}],"is_trial":false,"path_per_floor":["M","M","M","M","?","E"],"character_chosen":"KOISHI","items_purchased":[],"campfire_rested":0,"item_purchase_floors":[],"current_hp_per_floor":[55,57,60,48,48,40,40],"gold":160,"neow_bonus":"","is_daily":false,"chose_seed":false,"campfire_upgraded":0,"win_rate":0.0,"timestamp":1610878337,"path_taken":["M","M","M","M","?","E"],"items_purchased_type":[],"build_version":"2020-12-22","purchased_purges":0,"victory":false,"max_hp_per_floor":[60,60,60,60,60,60,60],"card_choices":[{"not_picked":["PunishingBird","CherryBlossoms","MeatLantern"],"picked":"Singing Bowl","floor":1},{"not_picked":["PunishingBird","FairyFestival"],"picked":"Wellcheers","floor":1},{"not_picked":["Koishi:DanmakuParanoia","Koishi:TraumaticStroke","Koishi:DreadfulBlow"],"picked":"SKIP","floor":1},{"not_picked":["CrumblingArmor","ShyLook"],"picked":"VoidDream","floor":2},{"not_picked":["Koishi:CatchAndRose","Koishi:PredatoryInstincts"],"picked":"Koishi:MassHysteria","floor":2},{"not_picked":["MHz","UniverseFragment"],"picked":"WallGazer","floor":3},{"not_picked":["Koishi:StingingMind","Koishi:DNAsFlaw","Koishi:MindNumbingTerror"],"picked":"SKIP","floor":3},{"not_picked":["HeroicMonk","FairyFestival","MHz"],"picked":"Singing Bowl","floor":4},{"not_picked":["CherryBlossoms","PunishingBird"],"picked":"Variant","floor":4},{"not_picked":["Koishi:HeartfeltFancy","Koishi:SubterraneanRose"],"picked":"Koishi:ReleaseOfTheId","floor":4}],"player_experience":250641,"relics_obtained":[{"floor":1,"key":"LetterFromLob"}],"event_choices":[{"damage_healed":0,"gold_gain":0,"player_choice":"Cursed","damage_taken":0,"max_hp_gain":0,"max_hp_loss":0,"event_name":"Wheel of Change","floor":5,"gold_loss":0,"cards_obtained":["Decay"]}],"is_beta":false,"boss_relics":[],"items_purged_floors":[],"is_endless":false,"potions_floor_spawned":[1,2,4],"killed_by":"3 Sentries","ascension_level":0}}