{"host":"2l97xuagc2u1sty8","time":1610867007,"event":{"mods":["2.2 Compatiblity","Aspiration","BaseMod","Colored Powertips","Conspire","Custom Start","Hubris","Minty Spire (QoL Compilation)","Rare Cards Sparkle","StSLib"],"gold_per_floor":[114,114,74,90,90,121,121,150,231,247,263,294,294,294,294,294,294],"floor_reached":16,"language":"ENG","playtime":543,"items_purged":[],"score":150,"play_id":"e4094fc3-8c25-4d06-9e8f-dab6d3dcdaa1","local_time":"20210117010327","is_ascension_mode":true,"campfire_choices":[{"data":"hubris:SpecializedCircuitry","floor":7,"key":"SMITH"},{"data":"Genetic Algorithm","floor":13,"key":"SMITH"},{"floor":15,"key":"REST"}],"circlet_count":0,"master_deck":["Strike_B","Defend_B","Defend_B","Defend_B","Defend_B","Zap","Dualcast","Streamline","Flechettes","Predator","Backstab","Redo","hubris:SpecializedCircuitry+1","Buffer","Consume+1","Rebound","Genetic Algorithm+1"],"relics":["Cracked Core","Centennial Puzzle","Mercury Hourglass","CaptainsWheel","Question Card"],"acts_visited":["Exordium"],"potions_floor_usage":[6,8,12,12,12,16],"damage_taken":[{"damage":0,"enemies":"conspire:RoseBush","floor":1,"turns":3},{"damage":0,"enemies":"2 Louse","floor":4,"turns":2},{"damage":13,"enemies":"3 Sentries","floor":6,"turns":6},{"damage":29,"enemies":"Lagavulin","floor":8,"turns":5},{"damage":0,"enemies":"Cultist","floor":10,"turns":3},{"damage":8,"enemies":"Red Slaver","floor":11,"turns":4},{"damage":0,"enemies":"Gremlin Nob","floor":12,"turns":2},{"damage":49,"enemies":"Hexaghost","floor":16,"turns":9}],"seed_played":"-4701519696533851155","potions_obtained":[{"floor":3,"key":"SneckoOil"},{"floor":3,"key":"SteroidPotion"},{"floor":3,"key":"Dexterity Potion"},{"floor":8,"key":"Dexterity Potion"},{"floor":11,"key":"LiquidMemories"},{"floor":12,"key":"PowerPotion"}],"is_trial":false,"path_per_floor":["M","?","?","M","$","E","R","E","T","M","M","E","R","?","R","B"],"character_chosen":"DEFECT","items_purchased":[],"campfire_rested":1,"item_purchase_floors":[],"current_hp_per_floor":[75,75,75,75,75,62,62,33,33,33,25,25,25,25,47,0,0],"gold":294,"neow_bonus":"RANDOM_COMMON_RELIC","is_daily":false,"chose_seed":false,"campfire_upgraded":2,"win_rate":0.0,"timestamp":1610867007,"path_taken":["M","?","?","?","?","E","R","E","T","M","M","E","R","?","R","BOSS"],"items_purchased_type":[],"build_version":"2020-12-22","purchased_purges":0,"victory":false,"max_hp_per_floor":[75,75,75,75,75,75,75,75,75,75,75,75,75,75,75,75,75],"card_choices":[{"not_picked":["Rebound","Go for the Eyes"],"picked":"Streamline","floor":1},{"not_picked":["Aggregate","Coolheaded"],"picked":"Redo","floor":4},{"not_picked":["White Noise","Stack"],"picked":"hubris:SpecializedCircuitry","floor":6},{"not_picked":["hubris:Prefetch","Aggregate"],"picked":"Buffer","floor":8},{"not_picked":["Stack","Defragment"],"picked":"Consume","floor":10},{"not_picked":["Go for the Eyes","Barrage"],"picked":"Rebound","floor":11},{"not_picked":["Auto Shields","Force Field"],"picked":"Genetic Algorithm","floor":12}],"player_experience":265593,"relics_obtained":[{"floor":6,"key":"Mercury Hourglass"},{"floor":8,"key":"CaptainsWheel"},{"floor":12,"key":"Question Card"}],"event_choices":[{"damage_healed":0,"gold_gain":0,"player_choice":"Bought 3 Potions","damage_taken":0,"max_hp_gain":0,"max_hp_loss":0,"event_name":"The Woman in Blue","floor":3,"gold_loss":0}],"is_beta":false,"boss_relics":[],"items_purged_floors":[],"is_endless":false,"potions_floor_spawned":[8,11,12],"killed_by":"Hexaghost","ascension_level":1}}