{"host":"08z5bj28eube4vug","time":1610861693,"event":{"mods":["2.2 Compatiblity","Abigail Mod","Act Like it!","BaseMod","Beaked The Cultist","Bestiary","Friendly Minions","Gensokyo","GungeonMod","Hallownest","Kiyohime????","Koishi","Lobotomy","Marisa????????","Minty Spire (QoL Compilation)","Prisma Mod","Remilia??????","Replay The Spire","StSLib","Td1madao Mod","The Alterego","The Bug Knight","The Jungle","The Sage","The Senshi","The Servant 0.9.4","Waifu the Spire","WarShipGirlsR/????R mod","Yuri Mod"],"gold_per_floor":[161,161,181,146,146,146,179,179,203,222,222,239,295,307,307,409,409,422,154,154,164,179,179,190,190,243,273,287,313,117,132,132,233,233,245,8,24,0,0,0,23,23,23,41,70,82,82,93,93,93,93],"floor_reached":50,"language":"ENG","playtime":2463,"items_purged":["Delirium","CommonCold"],"score":809,"play_id":"b2c49893-5c80-432d-83f6-6a082cbda050","local_time":"20210117083453","is_ascension_mode":true,"campfire_choices":[{"data":"Fire Blade","floor":6,"key":"SMITH"},{"data":"Floating Swing Kick","floor":8,"key":"SMITH"},{"data":"Revenge","floor":11,"key":"SMITH"},{"floor":15,"key":"REST"},{"data":"Black Dance","floor":23,"key":"SMITH"},{"data":"Floating Swing Kick","floor":25,"key":"SMITH"},{"data":"Preparedness","floor":32,"key":"SMITH"},{"data":"Twin Teeth","floor":40,"key":"SMITH"},{"data":"Bursts","floor":42,"key":"SMITH"},{"data":"Bugfix","floor":47,"key":"SMITH"},{"floor":49,"key":"REST"}],"circlet_count":0,"master_deck":["Strike_C+1","Strike_C","Strike_C","Defend_C","Defend_C","Defend_C","Defend_C","Knight Kick","Chip","Black Dance+1","Fire Blade+1","Oblique Hack","Floating Swing Kick+1","Revenge+1","Fixing","Twin Teeth+1","Overclocking","ReplayTheSpireMod:Compounding Headache","Floating Swing Kick+1","Floating Swing Kick+1","Bursts+1","Floating Swing Kick+1","Preparedness+1","Bugfix+1","Revenge+1","Sudden Beat+1","Sub Weapons","Black Contract+1","CurseOfTheBell","Preloading+1","Pod Laser+1","Dramatic Entrance+1","Cooling Song+1","Revenge+1","Oblique Hack+1","Here Defend Chip+1","Thunder Jump+1"],"relics":["Tiny House","ReplayTheSpireMod:Ninjato","Replay:Kaleidoscope","DemoMod:ClearGuonStone","Art of War","Replay:Ancient Bell","Tiny Chest","Letter Opener","DemoMod:GreenGuonStone","Vajra","Toy Ornithopter","Molten Egg 2","ReplayFunnel","BargainBundle","Calling Bell","PreservedInsect","Onion Ring","CaptainsWheel","Red Mask","Strawberry","Blue Candle","Smiling Mask"],"acts_visited":["Exordium","TheCity","TheBeyond"],"potions_floor_usage":[7,22,28,29,33,33,50,50],"damage_taken":[{"damage":19,"enemies":"Jaw Worm","floor":1,"turns":4},{"damage":0,"enemies":"2 Louse","floor":3,"turns":2},{"damage":26,"enemies":"Gremlin Nob","floor":7,"turns":4},{"damage":0,"enemies":"Cultist","floor":10,"turns":3},{"damage":0,"enemies":"Looter","floor":12,"turns":2},{"damage":0,"enemies":"Blue Slaver","floor":14,"turns":4},{"damage":1,"enemies":"Hexaghost","floor":16,"turns":5},{"damage":8,"enemies":"Spheric Guardian","floor":18,"turns":4},{"damage":0,"enemies":"3 Byrds","floor":21,"turns":3},{"damage":5,"enemies":"Snecko","floor":22,"turns":5},{"damage":7,"enemies":"Chosen and Byrds","floor":24,"turns":3},{"damage":0,"enemies":"Gremlin Leader","floor":27,"turns":5},{"damage":5,"enemies":"Shelled Parasite and Fungi","floor":28,"turns":3},{"damage":19,"enemies":"Book of Stabbing","floor":29,"turns":4},{"damage":0,"enemies":"Cultist and Chosen","floor":31,"turns":3},{"damage":22,"enemies":"Champ","floor":33,"turns":7},{"damage":22,"enemies":"3 Shapes","floor":35,"turns":2},{"damage":0,"enemies":"3 Darklings","floor":37,"turns":2},{"damage":19,"enemies":"Transient","floor":44,"turns":5},{"damage":1,"enemies":"beaked:SuperParasite","floor":45,"turns":2},{"damage":0,"enemies":"Jaw Worm Horde","floor":46,"turns":1},{"damage":6,"enemies":"Spire Growth","floor":48,"turns":4},{"damage":74,"enemies":"Time Eater","floor":50,"turns":6}],"seed_played":"-6621109718932609253","potions_obtained":[{"floor":0,"key":"DuplicationPotion"},{"floor":1,"key":"Dexterity Potion"},{"floor":7,"key":"Fire Potion"},{"floor":12,"key":"DemoMod:LeadSkinPotion"},{"floor":16,"key":"SkillPotion"},{"floor":21,"key":"Block Potion"},{"floor":27,"key":"BlessingOfTheForge"},{"floor":29,"key":"Venom Potion"},{"floor":31,"key":"PowerPotion"},{"floor":33,"key":"Explosive Potion"},{"floor":35,"key":"Block Potion"},{"floor":45,"key":"Swift Potion"}],"is_trial":false,"path_per_floor":["M","?","M","?","T","R","E","R","T","M","R","M","?","M","R","B",null,"M","$","?","M","M","R","M","R","T","E","M","E","$","M","R","B",null,"M","$","M","?","?","R","T","R","T","M","E","M","R","M","R","B"],"character_chosen":"TD1MADAO_CLASS","items_purchased":["Floating Swing Kick+1","Vajra","BargainBundle","GamblersBrew","SpeedPotion","Revenge+1","Sudden Beat+1","Pod Laser+1","Dramatic Entrance+1"],"campfire_rested":2,"item_purchase_floors":[19,19,30,30,30,30,30,36,36],"current_hp_per_floor":[49,42,42,60,60,60,34,34,34,34,34,34,4,4,26,25,63,61,61,47,47,42,42,41,41,41,41,41,27,27,27,27,15,64,48,48,48,48,48,48,55,55,55,36,35,35,35,29,53,0,0],"gold":93,"neow_bonus":"BOSS_RELIC","is_daily":false,"chose_seed":false,"campfire_upgraded":9,"win_rate":0.0,"timestamp":1610861693,"path_taken":["M","?","M","?","?","R","E","R","T","?","R","M","?","M","R","BOSS","M","$","?","M","M","R","M","R","T","E","M","E","$","M","R","BOSS","M","$","M","?","?","R","?","R","T","?","E","?","R","M","R","BOSS"],"items_purchased_type":["Card","Relic","Relic","Potion","Potion","Card","Card","Card","Card"],"build_version":"2020-12-22","purchased_purges":2,"victory":false,"max_hp_per_floor":[75,75,75,75,75,75,75,75,75,75,75,75,75,75,75,75,75,75,75,80,80,80,80,80,80,80,80,80,80,80,80,80,80,80,80,80,80,80,76,76,83,83,83,83,83,83,83,83,83,83,83],"card_choices":[{"not_picked":["Revenge","Fixing"],"picked":"Black Dance","floor":0},{"not_picked":["Preloading","Money Cant Rescue"],"picked":"Fire Blade","floor":1},{"not_picked":["Cursed Blade","Resistance"],"picked":"Oblique Hack","floor":3},{"not_picked":["Recovery Mechanism","Trader"],"picked":"Floating Swing Kick","floor":7},{"not_picked":["Sudden Beat","Resistance"],"picked":"Revenge","floor":10},{"not_picked":["Ruin Defend","Reflection Mechanism"],"picked":"Fixing","floor":12},{"not_picked":["Thunder Jump","Pod Fire"],"picked":"Twin Teeth","floor":14},{"not_picked":["Format All Data","Data Freezing"],"picked":"Overclocking","floor":16},{"not_picked":["Overencumbered","yuri:RhapsodyCurse"],"picked":"CommonCold","floor":17},{"not_picked":["Injury","Gluttony_TH"],"picked":"ReplayTheSpireMod:Compounding Headache","floor":17},{"not_picked":["Lust_TH","Languid"],"picked":"Delirium","floor":17},{"not_picked":["Machining","Light Attack"],"picked":"Floating Swing Kick","floor":18},{"not_picked":["Here Defend Chip","Cursed Blade"],"picked":"Bursts","floor":21},{"not_picked":["Machining+1","Lunge","Perfect Defend"],"picked":"SKIP","floor":22},{"not_picked":["Weapon Shift+1","Cursed Blade","Coercion+1"],"picked":"SKIP","floor":24},{"not_picked":["Afterwards","Three Hit+1"],"picked":"Floating Swing Kick+1","floor":27},{"not_picked":["Lunge+1","Black Warm Hole"],"picked":"Preparedness","floor":28},{"not_picked":["Fixing","Winding Magic"],"picked":"Bugfix","floor":29},{"not_picked":["Machining","Awareness"],"picked":"Sub Weapons","floor":31},{"not_picked":["Backup","Furious"],"picked":"Black Contract+1","floor":33},{"not_picked":["Black Dance+1","Fire Up+1"],"picked":"Preloading+1","floor":35},{"not_picked":["Black Execution+1","Money Cant Rescue+1"],"picked":"Cooling Song+1","floor":37},{"not_picked":["Ruin Defend","Rupture+1"],"picked":"Revenge+1","floor":44},{"not_picked":["Break Into","Twin Teeth+1"],"picked":"Oblique Hack+1","floor":45},{"not_picked":["Energy Supply","Transfer Energy"],"picked":"Here Defend Chip+1","floor":46},{"not_picked":["Floating Swing Kick+1","Lunge+1"],"picked":"Thunder Jump+1","floor":48}],"player_experience":806893,"relics_obtained":[{"floor":5,"key":"ReplayTheSpireMod:Ninjato"},{"floor":7,"key":"Replay:Kaleidoscope"},{"floor":9,"key":"DemoMod:ClearGuonStone"},{"floor":13,"key":"Art of War"},{"floor":26,"key":"Toy Ornithopter"},{"floor":27,"key":"Molten Egg 2"},{"floor":29,"key":"ReplayFunnel"},{"floor":34,"key":"PreservedInsect"},{"floor":34,"key":"Onion Ring"},{"floor":34,"key":"CaptainsWheel"},{"floor":41,"key":"Strawberry"},{"floor":43,"key":"Blue Candle"},{"floor":45,"key":"Smiling Mask"}],"event_choices":[{"cards_removed":["Strike_C"],"damage_healed":0,"gold_gain":0,"player_choice":"Card Removal","damage_taken":7,"max_hp_gain":0,"max_hp_loss":0,"event_name":"Golden Wing","floor":2,"gold_loss":0},{"damage_healed":18,"gold_gain":0,"player_choice":"Healed","damage_taken":0,"max_hp_gain":0,"max_hp_loss":0,"event_name":"The Cleric","floor":4,"gold_loss":35},{"damage_healed":0,"gold_gain":0,"player_choice":"Shed Blood","damage_taken":19,"max_hp_gain":5,"max_hp_loss":0,"event_name":"Forgotten Altar","floor":20,"gold_loss":0},{"damage_healed":0,"gold_gain":0,"player_choice":"Paid","damage_taken":0,"relics_obtained":["Red Mask"],"max_hp_gain":0,"max_hp_loss":0,"event_name":"Tomb of Lord Red Mask","floor":38,"gold_loss":24},{"damage_healed":0,"gold_gain":0,"player_choice":"Max HP","damage_taken":0,"max_hp_gain":0,"max_hp_loss":4,"event_name":"Winding Halls","floor":39,"gold_loss":0}],"is_beta":false,"boss_relics":[{"not_picked":["sagemod:Falmels_Amulet","Empty Cage"],"picked":"Replay:Ancient Bell"},{"not_picked":["Blue Doll","MawBank"],"picked":"Tiny Chest"},{"not_picked":["Replay:Accelerometer","sagemod:Red_Beast_Statue"],"picked":"Letter Opener"},{"not_picked":["DemoMod:GundromedaStrain","Bird Faced Urn"],"picked":"DemoMod:GreenGuonStone"},{"not_picked":["Abe\u0027s Treasure","Pandora\u0027s Box"],"picked":"Calling Bell"}],"items_purged_floors":[19,30],"is_endless":false,"potions_floor_spawned":[1,7,12,16,21,27,29,31,33,35,37,45,46],"killed_by":"Time Eater","ascension_level":7}}