{"host":"mal0jdk4f6ubgyb8","time":1610899965,"event":{"mods":["100% Spire Juice","Act Like it!","Arknights The Spire","Aspiration","BaseMod","Gensokyo","Hallownest","Koishi","Luminous","Marisa£®ÏF”Í°°ƒß¿Ì…≥£©","Minty Spire (QoL Compilation)","Quick Restart","Reimu£®≤©¿ˆ¡È√Œ£©","Relic Stats","Remilia£®¿Ÿ√◊¿Ú—«£©","StSLib","The Bug Knight","WarShipGirlsR/’ΩΩ¢…Ÿ≈ÆR mod","Yakumo Yukari mod","Youmu£®ªÍ∆«—˝√Œ£©","Yuri Mod","Yuyuko"],"gold_per_floor":[110,110,121,101,101,116,148,165,165,165,190,118,153,153,153,252,252,263,263,279,98,98,132,184,212,262,273,738,693,693,703,703,801,801,811,821,821,833,844,871,871,871,871,572,572,604,604,632,632,632,632],"floor_reached":50,"language":"ZHS","playtime":3121,"items_purged":["ats:Strike V","Shame"],"score":657,"play_id":"14d91b8a-f7ac-48a6-80f0-07fca9ed832e","local_time":"20210118001245","is_ascension_mode":true,"campfire_choices":[{"data":"ats:Thorns","floor":10.0,"key":"SMITH"},{"floor":15.0,"key":"REST"},{"data":"ats:Healing Strengthening","floor":32.0,"key":"SMITH"},{"floor":42,"key":"RECALL"},{"data":"Apotheosis","floor":47,"key":"SMITH"},{"data":"ats:Echo Reverb","floor":49,"key":"SMITH"}],"circlet_count":0,"master_deck":["ats:Strike C","ats:Strike G","ats:Strike S","ats:Armor Crushing Shot","ats:Defend","ats:Defend","ats:Defend","ats:Defend","ats:Emotion Absorption","ats:Red Shift","ats:Sword Rain","ats:Healing Drone+1","ats:Thorns+1","ats:Volcano","ats:Burning Ground","ats:Consecutive Shot Auto+1","ats:Mental Burst+1","ats:Healing Strengthening+1","ats:Echo Reverb+1","ats:Rat Pack","ats:Part Time Job+1","ats:Ignite+1","ats:Sunburst+1","ats:Flexible Camouflage+1","Apotheosis+1"],"relics":["ats:Sanity","NeowsBlessing","ats:Originium","CrazyTorch:ReiMu","Molten Egg 2","Nunchaku","TungstenRod","Busted Crown","Lantern","Membership Card","WarpedTongs","Juzu Bracelet","aspiration:HiddenCompartment","Akabeko","aspiration:MarisaSkillbook","Bag of Preparation","Singing Bowl","Vajra","Boot","White Beast Statue","Question Card"],"acts_visited":["Exordium","Hallownest:Greenpath","Hallownest:CityofTears"],"potions_floor_usage":[35,40,46,50,50],"damage_taken":[{"damage":0.0,"enemies":"Hallownest:monsterHuskWarrior","floor":1.0,"turns":1.0},{"damage":0.0,"enemies":"Hallownest:monsterHuskGuard","floor":3.0,"turns":1.0},{"damage":3.0,"enemies":"Hallownest:2_Tiktiks_and_1_Crawlid","floor":6.0,"turns":1.0},{"damage":48.0,"enemies":"Hallownest:eliteCrystalGuardian","floor":7.0,"turns":8.0},{"damage":22.0,"enemies":"Hallownest:1_Ooma_and_2_Uuma","floor":8.0,"turns":4.0},{"damage":9.0,"enemies":"Hallownest:eliteVengeflyKing","floor":11.0,"turns":5.0},{"damage":18.0,"enemies":"Hallownest:eliteCrystalGuardian","floor":13.0,"turns":5.0},{"damage":41.0,"enemies":"Hallownest:BossBrokenVessel","floor":16.0,"turns":8.0},{"damage":12.0,"enemies":"Hallownest:3_Youths","floor":18.0,"turns":4.0},{"damage":2.0,"enemies":"Hallownest:Flukemon_and_Top","floor":20.0,"turns":4.0},{"damage":16.0,"enemies":"Hallownest:Nosk","floor":23.0,"turns":9.0},{"damage":16.0,"enemies":"Hallownest:Glutton_and_Coward","floor":24.0,"turns":3.0},{"damage":40.0,"enemies":"Hallownest:eliteWatcherKnight","floor":25.0,"turns":11.0},{"damage":27.0,"enemies":"Hallownest:3_Mistakes","floor":27.0,"turns":6.0},{"damage":3.0,"enemies":"Hallownest:Master_and_Novice","floor":31.0,"turns":3.0},{"damage":19.0,"enemies":"Hallownest:BossGrimm","floor":33.0,"turns":9.0},{"damage":41,"enemies":"Hallownest:3_Siblings","floor":35,"turns":7},{"damage":6,"enemies":"Hallownest:Shield_Heavy","floor":36,"turns":4},{"damage":52,"enemies":"Hallownest:Xero_Hu_Marmu","floor":38,"turns":6},{"damage":26,"enemies":"Hallownest:Slobbering_and_Violent","floor":39,"turns":3},{"damage":2,"enemies":"Hallownest:StalkingDevout","floor":40,"turns":3},{"damage":37,"enemies":"Hallownest:eliteCollector","floor":46,"turns":5},{"damage":60,"enemies":"Hallownest:eliteHiveKnight","floor":48,"turns":4},{"damage":10,"enemies":"Hallownest:BossHollowKnight","floor":50,"turns":2}],"seed_played":"5181495659945278994","potions_obtained":[{"floor":3.0,"key":"ColorlessPotion"},{"floor":8.0,"key":"ZuzhouPotion:ReiMu"},{"floor":23.0,"key":"Block Potion"},{"floor":25.0,"key":"DistilledChaos"},{"floor":27.0,"key":"SkillPotion"},{"floor":33.0,"key":"FearPotion"},{"floor":36,"key":"MagicPotion:ReiMu"},{"floor":46,"key":"Block Potion"},{"floor":48,"key":"BlessingOfTheForge"}],"is_trial":false,"path_per_floor":["M","?","M","?","?","M","E","M","T","R","E","$","E","T","R","B",null,"M","?","M","$","?","E","M","E","T","M","?","?","?","M","R","B",null,"M","M","?","M","M","E","?","R","T","$","?","E","R","E","R","B"],"character_chosen":"DOCTOR_CLASS","items_purchased":["ats:Mental Burst+1","Membership Card","Apotheosis","Vajra","Boot"],"campfire_rested":1,"item_purchase_floors":[12,21,44,44,44],"current_hp_per_floor":[72,72,72,72,72,69,32,18,18,18,17,17,7,7,28,27,72,60,60,66,66,66,61,53,53,53,34,34,40,40,45,45,78,78,69,78,73,66,40,42,42,42,42,42,42,29,29,9,9,0,0],"gold":632,"neow_bonus":"THREE_ENEMY_KILL","is_daily":false,"chose_seed":false,"campfire_upgraded":4,"win_rate":0.0,"timestamp":1610899965,"path_taken":["M","?","?","?","?","M","E","M","T","R","E","$","E","?","R","BOSS","M","?","?","?","?","E","M","E","T","M","?","?","?","M","R","BOSS","M","M","?","M","M","E","?","R","T","$","?","E","R","E","R","BOSS"],"items_purchased_type":["Card","Relic","Card","Relic","Relic"],"build_version":"2020-12-22","purchased_purges":2,"victory":false,"max_hp_per_floor":[72,72,72,72,72,72,72,72,72,72,72,72,72,72,72,72,72,72,72,72,72,72,72,72,72,72,72,72,78,78,78,78,78,78,78,78,73,73,73,73,73,73,73,73,73,75,75,77,77,77,77],"relic_stats":{"Nunchaku":[18],"Busted Crown":30,"Singing Bowl":4,"counters":[24,115],"Juzu Bracelet":1,"Bag of Preparation":[6],"Boot":[1],"Question Card":0,"obtain_stats":[{"Lantern":19,"NeowsBlessing":0,"Singing Bowl":43,"Vajra":44,"Hallownest:DreamNailRelic":2,"Juzu Bracelet":23,"Bag of Preparation":40,"aspiration:HiddenCompartment":25,"Boot":44,"Question Card":48,"Akabeko":26,"White Beast Statue":46,"WarpedTongs":22,"Nunchaku":11,"Busted Crown":17,"ats:Originium":7,"CrazyTorch:ReiMu":7,"Molten Egg 2":9,"ats:Sanity":0,"Membership Card":21,"TungstenRod":13,"aspiration:MarisaSkillbook":34},{"Lantern":9,"NeowsBlessing":0,"Singing Bowl":21,"Vajra":21,"Hallownest:DreamNailRelic":1,"Juzu Bracelet":11,"Bag of Preparation":21,"aspiration:HiddenCompartment":13,"Boot":21,"Question Card":23,"Akabeko":13,"White Beast Statue":22,"WarpedTongs":10,"Nunchaku":6,"Busted Crown":8,"ats:Originium":4,"CrazyTorch:ReiMu":4,"Molten Egg 2":5,"ats:Sanity":0,"Membership Card":10,"TungstenRod":7,"aspiration:MarisaSkillbook":16},{"Lantern":37,"NeowsBlessing":0,"Singing Bowl":104,"Vajra":104,"Hallownest:DreamNailRelic":1,"Juzu Bracelet":49,"Bag of Preparation":104,"aspiration:HiddenCompartment":63,"Boot":104,"Question Card":113,"Akabeko":63,"White Beast Statue":109,"WarpedTongs":41,"Nunchaku":20,"Busted Crown":33,"ats:Originium":11,"CrazyTorch:ReiMu":11,"Molten Egg 2":15,"ats:Sanity":0,"Membership Card":41,"TungstenRod":25,"aspiration:MarisaSkillbook":81}],"TungstenRod":103,"WarpedTongs":[73]},"card_choices":[{"not_picked":["ats:Consecutive Shot Auto","ats:Flexible Camouflage"],"picked":"ats:Red Shift","floor":1.0},{"not_picked":["ats:Charging Defense","ats:Encircling Forest"],"picked":"ats:Sword Rain","floor":3.0},{"not_picked":[],"picked":"ats:Healing Drone","floor":4.0},{"not_picked":[],"picked":"ats:Thorns","floor":4.0},{"not_picked":[],"picked":"ats:Volcano","floor":4.0},{"not_picked":["ats:Flexible Camouflage","ats:Poison Spread","ats:Cat Scratch"],"picked":"SKIP","floor":6.0},{"not_picked":["ats:Fractured Body","ats:Consecutive Shot Auto","ats:Beaten Up"],"picked":"SKIP","floor":7.0},{"not_picked":["ats:Consecutive Shot Auto","ats:Charging Defense"],"picked":"ats:Burning Ground","floor":8.0},{"not_picked":["ats:Rapid Magazine","ats:Childhood Dance"],"picked":"ats:Consecutive Shot Auto+1","floor":11.0},{"not_picked":["ats:Counter Healing Mode","ats:Powerful Strike+1"],"picked":"ats:Healing Strengthening","floor":13.0},{"not_picked":["ats:Disruption Kick+1","ats:Rat Pack"],"picked":"ats:Echo Reverb","floor":16.0},{"not_picked":["ats:Directed Diagnosis"],"picked":"SKIP","floor":18.0},{"not_picked":["ats:Curse Doll"],"picked":"SKIP","floor":20.0},{"not_picked":["ats:Poison Spread+1"],"picked":"SKIP","floor":23.0},{"not_picked":["ats:Hammer On+1"],"picked":"SKIP","floor":24.0},{"not_picked":["ats:Powerful Strike+1"],"picked":"SKIP","floor":25.0},{"not_picked":["ats:Powerful Strike+1"],"picked":"SKIP","floor":27.0},{"not_picked":["ats:Childhood Dance"],"picked":"SKIP","floor":31.0},{"not_picked":[],"picked":"ats:Rat Pack","floor":33.0},{"not_picked":["Occultation+1","IllusionStar+1"],"picked":"SKIP","floor":35},{"not_picked":["ats:Mental Burst+1"],"picked":"ats:Part Time Job+1","floor":36},{"not_picked":["ats:Part Time Job"],"picked":"ats:Ignite+1","floor":38},{"not_picked":["6A+1"],"picked":"ats:Sunburst+1","floor":39},{"not_picked":["PulseMagic"],"picked":"ats:Flexible Camouflage+1","floor":40},{"not_picked":["ats:Explosion Area Strengthen+1","ats:Childhood Dance+1"],"picked":"Singing Bowl","floor":46},{"not_picked":["AsteroidBelt+1","ats:Poison Spread+1"],"picked":"Singing Bowl","floor":48}],"player_experience":328135,"relics_obtained":[{"floor":7.0,"key":"ats:Originium"},{"floor":7.0,"key":"CrazyTorch:ReiMu"},{"floor":9.0,"key":"Molten Egg 2"},{"floor":11.0,"key":"ats:Originium"},{"floor":11.0,"key":"Nunchaku"},{"floor":13.0,"key":"ats:Originium"},{"floor":13.0,"key":"TungstenRod"},{"floor":23.0,"key":"Juzu Bracelet"},{"floor":25.0,"key":"aspiration:HiddenCompartment"},{"floor":26.0,"key":"Akabeko"},{"floor":40,"key":"Bag of Preparation"},{"floor":43,"key":"Singing Bowl"},{"floor":46,"key":"White Beast Statue"},{"floor":48,"key":"Question Card"}],"event_choices":[],"is_beta":false,"boss_relics":[{"not_picked":["ats:Tactical Delivery","SacredBark"],"picked":"Busted Crown"},{"not_picked":["Empty Cage","Coffee Dripper"],"picked":"aspiration:MarisaSkillbook"}],"items_purged_floors":[21,44],"is_endless":false,"potions_floor_spawned":[3,8,23,25,27,33,36,46,48],"killed_by":"Hallownest:BossHollowKnight","ascension_level":1}}