{"host":"i0avyit1s6jb1siw","time":1610893621,"event":{"mods":["BaseMod","DeckTracker","Dota2Spire","Highlight Path","Minty Spire (QoL Compilation)","Quick Restart","StSLib","SuperFastMode"],"gold_per_floor":[118,43,56,106,125,150,180,180,205,220,220,220,220,232,232,307,307,321,23,23,34,34,34,34,34,34],"floor_reached":25,"language":"ENG","playtime":439,"items_purged":["Strike_G","Defend_G"],"score":418,"play_id":"32db752b-cdc9-45b7-a70a-3c62809589ec","local_time":"20210117152701","is_ascension_mode":true,"campfire_choices":[{"floor":13,"key":"REST"},{"data":"Calculated Gamble","floor":15,"key":"SMITH"},{"data":"Apotheosis","floor":23,"key":"SMITH"}],"circlet_count":0,"master_deck":["AscendersBane","Defend_G","Defend_G","Defend_G","Defend_G","Survivor","Neutralize","Poisoned Stab","Eviscerate","Calculated Gamble+1","Leg Sweep","Wraith Form v2","Envenom+1","Blade Dance+1","Grand Finale+1","Apotheosis+1","Tactician"],"relics":["Ring of the Snake","NeowsBlessing","Dota2Spire:Vanguard","Dota2Spire:DrumOfEndurance","Astrolabe","CultistMask"],"acts_visited":["Exordium","TheCity"],"potions_floor_usage":[8,16,16],"damage_taken":[{"damage":0,"enemies":"Small Slimes","floor":1,"turns":1},{"damage":0,"enemies":"Cultist","floor":3,"turns":1},{"damage":0,"enemies":"2 Louse","floor":5,"turns":1},{"damage":45,"enemies":"Gremlin Nob","floor":6,"turns":5},{"damage":0,"enemies":"Lagavulin","floor":8,"turns":1},{"damage":0,"enemies":"2 Fungi Beasts","floor":10,"turns":4},{"damage":0,"enemies":"3 Louse","floor":14,"turns":5},{"damage":19,"enemies":"The Guardian","floor":16,"turns":14},{"damage":14,"enemies":"Spheric Guardian","floor":18,"turns":11},{"damage":10,"enemies":"2 Thieves","floor":21,"turns":4},{"damage":35,"enemies":"3 Cultists","floor":25,"turns":6}],"seed_played":"5106236198060510025","potions_obtained":[{"floor":5,"key":"SmokeBomb"},{"floor":6,"key":"AttackPotion"},{"floor":14,"key":"Fire Potion"},{"floor":21,"key":"Strength Potion"}],"is_trial":false,"path_per_floor":["M","$","M","?","M","E","?","E","T","M","?","?","R","M","R","B",null,"M","$","?","M","?","R","?","M"],"character_chosen":"THE_SILENT","items_purchased":["Apotheosis"],"campfire_rested":1,"item_purchase_floors":[19],"current_hp_per_floor":[59,59,59,59,59,14,14,14,14,14,19,12,33,33,33,14,57,43,43,43,33,33,33,33,0,0],"gold":34,"neow_bonus":"THREE_ENEMY_KILL","is_daily":false,"chose_seed":false,"campfire_upgraded":2,"win_rate":0.0,"timestamp":1610893621,"path_taken":["M","$","M","?","?","E","?","E","T","M","?","?","R","M","R","BOSS","M","$","?","M","?","R","?","?"],"items_purchased_type":["Card"],"build_version":"2020-12-22","purchased_purges":2,"victory":false,"max_hp_per_floor":[66,66,66,66,66,66,66,66,66,66,71,71,71,71,71,71,71,71,71,71,71,71,71,71,71,71],"card_choices":[{"not_picked":["Sucker Punch","Dagger Spray"],"picked":"Poisoned Stab","floor":1},{"not_picked":["Deflect","Reflex"],"picked":"Eviscerate","floor":3},{"not_picked":["Slice","Backflip","Choke"],"picked":"SKIP","floor":5},{"not_picked":["Quick Slash","Choke"],"picked":"Calculated Gamble","floor":6},{"not_picked":["Footwork","Backstab"],"picked":"Leg Sweep","floor":10},{"not_picked":["Leg Sweep","Skewer","Endless Agony"],"picked":"SKIP","floor":14},{"not_picked":["Grand Finale","Night Terror"],"picked":"Wraith Form v2","floor":16},{"not_picked":["Slice+1","Blade Dance","Cloak And Dagger"],"picked":"SKIP","floor":18},{"not_picked":["Sucker Punch","Masterful Stab","Slice"],"picked":"SKIP","floor":21}],"player_experience":2270218,"relics_obtained":[{"floor":6,"key":"Dota2Spire:Vanguard"},{"floor":9,"key":"Dota2Spire:DrumOfEndurance"}],"event_choices":[{"damage_healed":0,"gold_gain":50,"player_choice":"Pray","damage_taken":0,"max_hp_gain":0,"max_hp_loss":0,"event_name":"Golden Shrine","floor":4,"gold_loss":0},{"damage_healed":0,"gold_gain":30,"player_choice":"Searched \u00271\u0027 times","damage_taken":0,"max_hp_gain":0,"max_hp_loss":0,"event_name":"Dead Adventurer","floor":7,"gold_loss":0},{"damage_healed":0,"gold_gain":0,"player_choice":"Donut","damage_taken":0,"max_hp_gain":5,"max_hp_loss":0,"event_name":"Big Fish","floor":11,"gold_loss":0},{"cards_removed":["Strike_G"],"damage_healed":0,"gold_gain":0,"player_choice":"Card Removal","damage_taken":7,"max_hp_gain":0,"max_hp_loss":0,"event_name":"Golden Wing","floor":12,"gold_loss":0},{"damage_healed":0,"gold_gain":0,"player_choice":"Ignored","damage_taken":0,"max_hp_gain":0,"max_hp_loss":0,"event_name":"Cursed Tome","floor":20,"gold_loss":0},{"damage_healed":0,"gold_gain":0,"player_choice":"Read","damage_taken":0,"max_hp_gain":0,"max_hp_loss":0,"event_name":"The Library","floor":22,"gold_loss":0,"cards_obtained":["Tactician"]},{"damage_healed":0,"gold_gain":0,"player_choice":"Trade","damage_taken":0,"relics_obtained":["CultistMask"],"max_hp_gain":0,"max_hp_loss":0,"event_name":"FaceTrader","floor":24,"gold_loss":0}],"is_beta":false,"boss_relics":[{"not_picked":["SlaversCollar","Coffee Dripper"],"picked":"Astrolabe"}],"items_purged_floors":[2,19],"is_endless":false,"potions_floor_spawned":[5,6,8,14,21],"killed_by":"3 Cultists","ascension_level":20}}