{"host":"oehe2dxjvdgux73m","time":1610903596,"event":{"mods":["AchievementEnabler","BaseMod","Colored Map","Colored Powertips","DeckTracker","Keyboard Shortcuts","Minty Spire (QoL Compilation)","Permanent Neow","Quick Restart","StSLib","SuperFastMode"],"gold_per_floor":[360,360,360,374,390,390,63,82,82,106,106,106,131,154,154,253,253,268,286,309,309,329,329,367,367,367,391,391,391,411,426,426,516,579,599,630,643,643,663,707,75,109,186,221,221,239,130,151,151,151,151],"floor_reached":52,"language":"KOR","playtime":3476,"items_purged":[],"score":2141,"play_id":"07736e94-9efb-4759-9c98-2986d0d466ef","local_time":"20210118021316","is_ascension_mode":true,"campfire_choices":[{"data":"Cloak And Dagger","floor":6.0,"key":"SMITH"},{"floor":12.0,"key":"REST"},{"floor":15.0,"key":"REST"},{"floor":23.0,"key":"REST"},{"data":"Neutralize","floor":28,"key":"SMITH"},{"floor":32,"key":"REST"},{"data":"Adrenaline","floor":45,"key":"SMITH"},{"data":"Adrenaline","floor":49,"key":"SMITH"}],"circlet_count":0,"master_deck":["AscendersBane","Survivor","Neutralize+1","Terror","Backflip","Cloak And Dagger+1","Calculated Gamble","PiercingWail","Cloak And Dagger","Die Die Die","Crippling Poison","Backstab","Reflex","Acrobatics","Slice+1","Prepared","Wraith Form v2","Deflect","Deadly Poison","Blade Dance","RitualDagger","Concentrate","Escape Plan+1","Adrenaline+1","Acrobatics","Backflip","Well Laid Plans","Leg Sweep+1","Adrenaline+1","Dodge and Roll","Envenom","Outmaneuver+1","Panacea+1","Deadly Poison+1","PiercingWail+1","Accuracy+1","Calculated Gamble+1"],"relics":["Ring of the Snake","Golden Idol","Dead Branch","Calipers","Mercury Hourglass","Pandora\u0027s Box","Kunai","Mummified Hand","Tiny House","Torii","White Beast Statue","Toxic Egg 2","Vajra","Thread and Needle","Regal Pillow","Frozen Egg 2","Pocketwatch"],"acts_visited":["Exordium","TheCity","TheBeyond"],"potions_floor_usage":[33,42,51],"damage_taken":[{"damage":6.0,"enemies":"Cultist","floor":1.0,"turns":4.0},{"damage":3.0,"enemies":"Small Slimes","floor":4.0,"turns":6.0},{"damage":8.0,"enemies":"Jaw Worm","floor":5.0,"turns":4.0},{"damage":8.0,"enemies":"Exordium Wildlife","floor":8.0,"turns":6.0},{"damage":7.0,"enemies":"Large Slime","floor":10.0,"turns":5.0},{"damage":3.0,"enemies":"Looter","floor":13.0,"turns":3.0},{"damage":8.0,"enemies":"Exordium Wildlife","floor":14.0,"turns":3.0},{"damage":8.0,"enemies":"Slime Boss","floor":16.0,"turns":10.0},{"damage":4.0,"enemies":"2 Thieves","floor":18.0,"turns":3.0},{"damage":0.0,"enemies":"Chosen","floor":19.0,"turns":5.0},{"damage":17.0,"enemies":"Shelled Parasite and Fungi","floor":20.0,"turns":4.0},{"damage":0.0,"enemies":"Centurion and Healer","floor":22.0,"turns":2.0},{"damage":6.0,"enemies":"Slavers","floor":24.0,"turns":4.0},{"damage":0,"enemies":"Snake Plant","floor":27,"turns":3},{"damage":0,"enemies":"Sentry and Sphere","floor":30,"turns":1},{"damage":8,"enemies":"Chosen and Byrds","floor":31,"turns":5},{"damage":0,"enemies":"Collector","floor":33,"turns":11},{"damage":0,"enemies":"3 Shapes","floor":35,"turns":5},{"damage":2,"enemies":"Mind Bloom Boss Battle","floor":36,"turns":11},{"damage":0,"enemies":"3 Darklings","floor":37,"turns":3},{"damage":0,"enemies":"4 Shapes","floor":39,"turns":5},{"damage":0,"enemies":"Giant Head","floor":40,"turns":7},{"damage":0,"enemies":"Nemesis","floor":42,"turns":7},{"damage":2,"enemies":"Reptomancer","floor":44,"turns":4},{"damage":0,"enemies":"Sphere and 2 Shapes","floor":46,"turns":3},{"damage":0,"enemies":"Maw","floor":48,"turns":4},{"damage":4,"enemies":"Donu and Deca","floor":50,"turns":13},{"damage":64,"enemies":"Time Eater","floor":51,"turns":17}],"seed_played":"4184891447605759793","potions_obtained":[{"floor":5.0,"key":"Dexterity Potion"},{"floor":10.0,"key":"Explosive Potion"},{"floor":14.0,"key":"SpeedPotion"},{"floor":16.0,"key":"CunningPotion"},{"floor":18.0,"key":"FearPotion"},{"floor":22.0,"key":"AttackPotion"},{"floor":24.0,"key":"Fire Potion"},{"floor":31,"key":"BlessingOfTheForge"},{"floor":34,"key":"GhostInAJar"},{"floor":39,"key":"Block Potion"},{"floor":42,"key":"Swift Potion"},{"floor":44,"key":"Regen Potion"}],"is_trial":false,"path_per_floor":["M","?","?","M","M","R","$","M","T","M","T","R","M","M","R","B",null,"M","M","M","?","M","R","E","?","T","M","R","?","M","M","R","B",null,"M","?","M","?","M","E","$","E","T","E","R","M","$","M","R","B","B",null],"character_chosen":"THE_SILENT","items_purchased":["Dead Branch","Vajra","Panacea+1","Thread and Needle","Deadly Poison+1","FairyPotion"],"campfire_rested":4,"item_purchase_floors":[7,41,41,41,41,47],"current_hp_per_floor":[53,53,53,50,42,42,42,34,34,27,27,43,40,32,48,40,51,47,47,30,24,24,40,34,34,34,34,34,34,34,26,42,42,56,56,54,54,54,54,54,54,54,54,52,52,52,52,52,52,48,16],"gold":151,"neow_bonus":"TWO_FIFTY_GOLD","is_daily":false,"chose_seed":false,"campfire_upgraded":4,"win_rate":0.0,"timestamp":1610903596,"path_taken":["M","?","?","M","M","R","$","M","T","M","?","R","?","M","R","BOSS","M","M","M","?","M","R","E","?","T","M","R","?","?","M","R","BOSS","M","?","M","?","M","E","$","E","T","E","R","M","$","?","R","BOSS","BOSS"],"items_purchased_type":["Relic","Relic","Card","Relic","Card","Potion"],"build_version":"2020-12-22","purchased_purges":0,"victory":true,"max_hp_per_floor":[60,60,54,54,54,54,54,54,54,54,54,54,54,54,54,54,54,54,54,54,54,54,54,54,54,54,54,54,54,54,54,54,54,59,59,59,59,59,59,59,59,59,59,59,59,59,59,59,59,59,59],"card_choices":[{"not_picked":["Slice","Quick Slash"],"picked":"Terror","floor":1.0},{"not_picked":["Flechettes","Outmaneuver"],"picked":"Backflip","floor":4.0},{"not_picked":["Caltrops","Outmaneuver"],"picked":"Cloak And Dagger","floor":5.0},{"not_picked":["Reflex","Bane","Doppelganger"],"picked":"SKIP","floor":8.0},{"not_picked":["Accuracy","Concentrate"],"picked":"Calculated Gamble","floor":10.0},{"not_picked":["Poisoned Stab","Skewer"],"picked":"PiercingWail","floor":13.0},{"not_picked":["Flying Knee","Tactician"],"picked":"Cloak And Dagger","floor":14.0},{"not_picked":["Phantasmal Killer","Doppelganger"],"picked":"Die Die Die","floor":16.0},{"not_picked":["Poisoned Stab","Slice"],"picked":"Blade Dance","floor":18.0},{"not_picked":["Flying Knee","Expertise"],"picked":"Concentrate","floor":19.0},{"not_picked":["Deflect","Quick Slash","Dagger Throw"],"picked":"SKIP","floor":20.0},{"not_picked":["Prepared","Dodge and Roll"],"picked":"Concentrate","floor":22.0},{"not_picked":["Accuracy","Sucker Punch"],"picked":"Escape Plan+1","floor":24.0},{"not_picked":["Flying Knee","Backflip"],"picked":"Adrenaline","floor":27},{"not_picked":["Outmaneuver","Caltrops"],"picked":"Well Laid Plans","floor":30},{"not_picked":["Deadly Poison","Flying Knee+1"],"picked":"Leg Sweep+1","floor":31},{"not_picked":["Wraith Form v2","A Thousand Cuts"],"picked":"Adrenaline","floor":33},{"not_picked":["Backstab","Bane+1"],"picked":"Dodge and Roll","floor":35},{"not_picked":["Reflex","Poisoned Stab"],"picked":"Envenom","floor":37},{"not_picked":["Blade Dance","Poisoned Stab"],"picked":"Outmaneuver+1","floor":39},{"not_picked":["Caltrops","Acrobatics+1","Cloak And Dagger+1"],"picked":"SKIP","floor":40},{"not_picked":["Deflect+1","Sucker Punch"],"picked":"PiercingWail+1","floor":42},{"not_picked":["Phantasmal Killer+1","Doppelganger+1"],"picked":"Accuracy+1","floor":44},{"not_picked":["Quick Slash","Flying Knee","Poisoned Stab"],"picked":"SKIP","floor":46},{"not_picked":["Sucker Punch","Dagger Spray+1"],"picked":"Calculated Gamble+1","floor":48}],"player_experience":269279,"relics_obtained":[{"floor":9.0,"key":"Calipers"},{"floor":11.0,"key":"Mercury Hourglass"},{"floor":24.0,"key":"Kunai"},{"floor":26,"key":"Mummified Hand"},{"floor":36,"key":"Torii"},{"floor":40,"key":"Toxic Egg 2"},{"floor":42,"key":"Regal Pillow"},{"floor":43,"key":"Frozen Egg 2"},{"floor":44,"key":"Pocketwatch"}],"event_choices":[{"damage_healed":0.0,"max_hp_gain":0.0,"max_hp_loss":0.0,"gold_gain":0.0,"cards_transformed":["Strike_G"],"event_name":"Living Wall","player_choice":"Change","floor":2.0,"gold_loss":0.0,"damage_taken":0.0,"cards_obtained":["Sucker Punch"]},{"damage_healed":0.0,"max_hp_gain":0.0,"max_hp_loss":6.0,"gold_gain":0.0,"event_name":"Golden Idol","player_choice":"Lose Max HP","floor":3.0,"gold_loss":0.0,"damage_taken":0.0,"relics_obtained":["Golden Idol"]},{"damage_healed":0.0,"max_hp_gain":0.0,"max_hp_loss":0.0,"gold_gain":0.0,"event_name":"Nest","player_choice":"Joined the Cult","floor":21.0,"gold_loss":0.0,"damage_taken":6.0,"cards_obtained":["RitualDagger"]},{"damage_healed":0,"gold_gain":0,"player_choice":"Ignored","damage_taken":0,"max_hp_gain":0,"max_hp_loss":0,"event_name":"Cursed Tome","floor":25,"gold_loss":0},{"damage_healed":0,"gold_gain":0,"cards_transformed":["Sucker Punch","Concentrate"],"player_choice":"Became Test Subject","damage_taken":0,"max_hp_gain":0,"max_hp_loss":0,"event_name":"Drug Dealer","floor":29,"gold_loss":0,"cards_obtained":["Acrobatics","Backflip"]},{"damage_healed":0,"gold_gain":0,"player_choice":"Fight","damage_taken":0,"max_hp_gain":0,"max_hp_loss":0,"event_name":"MindBloom","floor":36,"gold_loss":0},{"damage_healed":0,"gold_gain":0,"player_choice":"Gave Potion","damage_taken":0,"relics_obtained":["White Beast Statue"],"max_hp_gain":0,"max_hp_loss":0,"event_name":"WeMeetAgain","floor":38,"gold_loss":0}],"is_beta":false,"boss_relics":[{"not_picked":["SlaversCollar","SacredBark"],"picked":"Pandora\u0027s Box"},{"not_picked":["Ring of the Serpent","Velvet Choker"],"picked":"Tiny House"}],"items_purged_floors":[],"is_endless":false,"potions_floor_spawned":[5,10,14,16,18,19,22,24,31,39,40,42,44,46,48],"ascension_level":20}}