{"host":"1c52r9kaxdyo25eq","time":1610893872,"event":{"mods":["AchievementEnabler","BaseMod","Minty Spire (QoL Compilation)","Rare Cards Sparkle","SuperFastMode","everything is the same but u backflip on backflip"],"gold_per_floor":[118,118,133,18,33,48,63,63,63,75,91,14,14,34,34,112,112,130,180,180,199,21,21,36,36,36,36,36,56,56,68,68,142,142,158,158,172,172,184,184,184],"floor_reached":40,"language":"KOR","playtime":1298,"items_purged":["Strike_G","Defend_G"],"score":864,"play_id":"7c7e1854-ec33-4b60-8f01-feccb54c425f","local_time":"20210117233112","is_ascension_mode":true,"campfire_choices":[{"data":"Acrobatics","floor":8.0,"key":"SMITH"},{"floor":13.0,"key":"REST"},{"floor":15.0,"key":"REST"},{"floor":23.0,"key":"REST"},{"floor":27.0,"key":"REST"},{"data":"Tactician","floor":32.0,"key":"SMITH"}],"circlet_count":0,"master_deck":["AscendersBane","Strike_G","Strike_G","Strike_G","Defend_G","Defend_G","Survivor","Neutralize","Grand Finale","PiercingWail","Escape Plan","Acrobatics+1","Deadly Poison","Reflex","Calculated Gamble","Backflip","Well Laid Plans","Acrobatics","PiercingWail","Setup","Tactician+1","Purity"],"relics":["Ring of the Snake","Lizard Tail","Cursed Key","HoveringKite","Question Card"],"acts_visited":["Exordium","TheCity","TheBeyond"],"potions_floor_usage":[],"damage_taken":[{"damage":2.0,"enemies":"Jaw Worm","floor":1.0,"turns":5.0},{"damage":8.0,"enemies":"Cultist","floor":3.0,"turns":5.0},{"damage":1.0,"enemies":"Small Slimes","floor":5.0,"turns":4.0},{"damage":0.0,"enemies":"Exordium Wildlife","floor":6.0,"turns":2.0},{"damage":3.0,"enemies":"2 Fungi Beasts","floor":7.0,"turns":5.0},{"damage":22.0,"enemies":"Large Slime","floor":10.0,"turns":11.0},{"damage":5.0,"enemies":"Blue Slaver","floor":11.0,"turns":5.0},{"damage":0.0,"enemies":"3 Louse","floor":14.0,"turns":1.0},{"damage":35.0,"enemies":"The Guardian","floor":16.0,"turns":13.0},{"damage":0.0,"enemies":"3 Byrds","floor":18.0,"turns":3.0},{"damage":35.0,"enemies":"Spheric Guardian","floor":21.0,"turns":9.0},{"damage":22.0,"enemies":"Shelled Parasite and Fungi","floor":24.0,"turns":6.0},{"damage":1.0,"enemies":"Centurion and Healer","floor":29.0,"turns":4.0},{"damage":0.0,"enemies":"Snecko","floor":31.0,"turns":2.0},{"damage":0.0,"enemies":"Collector","floor":33.0,"turns":6.0},{"damage":0.0,"enemies":"Orb Walker","floor":35.0,"turns":2.0},{"damage":1.0,"enemies":"3 Darklings","floor":37.0,"turns":3.0},{"damage":13.0,"enemies":"Sphere and 2 Shapes","floor":39.0,"turns":4.0},{"damage":6,"enemies":"Reptomancer","floor":40,"turns":3}],"seed_played":"-667281300539756787","potions_obtained":[{"floor":5.0,"key":"SpeedPotion"},{"floor":6.0,"key":"Swift Potion"},{"floor":10.0,"key":"LiquidBronze"},{"floor":18.0,"key":"Energy Potion"},{"floor":21.0,"key":"AttackPotion"},{"floor":33.0,"key":"Fire Potion"},{"floor":35.0,"key":"Weak Potion"}],"is_trial":false,"path_per_floor":["M","?","M","$","M","M","M","R","T","M","M","$","R","M","R","B",null,"M","?","?","M","$","R","M","?","T","R","$","M","?","M","R","B",null,"M","?","M","?","M","E"],"character_chosen":"THE_SILENT","items_purchased":["Escape Plan","Calculated Gamble","Well Laid Plans"],"campfire_rested":4,"item_purchase_floors":[4,12,22],"current_hp_per_floor":[42,42,34,34,33,33,30,30,30,8,3,3,22,22,41,6,51,51,51,51,16,16,35,13,13,13,32,32,31,13,13,13,13,57,57,47,46,46,33,27,27],"gold":184,"neow_bonus":"THREE_RARE_CARDS","is_daily":false,"chose_seed":false,"campfire_upgraded":2,"win_rate":0.0,"timestamp":1610893872,"path_taken":["M","?","?","$","M","M","M","R","T","M","M","$","R","M","R","BOSS","M","?","?","M","?","R","M","?","T","R","$","M","?","M","R","BOSS","M","?","M","?","?","E"],"items_purchased_type":["Card","Card","Card"],"build_version":"2020-12-22","purchased_purges":2,"victory":false,"max_hp_per_floor":[66,66,66,66,66,66,66,66,66,66,66,66,66,66,66,66,66,66,66,66,66,66,66,66,66,66,66,66,66,71,71,71,71,71,71,71,71,71,71,71,71],"card_choices":[{"not_picked":["Doppelganger","Phantasmal Killer"],"picked":"Grand Finale","floor":0.0},{"not_picked":["Blade Dance","Sucker Punch"],"picked":"PiercingWail","floor":1.0},{"not_picked":["Underhanded Strike","Masterful Stab","Slice"],"picked":"SKIP","floor":3.0},{"not_picked":["Poisoned Stab","Reflex"],"picked":"Acrobatics","floor":5.0},{"not_picked":["Poisoned Stab","Cloak And Dagger"],"picked":"Deadly Poison","floor":6.0},{"not_picked":["Flying Knee","PiercingWail","Dagger Spray"],"picked":"SKIP","floor":7.0},{"not_picked":["Flying Knee","Expertise"],"picked":"Reflex","floor":10.0},{"not_picked":["PiercingWail","Underhanded Strike","Expertise"],"picked":"SKIP","floor":11.0},{"not_picked":["Blur","Expertise","Caltrops"],"picked":"SKIP","floor":14.0},{"not_picked":["Flying Knee","Blur","Underhanded Strike"],"picked":"SKIP","floor":18.0},{"not_picked":["Quick Slash","Backflip","Bane"],"picked":"SKIP","floor":21.0},{"not_picked":["Quick Slash","Bane"],"picked":"Backflip","floor":21.0},{"not_picked":["Escape Plan+1","Well Laid Plans"],"picked":"Acrobatics","floor":24.0},{"not_picked":["Dodge and Roll","Crippling Poison","Acrobatics"],"picked":"SKIP","floor":29.0},{"not_picked":["Acrobatics","Sucker Punch"],"picked":"Tactician","floor":31.0},{"not_picked":["Deadly Poison","Deflect+1","Distraction"],"picked":"SKIP","floor":35.0},{"not_picked":["Trip","Dramatic Entrance"],"picked":"Purity","floor":36.0},{"not_picked":["Dagger Throw","Outmaneuver","PiercingWail+1"],"picked":"SKIP","floor":37.0},{"not_picked":["Dagger Throw","Outmaneuver","PiercingWail+1"],"picked":"SKIP","floor":37.0},{"not_picked":["Cloak And Dagger","Flechettes","Tools of the Trade","Slice+1"],"picked":"SKIP","floor":39.0}],"player_experience":590986,"relics_obtained":[{"floor":9.0,"key":"Lizard Tail"}],"event_choices":[{"cards_removed":["Defend_G"],"damage_healed":0.0,"max_hp_gain":0.0,"max_hp_loss":0.0,"gold_gain":0.0,"event_name":"Bonfire Elementals","player_choice":"Offered Basic","floor":2.0,"gold_loss":0.0,"damage_taken":0.0},{"damage_healed":0.0,"max_hp_gain":0.0,"max_hp_loss":0.0,"gold_gain":50.0,"event_name":"Nest","player_choice":"Stole From Cult","floor":19.0,"gold_loss":0.0,"damage_taken":0.0},{"damage_healed":0.0,"max_hp_gain":0.0,"max_hp_loss":0.0,"gold_gain":0.0,"event_name":"Vampires","player_choice":"Ignored","floor":20.0,"gold_loss":0.0,"damage_taken":0.0},{"damage_healed":0.0,"max_hp_gain":0.0,"max_hp_loss":0.0,"gold_gain":0.0,"cards_transformed":["Strike_G","Defend_G"],"event_name":"Drug Dealer","player_choice":"Became Test Subject","floor":25.0,"gold_loss":0.0,"damage_taken":0.0,"cards_obtained":["PiercingWail","Setup"]},{"damage_healed":0.0,"max_hp_gain":5.0,"max_hp_loss":0.0,"gold_gain":0.0,"event_name":"Forgotten Altar","player_choice":"Shed Blood","floor":30.0,"gold_loss":0.0,"damage_taken":23.0},{"damage_healed":0.0,"max_hp_gain":0.0,"max_hp_loss":0.0,"gold_gain":0.0,"event_name":"SensoryStone","player_choice":"Memory 3","floor":36.0,"gold_loss":0.0,"damage_taken":10.0},{"damage_healed":0.0,"max_hp_gain":0.0,"max_hp_loss":0.0,"gold_gain":0.0,"event_name":"WeMeetAgain","player_choice":"Gave Potion","floor":38.0,"gold_loss":0.0,"damage_taken":0.0,"relics_obtained":["Question Card"]}],"is_beta":false,"boss_relics":[{"not_picked":["Fusion Hammer","Sozu"],"picked":"Cursed Key"},{"not_picked":["SlaversCollar","Black Star"],"picked":"HoveringKite"}],"items_purged_floors":[4,22],"is_endless":false,"potions_floor_spawned":[5,6,10,11,18,21,33,35],"killed_by":"Reptomancer","ascension_level":20}}