{"host":"lxtc5dws2zoiy0qv","time":1610852667,"event":{"mods":["Act Like it!","Aspiration","BaseMod","BetterRewards","Conspire","Gensokyo","Hallownest","Minty Spire (QoL Compilation)","Remilia（蕾米莉亚）","Replay The Spire","RumiaBox-露米娅的神秘盒子","Shop Mod","StSLib","The Bug Knight","The Construct","The Cursed","The Servant 0.9.4","[IsaacMod]以撒尖塔","vexMod"],"gold_per_floor":[118,137,156,171,171,202,202,62,62,62,75,75,94,94,94,199,199,218,218,313,330,90,90,64,75,75,75,88,338,638,653,653,757,757,769,769,606,606,626,626,639,939,939,52,52,18,18,31,31,31,31],"floor_reached":50,"language":"ZHS","playtime":5785,"items_purged":["ShatteredReality","TimeWarp"],"score":940,"play_id":"9356bd4c-43cd-41cb-827a-569b6584e580","local_time":"20210117110427","daily_mods":["SealedDeck","Vintage","Heirloom","Time Dilation","Flight","Binary"],"is_ascension_mode":false,"campfire_choices":[{"data":"FanOfKnives","floor":12.0,"key":"SMITH"},{"data":"SilverBlades","floor":15.0,"key":"SMITH"},{"data":"SurpressingFire","floor":23.0,"key":"SMITH"},{"data":"Moonlight","floor":32.0,"key":"SMITH"},{"data":"InstantArmor","floor":40.0,"key":"SMITH"},{"data":"1","floor":45.0,"key":"LIFT"},{"data":"2","floor":49.0,"key":"LIFT"}],"circlet_count":0,"master_deck":["Contraction","FanOfKnives+1","Moonlight+1","Misdirection","SurpressingFire+1","SilverBlades+1","Contraction","InstantArmor+1","Pot Of Greed","Ricochet","Ricochet+1","Pot Of Greed","Comet","Luminosity","Rearm","BottledTime+1","Starlight","Starlight","SilverBlades","SurpressingFire","BestPractice","InstantArmor","Rearm","Pot Of Greed","BottledTime"],"relics":["Uniform","Busted Crown","HushsDoor","DoctorsRemote","vexMod:RetaliationKit","Grinning Jar","Juzu Bracelet","Blue Doll","Bottled Tornado","Durian","ReplayTheSpireMod:Ring of Collecting","White Beast Statue","BookOfRevelations","aspiration:FrozenJewel","conspire:DecoderRing","vexMod:Dragonfruit","conspire:TopHat","Mummified Hand","PillsDrop","The Courier","NineVolt","vexMod:BerryBomb","Girya","MerchantsRug","Chemical X","conspire:InfiniteJournal","HandDrill","Gremlin Horn"],"acts_visited":["Gensokyo:Gensokyo","Gensokyo:Gensokyoer","Gensokyo:Gensokyoest"],"potions_floor_usage":[50,50],"damage_taken":[{"damage":0.0,"enemies":"Gensokyo:Python","floor":1.0,"turns":2.0},{"damage":0.0,"enemies":"Gensokyo:Gryphon","floor":2.0,"turns":1.0},{"damage":0.0,"enemies":"Gensokyo:3_Fairies","floor":3.0,"turns":3.0},{"damage":0.0,"enemies":"Gensokyo:Kitsune","floor":4.0,"turns":1.0},{"damage":0.0,"enemies":"Gensokyo:Aya","floor":6.0,"turns":3.0},{"damage":0.0,"enemies":"Gensokyo:3_Kodama","floor":11.0,"turns":2.0},{"damage":0.0,"enemies":"Gensokyo:2_Rabbits","floor":13.0,"turns":2.0},{"damage":0.0,"enemies":"Gensokyo:Reimu","floor":16.0,"turns":3.0},{"damage":0.0,"enemies":"Gensokyo:3_Dogs","floor":18.0,"turns":4.0},{"damage":0.0,"enemies":"Gensokyo:Chomper","floor":21.0,"turns":1.0},{"damage":0.0,"enemies":"Gensokyo:Slime_Group","floor":25.0,"turns":3.0},{"damage":0.0,"enemies":"Gensokyo:Wraith","floor":28.0,"turns":3.0},{"damage":0.0,"enemies":"Gensokyo:Swordslinger","floor":31.0,"turns":2.0},{"damage":0.0,"enemies":"Gensokyo:Eiki","floor":33.0,"turns":5.0},{"damage":0.0,"enemies":"Gensokyo:3_Boulders","floor":35.0,"turns":3.0},{"damage":0.0,"enemies":"Gensokyo:AncientGuardian","floor":39.0,"turns":4.0},{"damage":0.0,"enemies":"Gensokyo:Dusk_and_Dawn","floor":41.0,"turns":2.0},{"damage":0.0,"enemies":"Gensokyo:AtlasGolem","floor":48.0,"turns":2.0},{"damage":90,"enemies":"Gensokyo:Shinki","floor":50,"turns":49}],"seed_played":"9107151959201773138","potions_obtained":[{"floor":1.0,"key":"Strength Potion"},{"floor":11.0,"key":"Strength Potion"},{"floor":13.0,"key":"Energy Potion"},{"floor":16.0,"key":"SteroidPotion"},{"floor":18.0,"key":"Fruit Juice"},{"floor":21.0,"key":"Block Potion"},{"floor":25.0,"key":"Reflective Coating"},{"floor":28.0,"key":"SteroidPotion"},{"floor":31.0,"key":"Energy Potion"},{"floor":33.0,"key":"Fire Potion"},{"floor":35.0,"key":"SteroidPotion"}],"is_trial":true,"path_per_floor":["M","M","M","M","?","E","?","?","T","?","M","R","M","?","R","B",null,"M","?","?","M","$","R","$","M","T","?","M","?","?","M","R","B",null,"M","?","COS","?","M","R","M","?","T","$","R","$","?","M","R","B"],"character_chosen":"THE_SERVANT","items_purchased":["vexMod:Dragonfruit","Ricochet","MerchantsRug","Luminosity","Rearm","BottledTime+1","Starlight","SilverBlades","Chemical X","conspire:InfiniteJournal","SurpressingFire","BestPractice","InstantArmor","Rearm","BottledTime","HandDrill"],"campfire_rested":0,"item_purchase_floors":[22,24,44,44,44,44,44,44,44,44,44,44,44,44,44,46],"current_hp_per_floor":[65,65,65,65,65,65,65,65,70,70,70,70,70,70,70,70,70,75,75,75,75,80,80,80,80,80,80,80,76,76,76,76,79,79,79,79,79,79,85,85,88,88,88,88,88,88,88,88,88,0,0],"gold":31,"neow_bonus":"","is_daily":false,"chose_seed":false,"campfire_upgraded":5,"win_rate":0.0,"timestamp":1610852667,"path_taken":["M","M","M","M","?","E","?","?","T","?","M","R","M","?","R","BOSS","M","?","?","M","$","R","?","M","T","?","M","?","?","M","R","BOSS","M","?","COS","?","M","R","M","?","T","$","R","$","?","M","R","BOSS"],"items_purchased_type":["Relic","Card","Relic","Card","Card","Card","Card","Card","Relic","Relic","Card","Card","Card","Card","Card","Relic"],"build_version":"2020-12-22","purchased_purges":2,"victory":false,"max_hp_per_floor":[65,65,65,65,65,65,65,65,70,70,70,70,70,70,70,70,70,75,75,75,75,80,80,80,80,80,80,80,76,76,76,76,79,79,79,79,79,79,85,85,88,88,88,88,88,88,88,88,88,88,88],"card_choices":[{"not_picked":[],"picked":"BloodyBrimstone","floor":0.0}],"player_experience":64594,"relics_obtained":[{"floor":1.0,"key":"SSSystem"},{"floor":2.0,"key":"Grinning Jar"},{"floor":3.0,"key":"Juzu Bracelet"},{"floor":4.0,"key":"Blue Doll"},{"floor":6.0,"key":"Bottled Tornado"},{"floor":9.0,"key":"Durian"},{"floor":10.0,"key":"ReplayTheSpireMod:Ring of Collecting"},{"floor":11.0,"key":"White Beast Statue"},{"floor":13.0,"key":"BookOfRevelations"},{"floor":18.0,"key":"aspiration:FrozenJewel"},{"floor":20.0,"key":"Pet Ghost"},{"floor":21.0,"key":"conspire:DecoderRing"},{"floor":25.0,"key":"Singing Bowl"},{"floor":26.0,"key":"conspire:TopHat"},{"floor":28.0,"key":"Mummified Hand"},{"floor":31.0,"key":"PillsDrop"},{"floor":35.0,"key":"The Courier"},{"floor":39.0,"key":"vexMod:BerryBomb"},{"floor":41.0,"key":"Girya"},{"floor":43.0,"key":"Eternal Feather"},{"floor":48.0,"key":"Gremlin Horn"}],"event_choices":[],"is_beta":false,"boss_relics":[{"not_picked":["Honey Jar","Abe\u0027s Treasure","ReplayTheSpireMod:DimensionalGlitch"]},{"not_picked":["aspiration:DefectSkillbook","vexMod:MysteryBossChallenge","conspire:RoyalGoblet"]}],"items_purged_floors":[44,46],"is_endless":true,"potions_floor_spawned":[1,11,13,16,18,21,25,28,31,33,35,39,41,48],"killed_by":"Gensokyo:Shinki","ascension_level":0}}