{"host":"Rich","time":1610905407,"event":{"mods":["AchievementEnabler","BaseMod","Highlight Path","Minty Spire (QoL Compilation)","Relic Stats"],"gold_per_floor":[112,130,14,14,14,14,14,47,47,47,47,57,69,84,84,159,159,171,171,171,32,47,47,47,59,83,121,121,155,180,205,205,205,205],"floor_reached":33,"language":"ENG","playtime":1284,"items_purged":["Normality","Strike_B"],"score":720,"play_id":"5e5bada8-a5e8-45a1-b8cf-08cb3faf9fab","local_time":"20210117124327","is_ascension_mode":true,"campfire_choices":[{"floor":6,"key":"REST"},{"floor":11,"key":"REST"},{"data":"Darkness","floor":15,"key":"SMITH"},{"data":"Fission","floor":23,"key":"SMITH"},{"data":"Loop","floor":28,"key":"SMITH"},{"floor":32,"key":"REST"}],"circlet_count":0,"master_deck":["AscendersBane","Strike_B","Strike_B","Strike_B","Defend_B","Defend_B","Defend_B","Defend_B","Zap","Dualcast","Echo Form","Sweeping Beam","Darkness+1","Undo","Consume","Sunder","Glacier","Conserve Battery","Fission+1","Chill","Defragment","Loop+1","BootSequence","Electrodynamics","Defragment"],"relics":["Cracked Core","Bag of Preparation","Mummified Hand","Runic Dome","CeramicFish","Bag of Marbles","Gambling Chip"],"acts_visited":["Exordium","TheCity"],"potions_floor_usage":[12,16,27],"damage_taken":[{"damage":6,"enemies":"2 Louse","floor":1,"turns":3},{"damage":19,"enemies":"Jaw Worm","floor":2,"turns":4},{"damage":0,"enemies":"Lagavulin","floor":8,"turns":6},{"damage":1,"enemies":"Cultist","floor":12,"turns":3},{"damage":27,"enemies":"Large Slime","floor":13,"turns":5},{"damage":0,"enemies":"2 Fungi Beasts","floor":14,"turns":2},{"damage":0,"enemies":"Slime Boss","floor":16,"turns":11},{"damage":13,"enemies":"Shell Parasite","floor":18,"turns":6},{"damage":4,"enemies":"Spheric Guardian","floor":22,"turns":6},{"damage":0,"enemies":"Snecko","floor":25,"turns":5},{"damage":14,"enemies":"Book of Stabbing","floor":27,"turns":5},{"damage":40,"enemies":"Slavers","floor":29,"turns":8},{"damage":10,"enemies":"Snake Plant","floor":30,"turns":4},{"damage":14,"enemies":"Shelled Parasite and Fungi","floor":31,"turns":6},{"damage":27,"enemies":"Champ","floor":33,"turns":7}],"seed_played":"-7811213215546254338","potions_obtained":[{"floor":1,"key":"PowerPotion"},{"floor":8,"key":"ColorlessPotion"},{"floor":13,"key":"Explosive Potion"},{"floor":16,"key":"Energy Potion"},{"floor":22,"key":"Ancient Potion"},{"floor":31,"key":"FearPotion"}],"is_trial":false,"path_per_floor":["M","M","$","?","?","R","$","E","T","?","R","M","M","M","R","B",null,"M","?","?","$","M","R","?","M","T","E","R","E","M","M","R","B"],"character_chosen":"DEFECT","items_purchased":["Undo","Defragment"],"campfire_rested":3,"item_purchase_floors":[3,21],"current_hp_per_floor":[58,39,39,13,13,34,34,34,34,34,55,54,27,27,27,27,60,47,47,47,47,43,43,81,81,81,67,67,27,17,3,27,0,0],"gold":205,"neow_bonus":"THREE_RARE_CARDS","is_daily":false,"chose_seed":false,"campfire_upgraded":3,"win_rate":0.0,"timestamp":1610905407,"path_taken":["M","M","$","?","?","R","?","E","T","?","R","M","M","?","R","BOSS","M","?","?","$","?","R","?","M","T","E","R","E","M","M","R","BOSS"],"items_purchased_type":["Card","Card"],"build_version":"2020-12-18","purchased_purges":2,"victory":false,"max_hp_per_floor":[71,71,71,71,71,71,71,71,71,71,71,71,71,71,71,71,71,71,71,71,71,71,71,81,81,81,81,81,81,81,81,81,81,81],"relic_stats":{"counters":[15,81],"Mummified Hand":[43],"CeramicFish":27,"Gambling Chip":[10],"Bag of Preparation":[26],"obtain_stats":[{"Runic Dome":17,"Mummified Hand":8,"CeramicFish":26,"Gambling Chip":29,"Bag of Preparation":4,"Bag of Marbles":27,"Cracked Core":0},{"Runic Dome":7,"Mummified Hand":3,"CeramicFish":10,"Gambling Chip":12,"Bag of Preparation":2,"Bag of Marbles":11,"Cracked Core":0},{"Runic Dome":34,"Mummified Hand":13,"CeramicFish":51,"Gambling Chip":64,"Bag of Preparation":7,"Bag of Marbles":56,"Cracked Core":0}]},"card_choices":[{"not_picked":["Core Surge","Buffer"],"picked":"Echo Form","floor":0},{"not_picked":["Recycle","Leap"],"picked":"Sweeping Beam","floor":1},{"not_picked":["Coolheaded","Lockon"],"picked":"Darkness","floor":2},{"not_picked":["Storm","Redo"],"picked":"Core Surge","floor":8},{"not_picked":["Aggregate","Heatsinks"],"picked":"Sunder","floor":12},{"not_picked":["Go for the Eyes","Coolheaded"],"picked":"Glacier","floor":13},{"not_picked":["Barrage","Hello World"],"picked":"Conserve Battery","floor":14},{"not_picked":["Amplify","Hyperbeam"],"picked":"Fission","floor":16},{"not_picked":["Rebound+1","Sweeping Beam","Blizzard+1"],"picked":"SKIP","floor":18},{"not_picked":["Stack","Redo"],"picked":"Loop","floor":22},{"not_picked":["Consume","Recycle","Lockon"],"picked":"SKIP","floor":25},{"not_picked":["Streamline","Auto Shields"],"picked":"BootSequence","floor":27},{"not_picked":["Barrage","Beam Cell","Leap"],"picked":"SKIP","floor":29},{"not_picked":["Go for the Eyes","Skim"],"picked":"Electrodynamics","floor":30},{"not_picked":["Chaos+1","Conserve Battery"],"picked":"Defragment","floor":31}],"player_experience":1995786,"relics_obtained":[{"floor":8,"key":"Mummified Hand"},{"floor":26,"key":"CeramicFish"},{"floor":27,"key":"Bag of Marbles"},{"floor":29,"key":"Gambling Chip"}],"event_choices":[{"damage_healed":0,"gold_gain":0,"player_choice":"Success","damage_taken":26,"relics_obtained":["Bag of Preparation"],"max_hp_gain":0,"max_hp_loss":0,"event_name":"Scrap Ooze","floor":4,"gold_loss":0},{"damage_healed":0,"gold_gain":0,"player_choice":"Ignored","damage_taken":0,"max_hp_gain":0,"max_hp_loss":0,"event_name":"Golden Wing","floor":5,"gold_loss":0},{"damage_healed":0,"gold_gain":0,"player_choice":"1 cards matched","damage_taken":0,"max_hp_gain":0,"max_hp_loss":0,"event_name":"Match and Keep!","floor":10,"gold_loss":0,"cards_obtained":["Consume"]},{"damage_healed":0,"gold_gain":0,"player_choice":"Ignored","damage_taken":0,"max_hp_gain":0,"max_hp_loss":0,"event_name":"Ghosts","floor":19,"gold_loss":0},{"damage_healed":0,"gold_gain":0,"player_choice":"1 cards matched","damage_taken":0,"max_hp_gain":0,"max_hp_loss":0,"event_name":"Match and Keep!","floor":20,"gold_loss":0,"cards_obtained":["Chill"]},{"cards_removed":["Core Surge"],"damage_healed":28,"gold_gain":0,"player_choice":"Offered Rare","damage_taken":0,"max_hp_gain":10,"max_hp_loss":0,"event_name":"Bonfire Elementals","floor":24,"gold_loss":0}],"is_beta":true,"boss_relics":[{"not_picked":["Cursed Key","Velvet Choker"],"picked":"Runic Dome"}],"items_purged_floors":[3,21],"is_endless":false,"potions_floor_spawned":[1,8,13,16,18,22,25,31],"killed_by":"Champ","ascension_level":20}}