{"host":"d61fcf2p3sjwe6yo","time":1610884506,"event":{"mods":["AchievementEnabler","BaseMod","Colored Map","Downfall","Minty Spire (QoL Compilation)","StSLib","SuperFastMode"],"gold_per_floor":[99,109,119,4127,4127,4227,4252,4252,4252,4252,2907,2907,2848,2848,2858,2963,2963,2963,2981,2981,2981,2981],"floor_reached":20,"language":"ENG","playtime":475,"items_purged":[],"score":490,"play_id":"0f3d89f5-c038-4891-916b-3d38bfeb0872","local_time":"20210117145506","is_ascension_mode":true,"campfire_choices":[{"data":"Slimebound:Split","floor":1,"key":"SMITH"},{"floor":18,"key":"REST"}],"circlet_count":12,"master_deck":["AscendersBane","Slimebound:Strike_Slimebound+1","Slimebound:Strike_Slimebound+1","Slimebound:Strike_Slimebound","Slimebound:Tackle","Slimebound:Defend_Slimebound+1","Slimebound:Defend_Slimebound","Slimebound:Defend_Slimebound","Slimebound:Defend_Slimebound+1","Slimebound:Split+1","Slimebound:CorrosiveSpit"],"relics":["Slimebound:AbsorbEndCombat","The Courier","Membership Card","Old Coin","Ginger","Juzu Bracelet","OrangePellets","bronze:DecasWashers","TungstenRod","Toy Ornithopter","Centennial Puzzle","Potion Belt","Bag of Preparation","Whetstone","Slimebound:AggressiveSlimeRelic","Incense Burner","Regal Pillow","Calipers","Pen Nib","Omamori","Vajra","sneckomod:BlankCard","CeramicFish","bronze:BronzeIdol","Happy Flower","Orichalcum","Akabeko","Sundial","Thread and Needle","Gremlin Horn","Question Card","StoneCalendar","Eternal Feather","Bronze Scales","Slimebound:SlimedSkullRelic","Blood Vial","Pear","Meat on the Bone","Prayer Wheel","Frozen Egg 2","Letter Opener","Blue Candle","WingedGreaves","Dream Catcher","Guardian:PocketSentry","Molten Egg 2","Darkstone Periapt","War Paint","Singing Bowl","Shuriken","Slimebound:MaxSlimesRelic","hexamod:CandleOfCauterizing","Anchor","Tiny Chest","Nunchaku","Bag of Marbles","Ancient Tea Set","Art of War","Turnip","MealTicket","InkBottle","Girya","Boot","StrikeDummy","hexamod:BolsterEngine","Lantern","Du-Vu Doll","Matryoshka","PreservedInsect","Mercury Hourglass","HornCleat","Mummified Hand","Pantograph","Toxic Egg 2","Gambling Chip","Kunai","White Beast Statue","Ornamental Fan","Shovel","Slimebound:SlimedTailRelic","champ:DeflectingBracers","FossilizedHelix","CaptainsWheel","Lizard Tail","Torii","Pocketwatch","Slimebound:PotencyRelic","Guardian:GemstoneGun","Mango","Unceasing Top","Ice Cream","hexamod:Sixitude","champ:DuelingGlove","Dead Branch","Slimebound:ScrapOozeRelic","Circlet","Slimebound:SelfDamagePreventRelic","NeowsBlessing","HandDrill","Slimebound:TarBlob"],"acts_visited":["Exordium","TheCity"],"potions_floor_usage":[],"damage_taken":[{"damage":0,"enemies":"Small Slimes","floor":2,"turns":1},{"damage":1,"enemies":"2 Louse","floor":3,"turns":2},{"damage":0,"enemies":"downfall:FleeingMerchant","floor":4,"turns":1},{"damage":0,"enemies":"Jaw Worm","floor":12,"turns":1},{"damage":0,"enemies":"Exordium Thugs","floor":15,"turns":1},{"damage":0,"enemies":"IC_STATUS_ARCHETYPE","floor":16,"turns":1},{"damage":0,"enemies":"Spheric Guardian","floor":19,"turns":2},{"damage":0,"enemies":"Shell Parasite","floor":20,"turns":4}],"seed_played":"-7715504975837653578","potions_obtained":[{"floor":15,"key":"champ:CounterPotion"},{"floor":16,"key":"Weak Potion"},{"floor":19,"key":"Weak Potion"}],"is_trial":false,"path_per_floor":["R","M","M","$","?","?","T","?","T","?","$","M","$","?","M","B",null,"R","M","M"],"character_chosen":"SLIMEBOUND","items_purchased":["Ginger","Juzu Bracelet","OrangePellets","bronze:DecasWashers","TungstenRod","Toy Ornithopter","Centennial Puzzle","Potion Belt","Bag of Preparation","Whetstone","Slimebound:AggressiveSlimeRelic","Incense Burner","Regal Pillow","Calipers","Pen Nib","Omamori","Vajra","sneckomod:BlankCard","CeramicFish","bronze:BronzeIdol","Happy Flower","Orichalcum","Akabeko","Sundial","Thread and Needle","Gremlin Horn","Strawberry","Question Card","StoneCalendar","Eternal Feather","Bronze Scales","Slimebound:SlimedSkullRelic","Blood Vial","Pear","Meat on the Bone","Prayer Wheel","Frozen Egg 2","Letter Opener","Blue Candle","WingedGreaves","Dream Catcher","Guardian:PocketSentry","Molten Egg 2","Darkstone Periapt","War Paint","Singing Bowl","Shuriken","Slimebound:MaxSlimesRelic","hexamod:CandleOfCauterizing","Anchor","Tiny Chest","Nunchaku","Bag of Marbles","Ancient Tea Set","Art of War","Turnip","MealTicket","InkBottle","Girya","Boot","StrikeDummy","hexamod:BolsterEngine","Lantern","Du-Vu Doll","Matryoshka","PreservedInsect","Mercury Hourglass","HornCleat","Mummified Hand","Pantograph","Toxic Egg 2","Gambling Chip","Kunai","White Beast Statue","Ornamental Fan","Shovel","Slimebound:SlimedTailRelic","champ:DeflectingBracers","FossilizedHelix","CaptainsWheel","Lizard Tail","Torii","Pocketwatch","Slimebound:PotencyRelic","Guardian:GemstoneGun","Mango","Unceasing Top","Ice Cream","hexamod:Sixitude","champ:DuelingGlove","Dead Branch","Slimebound:SelfDamagePreventRelic","Circlet","Circlet","Circlet","Circlet","Circlet","Circlet","Circlet","Circlet","HandDrill"],"campfire_rested":1,"item_purchase_floors":[4,4,4,4,4,4,4,4,4,4,4,4,4,4,4,4,4,4,4,4,4,4,4,4,4,4,4,4,4,4,4,4,4,4,4,4,4,4,4,4,4,4,4,4,4,4,4,4,4,4,4,4,4,4,4,4,4,4,4,4,4,4,4,4,4,4,4,4,4,4,4,4,4,4,4,4,4,4,4,4,4,4,4,4,4,4,4,4,4,4,4,11,11,11,11,11,11,11,11,11,13],"current_hp_per_floor":[65,65,64,95,95,95,95,95,95,102,102,102,102,107,109,111,111,113,113,113,113,113],"gold":2981,"neow_bonus":"TEN_PERCENT_HP_BONUS","is_daily":false,"chose_seed":false,"campfire_upgraded":1,"win_rate":0.0,"timestamp":1610884506,"path_taken":["R","M","M","$","?","?","T","?","?","?","$","M","?","?","M","BOSS","R","M","M"],"items_purchased_type":["Relic","Relic","Relic","Relic","Relic","Relic","Relic","Relic","Relic","Relic","Relic","Relic","Relic","Relic","Relic","Relic","Relic","Relic","Relic","Relic","Relic","Relic","Relic","Relic","Relic","Relic","Relic","Relic","Relic","Relic","Relic","Relic","Relic","Relic","Relic","Relic","Relic","Relic","Relic","Relic","Relic","Relic","Relic","Relic","Relic","Relic","Relic","Relic","Relic","Relic","Relic","Relic","Relic","Relic","Relic","Relic","Relic","Relic","Relic","Relic","Relic","Relic","Relic","Relic","Relic","Relic","Relic","Relic","Relic","Relic","Relic","Relic","Relic","Relic","Relic","Relic","Relic","Relic","Relic","Relic","Relic","Relic","Relic","Relic","Relic","Relic","Relic","Relic","Relic","Relic","Relic","Relic","Undefined","Undefined","Undefined","Undefined","Undefined","Undefined","Undefined","Undefined","Relic"],"build_version":"2020-12-22","purchased_purges":0,"victory":false,"max_hp_per_floor":[71,71,71,102,102,102,102,102,102,102,102,102,102,107,109,111,111,113,113,113,113,113],"card_choices":[{"not_picked":["Slimebound:ComboTackle","Slimebound:Schlurp","Slimebound:Grow"],"picked":"SKIP","floor":2},{"not_picked":["Slimebound:SplitBruiser","Slimebound:ForwardTackle","Slimebound:GoopTackle"],"picked":"SKIP","floor":3},{"not_picked":["Slimebound:SlimeTap","Slimebound:HauntingLick","Slimebound:RallyTheTroops"],"picked":"SKIP","floor":4},{"not_picked":["Slimebound:ComboTackle+1","Slimebound:LivingWall+1","Slimebound:Chomp+1","Slimebound:RainOfGoop+1"],"picked":"SKIP","floor":12},{"not_picked":["Slimebound:FinishingTackle+1","Slimebound:SamplingLick+1","Slimebound:LeechingTouch+1","Slimebound:ViciousTackle+1"],"picked":"SKIP","floor":12},{"not_picked":["Slimebound:PressTheAttack+1","Slimebound:FinishingTackle+1","Slimebound:GoopSpray+1","Slimebound:Prepare+1"],"picked":"Singing Bowl","floor":15},{"not_picked":["Slimebound:SplitMire+1","Slimebound:SlimeSpikes+1","Slimebound:FinishingTackle+1","Slimebound:SlimeBrawl+1"],"picked":"SKIP","floor":15},{"not_picked":["Slimebound:DuplicatedForm+1","Slimebound:Overexert+1","Slimebound:MinionMaster+1","Slimebound:DouseInSlime+1"],"picked":"Singing Bowl","floor":16},{"not_picked":["Slimebound:ItLooksTasty+1","Slimebound:Schlurp+1","Slimebound:SlimeTap+1","Slimebound:SlimeBarrage+1"],"picked":"Singing Bowl","floor":18},{"not_picked":["Slimebound:LeechingTouch+1","Slimebound:ItLooksTasty+1","Slimebound:GoopTackle+1","Slimebound:GrowthPunch+1"],"picked":"SKIP","floor":19},{"not_picked":["Slimebound:LeechingTouch+1","Slimebound:ViciousTackle+1","Slimebound:SplitMire+1","Slimebound:LeadByExample+1"],"picked":"SKIP","floor":19}],"player_experience":580094,"relics_obtained":[{"floor":7,"key":"Circlet"},{"floor":7,"key":"Circlet"},{"floor":9,"key":"Circlet"},{"floor":9,"key":"Circlet"}],"event_choices":[{"damage_healed":25,"gold_gain":0,"player_choice":"Healed and dodged fight","damage_taken":0,"max_hp_gain":0,"max_hp_loss":0,"event_name":"Mushrooms","floor":10,"gold_loss":0,"cards_obtained":["Parasite"]},{"damage_healed":0,"gold_gain":0,"player_choice":"Donut","damage_taken":0,"max_hp_gain":5,"max_hp_loss":0,"event_name":"Big Fish","floor":14,"gold_loss":0}],"is_beta":false,"boss_relics":[{"not_picked":["Busted Crown","expansioncontent:StudyCardRelic"],"picked":"Slimebound:TarBlob"}],"items_purged_floors":[],"is_endless":false,"potions_floor_spawned":[12,15,16,19],"killed_by":"Shell Parasite","ascension_level":10}}