{"host":"e5u7qs1emxzejr12","time":1610898052,"event":{"mods":["2.2 Compatiblity","Act Like it!","Arknights The Spire","BaseMod","CapriCore","Card Forge","Colored Powertips","Custom Start","Duelist Mod","GifTheSpireLib","Highlight Path","Luminous","Marisa£¨ìFÓê¡¡Ä§ÀíÉ³£©","Minty Spire (QoL Compilation)","Quick Restart","Replay The Spire","StSLib","SuperFastMode","Td1madao Mod","The Alterego","The Immortal","The Servant 0.9.4","UnlockEverythingMod","óô»ðÖ¸ÄÏ"],"gold_per_floor":[186,461,391,408,473,403,473,502,548,558,592,610,610,637,337,454,466,488,517,529,555,1134,1176,1188,1200,1212,1243,1255,1267,1297,1231,1246,1053,727,827,827,840,690,709,725,725,875,910,910,958,989,989,846,880,891,891,891,891,840,512,540,540],"floor_reached":58,"language":"ZHS","playtime":3373,"items_purged":[],"score":1516,"play_id":"3a376c2d-ab28-4c59-84d4-042c4f860d0f","local_time":"20210117234052","is_ascension_mode":true,"campfire_choices":[{"floor":13.0,"key":"REST"},{"floor":25.0,"key":"RECALL"},{"floor":51.0,"key":"REST"}],"circlet_count":0,"master_deck":["theDuelist:NaturiaMarron+1","theDuelist:NaturiaRock+1","theDuelist:NaturalDisaster+1","theDuelist:LairWire+1","theDuelist:FossilDig+1","theDuelist:NaturiaHydrangea+1","theDuelist:BlockGolem+1","theDuelist:HuntingInstinct+1","theDuelist:NaturiaSunflower+1","theDuelist:DigitalBug+1","theDuelist:NaturiaHorneedle+1","theDuelist:NaturiaLeodrake+1","theDuelist:PotAvarice+1","theDuelist:Canyon+1","theDuelist:NaturiaLeodrake+1","theDuelist:NaturiaForest+1","theDuelist:PotForbidden+1","theDuelist:NaturiaRosewhip+1","theDuelist:NaturiaSacredTree+1","theDuelist:LonefireBlossom+1"],"relics":["theDuelist:MillenniumPuzzle","theDuelist:CardPoolRelic","theDuelist:CardPoolBasicRelic","theDuelist:BoosterPackPoolRelic","theDuelist:CardPoolAddRelic","theDuelist:CardPoolMinusRelic","theDuelist:CardPoolSaveRelic","theDuelist:CardPoolOptionsRelic","Hammer of Thor","Seething Fire","Anvil of the Gods","NeowsBlessing","Eternal Feather","theDuelist:NaturiaRelic","Smiling Mask","Paper Frog","MawBank","SlaversCollar","Replay:Baseball","Lantern","ReplayTheSpireMod:Ninjato","Fusion Hammer","ReplayTheSpireMod:CursedCoin","Molten Egg 2","theDuelist:CursedHealer","Whetstone","Mirror","theDuelist:MillenniumPrayerbook","Boot","ReplayFunnel","Runic Capacitor","theDuelist:BoosterBetterBoostersRelic"],"acts_visited":["Exordium","TheCity","TheBeyond","TheEnding"],"potions_floor_usage":[57],"damage_taken":[{"damage":0.0,"enemies":"Jaw Worm","floor":1.0,"turns":2.0},{"damage":0.0,"enemies":"Cultist","floor":4.0,"turns":1.0},{"damage":0.0,"enemies":"2 Louse","floor":5.0,"turns":1.0},{"damage":0.0,"enemies":"Large Slime","floor":7.0,"turns":6.0},{"damage":25.0,"enemies":"3 Sentries","floor":8.0,"turns":5.0},{"damage":14.0,"enemies":"Exordium Thugs","floor":10.0,"turns":4.0},{"damage":14.0,"enemies":"Gremlin Nob","floor":11.0,"turns":4.0},{"damage":16.0,"enemies":"Red Slaver","floor":12.0,"turns":3.0},{"damage":0.0,"enemies":"Lagavulin","floor":14.0,"turns":5.0},{"damage":10.0,"enemies":"Slime Boss","floor":16.0,"turns":5.0},{"damage":0.0,"enemies":"3 Byrds","floor":18.0,"turns":3.0},{"damage":1.0,"enemies":"Chosen","floor":19.0,"turns":3.0},{"damage":25.0,"enemies":"3 Cultists","floor":21.0,"turns":6.0},{"damage":3.0,"enemies":"Book of Stabbing","floor":23.0,"turns":4.0},{"damage":0.0,"enemies":"Snecko","floor":27.0,"turns":4.0},{"damage":0.0,"enemies":"Shelled Parasite and Fungi","floor":30.0,"turns":3.0},{"damage":0.0,"enemies":"3 Cultists","floor":32.0,"turns":4.0},{"damage":57.0,"enemies":"Pondfish","floor":35.0,"turns":8.0},{"damage":5.0,"enemies":"Orb Walker","floor":37.0,"turns":4.0},{"damage":6.0,"enemies":"3 Shapes","floor":39.0,"turns":3.0},{"damage":11.0,"enemies":"3 Darklings","floor":40.0,"turns":4.0},{"damage":17.0,"enemies":"R_Hoarder","floor":43.0,"turns":7.0},{"damage":23.0,"enemies":"Reptomancer","floor":46.0,"turns":4.0},{"damage":11.0,"enemies":"R_Hoarder","floor":49.0,"turns":6.0},{"damage":29.0,"enemies":"Jaw Worm Horde","floor":50.0,"turns":3.0},{"damage":30.0,"enemies":"Awakened One","floor":52.0,"turns":5.0},{"damage":19.0,"enemies":"Shield and Spear","floor":56.0,"turns":5.0},{"damage":52,"enemies":"The Heart","floor":57,"turns":7}],"seed_played":"2891997288485659005","potions_obtained":[{"floor":5.0,"key":"Venom Potion"},{"floor":8.0,"key":"theDuelist:SummonArmorPotion"},{"floor":10.0,"key":"theDuelist:ReducerPotion"},{"floor":30.0,"key":"theDuelist:TokenPotion"},{"floor":37.0,"key":"theDuelist:IcePotion"}],"is_trial":false,"path_per_floor":["M","?","$","M","M","R","M","E","T","M","E","M","R","E","R","B",null,"M","M","?","M","?","E","$","R","T","M","PTL","PTL","M","$","M","$","R","B",null,"M","$","M","M","$","R","E","?","T","E","T","$","E","M","R","B",null,"R","$","E","B",null],"character_chosen":"THE_DUELIST","items_purchased":["theDuelist:NaturalDisaster","theDuelist:NaturiaSacredTree","MawBank","theDuelist:NaturiaForest","theDuelist:NaturiaLeodrake","Lantern","theDuelist:FossilDig","ReplayTheSpireMod:Ninjato","theDuelist:NaturalDisaster","theDuelist:HuntingInstinct","ReplayTheSpireMod:CursedCoin","Boot","theDuelist:LonefireBlossom","Runic Capacitor","FairyPotion","EssenceOfSteel"],"campfire_rested":2,"item_purchase_floors":[3,6,15,15,31,33,33,34,34,38,42,48,54,55,55,55],"current_hp_per_floor":[80,80,80,80,80,80,80,55,55,41,27,11,41,41,47,37,80,80,79,79,54,54,51,51,57,57,57,57,57,57,57,57,57,63,6,80,75,75,69,58,58,67,50,75,75,52,52,52,41,12,45,15,80,80,80,61,9],"gold":540,"neow_bonus":"THREE_ENEMY_KILL","is_daily":false,"chose_seed":false,"campfire_upgraded":0,"win_rate":0.0,"timestamp":1610898052,"path_taken":["M","?","$","M","M","R","M","E","T","?","E","M","R","E","R","BOSS","M","M","?","M","?","E","$","R","T","M","PTL","PTL","?","?","?","$","R","BOSS","M","$","?","M","?","R","E","?","T","E","?","$","E","M","R","BOSS","R","$","E","BOSS"],"items_purchased_type":["Card","Card","Relic","Card","Card","Relic","Card","Relic","Card","Card","Relic","Relic","Card","Relic","Potion","Potion"],"build_version":"2020-12-22","purchased_purges":0,"victory":true,"max_hp_per_floor":[80,80,80,80,80,80,80,80,80,80,80,80,80,80,80,80,80,80,80,80,80,80,80,80,80,80,80,80,80,80,80,80,80,80,80,80,80,80,80,80,80,80,80,80,80,80,80,80,80,80,80,80,80,80,80,80,80],"card_choices":[{"not_picked":["theDuelist:FuryFire","theDuelist:WildNatureRelease","theDuelist:FossilExcavation","theDuelist:ConvulsionNature"],"picked":"theDuelist:SpacetimeTranscendence","floor":1.0},{"not_picked":["theDuelist:NaturiaEggplant","theDuelist:NaturiaDragonfly","theDuelist:NaturiaCliff","theDuelist:NaturiaBrambi"],"picked":"theDuelist:NaturiaHydrangea","floor":4.0},{"not_picked":["theDuelist:Pollinosis","theDuelist:SeismicShockwave","theDuelist:NaturalDisaster","theDuelist:HuntingInstinct"],"picked":"theDuelist:LairWire","floor":5.0},{"not_picked":["theDuelist:NaturiaHydrangea","theDuelist:NaturiaRosewhip","theDuelist:FossilDig","theDuelist:NaturiaMantis"],"picked":"theDuelist:NaturiaSunflower","floor":7.0},{"not_picked":["theDuelist:NaturiaLeodrake","theDuelist:NaturalDisaster","theDuelist:LeodrakeMane"],"picked":"theDuelist:Anteater","floor":8.0},{"not_picked":["theDuelist:NaturiaHydrangea","theDuelist:NaturiaEggplant","theDuelist:NaturiaDragonfly","theDuelist:NaturiaCliff","theDuelist:BottomlessTrapHole"],"picked":"SKIP","floor":10.0},{"not_picked":["theDuelist:Sangan","theDuelist:DarkCreator","theDuelist:DummyGolem","theDuelist:GemElephant"],"picked":"theDuelist:ChangeHeart","floor":11.0},{"not_picked":["theDuelist:NaturiaHydrangea","theDuelist:NaturiaEggplant","theDuelist:NaturiaMosquito","theDuelist:NaturiaLandoise","theDuelist:NaturiaDragonfly"],"picked":"SKIP","floor":12.0},{"not_picked":["theDuelist:NaturiaHydrangea","theDuelist:NaturiaEggplant","theDuelist:NaturiaMosquito","theDuelist:NaturiaLandoise"],"picked":"theDuelist:NaturiaDragonfly","floor":12.0},{"not_picked":["theDuelist:NaturiaStrawberry","theDuelist:NaturiaStinkbug","theDuelist:Pollinosis","theDuelist:NaturiaSpiderfang"],"picked":"theDuelist:NaturiaMarron","floor":14.0},{"not_picked":["theDuelist:NaturiaVein","theDuelist:ClosedForest","theDuelist:MultiplicationOfAnts","theDuelist:HeartUnderdog"],"picked":"theDuelist:Canyon","floor":16.0},{"not_picked":["theDuelist:WildNatureRelease+1","theDuelist:PotDuality","theDuelist:CopyPlant","theDuelist:LuminousMoss","theDuelist:NaturiaLadybug"],"picked":"SKIP","floor":18.0},{"not_picked":["theDuelist:NaturiaEggplant+1","theDuelist:NaturiaDragonfly","theDuelist:NaturiaCliff","theDuelist:NaturiaBrambi+1"],"picked":"theDuelist:NaturiaHydrangea","floor":19.0},{"not_picked":["theDuelist:NaturiaHydrangea+1","theDuelist:NaturiaEggplant+1","theDuelist:NaturiaDragonfly","theDuelist:NaturiaCliff","theDuelist:Alpacaribou"],"picked":"SKIP","floor":21.0},{"not_picked":["theDuelist:NaturiaForest","theDuelist:NaturiaBarkion+1","theDuelist:ClosedForest","theDuelist:HeartUnderdog"],"picked":"theDuelist:NaturiaHorneedle","floor":23.0},{"not_picked":["theDuelist:NaturiaRock","theDuelist:NaturiaGaiastrio","theDuelist:CrystalRose","theDuelist:NaturiaLandoise"],"picked":"theDuelist:PotForbidden","floor":27.0},{"not_picked":["theDuelist:Fissure","theDuelist:DestructPotion","theDuelist:GemArmadillo","theDuelist:RockSunrise+1"],"picked":"theDuelist:BlockGolem","floor":30.0},{"not_picked":["theDuelist:WingedKuriboh","theDuelist:Cloning+1","theDuelist:DestroyerGolem","theDuelist:Terraforming","theDuelist:HeavyStorm"],"picked":"SKIP","floor":32.0},{"not_picked":["theDuelist:AcidTrapHole+1","theDuelist:NaturiaLandoise+1","theDuelist:NaturiaRock+1","theDuelist:CrystalRose","theDuelist:Alpacaribou"],"picked":"SKIP","floor":37.0},{"not_picked":["theDuelist:HammerShot","theDuelist:MudGolem","theDuelist:AttackTheMoon","theDuelist:CatapultZone"],"picked":"theDuelist:PotAvarice","floor":39.0},{"not_picked":["theDuelist:NaturiaHydrangea","theDuelist:NaturiaSunflower+1","theDuelist:PotForbidden","theDuelist:BlockGolem"],"picked":"theDuelist:NaturiaLeodrake+1","floor":40.0},{"not_picked":["theDuelist:BottomlessTrapHole+1","theDuelist:NaturiaLadybug+1","theDuelist:SangaEarth+1","theDuelist:NaturiaMosquito+1"],"picked":"theDuelist:DigitalBug","floor":43.0},{"not_picked":["theDuelist:NaturiaBeetle+1","theDuelist:NaturiaGuardian+1","theDuelist:CrystalRose","theDuelist:NaturiaRagweed"],"picked":"theDuelist:NaturiaRosewhip+1","floor":46.0},{"not_picked":["theDuelist:NaturiaRock+1","theDuelist:NaturiaGaiastrio+1","theDuelist:CrystalRose+1","theDuelist:NaturiaLandoise+1","theDuelist:NaturiaCliff+1"],"picked":"SKIP","floor":49.0},{"not_picked":["theDuelist:NaturiaHydrangea+1","theDuelist:NaturiaRagweed+1","theDuelist:NaturiaCliff+1","theDuelist:NaturiaMantis","theDuelist:NaturiaLandoise+1"],"picked":"SKIP","floor":50.0},{"not_picked":["theDuelist:MillenniumGolem+1","theDuelist:ForbiddenChalice+1","theDuelist:Sangan+1","theDuelist:Fissure+1","theDuelist:ReleaseFromStone+1"],"picked":"SKIP","floor":56.0}],"player_experience":83726,"relics_obtained":[{"floor":8.0,"key":"Eternal Feather"},{"floor":9.0,"key":"theDuelist:NaturiaRelic"},{"floor":11.0,"key":"Smiling Mask"},{"floor":14.0,"key":"Paper Frog"},{"floor":23.0,"key":"Replay:Baseball"},{"floor":43.0,"key":"Molten Egg 2"},{"floor":45.0,"key":"Whetstone"},{"floor":46.0,"key":"Mirror"},{"floor":47.0,"key":"theDuelist:MillenniumPrayerbook"},{"floor":49.0,"key":"ReplayFunnel"},{"floor":56.0,"key":"theDuelist:BoosterBetterBoostersRelic"}],"event_choices":[{"damage_healed":0.0,"max_hp_gain":0.0,"max_hp_loss":0.0,"gold_gain":275.0,"event_name":"Golden Shrine","player_choice":"Desecrate","floor":2.0,"gold_loss":0.0,"damage_taken":0.0,"cards_obtained":["Regret"]},{"total_magic_score":65.0,"gold_gain":0.0,"duelist":true,"damage_taken":0.0,"relics_obtained":[],"points":1.0,"max_hp_gain":0.0,"max_hp_loss":0.0,"spent_points":{"magic":1.0,"greed":0.0,"war":0.0,"power":0.0,"hunger":0.0},"event_name":"Nameless Tomb","floor":20.0,"gold_loss":0.0,"cards_obtained":[]},{"damage_healed":0.0,"max_hp_gain":0.0,"max_hp_loss":0.0,"gold_gain":0.0,"event_name":"Aknamkanon\u0027s Tomb","player_choice":"Enrich - 2x gold","duelist":true,"floor":22.0,"gold_loss":0.0,"damage_taken":0.0},{"damage_healed":0.0,"max_hp_gain":0.0,"max_hp_loss":0.0,"gold_gain":0.0,"event_name":"Tomb of the Nameless","player_choice":"Succumb - +25HP/Cursed Relic","duelist":true,"floor":44.0,"gold_loss":0.0,"damage_taken":0.0}],"is_beta":false,"boss_relics":[{"not_picked":["ChewingGum","Mark of Pain"],"picked":"SlaversCollar"},{"not_picked":["Replay:Drink Me","Kintsugi"],"picked":"Fusion Hammer"}],"items_purged_floors":[],"is_endless":false,"potions_floor_spawned":[5,8,10,14,16,19,30,32,37,39,49],"ascension_level":2}}