{"host":"2se5dq1do2gp0x9k","time":1610872883,"event":{"mods":["AchievementEnabler","BaseMod","Block Reminder","Colored Map","Colored Powertips","Minty Spire (QoL Compilation)","Relic Stats","StSLib","SuperFastMode"],"gold_per_floor":[116,116,116,135,145,145,145],"floor_reached":6,"language":"ENG","playtime":157,"items_purged":[],"score":72,"play_id":"acc4f54b-410a-42bf-8500-0b039bd1ad75","local_time":"20210117004123","is_ascension_mode":true,"campfire_choices":[],"circlet_count":0,"master_deck":["AscendersBane","Strike_R","Strike_R","Strike_R","Strike_R","Defend_R","Defend_R","Defend_R","Defend_R","Bash","Searing Blow","Thunderclap","Flex","Cleave"],"relics":["Burning Blood","Ginger","Bronze Scales"],"acts_visited":["Exordium"],"potions_floor_usage":[6,6],"damage_taken":[{"damage":13.0,"enemies":"Jaw Worm","floor":1.0,"turns":5.0},{"damage":4.0,"enemies":"2 Louse","floor":4.0,"turns":2.0},{"damage":6.0,"enemies":"Cultist","floor":5.0,"turns":3.0},{"damage":69,"enemies":"Lagavulin","floor":6,"turns":8}],"seed_played":"5363999272076338238","potions_obtained":[{"floor":1.0,"key":"EntropicBrew"}],"is_trial":false,"path_per_floor":["M","?","?","M","M","E"],"character_chosen":"IRONCLAD","items_purchased":[],"campfire_rested":0,"item_purchase_floors":[],"current_hp_per_floor":[61,50,50,52,52,0,0],"gold":145,"neow_bonus":"ONE_RARE_RELIC","is_daily":false,"chose_seed":false,"campfire_upgraded":0,"win_rate":0.0,"timestamp":1610872883,"path_taken":["M","?","?","M","?","E"],"items_purchased_type":[],"build_version":"2020-12-22","purchased_purges":0,"victory":false,"max_hp_per_floor":[68,68,68,68,68,68,68],"relic_stats":{"counters":[4,18],"Bronze Scales":[18],"Ginger":[0],"obtain_stats":[{"Bronze Scales":2,"Ginger":0,"Burning Blood":0},{"Bronze Scales":1,"Ginger":0,"Burning Blood":0},{"Bronze Scales":5,"Ginger":0,"Burning Blood":0}],"Burning Blood":18},"card_choices":[{"not_picked":["Bloodletting","Iron Wave"],"picked":"Searing Blow","floor":1.0},{"not_picked":["Twin Strike","Perfected Strike"],"picked":"Flex","floor":4.0},{"not_picked":["Hemokinesis","Fire Breathing"],"picked":"Cleave","floor":5.0}],"player_experience":3892967,"relics_obtained":[],"event_choices":[{"damage_healed":0.0,"max_hp_gain":0.0,"max_hp_loss":0.0,"gold_gain":0.0,"event_name":"Scrap Ooze","player_choice":"Success","floor":2.0,"gold_loss":0.0,"damage_taken":11.0,"relics_obtained":["Bronze Scales"]},{"damage_healed":0.0,"max_hp_gain":0.0,"max_hp_loss":0.0,"gold_gain":0.0,"cards_transformed":["Strike_R"],"event_name":"Transmorgrifier","player_choice":"Transformed","floor":3.0,"gold_loss":0.0,"damage_taken":0.0,"cards_obtained":["Thunderclap"]}],"is_beta":false,"boss_relics":[],"items_purged_floors":[],"is_endless":false,"potions_floor_spawned":[1],"killed_by":"Lagavulin","ascension_level":20}}