{"host":"b7j598ve05halrwk","time":1610874708,"event":{"mods":["2.2 Compatiblity","BaseMod","Block Reminder","DeckTracker","Minty Spire (QoL Compilation)","Relic Stats","Slay the Relics Exporter","StSLib","ojb\u0027s Better Paths Mod","ojb\u0027s Info Mod"],"gold_per_floor":[111,130,143,15,26,54,54,80,107,32,66,66,99,110,110,187,187,207,224,236,24,35,60,71,90,90,47,47,47,79,29,29,102,102,113,113,63,73,121,146,159,190,190,190,216,111,125,137,137,137,137,137,137,3,33,33,33],"floor_reached":56,"language":"ENG","playtime":4477,"items_purged":["Strike_B","Strike_B","Zap","Clumsy","Shame","Decay"],"score":2039,"play_id":"434de429-affa-4d94-a8ae-7bedbd6c5240","local_time":"20210117041148","is_ascension_mode":true,"campfire_choices":[{"floor":7.0,"key":"REST"},{"data":"Sunder","floor":12.0,"key":"SMITH"},{"data":"Sweeping Beam","floor":15.0,"key":"SMITH"},{"data":"Electrodynamics","floor":29,"key":"SMITH"},{"data":"Hologram","floor":32,"key":"SMITH"},{"data":"Defragment","floor":44,"key":"SMITH"},{"floor":49,"key":"RECALL"},{"data":"Capacitor","floor":53,"key":"SMITH"}],"circlet_count":0,"master_deck":["AscendersBane","Defend_B","Defend_B","Defend_B","Defend_B","Dualcast","Cold Snap","Rip and Tear","Sweeping Beam+1","Ball Lightning","Sunder+1","Leap","Reinforced Body","Static Discharge","Conserve Battery","Electrodynamics+1","Tempest","Recycle","Sunder","Hologram+1","Leap+1","Self Repair","Capacitor+1","Fusion","Meteor Strike+1","Defragment+1","Leap+1","All For One+1","Coolheaded+1","Undo","Buffer","Stack","Machine Learning","Hologram+1","Sunder","Glacier"],"relics":["Cracked Core","NeowsBlessing","White Beast Statue","Vajra","Regal Pillow","Smiling Mask","Pantograph","Snecko Eye","Toolbox","Tiny Chest","Strawberry","Akabeko","Cursed Key","TungstenRod","Pen Nib","Whetstone","MealTicket","Oddly Smooth Stone","Turnip"],"acts_visited":["Exordium","TheCity","TheBeyond","TheEnding"],"potions_floor_usage":[18,20,23,24,25,30,33,40,42,45,47,50,56,56],"damage_taken":[{"damage":0.0,"enemies":"Cultist","floor":1.0,"turns":1.0},{"damage":0.0,"enemies":"Jaw Worm","floor":2.0,"turns":1.0},{"damage":0.0,"enemies":"2 Louse","floor":3.0,"turns":1.0},{"damage":14.0,"enemies":"Exordium Thugs","floor":5.0,"turns":3.0},{"damage":21.0,"enemies":"3 Sentries","floor":6.0,"turns":4.0},{"damage":8.0,"enemies":"Lagavulin","floor":8.0,"turns":6.0},{"damage":0.0,"enemies":"Gremlin Nob","floor":11.0,"turns":2.0},{"damage":6.0,"enemies":"Lagavulin","floor":13.0,"turns":6.0},{"damage":0.0,"enemies":"Red Slaver","floor":14.0,"turns":3.0},{"damage":36.0,"enemies":"Slime Boss","floor":16.0,"turns":10.0},{"damage":14,"enemies":"Shell Parasite","floor":18,"turns":3},{"damage":5,"enemies":"3 Byrds","floor":19,"turns":3},{"damage":2,"enemies":"Sentry and Sphere","floor":20,"turns":3},{"damage":0,"enemies":"Chosen and Byrds","floor":22,"turns":5},{"damage":26,"enemies":"Book of Stabbing","floor":23,"turns":4},{"damage":11,"enemies":"Snake Plant","floor":24,"turns":3},{"damage":0,"enemies":"Snecko","floor":25,"turns":4},{"damage":11,"enemies":"Gremlin Leader","floor":30,"turns":3},{"damage":73,"enemies":"Automaton","floor":33,"turns":7},{"damage":1,"enemies":"3 Shapes","floor":35,"turns":3},{"damage":0,"enemies":"Orb Walker","floor":38,"turns":3},{"damage":1,"enemies":"Giant Head","floor":40,"turns":6},{"damage":31,"enemies":"4 Shapes","floor":41,"turns":3},{"damage":18,"enemies":"Nemesis","floor":42,"turns":5},{"damage":7,"enemies":"Giant Head","floor":45,"turns":8},{"damage":0,"enemies":"Writhing Mass","floor":47,"turns":6},{"damage":0,"enemies":"Jaw Worm Horde","floor":48,"turns":3},{"damage":58,"enemies":"Time Eater","floor":50,"turns":11},{"damage":22,"enemies":"Donu and Deca","floor":51,"turns":8},{"damage":73,"enemies":"Shield and Spear","floor":55,"turns":9},{"damage":43,"enemies":"The Heart","floor":56,"turns":5}],"seed_played":"203124049506897963","potions_obtained":[{"floor":2.0,"key":"EssenceOfSteel"},{"floor":5.0,"key":"PotionOfCapacity"},{"floor":6.0,"key":"Fruit Juice"},{"floor":8.0,"key":"FearPotion"},{"floor":11.0,"key":"Block Potion"},{"floor":13.0,"key":"AttackPotion"},{"floor":14.0,"key":"FairyPotion"},{"floor":16.0,"key":"DistilledChaos"},{"floor":18,"key":"BlessingOfTheForge"},{"floor":19,"key":"GamblersBrew"},{"floor":20,"key":"Weak Potion"},{"floor":23,"key":"EssenceOfSteel"},{"floor":24,"key":"Weak Potion"},{"floor":25,"key":"DistilledChaos"},{"floor":30,"key":"SneckoOil"},{"floor":33,"key":"SmokeBomb"},{"floor":35,"key":"Weak Potion"},{"floor":38,"key":"DuplicationPotion"},{"floor":40,"key":"Fire Potion"},{"floor":41,"key":"Weak Potion"},{"floor":42,"key":"Block Potion"},{"floor":45,"key":"Swift Potion"},{"floor":47,"key":"SpeedPotion"},{"floor":48,"key":"PowerPotion"},{"floor":55,"key":"LiquidMemories"}],"is_trial":false,"path_per_floor":["M","M","M","$","M","E","R","E","T","?","E","R","E","M","R","B",null,"M","M","M","$","M","E","M","M","T","$","?","R","E","$","R","B",null,"M","T","$","M","T","E","M","E","T","R","E","$","M","M","R","B","B",null,"R","$","E","B"],"character_chosen":"DEFECT","items_purchased":["Ball Lightning","Toolbox","Self Repair","Stack","Sunder"],"campfire_rested":1,"item_purchase_floors":[4,21,27,46,54],"current_hp_per_floor":[64,64,64,64,50,29,56,48,48,48,48,48,42,42,42,31,65,51,46,44,44,44,18,7,7,14,14,14,14,3,3,3,31,70,76,76,76,76,76,82,51,40,40,40,40,55,62,69,69,32,42,73,73,83,10,0,0],"gold":33,"neow_bonus":"THREE_ENEMY_KILL","is_daily":false,"chose_seed":false,"campfire_upgraded":6,"win_rate":0.0,"timestamp":1610874708,"path_taken":["M","M","M","?","M","E","R","E","T","?","E","R","E","M","R","BOSS","M","M","M","$","M","E","M","M","T","$","?","R","E","?","R","BOSS","M","?","$","M","?","E","M","E","T","R","E","$","M","M","R","BOSS","BOSS","R","$","E","BOSS"],"items_purchased_type":["Card","Relic","Card","Card","Card"],"build_version":"2020-12-22","purchased_purges":6,"victory":false,"max_hp_per_floor":[71,71,71,71,71,71,76,76,76,76,76,76,76,76,76,76,76,76,76,76,76,76,76,76,76,83,83,83,83,83,83,83,83,83,83,83,83,83,83,83,83,83,83,83,83,83,83,83,83,83,83,83,83,83,83,83,83],"relic_stats":{"Regal Pillow":0,"counters":[31,142],"Pen Nib":[11],"Whetstone":["All For One","Meteor Strike"],"Smiling Mask":500,"Cursed Key":3,"Pantograph":114,"Snecko Eye":[169,177,177,161],"Tiny Chest":1,"MealTicket":25,"Turnip":[2],"obtain_stats":[{"Regal Pillow":9,"NeowsBlessing":0,"Vajra":8,"Oddly Smooth Stone":45,"Pen Nib":39,"Whetstone":40,"Smiling Mask":11,"Cursed Key":34,"White Beast Statue":6,"Akabeko":30,"Pantograph":13,"Strawberry":26,"Snecko Eye":17,"Toolbox":21,"Tiny Chest":23,"MealTicket":42,"Turnip":55,"Cracked Core":0,"TungstenRod":36},{"Regal Pillow":6,"NeowsBlessing":0,"Vajra":6,"Oddly Smooth Stone":25,"Pen Nib":21,"Whetstone":22,"Smiling Mask":7,"Cursed Key":19,"White Beast Statue":5,"Akabeko":18,"Pantograph":8,"Strawberry":17,"Snecko Eye":10,"Toolbox":13,"Tiny Chest":15,"MealTicket":24,"Turnip":30,"Cracked Core":0,"TungstenRod":20},{"Regal Pillow":16,"NeowsBlessing":0,"Vajra":16,"Oddly Smooth Stone":100,"Pen Nib":78,"Whetstone":84,"Smiling Mask":18,"Cursed Key":72,"White Beast Statue":10,"Akabeko":65,"Pantograph":24,"Strawberry":62,"Snecko Eye":37,"Toolbox":46,"Tiny Chest":55,"MealTicket":92,"Turnip":137,"Cracked Core":0,"TungstenRod":75}],"TungstenRod":37},"card_choices":[{"not_picked":["Redo","Melter"],"picked":"Cold Snap","floor":1.0},{"not_picked":["Glacier","Aggregate"],"picked":"Rip and Tear","floor":2.0},{"not_picked":["Compile Driver","Coolheaded"],"picked":"Sweeping Beam","floor":3.0},{"not_picked":["Hologram","Beam Cell"],"picked":"Sunder","floor":5.0},{"not_picked":["Compile Driver","Steam"],"picked":"Leap","floor":6.0},{"not_picked":["Double Energy","Gash"],"picked":"Reinforced Body","floor":8.0},{"not_picked":["Storm","Doom and Gloom"],"picked":"Static Discharge","floor":11.0},{"not_picked":["Sweeping Beam","Streamline","Rebound"],"picked":"SKIP","floor":13.0},{"not_picked":["Sunder","Go for the Eyes"],"picked":"Conserve Battery","floor":14.0},{"not_picked":["Multi-Cast","Thunder Strike"],"picked":"Electrodynamics","floor":16.0},{"not_picked":["Chaos","Hello World","FTL"],"picked":"SKIP","floor":18},{"not_picked":["Streamline","Gash"],"picked":"Tempest","floor":19},{"not_picked":["Cold Snap+1","Darkness","Storm"],"picked":"SKIP","floor":20},{"not_picked":["Fusion","Loop"],"picked":"Recycle","floor":22},{"not_picked":["Stack","Hyperbeam"],"picked":"Sunder","floor":23},{"not_picked":["Conserve Battery","Defragment"],"picked":"Hologram","floor":24},{"not_picked":["Redo","Stack"],"picked":"Leap+1","floor":25},{"not_picked":["Cold Snap","Hello World"],"picked":"Fusion","floor":30},{"not_picked":["Seek","Creative AI"],"picked":"Meteor Strike","floor":33},{"not_picked":["Redo","Compile Driver"],"picked":"Defragment","floor":35},{"not_picked":["Beam Cell+1","Cold Snap"],"picked":"Leap+1","floor":38},{"not_picked":["Sweeping Beam","Blizzard"],"picked":"All For One","floor":40},{"not_picked":["Beam Cell+1","Consume"],"picked":"Coolheaded+1","floor":41},{"not_picked":["Sunder","Streamline"],"picked":"Undo","floor":42},{"not_picked":["Barrage","Go for the Eyes"],"picked":"Buffer","floor":45},{"not_picked":["Rebound+1","Cold Snap"],"picked":"Machine Learning","floor":47},{"not_picked":["Rebound","Coolheaded"],"picked":"Hologram+1","floor":48},{"not_picked":["Beam Cell","Steam"],"picked":"Glacier","floor":55}],"player_experience":994424,"relics_obtained":[{"floor":6.0,"key":"White Beast Statue"},{"floor":8.0,"key":"Vajra"},{"floor":9.0,"key":"Regal Pillow"},{"floor":11.0,"key":"Smiling Mask"},{"floor":13.0,"key":"Pantograph"},{"floor":23,"key":"Tiny Chest"},{"floor":26,"key":"Strawberry"},{"floor":30,"key":"Akabeko"},{"floor":36,"key":"TungstenRod"},{"floor":39,"key":"Pen Nib"},{"floor":40,"key":"Whetstone"},{"floor":42,"key":"MealTicket"},{"floor":45,"key":"Oddly Smooth Stone"},{"floor":55,"key":"Turnip"}],"event_choices":[{"cards_removed":["Strike_B"],"damage_healed":0.0,"max_hp_gain":0.0,"max_hp_loss":0.0,"gold_gain":0.0,"event_name":"The Cleric","player_choice":"Card Removal","floor":10.0,"gold_loss":75.0,"damage_taken":0.0},{"damage_healed":0,"gold_gain":0,"cards_transformed":["Strike_B"],"player_choice":"Transformed","damage_taken":0,"max_hp_gain":0,"max_hp_loss":0,"event_name":"Transmorgrifier","floor":28,"gold_loss":0,"cards_obtained":["Capacitor"]}],"is_beta":false,"boss_relics":[{"not_picked":["FrozenCore","Inserter"],"picked":"Snecko Eye"},{"not_picked":["Busted Crown","Runic Pyramid"],"picked":"Cursed Key"}],"items_purged_floors":[4,21,31,37,46,54],"is_endless":false,"potions_floor_spawned":[2,5,6,8,11,13,14,16,18,19,20,22,23,24,25,30,33,35,38,40,41,42,45,47,48,55],"killed_by":"The Heart","ascension_level":20}}