{"host":"ccw6t0i2dpm5wyxf","time":1610887590,"event":{"mods":["BaseMod","Colored Map","Minty Spire (QoL Compilation)","Permanent Neow"],"gold_per_floor":[99,99,99,99,99,99,99,99,99,99,99,99,99,99,99,99,99,99,99,99,26,26,26,26,26,26,26,26,26,26,26,26,26,26,26,26,26,26,26,26,26,26,26,26,0,0,0,0,0,0,0,0,0,0,0,0],"floor_reached":55,"language":"ENG","playtime":2225,"items_purged":[],"score":1028,"play_id":"c6ba2291-8255-427c-93b6-b138b81ab545","local_time":"20210117064630","is_ascension_mode":true,"campfire_choices":[{"data":"Well Laid Plans","floor":7,"key":"SMITH"},{"data":"Blade Dance","floor":10,"key":"SMITH"},{"data":"Deflect","floor":12,"key":"SMITH"},{"floor":15,"key":"REST"},{"data":"Infinite Blades","floor":24,"key":"SMITH"},{"data":"A Thousand Cuts","floor":27,"key":"SMITH"},{"floor":32,"key":"REST"},{"floor":40,"key":"RECALL"},{"data":"Cloak And Dagger","floor":49,"key":"SMITH"},{"data":"Adrenaline","floor":52,"key":"SMITH"}],"circlet_count":0,"master_deck":["Strike_G","Strike_G","Strike_G","Strike_G","Defend_G","Defend_G","Survivor","Neutralize","Sucker Punch","Backflip","Blade Dance+1","Choke","Well Laid Plans+1","Deflect+1","Calculated Gamble","Slice","A Thousand Cuts+1","Finisher","Deflect+1","Infinite Blades+1","Writhe","Masterful Stab","Cloak And Dagger+1","Adrenaline+1","Blade Dance+1","Choke+1","Madness","Madness","Deflect+1","Slice+1","Tools of the Trade","Calculated Gamble+1","Infinite Blades+1","Backstab"],"relics":["Ectoplasm","Pen Nib","Paper Crane","Tingsha","FossilizedHelix","Bottled Lightning","Empty Cage","MutagenicStrength","MealTicket","StoneCalendar","Boot","Darkstone Periapt","Regal Pillow","Dead Branch","Bottled Flame","Sozu","Incense Burner","Lantern","Red Mask","Bag of Marbles","Pear"],"acts_visited":["Exordium","TheCity","TheBeyond","TheEnding"],"potions_floor_usage":[8,20,23,28],"damage_taken":[{"damage":0,"enemies":"Small Slimes","floor":1,"turns":4},{"damage":0,"enemies":"Cultist","floor":3,"turns":4},{"damage":0,"enemies":"Jaw Worm","floor":4,"turns":4},{"damage":0,"enemies":"Blue Slaver","floor":5,"turns":4},{"damage":7,"enemies":"3 Sentries","floor":6,"turns":7},{"damage":11,"enemies":"Gremlin Nob","floor":8,"turns":4},{"damage":10,"enemies":"Lagavulin Event","floor":13,"turns":5},{"damage":0,"enemies":"Exordium Wildlife","floor":14,"turns":4},{"damage":0,"enemies":"Slime Boss","floor":16,"turns":9},{"damage":10,"enemies":"3 Byrds","floor":18,"turns":4},{"damage":0,"enemies":"2 Thieves","floor":20,"turns":1},{"damage":16,"enemies":"Slavers","floor":23,"turns":5},{"damage":21,"enemies":"Book of Stabbing","floor":28,"turns":5},{"damage":4,"enemies":"Colosseum Slavers","floor":31,"turns":3},{"damage":16,"enemies":"Colosseum Nobs","floor":31,"turns":4},{"damage":38,"enemies":"Collector","floor":33,"turns":7},{"damage":11,"enemies":"3 Shapes","floor":35,"turns":2},{"damage":0,"enemies":"2 Orb Walkers","floor":37,"turns":2},{"damage":0,"enemies":"Orb Walker","floor":39,"turns":2},{"damage":0,"enemies":"Nemesis","floor":41,"turns":3},{"damage":0,"enemies":"Maw","floor":42,"turns":3},{"damage":0,"enemies":"Giant Head","floor":46,"turns":5},{"damage":0,"enemies":"4 Shapes","floor":47,"turns":2},{"damage":0,"enemies":"Jaw Worm Horde","floor":48,"turns":2},{"damage":0,"enemies":"Awakened One","floor":50,"turns":6},{"damage":19,"enemies":"Shield and Spear","floor":54,"turns":3},{"damage":112,"enemies":"The Heart","floor":55,"turns":3}],"seed_played":"-9141127441929207716","potions_obtained":[{"floor":3,"key":"Explosive Potion"},{"floor":5,"key":"Regen Potion"},{"floor":13,"key":"Fire Potion"},{"floor":16,"key":"Dexterity Potion"}],"is_trial":false,"path_per_floor":["M","?","M","M","M","E","R","E","T","R","?","R","?","M","R","B",null,"M","?","M","$","?","E","R","$","T","R","E","$","T","?","R","B",null,"M","?","?","?","M","R","E","M","T","$","?","E","M","M","R","B",null,"R","$","E","B"],"character_chosen":"THE_SILENT","items_purchased":["Infinite Blades"],"campfire_rested":2,"item_purchase_floors":[21],"current_hp_per_floor":[70,70,70,70,70,63,63,61,61,61,54,54,44,44,65,65,70,60,60,60,60,60,44,44,59,59,59,38,53,53,33,69,31,70,59,59,59,50,50,50,50,50,50,65,65,65,65,65,65,65,70,70,70,61,0,0],"gold":0,"neow_bonus":"BOSS_RELIC","is_daily":false,"chose_seed":false,"campfire_upgraded":7,"win_rate":0.0,"timestamp":1610887590,"path_taken":["M","?","M","?","M","E","R","E","T","R","?","R","?","M","R","BOSS","M","?","M","$","?","E","R","$","T","R","E","$","?","?","R","BOSS","M","?","?","?","M","R","E","?","T","$","?","E","M","M","R","BOSS","R","$","E","BOSS"],"items_purchased_type":["Card"],"build_version":"2020-12-22","purchased_purges":0,"victory":false,"max_hp_per_floor":[70,70,70,70,70,70,70,70,70,70,70,70,70,70,70,70,70,70,70,70,70,70,70,70,70,70,70,70,70,70,70,70,70,70,70,70,70,70,70,70,70,70,70,70,70,70,70,70,70,70,70,70,70,80,80,80],"card_choices":[{"not_picked":["Dagger Throw","Underhanded Strike"],"picked":"Sucker Punch","floor":1},{"not_picked":["Slice","Dagger Spray"],"picked":"Backflip","floor":3},{"not_picked":["Dodge and Roll","Blur"],"picked":"Blade Dance","floor":4},{"not_picked":["Deflect","Backflip"],"picked":"Choke","floor":5},{"not_picked":["Riddle With Holes","Deadly Poison"],"picked":"Well Laid Plans","floor":6},{"not_picked":["Doppelganger","Underhanded Strike"],"picked":"Deflect","floor":8},{"not_picked":["Noxious Fumes","Underhanded Strike"],"picked":"Calculated Gamble","floor":13},{"not_picked":["All Out Attack","Backflip"],"picked":"Slice","floor":14},{"not_picked":["Bullet Time","Tools of the Trade"],"picked":"A Thousand Cuts","floor":16},{"not_picked":["Deadly Poison","Skewer"],"picked":"Finisher","floor":18},{"not_picked":["Underhanded Strike+1","Eviscerate"],"picked":"Deflect+1","floor":20},{"not_picked":["Sucker Punch","Expertise+1","Skewer"],"picked":"SKIP","floor":23},{"not_picked":["Acrobatics","Dagger Throw"],"picked":"Masterful Stab","floor":28},{"not_picked":["Envenom","Dagger Spray"],"picked":"Cloak And Dagger","floor":31},{"not_picked":["Venomology","Malaise"],"picked":"Adrenaline","floor":33},{"not_picked":["Escape Plan","Dash+1"],"picked":"Blade Dance+1","floor":35},{"not_picked":["Slice","Bane"],"picked":"Choke+1","floor":37},{"not_picked":["PiercingWail","Prepared"],"picked":"Deflect+1","floor":39},{"not_picked":["PiercingWail","Sucker Punch+1"],"picked":"Slice+1","floor":41},{"not_picked":["Blade Dance","Accuracy"],"picked":"Tools of the Trade","floor":42},{"not_picked":["Sucker Punch+1","Escape Plan+1"],"picked":"Calculated Gamble+1","floor":46},{"not_picked":["Sucker Punch+1","Dagger Throw+1"],"picked":"Infinite Blades+1","floor":47},{"not_picked":["Flechettes","Blur","Reflex+1"],"picked":"SKIP","floor":48},{"not_picked":["Catalyst+1","Backflip"],"picked":"Backstab","floor":54}],"player_experience":271866,"relics_obtained":[{"floor":2,"key":"Pen Nib"},{"floor":6,"key":"Paper Crane"},{"floor":8,"key":"Tingsha"},{"floor":9,"key":"FossilizedHelix"},{"floor":13,"key":"Bottled Lightning"},{"floor":23,"key":"StoneCalendar"},{"floor":26,"key":"Boot"},{"floor":28,"key":"Darkstone Periapt"},{"floor":30,"key":"Regal Pillow"},{"floor":31,"key":"Dead Branch"},{"floor":31,"key":"Bottled Flame"},{"floor":37,"key":"Incense Burner"},{"floor":41,"key":"Lantern"},{"floor":46,"key":"Bag of Marbles"},{"floor":54,"key":"Pear"}],"event_choices":[{"damage_healed":0,"gold_gain":0,"player_choice":"Relic","damage_taken":0,"max_hp_gain":0,"max_hp_loss":0,"event_name":"Wheel of Change","floor":2,"gold_loss":0},{"cards_removed":["Strike_G"],"damage_healed":0,"gold_gain":0,"player_choice":"Card Removal","damage_taken":7,"max_hp_gain":0,"max_hp_loss":0,"event_name":"Golden Wing","floor":11,"gold_loss":0},{"damage_healed":0,"gold_gain":0,"player_choice":"Searched \u00271\u0027 times","damage_taken":0,"max_hp_gain":0,"max_hp_loss":0,"event_name":"Dead Adventurer","floor":13,"gold_loss":0},{"damage_healed":0,"gold_gain":0,"player_choice":"Inject Mutagens","damage_taken":0,"relics_obtained":["MutagenicStrength"],"max_hp_gain":0,"max_hp_loss":0,"event_name":"Drug Dealer","floor":19,"gold_loss":0},{"damage_healed":0,"gold_gain":0,"player_choice":"Opened","damage_taken":0,"relics_obtained":["MealTicket"],"max_hp_gain":0,"max_hp_loss":0,"event_name":"The Mausoleum","floor":22,"gold_loss":0,"cards_obtained":["Writhe"]},{"damage_healed":0,"gold_gain":0,"player_choice":"Fight","damage_taken":0,"max_hp_gain":0,"max_hp_loss":0,"event_name":"Colosseum","floor":31,"gold_loss":0},{"damage_healed":0,"gold_gain":0,"player_choice":"Fought Nobs","damage_taken":0,"max_hp_gain":0,"max_hp_loss":0,"event_name":"Colosseum","floor":31,"gold_loss":0},{"cards_removed":["Defend_G"],"damage_healed":0,"gold_gain":0,"player_choice":"Removed Skill","damage_taken":0,"max_hp_gain":0,"max_hp_loss":0,"event_name":"Falling","floor":36,"gold_loss":0},{"damage_healed":0,"gold_gain":0,"player_choice":"Fight","damage_taken":0,"max_hp_gain":0,"max_hp_loss":0,"event_name":"Mysterious Sphere","floor":37,"gold_loss":0},{"damage_healed":0,"gold_gain":0,"player_choice":"Embrace Madness","damage_taken":9,"max_hp_gain":0,"max_hp_loss":0,"event_name":"Winding Halls","floor":38,"gold_loss":0,"cards_obtained":["Madness","Madness"]},{"damage_healed":0,"gold_gain":0,"player_choice":"Paid","damage_taken":0,"relics_obtained":["Red Mask"],"max_hp_gain":0,"max_hp_loss":0,"event_name":"Tomb of Lord Red Mask","floor":45,"gold_loss":26}],"is_beta":false,"boss_relics":[{"not_picked":["Velvet Choker","Cursed Key"],"picked":"Empty Cage"},{"not_picked":["Pandora\u0027s Box","Fusion Hammer"],"picked":"Sozu"}],"items_purged_floors":[],"is_endless":false,"potions_floor_spawned":[3,5,13,16,18,31,37,41,47,48],"killed_by":"The Heart","ascension_level":3}}