{"host":"baymyijz6sxaqj5s","time":1610878078,"event":{"mods":["AchievementEnabler","BaseMod","Colored Map","Colored Powertips","DeckTracker","Highlight Path","KOR Keyword Fix","Keyboard Shortcuts","Minty Spire (QoL Compilation)","StSLib","SuperFastMode","everything is the same but u backflip on backflip"],"gold_per_floor":[112,125,125,125,138,151,163,163,163,69,86,98,98,113,113,209,259,270,289,389,405,405,405],"floor_reached":22,"language":"KOR","playtime":800,"items_purged":[],"score":225,"play_id":"9010a99f-4928-46cb-b4fd-b61a536d98e5","local_time":"20210117190758","is_ascension_mode":true,"campfire_choices":[{"data":"Survivor","floor":8,"key":"SMITH"},{"floor":15,"key":"REST"}],"circlet_count":0,"master_deck":["Strike_G","Strike_G","Strike_G","Strike_G","Strike_G","Defend_G","Defend_G","Defend_G","Defend_G","Defend_G","Survivor+1","Neutralize+1","Poisoned Stab","Prepared","Dagger Spray","Dodge and Roll+1","Deadly Poison+1","Backflip","Outmaneuver","A Thousand Cuts","Escape Plan+1","Deadly Poison+1","Tactician"],"relics":["Ring of the Snake","Matryoshka","Tiny House"],"acts_visited":["Exordium","TheCity"],"potions_floor_usage":[6,16,16,21],"damage_taken":[{"damage":1,"enemies":"Jaw Worm","floor":1,"turns":3},{"damage":0,"enemies":"2 Louse","floor":2,"turns":5},{"damage":0,"enemies":"Cultist","floor":5,"turns":4},{"damage":8,"enemies":"Exordium Thugs","floor":6,"turns":4},{"damage":3,"enemies":"Blue Slaver","floor":7,"turns":4},{"damage":19,"enemies":"Large Slime","floor":11,"turns":8},{"damage":2,"enemies":"Looter","floor":12,"turns":4},{"damage":0,"enemies":"Red Slaver","floor":14,"turns":5},{"damage":32,"enemies":"The Guardian","floor":16,"turns":13},{"damage":36,"enemies":"Spheric Guardian","floor":18,"turns":8},{"damage":9,"enemies":"Chosen","floor":19,"turns":5},{"damage":33,"enemies":"Snake Plant","floor":21,"turns":6},{"damage":14,"enemies":"Centurion and Healer","floor":22,"turns":4}],"seed_played":"-5891164289240787148","potions_obtained":[{"floor":2,"key":"PowerPotion"},{"floor":12,"key":"Block Potion"},{"floor":14,"key":"PowerPotion"},{"floor":17,"key":"SteroidPotion"}],"is_trial":false,"path_per_floor":["M","M","?","$","M","M","M","R","T","$","M","M","?","M","R","B",null,"M","M","?","M","M"],"character_chosen":"THE_SILENT","items_purchased":["Deadly Poison","Backflip"],"campfire_rested":1,"item_purchase_floors":[10,10],"current_hp_per_floor":[76,76,81,81,81,73,70,70,70,70,51,49,33,33,57,25,87,51,42,42,9,0,0],"gold":405,"neow_bonus":"TEN_PERCENT_HP_BONUS","is_daily":false,"chose_seed":false,"campfire_upgraded":1,"win_rate":0.0,"timestamp":1610878078,"path_taken":["M","M","?","$","M","M","M","R","T","$","M","M","?","M","R","BOSS","M","M","?","M","?"],"items_purchased_type":["Card","Card"],"build_version":"2020-12-22","purchased_purges":0,"victory":false,"max_hp_per_floor":[77,77,82,82,82,82,82,82,82,82,82,82,82,82,82,82,87,87,87,87,87,87,87],"card_choices":[{"not_picked":["Bane","Terror"],"picked":"Poisoned Stab","floor":1},{"not_picked":["Backstab","Heel Hook"],"picked":"Prepared","floor":2},{"not_picked":["Terror","Riddle With Holes","Bouncing Flask"],"picked":"SKIP","floor":5},{"not_picked":["Blade Dance","Reflex"],"picked":"Dagger Spray","floor":6},{"not_picked":["Quick Slash","Skewer"],"picked":"Dodge and Roll","floor":7},{"not_picked":["PiercingWail","Dagger Throw","Bullet Time"],"picked":"SKIP","floor":11},{"not_picked":["Flying Knee","Poisoned Stab","Bane"],"picked":"SKIP","floor":12},{"not_picked":["Dagger Spray","Prepared"],"picked":"Outmaneuver","floor":14},{"not_picked":["Bullet Time","Die Die Die"],"picked":"A Thousand Cuts","floor":16},{"not_picked":["Blade Dance","Cloak And Dagger"],"picked":"Escape Plan+1","floor":18},{"not_picked":["Bane","Prepared"],"picked":"Deadly Poison+1","floor":19},{"not_picked":["PiercingWail","Acrobatics"],"picked":"Tactician","floor":21}],"player_experience":44337,"relics_obtained":[{"floor":9,"key":"Matryoshka"}],"event_choices":[{"damage_healed":0,"gold_gain":0,"player_choice":"Donut","damage_taken":0,"max_hp_gain":5,"max_hp_loss":0,"event_name":"Big Fish","floor":3,"gold_loss":0},{"damage_healed":0,"gold_gain":0,"player_choice":"Entered Light","damage_taken":16,"max_hp_gain":0,"max_hp_loss":0,"event_name":"Shining Light","floor":13,"gold_loss":0,"cards_upgraded":["Neutralize","Dodge and Roll"]},{"damage_healed":0,"gold_gain":100,"player_choice":"Pray","damage_taken":0,"max_hp_gain":0,"max_hp_loss":0,"event_name":"Golden Shrine","floor":20,"gold_loss":0}],"is_beta":false,"boss_relics":[{"not_picked":["Calling Bell","WristBlade"],"picked":"Tiny House"}],"items_purged_floors":[],"is_endless":false,"potions_floor_spawned":[2,12,14],"killed_by":"Centurion and Healer","ascension_level":2}}