{"host":"tl3n8idhzo2mohle","time":1610860646,"event":{"mods":["BaseMod","Colored Powertips","Downfall","Good Game Mod","Minty Spire (QoL Compilation)","StSLib","Waifu the Spire","noobMod"],"gold_per_floor":[99,113,113,113,125,145,200,220,251,263,290,319,19,47,59,159,159,159,169,188,188,188,220,220,220,236,173,200,133,133,146,161,260,260,260,279,279,289,308,308,308,325,337,337,237,247,247,247,266,266,266,297,172,172,172,172],"floor_reached":57,"language":"ZHS","playtime":2818,"items_purged":["Guardian:Defend_Guardian","Guardian:Defend_Guardian","Guardian:Defend_Guardian"],"score":1391,"play_id":"839a0025-27f9-49ff-a459-fce791a9b326","local_time":"20210117131726","is_ascension_mode":false,"campfire_choices":[{"floor":1.0,"key":"RECALL"},{"data":"Guardian:PrismaticBarrier","floor":13.0,"key":"SMITH"},{"data":"Guardian:TimeSifter","floor":18.0,"key":"SMITH"},{"data":"Guardian:Preprogram","floor":30.0,"key":"SMITH"},{"data":"Guardian:RefractedBeam+1","floor":35.0,"key":"SMITH"},{"data":"Guardian:RefractedBeam+2","floor":40.0,"key":"SMITH"},{"data":"Guardian:RefractedBeam+3","floor":47.0,"key":"SMITH"},{"data":"Guardian:RefractedBeam+4","floor":54,"key":"SMITH"}],"circlet_count":0,"master_deck":["Guardian:Strike_Guardian+1","Guardian:Strike_Guardian","Guardian:Strike_Guardian","Guardian:TwinSlam+1","Guardian:VentSteam","Guardian:DonusPower","Guardian:Reroute","Guardian:PrismaticBarrier+1","Guardian:TemporalStrike+1","Guardian:Preprogram+1","Guardian:RollAttack+1","Guardian:BodySlam+1","Guardian:HyperBeam_Guardian+1","Guardian:BodySlam+1","Guardian:BronzeOrb+1","Guardian:RefractedBeam+5","Guardian:PrimingBeam+1","Guardian:FierceBash+1","Guardian:PolyBeam+1","Pain","Guardian:TimeSifter","Guardian:TemporalStrike+1","expansioncontent:Chronoboost","Guardian:GemFinder","ConjureBlade"],"relics":["Guardian:ModeShifter","REME:ComplimentaryCards","ice","Guardian:PickAxe","Mummified Hand","Blood Vial","Molten Egg 2","downfall:HeartBlessingGreen","downfall:HeartBlessingBlue","downfall:HeartBlessingRed","Kunai","Guardian:StasisSlotReductionRelic","Letter Opener","Anchor","HandDrill","Whetstone","Torii","Akabeko"],"acts_visited":["Exordium","TheCity","TheBeyond","TheEnding"],"potions_floor_usage":[],"damage_taken":[{"damage":7.0,"enemies":"Small Slimes","floor":2.0,"turns":3.0},{"damage":63.0,"enemies":"Small Slimes","floor":3.0,"turns":9.0},{"damage":5.0,"enemies":"Jaw Worm","floor":5.0,"turns":4.0},{"damage":0.0,"enemies":"Cultist","floor":6.0,"turns":4.0},{"damage":34.0,"enemies":"Exordium Wildlife","floor":8.0,"turns":6.0},{"damage":20.0,"enemies":"Lagavulin","floor":9.0,"turns":8.0},{"damage":16.0,"enemies":"3 Louse","floor":10.0,"turns":3.0},{"damage":14.0,"enemies":"Gremlin Nob","floor":12.0,"turns":4.0},{"damage":0.0,"enemies":"Lagavulin","floor":14.0,"turns":4.0},{"damage":0.0,"enemies":"2 Fungi Beasts","floor":15.0,"turns":2.0},{"damage":0.0,"enemies":"WA_ARCHETYPE_RETAIN","floor":16.0,"turns":3.0},{"damage":20.0,"enemies":"Spheric Guardian","floor":19.0,"turns":6.0},{"damage":10.0,"enemies":"Chosen","floor":20.0,"turns":2.0},{"damage":90.0,"enemies":"Slavers","floor":23.0,"turns":7.0},{"damage":0.0,"enemies":"Snake Plant","floor":26.0,"turns":2.0},{"damage":0.0,"enemies":"downfall:FleeingMerchant","floor":27.0,"turns":3.0},{"damage":11.0,"enemies":"Book of Stabbing","floor":28.0,"turns":2.0},{"damage":0.0,"enemies":"Sentry and Sphere","floor":31.0,"turns":3.0},{"damage":0.0,"enemies":"Centurion and Healer","floor":32.0,"turns":2.0},{"damage":0.0,"enemies":"IC_MUSHROOM_ARCHETYPE","floor":33.0,"turns":2.0},{"damage":0.0,"enemies":"Orb Walker","floor":36.0,"turns":1.0},{"damage":5.0,"enemies":"3 Shapes","floor":38.0,"turns":2.0},{"damage":15.0,"enemies":"Sphere and 2 Shapes","floor":39.0,"turns":2.0},{"damage":0.0,"enemies":"4 Shapes","floor":42.0,"turns":2.0},{"damage":0.0,"enemies":"Writhing Mass","floor":43.0,"turns":1.0},{"damage":0.0,"enemies":"3 Darklings","floor":46.0,"turns":1.0},{"damage":9.0,"enemies":"4 Shapes","floor":49.0,"turns":2.0},{"damage":10.0,"enemies":"SI_POISON_ARCHETYPE","floor":50.0,"turns":3.0},{"damage":66,"enemies":"downfall:CharBossMerchant","floor":52,"turns":6},{"damage":196,"enemies":"downfall:NeowBoss","floor":55,"turns":21},{"damage":116,"enemies":"downfall:NeowBossFinal","floor":56,"turns":7}],"seed_played":"-4617286974076238102","potions_obtained":[{"floor":5.0,"key":"Explosive Potion"},{"floor":8.0,"key":"EssenceOfSteel"},{"floor":10.0,"key":"LiquidMemories"},{"floor":31.0,"key":"DistilledChaos"}],"is_trial":false,"path_per_floor":["R","M","?","?","M","M","T","M","E","M","T","E","R","E","M","B",null,"R","M","M","?","?","E","T","?","M","$","E","$","R","M","M","B",null,"R","M","?","M","M","R","T","M","M","?","$","M","R","?","M","B",null,"E","$","R","B","B",null],"character_chosen":"GUARDIAN","items_purchased":["Anchor","HandDrill","Guardian:BronzeOrb+1"],"campfire_rested":0,"item_purchase_floors":[27,27,29],"current_hp_per_floor":[88,81,6,6,83,83,83,49,29,13,13,1,11,120,121,121,124,124,104,96,96,96,148,148,148,148,163,160,160,160,165,165,171,171,171,171,171,171,160,160,160,171,171,171,171,171,171,171,166,191,191,125,125,125,103,213],"gold":172,"neow_bonus":"TEN_PERCENT_HP_BONUS","is_daily":false,"chose_seed":false,"campfire_upgraded":7,"win_rate":0.0,"timestamp":1610860646,"path_taken":["R","M","?","?","M","M","T","M","E","?","?","E","R","E","M","BOSS","R","M","M","?","?","E","T","?","?","$","E","$","R","M","M","BOSS","R","M","?","M","M","R","T","M","?","?","$","M","R","?","M","BOSS","E","$","R","BOSS","BOSS"],"items_purchased_type":["Relic","Relic","Card"],"build_version":"2020-12-22","purchased_purges":3,"victory":true,"max_hp_per_floor":[88,88,88,88,90,92,92,98,102,108,108,110,120,121,121,124,124,124,130,132,132,132,148,148,148,148,164,165,165,165,165,165,171,171,171,171,171,171,171,171,171,171,171,171,171,171,171,171,171,191,191,191,191,191,214,226],"card_choices":[{"not_picked":["Guardian:VentSteam","Guardian:TemporalShield"],"picked":"Guardian:Gem_Green","floor":2.0},{"not_picked":["Guardian:ChargeCore","Guardian:Suspension"],"picked":"Guardian:Gem_White","floor":5.0},{"not_picked":["Guardian:PrimingBeam","Guardian:Gem_White"],"picked":"Guardian:VentSteam","floor":6.0},{"not_picked":["Guardian:Gem_Red","Guardian:StasisStrike"],"picked":"Guardian:DonusPower","floor":8.0},{"not_picked":["Guardian:Gem_Green","Guardian:ChargeCore"],"picked":"Guardian:Reroute","floor":9.0},{"not_picked":["Guardian:Clone","Guardian:Planning"],"picked":"Guardian:PrismaticBarrier","floor":10.0},{"not_picked":["Guardian:Recover","Guardian:StasisField"],"picked":"Guardian:TemporalStrike+1","floor":12.0},{"not_picked":["Guardian:GuardianWhirl+1","Guardian:Repulse"],"picked":"Guardian:VentSteam","floor":14.0},{"not_picked":["Guardian:Gem_Cyan","Guardian:ShieldSpikes"],"picked":"Guardian:Preprogram","floor":15.0},{"not_picked":["Guardian:CompilePackage","Guardian:StasisField"],"picked":"Guardian:TimeSifter","floor":16.0},{"not_picked":["Guardian:Harden","Guardian:GuardianWhirl+1"],"picked":"Guardian:RollAttack+1","floor":19.0},{"not_picked":["Guardian:WalkerClaw+1","Guardian:Harden"],"picked":"Guardian:BodySlam+1","floor":20.0},{"not_picked":["Guardian:CrystalBeam+1","Guardian:MultiBeam+1"],"picked":"Guardian:HyperBeam_Guardian+1","floor":23.0},{"not_picked":["Guardian:GuardianWhirl+1","Guardian:BronzeArmor"],"picked":"Guardian:BodySlam+1","floor":26.0},{"not_picked":["Guardian:Reroute+1","Guardian:Repulse+1","Guardian:Gem_Blue"],"picked":"SKIP","floor":27.0},{"not_picked":["Guardian:PrismaticBarrier","Guardian:Incinerate+1","Guardian:Gem_Cyan"],"picked":"SKIP","floor":28.0},{"not_picked":["Guardian:ArmoredProtocol","Guardian:RollAttack+1"],"picked":"Guardian:RefractedBeam+1","floor":31.0},{"not_picked":["Guardian:RollAttack+1","Guardian:FuturePlans"],"picked":"Guardian:PrimingBeam+1","floor":32.0},{"not_picked":["Guardian:ConstructionForm","Guardian:RevengeProtocol"],"picked":"Guardian:FierceBash+1","floor":33.0},{"not_picked":["Guardian:TemporalShield","Guardian:PiercingHide+1"],"picked":"Guardian:PolyBeam+1","floor":36.0},{"not_picked":["Guardian:BronzeOrb+1","Guardian:CrystalBeam+1"],"picked":"Guardian:TimeSifter","floor":38.0},{"not_picked":["Guardian:Incinerate+1","Guardian:Gem_Cyan","Guardian:TemporalShield"],"picked":"SKIP","floor":39.0},{"not_picked":["Guardian:RollAttack+1","Guardian:Gem_Green"],"picked":"Guardian:TemporalStrike+1","floor":42.0},{"not_picked":["Guardian:Gem_Purple","Guardian:PolyBeam+1"],"picked":"Guardian:Gem_Cyan","floor":43.0},{"not_picked":["expansioncontent:HyperBeam+1","expansioncontent:AwakenDeath"],"picked":"expansioncontent:Chronoboost","floor":44.0},{"not_picked":["Guardian:ShieldSpikes","Guardian:Orbwalk"],"picked":"Guardian:GemFinder","floor":46.0},{"not_picked":["Guardian:Gem_Lightblue","Guardian:Gem_Cyan"],"picked":"Guardian:Gem_Red","floor":49.0},{"not_picked":["Guardian:PrismaticBarrier","Guardian:Repulse","Guardian:TimeCapacitor"],"picked":"SKIP","floor":49.0},{"not_picked":["Guardian:Gem_Red","Guardian:Gem_Lightblue"],"picked":"Guardian:Gem_Green","floor":52},{"not_picked":["Guardian:RefractedBeam+1","Guardian:CrystalBeam+1","Guardian:Recover+1"],"picked":"SKIP","floor":52}],"player_experience":44815,"relics_obtained":[{"floor":9.0,"key":"Mummified Hand"},{"floor":11.0,"key":"Blood Vial"},{"floor":12.0,"key":"Molten Egg 2"},{"floor":14.0,"key":"Kunai"},{"floor":24.0,"key":"Letter Opener"},{"floor":28.0,"key":"Whetstone"},{"floor":41.0,"key":"Torii"},{"floor":52,"key":"Akabeko"}],"event_choices":[{"damage_healed":0.0,"max_hp_gain":0.0,"max_hp_loss":0.0,"gold_gain":0.0,"event_name":"The Library","player_choice":"Read","floor":21.0,"gold_loss":0.0,"damage_taken":0.0,"cards_obtained":["Guardian:PrismaticBarrier"]}],"is_beta":false,"boss_relics":[{"not_picked":["Empty Cage","Calling Bell"],"picked":"Guardian:StasisSlotReductionRelic"},{"not_picked":["Fusion Hammer","Cursed Key","Runic Dome"]}],"items_purged_floors":[27,45,53],"is_endless":false,"potions_floor_spawned":[5,8,10,14,15,20,28,31,32,33,39,42,46],"ascension_level":0}}