{"host":"2pmmafybkq7zb6na","time":1610865709,"event":{"mods":["AchievementEnabler","BaseMod","Colored Map","Highlight Path","Keyboard Shortcuts","Minty Spire (QoL Compilation)","Quick Restart","StSLib","SuperFastMode"],"gold_per_floor":[109,109,10,22,35,35,69,69,69,69,81,81,116,139,139,263,263,287,58,58,82,82,82,95,95,95,95,21,62,62,77,77,202,202,215,240,240,303,79,79,97,121,191,191,211,211,251,275,275,275,275,275,8,44,44,44],"floor_reached":55,"language":"KOR","playtime":2540,"items_purged":["Strike_B","Echo Form","Dualcast","Shame"],"score":700,"play_id":"bae7509c-6081-4d69-9825-dcb450be9ee8","local_time":"20210117154149","is_ascension_mode":false,"campfire_choices":[{"data":"Gash","floor":6.0,"key":"SMITH"},{"floor":8.0,"key":"REST"},{"data":"Gash","floor":10.0,"key":"SMITH"},{"floor":15.0,"key":"REST"},{"data":"Coolheaded","floor":23.0,"key":"SMITH"},{"data":"Scrape","floor":25.0,"key":"SMITH"},{"data":"FTL","floor":27.0,"key":"SMITH"},{"floor":32.0,"key":"REST"},{"floor":40.0,"key":"REST"},{"floor":46,"key":"RECALL"},{"floor":49,"key":"REST"},{"data":"Machine Learning","floor":52,"key":"SMITH"}],"circlet_count":0,"master_deck":["Zap+1","Gash+1","Coolheaded+1","Gash+1","Sweeping Beam+1","Self Repair","Reboot","Cold Snap+1","Defragment","BootSequence+1","Buffer","Rip and Tear","Scrape+1","FTL+1","Machine Learning+1","Redo+1","Gash","FTL","Beam Cell","Finesse","Gash"],"relics":["Cracked Core","Mercury Hourglass","Orichalcum","Golden Idol","StoneCalendar","Pandora\u0027s Box","Membership Card","Potion Belt","ClockworkSouvenir","Regal Pillow","The Courier","Inserter","Peace Pipe","Whetstone","Bottled Lightning","Calipers","Medical Kit","War Paint","Blood Vial"],"acts_visited":["Exordium","TheCity","TheBeyond","TheEnding"],"potions_floor_usage":[47,47,50,50,54,55,55],"damage_taken":[{"damage":0.0,"enemies":"2 Louse","floor":1.0,"turns":3.0},{"damage":5.0,"enemies":"Small Slimes","floor":4.0,"turns":3.0},{"damage":1.0,"enemies":"Jaw Worm","floor":5.0,"turns":4.0},{"damage":57.0,"enemies":"Gremlin Nob","floor":7.0,"turns":6.0},{"damage":0.0,"enemies":"2 Fungi Beasts","floor":11.0,"turns":2.0},{"damage":26.0,"enemies":"Lagavulin","floor":13.0,"turns":6.0},{"damage":0.0,"enemies":"Blue Slaver","floor":14.0,"turns":3.0},{"damage":18.0,"enemies":"The Guardian","floor":16.0,"turns":9.0},{"damage":0.0,"enemies":"Chosen","floor":18.0,"turns":3.0},{"damage":6.0,"enemies":"2 Thieves","floor":21.0,"turns":3.0},{"damage":0.0,"enemies":"Centurion and Healer","floor":24.0,"turns":6.0},{"damage":45.0,"enemies":"Gremlin Leader","floor":29.0,"turns":5.0},{"damage":8.0,"enemies":"Snake Plant","floor":31.0,"turns":3.0},{"damage":18.0,"enemies":"Collector","floor":33.0,"turns":5.0},{"damage":25.0,"enemies":"3 Shapes","floor":35.0,"turns":4.0},{"damage":5.0,"enemies":"Orb Walker","floor":36.0,"turns":3.0},{"damage":44.0,"enemies":"2 Orb Walkers","floor":38.0,"turns":5.0},{"damage":13.0,"enemies":"Spire Growth","floor":41.0,"turns":3.0},{"damage":1,"enemies":"3 Darklings","floor":42,"turns":3},{"damage":9,"enemies":"Sphere and 2 Shapes","floor":45,"turns":3},{"damage":5,"enemies":"Giant Head","floor":47,"turns":7},{"damage":5,"enemies":"Spire Growth","floor":48,"turns":4},{"damage":25,"enemies":"Awakened One","floor":50,"turns":8},{"damage":78,"enemies":"Shield and Spear","floor":54,"turns":6},{"damage":15,"enemies":"The Heart","floor":55,"turns":2}],"seed_played":"-980045984505111100","potions_obtained":[{"floor":5.0,"key":"LiquidMemories"},{"floor":7.0,"key":"SmokeBomb"},{"floor":13.0,"key":"Explosive Potion"},{"floor":16.0,"key":"EntropicBrew"},{"floor":21.0,"key":"PowerPotion"},{"floor":31.0,"key":"SteroidPotion"},{"floor":33.0,"key":"Ancient Potion"},{"floor":35.0,"key":"SneckoOil"}],"is_trial":false,"path_per_floor":["M","?","$","M","M","R","E","R","T","R","M","?","E","M","R","B",null,"M","$","?","M","?","R","M","R","T","R","$","E","T","M","R","B",null,"M","M","?","?","$","R","M","M","T","?","M","R","E","M","R","B",null,"R","$","E","B"],"character_chosen":"DEFECT","items_purchased":["Coolheaded","Membership Card","Scrape","ClockworkSouvenir","Gash","Whetstone","FTL","Block Potion","DuplicationPotion","SpeedPotion","Energy Potion","Medical Kit","War Paint","Regen Potion"],"campfire_rested":5,"item_purchase_floors":[3,19,19,28,39,39,39,39,39,53,53,53,53,53],"current_hp_per_floor":[75,80,80,75,74,74,17,41,41,41,41,41,15,22,44,26,74,74,74,74,74,74,74,74,74,74,74,74,36,36,35,72,54,74,56,58,58,14,14,50,44,43,43,43,41,41,43,45,70,45,70,70,70,13,0,0],"gold":44,"neow_bonus":"REMOVE_CARD","is_daily":false,"chose_seed":false,"campfire_upgraded":6,"win_rate":0.0,"timestamp":1610865709,"path_taken":["M","?","$","M","M","R","E","R","T","R","M","?","E","M","R","BOSS","M","$","?","M","?","R","M","R","T","R","$","E","?","?","R","BOSS","M","?","?","?","$","R","M","M","T","?","M","R","E","M","R","BOSS","R","$","E","BOSS"],"items_purchased_type":["Card","Relic","Card","Relic","Card","Relic","Card","Potion","Potion","Potion","Potion","Relic","Relic","Potion"],"build_version":"2020-12-22","purchased_purges":4,"victory":false,"max_hp_per_floor":[75,80,80,80,80,80,80,80,80,80,80,74,74,74,74,74,74,74,74,74,74,74,74,74,74,74,74,74,74,74,74,74,74,74,74,74,70,70,70,70,70,70,70,70,70,70,70,70,70,70,70,70,70,70,70,70],"card_choices":[{"not_picked":["Go for the Eyes","Chaos"],"picked":"Gash","floor":1.0},{"not_picked":["Rebound","Undo","Sunder"],"picked":"SKIP","floor":4.0},{"not_picked":["Go for the Eyes","Consume"],"picked":"Gash","floor":5.0},{"not_picked":["Go for the Eyes","Hyperbeam"],"picked":"Sweeping Beam","floor":7.0},{"not_picked":["Auto Shields","Streamline","Hello World"],"picked":"SKIP","floor":11.0},{"not_picked":["Auto Shields","Streamline","Hello World"],"picked":"SKIP","floor":11.0},{"not_picked":["Ball Lightning","Barrage"],"picked":"Self Repair","floor":13.0},{"not_picked":["Sweeping Beam","Steam","Streamline"],"picked":"SKIP","floor":14.0},{"not_picked":["Creative AI","Seek"],"picked":"Reboot","floor":16.0},{"not_picked":["Chaos+1","Streamline","Leap"],"picked":"SKIP","floor":18.0},{"not_picked":["Melter","Hello World","Barrage+1"],"picked":"SKIP","floor":21.0},{"not_picked":["Sweeping Beam+1","Chaos","Aggregate"],"picked":"SKIP","floor":24.0},{"not_picked":["Turbo","Creative AI","Ball Lightning+1"],"picked":"SKIP","floor":29.0},{"not_picked":["Doom and Gloom","Undo","Turbo"],"picked":"SKIP","floor":31.0},{"not_picked":["Electrodynamics","Core Surge"],"picked":"Machine Learning","floor":33.0},{"not_picked":["Rebound","Coolheaded","Compile Driver+1"],"picked":"SKIP","floor":35.0},{"not_picked":["Leap","Darkness+1","Fusion+1"],"picked":"SKIP","floor":36.0},{"not_picked":["Turbo","Loop+1"],"picked":"Redo+1","floor":38.0},{"not_picked":["Compile Driver+1","Reinforced Body+1"],"picked":"Beam Cell","floor":41.0},{"not_picked":["Fusion","Hello World","Consume+1"],"picked":"SKIP","floor":42},{"not_picked":["Secret Weapon","Deep Breath"],"picked":"Finesse","floor":44},{"not_picked":["Rebound","Hologram+1","Storm+1"],"picked":"SKIP","floor":45},{"not_picked":["Redo","Melter","Compile Driver"],"picked":"SKIP","floor":47},{"not_picked":["Streamline+1","Compile Driver","Tempest"],"picked":"SKIP","floor":48},{"not_picked":["Barrage+1","Reboot"],"picked":"Gash","floor":54}],"player_experience":66950,"relics_obtained":[{"floor":7.0,"key":"Mercury Hourglass"},{"floor":9.0,"key":"Orichalcum"},{"floor":13.0,"key":"StoneCalendar"},{"floor":29.0,"key":"Regal Pillow"},{"floor":30.0,"key":"The Courier"},{"floor":38.0,"key":"Peace Pipe"},{"floor":43,"key":"Bottled Lightning"},{"floor":47,"key":"Calipers"},{"floor":54,"key":"Blood Vial"}],"event_choices":[{"damage_healed":0.0,"max_hp_gain":5.0,"max_hp_loss":0.0,"gold_gain":0.0,"event_name":"Big Fish","player_choice":"Donut","floor":2.0,"gold_loss":0.0,"damage_taken":0.0},{"damage_healed":0.0,"max_hp_gain":0.0,"max_hp_loss":6.0,"gold_gain":0.0,"event_name":"Golden Idol","player_choice":"Lose Max HP","floor":12.0,"gold_loss":0.0,"damage_taken":0.0,"relics_obtained":["Golden Idol"]},{"damage_healed":0.0,"max_hp_gain":0.0,"max_hp_loss":0.0,"gold_gain":0.0,"event_name":"Addict","player_choice":"Stole Relic","floor":20.0,"gold_loss":0.0,"damage_taken":0.0,"relics_obtained":["Potion Belt"],"cards_obtained":["Shame"]},{"damage_healed":0.0,"max_hp_gain":0.0,"max_hp_loss":0.0,"gold_gain":0.0,"event_name":"The Library","player_choice":"Read","floor":22.0,"gold_loss":0.0,"damage_taken":0.0,"cards_obtained":["FTL"]},{"damage_healed":0.0,"max_hp_gain":0.0,"max_hp_loss":4.0,"gold_gain":0.0,"event_name":"Winding Halls","player_choice":"Max HP","floor":37.0,"gold_loss":0.0,"damage_taken":0.0},{"damage_healed":0.0,"max_hp_gain":0.0,"max_hp_loss":0.0,"gold_gain":0.0,"event_name":"Mysterious Sphere","player_choice":"Fight","floor":38.0,"gold_loss":0.0,"damage_taken":0.0},{"damage_healed":0,"gold_gain":0,"player_choice":"Memory 1","damage_taken":0,"max_hp_gain":0,"max_hp_loss":0,"event_name":"SensoryStone","floor":44,"gold_loss":0}],"is_beta":false,"boss_relics":[{"not_picked":["Velvet Choker","Sozu"],"picked":"Pandora\u0027s Box"},{"not_picked":["Tiny House","SacredBark"],"picked":"Inserter"}],"items_purged_floors":[3,19,39,53],"is_endless":false,"potions_floor_spawned":[5,7,13,16,21,31,33,35,36],"killed_by":"The Heart","ascension_level":0}}