{"host":"u9h06qdlnp3wgzsw","time":1610852008,"event":{"mods":["BaseMod","Downfall","Hermit","Minty Spire (QoL Compilation)","Rare Cards Sparkle","Shop Mod","StSLib","The Hierophant"],"gold_per_floor":[199,209,219,235,225,225,225,240,240,140,140,166,186,205,229,329,329,329,297,323,20,29,29,29,29,54,48,40,40],"floor_reached":28,"language":"ENG","playtime":4209,"items_purged":["Pain"],"score":253,"play_id":"fc5579af-4ab6-4a14-b393-c99db8224d2a","local_time":"20210116215328","is_ascension_mode":false,"campfire_choices":[{"floor":1,"key":"RECALL"},{"floor":10,"key":"REST"},{"floor":18,"key":"REST"},{"floor":25,"key":"REST"}],"circlet_count":0,"master_deck":["hierophant:Strike_Hierophant","hierophant:Strike_Hierophant","hierophant:Strike_Hierophant","hierophant:Strike_Hierophant","hierophant:Punish","hierophant:Defend_Hierophant","hierophant:Defend_Hierophant","hierophant:Defend_Hierophant","hierophant:Defend_Hierophant","hierophant:ChurchCoffers","hierophant:MorningPrayer","Regret","hierophant:Patience","hierophant:Doubloon","hierophant:ConvertCurrency","hierophant:HolyVerse","hierophant:AuricForm+1","hierophant:SealAway+1","hierophant:Charity+1","hierophant:Doubloon","hierophant:Bribe","hierophant:OrnateBuckler","hierophant:Endure"],"relics":["hierophant:PropheticMaskRelic","HornCleat","Pear","downfall:HeartBlessingRed","WarpedTongs","Frozen Egg 2","Fusion Hammer","Toy Ornithopter"],"acts_visited":["Exordium","TheCity"],"potions_floor_usage":[12,14,14,16,26,27,28],"damage_taken":[{"damage":5,"enemies":"Cultist","floor":2,"turns":4},{"damage":3,"enemies":"Jaw Worm","floor":3,"turns":6},{"damage":0,"enemies":"Small Slimes","floor":4,"turns":3},{"damage":9,"enemies":"3 Louse","floor":5,"turns":2},{"damage":6,"enemies":"Lots of Slimes","floor":6,"turns":3},{"damage":0,"enemies":"2 Fungi Beasts","floor":8,"turns":4},{"damage":10,"enemies":"Gremlin Nob","floor":12,"turns":3},{"damage":8,"enemies":"Exordium Wildlife","floor":13,"turns":3},{"damage":15,"enemies":"Large Slime","floor":14,"turns":6},{"damage":7,"enemies":"Exordium Thugs","floor":15,"turns":5},{"damage":39,"enemies":"WA_ARCHETYPE_RETAIN","floor":16,"turns":30},{"damage":16,"enemies":"Chosen","floor":19,"turns":3},{"damage":6,"enemies":"Spheric Guardian","floor":20,"turns":2},{"damage":12,"enemies":"downfall:FleeingMerchant","floor":21,"turns":4},{"damage":39,"enemies":"Snecko","floor":22,"turns":8},{"damage":0,"enemies":"Sentry and Sphere","floor":26,"turns":1},{"damage":40,"enemies":"Centurion and Healer","floor":27,"turns":8},{"damage":12,"enemies":"3 Cultists","floor":28,"turns":4}],"seed_played":"-1478744741267072748","potions_obtained":[{"floor":2,"key":"champ:CounterPotion"},{"floor":6,"key":"FearPotion"},{"floor":13,"key":"EssenceOfSteel"},{"floor":15,"key":"Block Potion"},{"floor":20,"key":"GamblersBrew"},{"floor":22,"key":"Slimebound:ThreeZeroPotion"},{"floor":27,"key":"LiquidMemories"}],"is_trial":false,"path_per_floor":["R","M","M","M","M","M","T","M","?","R","?","E","M","M","M","B",null,"R","M","M","$","M","?","T","R","M","M","M"],"character_chosen":"HIEROPHANT","items_purchased":["hierophant:Charity+1","hierophant:Bribe"],"campfire_rested":3,"item_purchase_floors":[21,21],"current_hp_per_floor":[75,70,67,67,58,52,52,52,62,85,85,75,67,52,45,6,85,85,69,63,51,12,12,12,37,42,7,0,0],"gold":40,"neow_bonus":"HUNDRED_GOLD","is_daily":false,"chose_seed":false,"campfire_upgraded":0,"win_rate":0.0,"timestamp":1610852008,"path_taken":["R","M","M","?","M","M","T","M","?","R","?","E","M","?","M","BOSS","R","M","M","$","M","?","T","R","M","M","M"],"items_purchased_type":["Card","Card"],"build_version":"2020-12-22","purchased_purges":1,"victory":false,"max_hp_per_floor":[75,75,75,75,75,75,75,75,85,85,85,85,85,85,85,85,85,85,85,85,85,85,85,85,85,85,85,85,85],"card_choices":[{"not_picked":["hierophant:Glossolalia","hierophant:FieryStrike","hierophant:HammerAndAnvil"],"picked":"SKIP","floor":2},{"not_picked":["hierophant:FlamingChariot","hierophant:DisplayOfPower","hierophant:OrnateBuckler"],"picked":"SKIP","floor":3},{"not_picked":["hierophant:PassingBell","hierophant:Glossolalia","hierophant:SealAway"],"picked":"SKIP","floor":4},{"not_picked":["hierophant:Rebuild","hierophant:HammerAndAnvil","hierophant:Doubloon"],"picked":"SKIP","floor":5},{"not_picked":["hierophant:PassingBell","hierophant:RepressedViolence"],"picked":"hierophant:MorningPrayer","floor":6},{"not_picked":["hierophant:FlamingChariot","hierophant:MintersHammer","hierophant:RustyCrate"],"picked":"SKIP","floor":8},{"not_picked":["hierophant:RepressedViolence","hierophant:Remorse","hierophant:EyeForCoin"],"picked":"SKIP","floor":12},{"not_picked":["hierophant:AuricBeam","hierophant:SealAway"],"picked":"hierophant:Patience","floor":13},{"not_picked":["hierophant:RepressedViolence","hierophant:RecallFunds"],"picked":"hierophant:ConvertCurrency","floor":14},{"not_picked":["hierophant:Flagellation","hierophant:Smite"],"picked":"hierophant:HolyVerse","floor":15},{"not_picked":["hierophant:BulkyChest","hierophant:Batter"],"picked":"hierophant:AuricForm+1","floor":16},{"not_picked":["hierophant:HolyVerse+1","hierophant:RustyCrate+1"],"picked":"hierophant:SealAway+1","floor":19},{"not_picked":["hierophant:Doomsaying","hierophant:Generosity+1","hierophant:MorningPrayer"],"picked":"SKIP","floor":20},{"not_picked":["hierophant:DisplayOfPower+1","hierophant:Rebuild","hierophant:Flagellation"],"picked":"SKIP","floor":21},{"not_picked":["hierophant:MorningPrayer","hierophant:Exaltation","hierophant:FieryStrike"],"picked":"SKIP","floor":22},{"not_picked":["hierophant:Shelter","hierophant:DisplayOfPower"],"picked":"hierophant:OrnateBuckler","floor":26},{"not_picked":["hierophant:MorningPrayer","hierophant:HolyVerse"],"picked":"hierophant:Endure","floor":27}],"player_experience":764233,"relics_obtained":[{"floor":7,"key":"HornCleat"},{"floor":12,"key":"Frozen Egg 2"},{"floor":24,"key":"Toy Ornithopter"}],"event_choices":[{"damage_healed":0,"gold_gain":0,"player_choice":"Box","damage_taken":0,"relics_obtained":["Pear"],"max_hp_gain":0,"max_hp_loss":0,"event_name":"Big Fish","floor":9,"gold_loss":0,"cards_obtained":["Regret"]},{"damage_healed":0,"gold_gain":0,"player_choice":"Rummage","damage_taken":0,"relics_obtained":["WarpedTongs"],"max_hp_gain":0,"max_hp_loss":0,"event_name":"Accursed Blacksmith","floor":11,"gold_loss":0,"cards_obtained":["Pain"]},{"damage_healed":0,"gold_gain":0,"player_choice":"Ignored","damage_taken":0,"max_hp_gain":0,"max_hp_loss":0,"event_name":"Ghosts","floor":23,"gold_loss":0}],"is_beta":false,"boss_relics":[{"not_picked":["Runic Dome","Black Star"],"picked":"Fusion Hammer"}],"items_purged_floors":[21],"is_endless":false,"potions_floor_spawned":[2,6,13,15,20,22,27],"killed_by":"3 Cultists","ascension_level":0}}