{"host":"yfdtuf6ojcxn06xg","time":1610855000,"event":{"mods":["2.2 Compatiblity","AchievementEnabler","BaseMod","Colored Map","Colored Powertips","Curses Come First","Hermit","JesterMod","Jorbs\u0027s Wanderer Trilogy","Minty Spire (QoL Compilation)","Quick Restart","Rare Cards Sparkle","Relic Stats","Replay The Spire","StSLib","The Cursed","The Disciple","The Hierophant","The Jungle","The Marked","The Necromancer","The Servant 0.9.4"],"gold_per_floor":[109,109,109,122,297,297,27,27,50,74,98,98,113,153,153,272,272,293,218,218,236,249,249,267,267,292,122,160,160,200,224,224,355,355,379,392,392,392],"floor_reached":37,"language":"ENG","playtime":1795,"items_purged":["Doubt","Defend_R"],"score":454,"play_id":"95605c58-622f-4fdb-8feb-a44eeef433d7","local_time":"20210116224320","is_ascension_mode":true,"campfire_choices":[{"data":"Spot Weakness","floor":6.0,"key":"SMITH"},{"data":"Replay:Undeath\u0027s Touch","floor":12.0,"key":"SMITH"},{"data":"Sword Boomerang","floor":15.0,"key":"SMITH"},{"data":"Heavy Blade","floor":23,"key":"SMITH"},{"floor":29,"key":"REST"},{"data":"Spot Weakness","floor":32,"key":"SMITH"}],"circlet_count":0,"master_deck":["Defend_R","Defend_R","Defend_R","Cleave","Spot Weakness+1","Survivor","Neutralize","Reckless Charge","Replay:Undeath\u0027s Touch+1","Replay:Undeath\u0027s Touch","Flex","Sword Boomerang+1","Brutality","Bite","Bite","Bite","Bite","Bite","Heavy Blade+1","Battle Trance+1","Spot Weakness+1","Exhume","Havoc","Limit Break","Flex","Shrug It Off+1"],"relics":["Burning Blood","Golden Idol","Vajra","Toy Ornithopter","Replay:Baseball","Ooze Armor","MutagenicStrength","Bronze Scales","Charon\u0027s Ashes","Centennial Puzzle","Replay:Fungal Core"],"acts_visited":["Exordium","TheCity","TheBeyond"],"potions_floor_usage":[24,28,31],"damage_taken":[{"damage":8.0,"enemies":"Jaw Worm","floor":1.0,"turns":3.0},{"damage":3.0,"enemies":"Small Slimes","floor":4.0,"turns":3.0},{"damage":3.0,"enemies":"2 Louse","floor":10.0,"turns":2.0},{"damage":7.0,"enemies":"Red Slaver","floor":11.0,"turns":4.0},{"damage":9.0,"enemies":"Blue Slaver","floor":13.0,"turns":3.0},{"damage":26.0,"enemies":"Gremlin Nob","floor":14.0,"turns":4.0},{"damage":13.0,"enemies":"Slime Boss","floor":16.0,"turns":6.0},{"damage":9.0,"enemies":"Chosen","floor":18.0,"turns":5.0},{"damage":15.0,"enemies":"2 Thieves","floor":21.0,"turns":2.0},{"damage":36.0,"enemies":"Cultist and Chosen","floor":22.0,"turns":5.0},{"damage":23,"enemies":"Centurion and Healer","floor":24,"turns":4},{"damage":23,"enemies":"Book of Stabbing","floor":28,"turns":4},{"damage":26,"enemies":"Slavers","floor":30,"turns":3},{"damage":0,"enemies":"Snake Plant","floor":31,"turns":1},{"damage":31,"enemies":"Automaton","floor":33,"turns":6},{"damage":10,"enemies":"3 Shapes","floor":35,"turns":2},{"damage":7,"enemies":"Orb Walker","floor":36,"turns":2},{"damage":60,"enemies":"2 Orb Walkers","floor":37,"turns":2}],"seed_played":"-9000744517636055943","potions_obtained":[{"floor":1.0,"key":"Elixir"},{"floor":8.0,"key":"ColorlessPotion"},{"floor":8.0,"key":"Ancient Potion"},{"floor":8.0,"key":"BloodPotion"},{"floor":13.0,"key":"Dexterity Potion"},{"floor":14.0,"key":"GamblersBrew"},{"floor":22.0,"key":"Adrenaline Potion"},{"floor":24,"key":"BlessingOfTheForge"}],"is_trial":false,"path_per_floor":["M","?","?","M","?","R","$","?","T","M","M","R","M","E","R","B",null,"M","?","?","M","M","R","M","?","T","$","E","R","E","M","R","B",null,"M","M","?"],"character_chosen":"IRONCLAD","items_purchased":["Vajra","Replay:Undeath\u0027s Touch","Spot Weakness"],"campfire_rested":1,"item_purchase_floors":[7,7,27],"current_hp_per_floor":[78,58,58,61,61,61,61,61,61,64,80,80,77,60,60,63,80,77,77,56,49,26,26,24,24,24,24,20,36,26,43,43,34,56,54,55,0,0],"gold":392,"neow_bonus":"THREE_CARDS","is_daily":false,"chose_seed":false,"campfire_upgraded":5,"win_rate":0.0,"timestamp":1610855000,"path_taken":["M","?","?","M","?","R","$","?","T","M","M","R","M","E","R","BOSS","M","?","?","M","M","R","M","?","T","$","E","R","E","M","R","BOSS","M","M","?"],"items_purchased_type":["Relic","Card","Card"],"build_version":"2020-12-22","purchased_purges":2,"victory":false,"max_hp_per_floor":[80,80,80,80,80,80,80,80,80,80,80,80,80,80,80,80,80,80,80,56,56,56,56,56,56,56,56,56,56,56,56,56,56,56,56,56,56,56],"relic_stats":{"Centennial Puzzle":[12],"counters":[18,61],"Golden Idol":129,"Bronze Scales":[63],"Charon\u0027s Ashes":[45],"obtain_stats":[{"Replay:Baseball":14,"Centennial Puzzle":30,"Replay:Fungal Core":34,"Golden Idol":2,"Ooze Armor":17,"MutagenicStrength":25,"Bronze Scales":26,"Vajra":7,"Charon\u0027s Ashes":28,"Burning Blood":0,"Toy Ornithopter":9},{"Replay:Baseball":6,"Centennial Puzzle":13,"Replay:Fungal Core":15,"Golden Idol":1,"Ooze Armor":7,"MutagenicStrength":11,"Bronze Scales":11,"Vajra":2,"Charon\u0027s Ashes":12,"Burning Blood":0,"Toy Ornithopter":2},{"Replay:Baseball":19,"Centennial Puzzle":48,"Replay:Fungal Core":55,"Golden Idol":3,"Ooze Armor":25,"MutagenicStrength":41,"Bronze Scales":41,"Vajra":6,"Charon\u0027s Ashes":45,"Burning Blood":0,"Toy Ornithopter":6}],"Burning Blood":99,"Toy Ornithopter":32},"card_choices":[{"not_picked":["ReplayTheSpireMod:Stacked","Rampage"],"picked":"Cleave","floor":0.0},{"not_picked":["Armaments","ReplayTheSpireMod:Strike From Hell"],"picked":"Spot Weakness","floor":1.0},{"not_picked":["Headbutt","Rampage"],"picked":"Reckless Charge","floor":4.0},{"not_picked":["Infernal Blade","Run Through"],"picked":"Replay:Undeath\u0027s Touch","floor":10.0},{"not_picked":["Clothesline","Life Link","Infernal Blade"],"picked":"SKIP","floor":11.0},{"not_picked":["Cleave","Thunderclap"],"picked":"Flex","floor":13.0},{"not_picked":["Barricade","Iron Wave"],"picked":"Sword Boomerang","floor":14.0},{"not_picked":["Fiend Fire","Juggernaut"],"picked":"Brutality","floor":16.0},{"not_picked":["Massacre","Perfected Strike+1","Run Through"],"picked":"SKIP","floor":18.0},{"not_picked":["Headbutt","Wild Strike"],"picked":"Heavy Blade","floor":21.0},{"not_picked":["Iron Wave","Infernal Blade","Sword Boomerang"],"picked":"SKIP","floor":22.0},{"not_picked":["Armaments","Combust"],"picked":"Battle Trance+1","floor":24},{"not_picked":["Life Link+1","True Grit"],"picked":"Exhume","floor":28},{"not_picked":["Body Slam","Eclipse"],"picked":"Havoc","floor":30},{"not_picked":["Run Through","ReplayReversal","Heavy Blade"],"picked":"SKIP","floor":31},{"not_picked":["Hemogenesis","Corruption"],"picked":"Limit Break","floor":33},{"not_picked":["Clothesline+1","Warcry"],"picked":"Flex","floor":35},{"not_picked":["True Grit","Headbutt"],"picked":"Shrug It Off+1","floor":36}],"player_experience":205181,"relics_obtained":[{"floor":9.0,"key":"Toy Ornithopter"},{"floor":14.0,"key":"Replay:Baseball"},{"floor":26,"key":"Bronze Scales"},{"floor":28,"key":"Charon\u0027s Ashes"},{"floor":30,"key":"Centennial Puzzle"}],"event_choices":[{"damage_healed":0.0,"max_hp_gain":0.0,"max_hp_loss":0.0,"gold_gain":0.0,"event_name":"Golden Idol","player_choice":"Take Damage","floor":2.0,"gold_loss":0.0,"damage_taken":20.0,"relics_obtained":["Golden Idol"]},{"damage_healed":0.0,"max_hp_gain":0.0,"max_hp_loss":0.0,"gold_gain":175.0,"event_name":"Liars Game","player_choice":"AGREE","floor":5.0,"gold_loss":0.0,"damage_taken":0.0,"cards_obtained":["Doubt"]},{"damage_healed":0.0,"max_hp_gain":0.0,"max_hp_loss":0.0,"gold_gain":0.0,"event_name":"Lab","player_choice":"Got Potions","floor":8.0,"gold_loss":0.0,"damage_taken":0.0},{"cards_removed":["Strike_R"],"damage_healed":0.0,"max_hp_gain":0.0,"max_hp_loss":0.0,"gold_gain":0.0,"event_name":"Beggar","player_choice":"Gave Gold","floor":19.0,"gold_loss":75.0,"damage_taken":0.0},{"damage_healed":0.0,"max_hp_gain":0.0,"max_hp_loss":24.0,"gold_gain":0.0,"event_name":"Vampires","player_choice":"Became a vampire","floor":20.0,"gold_loss":0.0,"damage_taken":0.0,"cards_obtained":["Bite","Bite","Bite","Bite","Bite"]},{"damage_healed":0,"gold_gain":0,"player_choice":"Inject Mutagens","damage_taken":0,"relics_obtained":["MutagenicStrength"],"max_hp_gain":0,"max_hp_loss":0,"event_name":"Drug Dealer","floor":25,"gold_loss":0},{"damage_healed":0,"gold_gain":0,"player_choice":"Fight","damage_taken":0,"max_hp_gain":0,"max_hp_loss":0,"event_name":"Mysterious Sphere","floor":37,"gold_loss":0}],"is_beta":false,"boss_relics":[{"not_picked":["Replay:Grab Bag","jesterMod:MachoBrace"],"picked":"Ooze Armor"},{"not_picked":["Busted Crown","Calling Bell"],"picked":"Replay:Fungal Core"}],"items_purged_floors":[7,27],"is_endless":false,"potions_floor_spawned":[1,13,14,22,24],"killed_by":"2 Orb Walkers","ascension_level":1}}