{"host":"tkinv8gv6hgcc58b","time":1610925608,"event":{"mods":["BaseMod","Colored Map","Downfall","Googly Eyes","Hermit","Minty Spire (QoL Compilation)","READ ME - Guardian Mod","StSLib","The Cursed","The Disciple"],"gold_per_floor":[99,199,199,8,8,8,8,8,21,21,21,6,6,36,47,148,148,48,59,59,72,31,31,31,43,43,62,92,112,112,142,156,255,255,155,172,187,187,36,55,55,55,55,80,80,132,144,100,111,111,111],"floor_reached":50,"language":"ENG","playtime":4745,"items_purged":[],"score":659,"play_id":"451a921d-8431-4d3b-b38c-783b92f63704","local_time":"20210117182008","is_ascension_mode":true,"campfire_choices":[{"data":"bronze:Replicate","floor":1.0,"key":"SMITH"},{"data":"bronze:Terminator","floor":6.0,"key":"SMITH"},{"data":"bronze:BronzeOrb","floor":8.0,"key":"SMITH"},{"data":"bronze:Constructor","floor":11.0,"key":"SMITH"},{"data":"bronze:Verify","floor":18.0,"key":"SMITH"},{"floor":26.0,"key":"RECALL"},{"floor":30.0,"key":"REST"},{"data":"bronze:Branch","floor":35.0,"key":"SMITH"},{"data":"bronze:SpaghettiCode","floor":45.0,"key":"SMITH"}],"circlet_count":0,"master_deck":["bronze:Strike","bronze:Defend","bronze:Defend","bronze:Defend","bronze:Replicate+1","bronze:Goto+1","bronze:Repair","bronze:BronzeOrb+1","bronze:Terminator+1","bronze:Constructor+1","bronze:CutThrough","bronze:Optimize+1","Clumsy","bronze:ChildClass","bronze:BronzeArmor","bronze:Verify+1","bronze:CutThrough+1","bronze:DelayedSlice+1","bronze:Virus+1","bronze:WhirlingStrike","bronze:MaxOutput+1","bronze:Deprecate","bronze:Branch+1","bronze:FineTuning","bronze:FineTuning","bronze:OilSpill","bronze:Shell","bronze:AlphaBuild","bronze:BurnOut","bronze:Terminator","bronze:DigitalCarnage+1","bronze:ChosenStrike","bronze:FineTuning+1","bronze:SpaghettiCode+1","bronze:Shell+1","bronze:FineTuning+1","bronze:Separator+1"],"relics":["bronze:PlatinumCore","downfall:HeartsMalice","Strawberry","Ornamental Fan","bronze:BottledCode","Happy Flower","Astrolabe","downfall:HeartBlessingGreen","Bottled Flame","Bottled Tornado","Calipers","downfall:HeartBlessingRed","Mercury Hourglass","CaptainsWheel","Guardian:BottledAnomaly","Sundial"],"acts_visited":["Exordium","TheCity","TheBeyond"],"potions_floor_usage":[50],"damage_taken":[{"damage":0.0,"enemies":"2 Louse","floor":3.0,"turns":1.0},{"damage":0.0,"enemies":"downfall:FleeingMerchant","floor":4.0,"turns":1.0},{"damage":0.0,"enemies":"Cultist","floor":5.0,"turns":1.0},{"damage":0.0,"enemies":"Jaw Worm","floor":9.0,"turns":3.0},{"damage":2.0,"enemies":"downfall:FleeingMerchant","floor":12.0,"turns":4.0},{"damage":13.0,"enemies":"3 Sentries","floor":14.0,"turns":11.0},{"damage":2.0,"enemies":"Exordium Thugs","floor":15.0,"turns":5.0},{"damage":50.0,"enemies":"SI_SHIV_ARCHETYPE","floor":16.0,"turns":10.0},{"damage":8.0,"enemies":"Spheric Guardian","floor":19.0,"turns":4.0},{"damage":0.0,"enemies":"3 Byrds","floor":21.0,"turns":3.0},{"damage":0.0,"enemies":"downfall:FleeingMerchant","floor":22.0,"turns":4.0},{"damage":4.0,"enemies":"Snake Plant","floor":25.0,"turns":5.0},{"damage":0.0,"enemies":"Shelled Parasite and Fungi","floor":27.0,"turns":4.0},{"damage":25.0,"enemies":"Book of Stabbing","floor":28.0,"turns":5.0},{"damage":21.0,"enemies":"Cultist and Chosen","floor":29.0,"turns":5.0},{"damage":8.0,"enemies":"Slavers","floor":31.0,"turns":5.0},{"damage":1.0,"enemies":"Chosen and Byrds","floor":32.0,"turns":5.0},{"damage":0.0,"enemies":"WA_ARCHETYPE_CALM","floor":33.0,"turns":14.0},{"damage":0.0,"enemies":"3 Darklings","floor":36.0,"turns":4.0},{"damage":0.0,"enemies":"3 Shapes","floor":37.0,"turns":4.0},{"damage":0.0,"enemies":"downfall:FleeingMerchant","floor":39.0,"turns":4.0},{"damage":4.0,"enemies":"Spire Growth","floor":40.0,"turns":5.0},{"damage":7.0,"enemies":"Giant Head","floor":44.0,"turns":7.0},{"damage":3.0,"enemies":"2 Orb Walkers","floor":46.0,"turns":4.0},{"damage":0.0,"enemies":"Sphere and 2 Shapes","floor":47.0,"turns":4.0},{"damage":0.0,"enemies":"downfall:FleeingMerchant","floor":48.0,"turns":4.0},{"damage":0.0,"enemies":"Transient","floor":49.0,"turns":5.0},{"damage":116,"enemies":"IC_BLOCK_ARCHETYPE","floor":50,"turns":6}],"seed_played":"-1288894963664393065","potions_obtained":[{"floor":9.0,"key":"LiquidBronze"},{"floor":14.0,"key":"PowerPotion"},{"floor":21.0,"key":"bronze:FreeFunctionsPotion"},{"floor":23.0,"key":"downfall:CursedFountainPotion"},{"floor":25.0,"key":"BlessingOfTheForge"},{"floor":31.0,"key":"Weak Potion"},{"floor":33.0,"key":"CultistPotion"}],"is_trial":false,"path_per_floor":["R","?","M","$","M","R","T","R","M","?","R","$","?","E","M","B",null,"R","M","?","M","$","?","T","M","R","M","E","M","R","E","M","B",null,"R","M","M","?","$","M","T","?","?","E","R","?","M","$","M","B"],"character_chosen":"THE_AUTOMATON","items_purchased":["bronze:Terminator","Strawberry","bronze:Branch","bronze:SpaghettiCode","Guardian:BottledAnomaly","Sundial"],"campfire_rested":1,"item_purchase_floors":[4,4,22,39,48,48],"current_hp_per_floor":[70,70,70,77,77,77,77,77,77,67,67,65,65,62,65,17,67,67,59,59,59,66,66,66,62,62,67,42,32,52,51,50,60,67,67,67,67,67,67,63,63,63,63,60,60,64,64,67,67,0,0],"gold":111,"neow_bonus":"THREE_ENEMY_KILL","is_daily":false,"chose_seed":false,"campfire_upgraded":7,"win_rate":0.0,"timestamp":1610925608,"path_taken":["R","?","M","$","?","R","T","R","M","?","R","$","?","E","M","BOSS","R","?","?","M","?","?","T","M","R","M","E","?","R","E","M","BOSS","R","M","M","?","?","M","T","?","?","E","R","?","M","$","M","BOSS"],"items_purchased_type":["Card","Relic","Card","Card","Relic","Relic"],"build_version":"2020-12-22","purchased_purges":0,"victory":false,"max_hp_per_floor":[70,70,70,77,77,77,77,77,77,67,67,67,67,67,67,67,67,67,67,67,67,67,67,67,67,67,67,67,67,67,67,67,67,67,67,67,67,67,67,67,67,67,67,67,67,67,67,67,67,67,67],"card_choices":[{"not_picked":["bronze:Invalidate","bronze:BitShift"],"picked":"bronze:Repair","floor":3.0},{"not_picked":["bronze:Invalidate","bronze:Shield"],"picked":"bronze:BronzeOrb","floor":4.0},{"not_picked":["bronze:Frontload","bronze:DigitalCarnage"],"picked":"bronze:Constructor","floor":5.0},{"not_picked":["bronze:Overheat","bronze:Turbo"],"picked":"bronze:CutThrough","floor":9.0},{"not_picked":["bronze:Branch","bronze:Constructor"],"picked":"bronze:Optimize","floor":12.0},{"not_picked":["bronze:WildBeam","bronze:ForLoop"],"picked":"bronze:ChildClass","floor":14.0},{"not_picked":["bronze:BronzeOrb","bronze:CloningBeam"],"picked":"bronze:BronzeArmor","floor":15.0},{"not_picked":["bronze:RecursiveStrike","bronze:Assembly"],"picked":"bronze:Verify","floor":16.0},{"not_picked":["bronze:DelayedSlice+1","bronze:CutThrough"],"picked":"bronze:WhirlingStrike","floor":19.0},{"not_picked":["bronze:Fortify","bronze:Overheat"],"picked":"bronze:MaxOutput+1","floor":21.0},{"not_picked":["bronze:DarkDash","bronze:CleanCode"],"picked":"bronze:Deprecate","floor":22.0},{"not_picked":["bronze:NullPointer","bronze:Frontload+1"],"picked":"bronze:FineTuning","floor":25.0},{"not_picked":["bronze:WildBeam+1","bronze:WhirlingStrike"],"picked":"bronze:FineTuning","floor":27.0},{"not_picked":["bronze:BitShift","bronze:Frontload"],"picked":"bronze:OilSpill","floor":28.0},{"not_picked":["bronze:WildBeam+1","bronze:Shield"],"picked":"bronze:Shell","floor":29.0},{"not_picked":["bronze:Frontload+1","bronze:Repulsor"],"picked":"bronze:AlphaBuild","floor":31.0},{"not_picked":["bronze:Iterate","bronze:WhirlingStrike","bronze:DelayedGuard"],"picked":"SKIP","floor":32.0},{"not_picked":["bronze:FindAndReplace","bronze:CleanCode"],"picked":"bronze:BurnOut","floor":33.0},{"not_picked":["bronze:DarkDash+1","bronze:Iterate+1"],"picked":"bronze:Terminator","floor":36.0},{"not_picked":["bronze:FollowUp+1","bronze:ForceShield+1"],"picked":"bronze:DigitalCarnage+1","floor":37.0},{"not_picked":["bronze:ItsAFeature","bronze:Verify"],"picked":"bronze:FineTuning+1","floor":39.0},{"not_picked":["bronze:Overheat+1","bronze:Turbo+1","bronze:Deprecate"],"picked":"SKIP","floor":40.0},{"not_picked":["bronze:BitShift","bronze:ClassDefault"],"picked":"bronze:Shell+1","floor":44.0},{"not_picked":["bronze:Backtrace+1","bronze:CutThrough+1"],"picked":"bronze:FineTuning+1","floor":47.0},{"not_picked":["bronze:BitShift","bronze:Repair+1","bronze:Return+1"],"picked":"SKIP","floor":48.0},{"not_picked":["bronze:Optimize","bronze:Refactor+1"],"picked":"bronze:Separator+1","floor":49.0}],"player_experience":1021782,"relics_obtained":[{"floor":7.0,"key":"Ornamental Fan"},{"floor":14.0,"key":"Happy Flower"},{"floor":24.0,"key":"Bottled Flame"},{"floor":28.0,"key":"Bottled Tornado"},{"floor":31.0,"key":"Calipers"},{"floor":44.0,"key":"Mercury Hourglass"},{"floor":46.0,"key":"CaptainsWheel"}],"event_choices":[{"cards_removed":["bronze:Strike"],"damage_healed":0.0,"max_hp_gain":0.0,"max_hp_loss":0.0,"gold_gain":0.0,"event_name":"Falling","player_choice":"Removed Attack","floor":42.0,"gold_loss":0.0,"damage_taken":0.0},{"damage_healed":0.0,"max_hp_gain":0.0,"max_hp_loss":0.0,"gold_gain":0.0,"event_name":"Mysterious Sphere","player_choice":"Fight","floor":46.0,"gold_loss":0.0,"damage_taken":0.0}],"is_beta":false,"boss_relics":[{"not_picked":["Runic Dome","Runic Pyramid"],"picked":"Astrolabe"},{"not_picked":["Fusion Hammer","Black Star"],"picked":"bronze:PlatinumCore"}],"items_purged_floors":[],"is_endless":false,"potions_floor_spawned":[9,14,21,25,27,31,33,37,44,46,47,49],"killed_by":"IC_BLOCK_ARCHETYPE","ascension_level":1}}