{"host":"7mo9b2f9hhzb5x6f","time":1610893371,"event":{"mods":["100% Spire Juice","2.2 Compatiblity","ATMod(阿瑾Mod)","Act Like it!","Arknights The Spire","BaseMod","Better-Laid Plans","Gensokyo","LazyManMod","Library of Ruina","Library of Ruina Extra","Marked Mod","Minty Spire (QoL Compilation)","MostiFishMod","Relic Stats","Spicy Shops","StSLib","TestMod","The Alterego","The Hayseed","UnlockEverythingMod","Yakumo Yukari mod","【功能Mod】混沌之环修复补丁","【功能Mod】精心准备"],"gold_per_floor":[367,252,272,245,257,286,286,515,515,545,545,625,660,31,31,105,105,125,144,42,42,52,52,352,352],"floor_reached":24,"language":"ZHS","playtime":1086,"items_purged":["Strike_R"],"score":679,"play_id":"88c3a70f-1bd7-4781-85c0-aba27c91732e","local_time":"20210117222251","is_ascension_mode":true,"campfire_choices":[{"data":"Dark Embrace","floor":7.0,"key":"SMITH"},{"data":"AT_EmpoweredMortalDraw","floor":11.0,"key":"SMITH"},{"data":"True Grit","floor":15,"key":"SMITH"},{"data":"Armaments","floor":23,"key":"SMITH"}],"circlet_count":0,"master_deck":["AscendersBane","Strike_R","Strike_R","Strike_R","Strike_R","Defend_R","Defend_R","Defend_R","Defend_R","Bash","AT_EmpoweredMortalDraw+1","Dark Embrace+1","Evolve","Feel No Pain","Flex","Pummel","True Grit+1","Mayhem","Brutality","Armaments+1","AT_CaressingTears","Gensokyo:TarnishedGold","Gensokyo:Shovel","Shockwave"],"relics":["testmod-TestBox","DaveBox","AT_ATBox","ChiXiaoBlade","testmod-Justice","AT_MortalBlade","SynthV:TestCard","testmod-Alchemist","Dream Catcher","Pantograph","Lizard Tail","PageOfScorchedGirl","PageOfWrath","TheAbacus"],"acts_visited":["Gensokyo:Gensokyo","Gensokyo:Gensokyoer"],"potions_floor_usage":[24],"damage_taken":[{"damage":0.0,"enemies":"Gensokyo:Gryphon","floor":1.0,"turns":1.0},{"damage":0.0,"enemies":"Gensokyo:2_Kodama","floor":3.0,"turns":2.0},{"damage":5.0,"enemies":"Gensokyo:Python","floor":5.0,"turns":3.0},{"damage":22.0,"enemies":"Gensokyo:Cirno","floor":6.0,"turns":6.0},{"damage":7.0,"enemies":"Gensokyo:Mamizou","floor":8.0,"turns":6.0},{"damage":2.0,"enemies":"Gensokyo:Cirno","floor":10.0,"turns":5.0},{"damage":0.0,"enemies":"Gensokyo:Mamizou","floor":13.0,"turns":3.0},{"damage":7,"enemies":"Gensokyo:Yukari","floor":16,"turns":6},{"damage":0,"enemies":"Gensokyo:AngelMirror","floor":18,"turns":1},{"damage":2,"enemies":"Gensokyo:2_Gloops","floor":19,"turns":3},{"damage":70,"enemies":"Gensokyo:Swordslinger","floor":22,"turns":6},{"damage":72,"enemies":"Gensokyo:Tenshi","floor":24,"turns":3}],"seed_played":"4007155501826225445","potions_obtained":[{"floor":6.0,"key":"Strength Potion"},{"floor":13.0,"key":"FairyPotion"},{"floor":16,"key":"EntropicBrew"},{"floor":18,"key":"BloodPotion"}],"is_trial":false,"path_per_floor":["M","$","M","COS","M","E","R","E","T","E","R","?","E","$","R","B",null,"M","M","COS","?","M","R","E"],"character_chosen":"IRONCLAD","items_purchased":["Evolve","PageOfWrath","TheAbacus","Mayhem"],"campfire_rested":0,"item_purchase_floors":[2,14,14,14],"current_hp_per_floor":[68,68,68,68,63,41,41,34,34,32,32,32,32,32,32,50,64,64,62,62,62,23,23,0,0],"gold":352,"neow_bonus":"TWO_FIFTY_GOLD","is_daily":false,"chose_seed":false,"campfire_upgraded":4,"win_rate":0.0,"timestamp":1610893371,"path_taken":["M","$","M","COS","M","E","R","E","T","E","R","?","E","$","R","BOSS","M","M","COS","?","M","R","E"],"items_purchased_type":["Card","Relic","Relic","Card"],"build_version":"2020-12-22","purchased_purges":1,"victory":false,"max_hp_per_floor":[68,68,68,68,68,68,68,68,68,68,68,68,68,68,68,68,68,68,68,68,68,68,68,68,68],"relic_stats":{"Dream Catcher":0,"Lizard Tail":34,"TheAbacus":[18],"counters":[12,45],"Pantograph":25,"obtain_stats":[{"testmod-TestBox":0,"AT_ATBox":0,"DaveBox":0,"AT_MortalBlade":0,"testmod-Justice":0,"Burning Blood":0,"PageOfWrath":14,"Dream Catcher":8,"Lizard Tail":10,"SynthV:TestCard":1,"testmod-Alchemist":6,"TheAbacus":14,"Pantograph":9,"ChiXiaoBlade":0,"PageOfScorchedGirl":13},{"testmod-TestBox":0,"AT_ATBox":0,"DaveBox":0,"AT_MortalBlade":0,"testmod-Justice":0,"Burning Blood":0,"PageOfWrath":7,"Dream Catcher":5,"Lizard Tail":6,"SynthV:TestCard":1,"testmod-Alchemist":4,"TheAbacus":7,"Pantograph":5,"ChiXiaoBlade":0,"PageOfScorchedGirl":7},{"testmod-TestBox":0,"AT_ATBox":0,"DaveBox":0,"AT_MortalBlade":0,"testmod-Justice":0,"Burning Blood":0,"PageOfWrath":26,"Dream Catcher":18,"Lizard Tail":23,"SynthV:TestCard":1,"testmod-Alchemist":12,"TheAbacus":26,"Pantograph":18,"ChiXiaoBlade":0,"PageOfScorchedGirl":26}]},"card_choices":[{"not_picked":["Twin Strike","Armaments"],"picked":"Dark Embrace","floor":1.0},{"not_picked":["Seeing Red","True Grit","Clothesline","Sword Boomerang"],"picked":"Feel No Pain","floor":3.0},{"not_picked":["Headbutt","Perfected Strike","Twin Strike","Thunderclap"],"picked":"Flex","floor":5.0},{"not_picked":["AT_IchimonjiDouble","Combust","Rage","Fire Breathing","MostiFishMod:DarkDeal"],"picked":"SKIP","floor":6.0},{"not_picked":["MostiFishMod:HellRitual","MostiFishMod:#F4004","Thunderclap","Shrug It Off"],"picked":"Pummel","floor":8.0},{"not_picked":["Ghostly Armor","Iron Wave","Metallicize","Juggernaut","Hemokinesis"],"picked":"SKIP","floor":10.0},{"not_picked":["Armaments","Spot Weakness","Twin Strike","Shrug It Off"],"picked":"True Grit","floor":13.0},{"not_picked":["MostiFishMod:TemporaryOutbreak","Demon Form","AT_Dispersion","Feed"],"picked":"Brutality","floor":16},{"not_picked":["Thunderclap+1","Metallicize","Iron Wave","Clash"],"picked":"Armaments","floor":18},{"not_picked":["Clash","Perfected Strike","Armaments","Iron Wave+1"],"picked":"AT_CaressingTears","floor":19},{"not_picked":["Clothesline","Armaments","Thunderclap","Flex","Pommel Strike"],"picked":"SKIP","floor":22},{"not_picked":["Clothesline","Armaments","Thunderclap","Flex","Pommel Strike"],"picked":"SKIP","floor":22}],"player_experience":105503,"relics_obtained":[{"floor":1.0,"key":"SynthV:TestCard"},{"floor":6.0,"key":"testmod-Alchemist"},{"floor":8.0,"key":"Dream Catcher"},{"floor":9.0,"key":"Pantograph"},{"floor":10.0,"key":"Lizard Tail"},{"floor":13.0,"key":"PageOfScorchedGirl"}],"event_choices":[],"is_beta":false,"boss_relics":[{"not_picked":["EE1DDrone","Pandora\u0027s Box","NightmareShop"]}],"items_purged_floors":[2],"is_endless":false,"potions_floor_spawned":[6,13,16,18],"killed_by":"Gensokyo:Tenshi","ascension_level":20}}