{"host":"uy3vg6glkp8m6iit","time":1610894536,"event":{"mods":["AchievementEnabler","BaseMod","Colored Map","DeckTracker","Highlight Path","Keyboard Shortcuts","Minty Spire (QoL Compilation)","Quick Restart","Random Character Button","Rare Cards Sparkle","Relic Stats","StSLib","everything is the same but u backflip on backflip"],"gold_per_floor":[109,109,129,129,129,170,170,195,195,213,233,233,254,254,254,378,378,394,415,436,140,140,140,165,165,165],"floor_reached":25,"language":"KOR","playtime":1066,"items_purged":["Strike_G"],"score":368,"play_id":"636fad13-0d54-4587-90f1-f4928ac8c047","local_time":"20210117234216","is_ascension_mode":true,"campfire_choices":[{"data":"Bouncing Flask","floor":12.0,"key":"SMITH"},{"data":"Calculated Gamble","floor":15.0,"key":"SMITH"},{"data":"Crippling Poison","floor":23,"key":"SMITH"}],"circlet_count":0,"master_deck":["AscendersBane","Strike_G","Strike_G","Defend_G","Defend_G","Defend_G","Defend_G","Defend_G","Survivor","Neutralize","Acrobatics","PiercingWail","Backflip","After Image","Calculated Gamble+1","Bouncing Flask+1","Dash","Grand Finale","Crippling Poison+1","Reflex","Adrenaline","Concentrate+1","Expertise"],"relics":["Ring of the Snake","NeowsBlessing","Golden Idol","Question Card","Black Star","Orrery","Pen Nib"],"acts_visited":["Exordium","TheCity"],"potions_floor_usage":[19],"damage_taken":[{"damage":0.0,"enemies":"Jaw Worm","floor":1.0,"turns":1.0},{"damage":0.0,"enemies":"Small Slimes","floor":3.0,"turns":1.0},{"damage":0.0,"enemies":"Gremlin Nob","floor":6.0,"turns":1.0},{"damage":0.0,"enemies":"2 Louse","floor":8.0,"turns":4.0},{"damage":3.0,"enemies":"Red Slaver","floor":10.0,"turns":9.0},{"damage":10.0,"enemies":"Large Slime","floor":11.0,"turns":13.0},{"damage":0.0,"enemies":"3 Louse","floor":13.0,"turns":7.0},{"damage":22.0,"enemies":"Hexaghost","floor":16.0,"turns":12.0},{"damage":0.0,"enemies":"Spheric Guardian","floor":18.0,"turns":3.0},{"damage":20,"enemies":"3 Byrds","floor":19,"turns":8},{"damage":8,"enemies":"Snecko","floor":20,"turns":7},{"damage":3,"enemies":"Snake Plant","floor":24,"turns":3},{"damage":34,"enemies":"Gremlin Leader","floor":25,"turns":6}],"seed_played":"-4732365316591608211","potions_obtained":[{"floor":8.0,"key":"Dexterity Potion"},{"floor":11.0,"key":"Fire Potion"},{"floor":19,"key":"Ancient Potion"}],"is_trial":false,"path_per_floor":["M","?","M","?","?","E","?","M","T","M","M","R","M","?","R","B",null,"M","M","M","$","?","R","M","E"],"character_chosen":"THE_SILENT","items_purchased":["Orrery","Expertise"],"campfire_rested":0,"item_purchase_floors":[21,21],"current_hp_per_floor":[63,63,63,68,61,61,61,61,61,58,48,48,48,48,48,26,59,59,39,31,31,31,31,28,0,0],"gold":165,"neow_bonus":"THREE_ENEMY_KILL","is_daily":false,"chose_seed":false,"campfire_upgraded":3,"win_rate":0.0,"timestamp":1610894536,"path_taken":["M","?","M","?","?","E","?","?","T","M","M","R","M","?","R","BOSS","M","M","M","$","?","R","M","E"],"items_purchased_type":["Relic","Card"],"build_version":"2020-12-22","purchased_purges":1,"victory":false,"max_hp_per_floor":[70,65,65,70,70,70,70,70,70,70,70,70,70,70,70,70,70,70,70,70,70,70,70,70,70,70],"relic_stats":{"counters":[13,75],"Golden Idol":74,"Pen Nib":[0],"Black Star":0,"Question Card":15,"obtain_stats":[{"NeowsBlessing":0,"Golden Idol":2,"Orrery":21,"Pen Nib":22,"Black Star":17,"Question Card":6,"Ring of the Snake":0},{"NeowsBlessing":0,"Golden Idol":1,"Orrery":11,"Pen Nib":11,"Black Star":8,"Question Card":3,"Ring of the Snake":0},{"NeowsBlessing":0,"Golden Idol":1,"Orrery":66,"Pen Nib":66,"Black Star":48,"Question Card":3,"Ring of the Snake":0}],"Ring of the Snake":[26]},"card_choices":[{"not_picked":["Quick Slash","Distraction"],"picked":"Acrobatics","floor":1.0},{"not_picked":["Blur","Dodge and Roll"],"picked":"PiercingWail","floor":3.0},{"not_picked":["Well Laid Plans","Bane"],"picked":"Backflip","floor":6.0},{"not_picked":["Masterful Stab","Backflip","All Out Attack"],"picked":"Calculated Gamble","floor":8.0},{"not_picked":["Reflex","Backflip","Acrobatics"],"picked":"Bouncing Flask","floor":10.0},{"not_picked":["Choke","Distraction","Poisoned Stab"],"picked":"Dash","floor":11.0},{"not_picked":["Sucker Punch","Setup","Flying Knee","Masterful Stab"],"picked":"SKIP","floor":13.0},{"not_picked":["After Image","Tools of the Trade","Burst"],"picked":"Grand Finale","floor":16.0},{"not_picked":["Setup","Bane","Flying Knee","Underhanded Strike"],"picked":"SKIP","floor":18.0},{"not_picked":["Cloak And Dagger","Acrobatics","Noxious Fumes"],"picked":"Crippling Poison","floor":19},{"not_picked":["Deflect","Dodge and Roll","Terror"],"picked":"Reflex","floor":20},{"not_picked":["Acrobatics+1","Flechettes+1","Backflip"],"picked":"Adrenaline","floor":21},{"not_picked":["Blade Dance","Accuracy","Phantasmal Killer"],"picked":"Concentrate+1","floor":21},{"not_picked":["All Out Attack+1","Deadly Poison","Quick Slash","Expertise"],"picked":"SKIP","floor":24}],"player_experience":1481840,"relics_obtained":[{"floor":6.0,"key":"Question Card"},{"floor":22,"key":"Pen Nib"}],"event_choices":[{"damage_healed":0.0,"max_hp_gain":0.0,"max_hp_loss":5.0,"gold_gain":0.0,"event_name":"Golden Idol","player_choice":"Lose Max HP","floor":2.0,"gold_loss":0.0,"damage_taken":0.0,"relics_obtained":["Golden Idol"]},{"damage_healed":0.0,"max_hp_gain":5.0,"max_hp_loss":0.0,"gold_gain":0.0,"event_name":"Big Fish","player_choice":"Donut","floor":4.0,"gold_loss":0.0,"damage_taken":0.0},{"cards_removed":["Strike_G"],"damage_healed":0.0,"max_hp_gain":0.0,"max_hp_loss":0.0,"gold_gain":0.0,"event_name":"Golden Wing","player_choice":"Card Removal","floor":5.0,"gold_loss":0.0,"damage_taken":7.0},{"damage_healed":0.0,"max_hp_gain":0.0,"max_hp_loss":0.0,"gold_gain":0.0,"event_name":"Match and Keep!","player_choice":"1 cards matched","floor":7.0,"gold_loss":0.0,"damage_taken":0.0,"cards_obtained":["After Image"]},{"cards_removed":["Strike_G"],"damage_healed":0.0,"max_hp_gain":0.0,"max_hp_loss":0.0,"gold_gain":0.0,"event_name":"Living Wall","player_choice":"Forget","floor":14.0,"gold_loss":0.0,"damage_taken":0.0},{"damage_healed":0,"gold_gain":0,"player_choice":"Relic","damage_taken":0,"max_hp_gain":0,"max_hp_loss":0,"event_name":"Wheel of Change","floor":22,"gold_loss":0}],"is_beta":false,"boss_relics":[{"not_picked":["Coffee Dripper","Calling Bell"],"picked":"Black Star"}],"items_purged_floors":[21],"is_endless":false,"potions_floor_spawned":[8,11,13,16,19,20],"killed_by":"Gremlin Leader","ascension_level":12}}