{"host":"x7xd4wkamhrqrrvw","time":1610852575,"event":{"mods":["BaseMod","Minty Spire (QoL Compilation)","StSLib"],"gold_per_floor":[118,118,135,85,95,95,20,45,45,45,80,98,133,149,149,254,254,273,290,302,302,104,137,137,165,165,200,215,215,232,232,232,337,337,348,74,74,74,74,74,107,127,154,180,198,198,218,243,243,243,243,243,19,54,54],"floor_reached":56,"language":"ENG","playtime":3991,"items_purged":["Strike_G","Strike_G","Unload"],"score":1900,"play_id":"d057c8ba-b4c8-4151-b1bd-5dd91292a6cb","local_time":"20210117010255","is_ascension_mode":true,"campfire_choices":[{"data":"Venomology","floor":6,"key":"SMITH"},{"data":"Neutralize","floor":10,"key":"SMITH"},{"data":"Noxious Fumes","floor":15,"key":"SMITH"},{"data":"Deadly Poison","floor":24,"key":"SMITH"},{"data":"Crippling Poison","floor":29,"key":"SMITH"},{"data":"Acrobatics","floor":32,"key":"SMITH"},{"data":"Footwork","floor":40,"key":"SMITH"},{"floor":46,"key":"RECALL"},{"data":"Impatience","floor":49,"key":"SMITH"},{"data":"Deflect","floor":52,"key":"SMITH"}],"circlet_count":0,"master_deck":["Defend_G","Defend_G","Defend_G","Survivor","Neutralize+1","Footwork+1","Deflect+1","Venomology+1","Crippling Poison+1","Deadly Poison+1","Noxious Fumes+1","Adrenaline","After Image","Impatience+1","Acrobatics+1","PiercingWail","Backflip+1","Adrenaline","Madness","Madness","Sucker Punch","After Image","Dark Shackles"],"relics":["Ring of the Snake","Ninja Scroll","InkBottle","Eternal Feather","Nunchaku","Coffee Dripper","StoneCalendar","Ancient Tea Set","PreservedInsect","Regal Pillow","Nilry\u0027s Codex","Empty Cage","Chemical X","Akabeko","Ginger","Unceasing Top","Letter Opener"],"acts_visited":["Exordium","TheCity","TheBeyond","TheEnding"],"potions_floor_usage":[8,8,11,11,13,13,16,16,16,18,20,20,20,23,25,25,28,30,33,33,33,35,41,41,42,44,45,47,48,50,55,55],"damage_taken":[{"damage":6,"enemies":"Jaw Worm","floor":1,"turns":5},{"damage":0,"enemies":"Small Slimes","floor":3,"turns":5},{"damage":0,"enemies":"Cultist","floor":5,"turns":4},{"damage":23,"enemies":"Gremlin Nob","floor":8,"turns":5},{"damage":4,"enemies":"3 Sentries","floor":11,"turns":6},{"damage":1,"enemies":"Blue Slaver","floor":12,"turns":4},{"damage":6,"enemies":"Lagavulin","floor":13,"turns":4},{"damage":0,"enemies":"2 Fungi Beasts","floor":14,"turns":3},{"damage":13,"enemies":"The Guardian","floor":16,"turns":9},{"damage":8,"enemies":"2 Thieves","floor":18,"turns":4},{"damage":0,"enemies":"Chosen","floor":19,"turns":4},{"damage":11,"enemies":"Snake Plant","floor":20,"turns":5},{"damage":19,"enemies":"Gremlin Leader","floor":23,"turns":6},{"damage":9,"enemies":"Slavers","floor":25,"turns":7},{"damage":0,"enemies":"Gremlin Leader","floor":27,"turns":5},{"damage":0,"enemies":"Sentry and Sphere","floor":28,"turns":5},{"damage":0,"enemies":"Snecko","floor":30,"turns":4},{"damage":46,"enemies":"Collector","floor":33,"turns":6},{"damage":1,"enemies":"3 Darklings","floor":35,"turns":4},{"damage":0,"enemies":"Giant Head","floor":41,"turns":7},{"damage":0,"enemies":"3 Shapes","floor":42,"turns":3},{"damage":0,"enemies":"Nemesis","floor":44,"turns":7},{"damage":0,"enemies":"3 Darklings","floor":45,"turns":4},{"damage":0,"enemies":"Jaw Worm Horde","floor":47,"turns":3},{"damage":14,"enemies":"Reptomancer","floor":48,"turns":5},{"damage":0,"enemies":"Awakened One","floor":50,"turns":14},{"damage":5,"enemies":"Shield and Spear","floor":54,"turns":7},{"damage":70,"enemies":"The Heart","floor":55,"turns":12}],"seed_played":"6474925721051824547","potions_obtained":[{"floor":1,"key":"Poison Potion"},{"floor":5,"key":"LiquidBronze"},{"floor":8,"key":"Strength Potion"},{"floor":12,"key":"CunningPotion"},{"floor":14,"key":"PowerPotion"},{"floor":19,"key":"BlessingOfTheForge"},{"floor":23,"key":"ColorlessPotion"},{"floor":30,"key":"BlessingOfTheForge"},{"floor":33,"key":"CunningPotion"},{"floor":35,"key":"CunningPotion"},{"floor":44,"key":"Explosive Potion"},{"floor":47,"key":"FairyPotion"},{"floor":48,"key":"Dexterity Potion"}],"is_trial":false,"path_per_floor":["M","?","M","?","M","R","$","E","T","R","E","M","E","M","R","B",null,"M","M","M","?","$","E","R","E","T","E","M","R","M","?","R","B",null,"M","$","?","?","?","R","E","M","T","E","M","R","M","E","R","B",null,"R","$","E","B",null],"character_chosen":"THE_SILENT","items_purchased":["Impatience","Chemical X","After Image","Dark Shackles"],"campfire_rested":0,"item_purchase_floors":[22,36,53,53],"current_hp_per_floor":[57,62,62,62,62,62,62,39,39,39,35,34,28,28,37,24,62,54,54,43,75,75,56,68,59,59,59,59,71,71,55,67,21,62,61,61,61,52,52,64,64,64,64,64,64,75,75,61,73,73,75,75,75,70,22],"gold":54,"neow_bonus":"ONE_RANDOM_RARE_CARD","is_daily":false,"chose_seed":false,"campfire_upgraded":9,"win_rate":0.0,"timestamp":1610852575,"path_taken":["M","?","M","?","M","R","$","E","T","R","E","M","E","M","R","BOSS","M","M","M","?","$","E","R","E","T","E","M","R","?","?","R","BOSS","M","$","?","?","?","R","E","?","T","E","M","R","M","E","R","BOSS","R","$","E","BOSS"],"items_purchased_type":["Card","Relic","Card","Card"],"build_version":"2020-12-22","purchased_purges":3,"victory":true,"max_hp_per_floor":[70,75,75,75,75,75,75,75,75,75,75,75,75,75,75,75,75,75,75,75,75,75,75,75,75,75,75,75,75,75,75,75,75,75,75,75,75,75,75,75,75,75,75,75,75,75,75,75,75,75,75,75,75,75,75],"card_choices":[{"not_picked":["Dodge and Roll","Blur"],"picked":"Footwork","floor":1},{"not_picked":["Dagger Spray","Catalyst"],"picked":"Deflect","floor":3},{"not_picked":["Footwork","Outmaneuver"],"picked":"Venomology","floor":5},{"not_picked":["Masterful Stab","Bane","Slice"],"picked":"SKIP","floor":8},{"not_picked":["Reflex","Quick Slash"],"picked":"Crippling Poison","floor":11},{"not_picked":["Reflex","Calculated Gamble"],"picked":"Deadly Poison","floor":12},{"not_picked":["Backstab","Bane","Crippling Poison"],"picked":"SKIP","floor":13},{"not_picked":["Bane","Outmaneuver"],"picked":"Noxious Fumes","floor":14},{"not_picked":["Corpse Explosion","Storm of Steel"],"picked":"Adrenaline","floor":16},{"not_picked":["Distraction","Predator+1","Deadly Poison"],"picked":"SKIP","floor":18},{"not_picked":["Dagger Throw+1","Predator","Crippling Poison"],"picked":"SKIP","floor":19},{"not_picked":["Deflect+1","Dodge and Roll+1"],"picked":"After Image","floor":20},{"not_picked":["Backstab+1","Underhanded Strike+1"],"picked":"Acrobatics","floor":23},{"not_picked":["Dagger Throw","Noxious Fumes"],"picked":"PiercingWail","floor":25},{"not_picked":["Riddle With Holes","Bane","Bouncing Flask"],"picked":"SKIP","floor":27},{"not_picked":["Quick Slash","Dagger Spray"],"picked":"Backflip+1","floor":28},{"not_picked":["Finisher","Tools of the Trade","PiercingWail"],"picked":"SKIP","floor":30},{"not_picked":["Venomology","Die Die Die"],"picked":"Adrenaline","floor":33},{"not_picked":["Underhanded Strike","Slice+1","Dodge and Roll"],"picked":"SKIP","floor":35},{"not_picked":["Infinite Blades","Flying Knee+1","Dagger Throw"],"picked":"SKIP","floor":41},{"not_picked":["Cloak And Dagger+1","Outmaneuver","Prepared+1"],"picked":"SKIP","floor":42},{"not_picked":["Caltrops+1","A Thousand Cuts","Choke"],"picked":"SKIP","floor":44},{"not_picked":["Bane+1","Caltrops","Reflex+1"],"picked":"SKIP","floor":45},{"not_picked":["Bane","Expertise","Cloak And Dagger"],"picked":"SKIP","floor":47},{"not_picked":["Sucker Punch","Cloak And Dagger+1","Backflip"],"picked":"SKIP","floor":48},{"not_picked":["Dodge and Roll","Dagger Throw","Backflip+1"],"picked":"SKIP","floor":54}],"player_experience":319115,"relics_obtained":[{"floor":8,"key":"Ninja Scroll"},{"floor":9,"key":"InkBottle"},{"floor":11,"key":"Eternal Feather"},{"floor":13,"key":"Nunchaku"},{"floor":23,"key":"StoneCalendar"},{"floor":25,"key":"Ancient Tea Set"},{"floor":26,"key":"PreservedInsect"},{"floor":27,"key":"Regal Pillow"},{"floor":31,"key":"Nilry\u0027s Codex"},{"floor":41,"key":"Akabeko"},{"floor":44,"key":"Ginger"},{"floor":48,"key":"Unceasing Top"},{"floor":54,"key":"Letter Opener"}],"event_choices":[{"damage_healed":0,"gold_gain":0,"player_choice":"Donut","damage_taken":0,"max_hp_gain":5,"max_hp_loss":0,"event_name":"Big Fish","floor":2,"gold_loss":0},{"cards_removed":["Defend_G"],"damage_healed":0,"gold_gain":0,"player_choice":"Card Removal","damage_taken":0,"max_hp_gain":0,"max_hp_loss":0,"event_name":"The Cleric","floor":4,"gold_loss":50},{"damage_healed":32,"gold_gain":0,"player_choice":"Full Heal","damage_taken":0,"max_hp_gain":0,"max_hp_loss":0,"event_name":"Wheel of Change","floor":21,"gold_loss":0},{"damage_healed":0,"gold_gain":0,"player_choice":"Obtained Book","damage_taken":16,"max_hp_gain":0,"max_hp_loss":0,"event_name":"Cursed Tome","floor":31,"gold_loss":0},{"cards_removed":["Strike_G"],"damage_healed":0,"gold_gain":0,"player_choice":"Removed Attack","damage_taken":0,"max_hp_gain":0,"max_hp_loss":0,"event_name":"Falling","floor":37,"gold_loss":0},{"damage_healed":0,"gold_gain":0,"player_choice":"Embrace Madness","damage_taken":9,"max_hp_gain":0,"max_hp_loss":0,"event_name":"Winding Halls","floor":38,"gold_loss":0,"cards_obtained":["Madness","Madness"]},{"damage_healed":0,"gold_gain":0,"cards_transformed":["Defend_G"],"player_choice":"Transformed","damage_taken":0,"max_hp_gain":0,"max_hp_loss":0,"event_name":"Transmorgrifier","floor":39,"gold_loss":0,"cards_obtained":["Sucker Punch"]}],"is_beta":false,"boss_relics":[{"not_picked":["Velvet Choker","Ectoplasm"],"picked":"Coffee Dripper"},{"not_picked":["Fusion Hammer","SacredBark"],"picked":"Empty Cage"}],"items_purged_floors":[7,22,36],"is_endless":false,"potions_floor_spawned":[1,5,8,12,14,19,23,30,33,35,44,47,48],"ascension_level":9}}