{"host":"g2yp6paluzgljz05","time":1610895203,"event":{"mods":["BaseMod","Bestiary","Colored Powertips","DeckTracker","Highlight Path","Minty Spire (QoL Compilation)","Quick Restart"],"gold_per_floor":[110,128,78,78,89,123,123,138,138,138,150,184,184,211,211,314,314,329,329,341,64,78,78,96,109,109,109,109],"floor_reached":27,"language":"ENG","playtime":1470,"items_purged":["Strike_R"],"score":307,"play_id":"f87bc155-f2cf-4957-8660-5083ae0061e0","local_time":"20210118015323","is_ascension_mode":true,"campfire_choices":[{"data":"Bash","floor":7,"key":"SMITH"},{"floor":10,"key":"REST"},{"floor":13,"key":"REST"},{"data":"Heavy Blade","floor":15,"key":"SMITH"},{"data":"Demon Form","floor":23,"key":"SMITH"}],"circlet_count":0,"master_deck":["Strike_R","Strike_R","Strike_R","Defend_R","Defend_R","Defend_R","Defend_R","Bash+1","Warcry","Evolve","Wild Strike","Metallicize","Heavy Blade+1","Dropkick","Demon Form+1","Armaments","Inflame+1","True Grit","Warcry+1"],"relics":["Burning Blood","Dream Catcher","FaceOfCleric","Bronze Scales","Gremlin Horn","Pear","MealTicket","Mark of Pain","Oddly Smooth Stone","Ice Cream"],"acts_visited":["Exordium","TheCity"],"potions_floor_usage":[12,16,16,24,25,25],"damage_taken":[{"damage":2,"enemies":"Jaw Worm","floor":1,"turns":3},{"damage":7,"enemies":"2 Louse","floor":2,"turns":3},{"damage":6,"enemies":"Cultist","floor":5,"turns":4},{"damage":45,"enemies":"3 Sentries","floor":6,"turns":9},{"damage":18,"enemies":"Exordium Wildlife","floor":8,"turns":5},{"damage":14,"enemies":"Red Slaver","floor":11,"turns":2},{"damage":16,"enemies":"Lagavulin","floor":12,"turns":6},{"damage":5,"enemies":"Gremlin Nob","floor":14,"turns":3},{"damage":58,"enemies":"Hexaghost","floor":16,"turns":7},{"damage":33,"enemies":"Spheric Guardian","floor":18,"turns":4},{"damage":0,"enemies":"Chosen","floor":20,"turns":4},{"damage":27,"enemies":"Sentry and Sphere","floor":22,"turns":5},{"damage":48,"enemies":"3 Cultists","floor":24,"turns":6},{"damage":31,"enemies":"Snake Plant","floor":25,"turns":4},{"damage":42,"enemies":"Slavers","floor":27,"turns":2}],"seed_played":"7063996748897915476","potions_obtained":[{"floor":8,"key":"SteroidPotion"},{"floor":11,"key":"SkillPotion"},{"floor":12,"key":"PowerPotion"},{"floor":20,"key":"Regen Potion"},{"floor":24,"key":"EntropicBrew"}],"is_trial":false,"path_per_floor":["M","M","?","?","M","E","R","M","T","R","M","E","R","E","R","B",null,"M","?","M","$","M","R","M","M","T","E"],"character_chosen":"IRONCLAD","items_purchased":["Oddly Smooth Stone","True Grit"],"campfire_rested":2,"item_purchase_floors":[21,21],"current_hp_per_floor":[80,79,79,79,80,42,42,31,31,55,48,49,77,79,79,28,97,71,71,78,93,73,73,37,33,33,0,0],"gold":109,"neow_bonus":"RANDOM_COMMON_RELIC","is_daily":false,"chose_seed":false,"campfire_upgraded":3,"win_rate":0.0,"timestamp":1610895203,"path_taken":["M","M","?","?","?","E","R","M","T","R","M","E","R","E","R","BOSS","M","?","?","$","M","R","M","?","T","E"],"items_purchased_type":["Relic","Card"],"build_version":"2020-12-22","purchased_purges":1,"victory":false,"max_hp_per_floor":[80,80,80,80,81,82,82,83,83,83,84,95,95,96,96,97,97,98,98,99,99,100,100,101,102,102,102,102],"card_choices":[{"not_picked":["Wild Strike","Clash"],"picked":"Warcry","floor":1},{"not_picked":["Warcry","Reaper"],"picked":"Evolve","floor":2},{"not_picked":["Sever Soul","Sword Boomerang"],"picked":"Wild Strike","floor":5},{"not_picked":["Carnage","Disarm"],"picked":"Metallicize","floor":6},{"not_picked":["Sword Boomerang","Flame Barrier","Clash"],"picked":"SKIP","floor":8},{"not_picked":["Thunderclap","Iron Wave"],"picked":"Heavy Blade","floor":10},{"not_picked":["Havoc","True Grit"],"picked":"Dropkick","floor":11},{"not_picked":["Rage","Anger","Warcry"],"picked":"SKIP","floor":12},{"not_picked":["Disarm","Dual Wield","Blood for Blood"],"picked":"SKIP","floor":14},{"not_picked":["Exhume","Reaper"],"picked":"Demon Form","floor":16},{"not_picked":["Clothesline+1","Flame Barrier"],"picked":"Armaments","floor":18},{"not_picked":["Cleave","Heavy Blade"],"picked":"Inflame+1","floor":20},{"not_picked":["Twin Strike","Evolve","Body Slam+1"],"picked":"SKIP","floor":22},{"not_picked":["Feel No Pain","Rupture","Anger+1"],"picked":"SKIP","floor":24},{"not_picked":["Sentinel+1","Twin Strike+1"],"picked":"Warcry+1","floor":25}],"player_experience":207949,"relics_obtained":[{"floor":6,"key":"Bronze Scales"},{"floor":9,"key":"Gremlin Horn"},{"floor":12,"key":"Pear"},{"floor":14,"key":"MealTicket"},{"floor":26,"key":"Ice Cream"}],"event_choices":[{"cards_removed":["Strike_R"],"damage_healed":0,"gold_gain":0,"player_choice":"Card Removal","damage_taken":0,"max_hp_gain":0,"max_hp_loss":0,"event_name":"The Cleric","floor":3,"gold_loss":50},{"damage_healed":0,"gold_gain":0,"player_choice":"Trade","damage_taken":0,"relics_obtained":["FaceOfCleric"],"max_hp_gain":0,"max_hp_loss":0,"event_name":"FaceTrader","floor":4,"gold_loss":0},{"damage_healed":0,"gold_gain":0,"player_choice":"0 cards matched","damage_taken":0,"max_hp_gain":0,"max_hp_loss":0,"event_name":"Match and Keep!","floor":19,"gold_loss":0,"cards_obtained":[]}],"is_beta":false,"boss_relics":[{"not_picked":["Astrolabe","Black Blood"],"picked":"Mark of Pain"}],"items_purged_floors":[21],"is_endless":false,"potions_floor_spawned":[8,11,12,20,24],"killed_by":"Slavers","ascension_level":4}}