{"host":"t4313i2190y6fz3q","time":1610908224,"event":{"mods":["2.2 Compatiblity","AchievementEnabler","Act Like it!","BaseMod","Colored Powertips","Downfall","Highlight Path","Minty Spire (QoL Compilation)","Permanent Neow","Quick Restart","Rare Cards Sparkle","StSLib"],"gold_per_floor":[119,119,133,146,146,146,180,199,223,223,237,272,332,332,332,434,434,448,464,178,193,193,226,226,236,261,261,290,122,37,64,64,165,165,177,177,177,197,49,84,84,111,134,147,181,181,193,207,207,207],"floor_reached":51,"language":"ENG","playtime":1773,"items_purged":["Bane","Strike_G"],"score":1335,"play_id":"d2401de1-464c-446b-9d6b-36c3edd91cf1","local_time":"20210117103024","is_ascension_mode":true,"campfire_choices":[{"data":"Dagger Spray","floor":6.0,"key":"SMITH"},{"data":"Leg Sweep","floor":10.0,"key":"SMITH"},{"data":"Neutralize","floor":15.0,"key":"SMITH"},{"data":"Bullet Time","floor":24.0,"key":"SMITH"},{"floor":27.0,"key":"REST"},{"data":"Predator","floor":32.0,"key":"SMITH"},{"data":"Acrobatics","floor":46,"key":"SMITH"},{"floor":49,"key":"REST"}],"circlet_count":0,"master_deck":["AscendersBane","Strike_G","Strike_G","Strike_G","Strike_G","Defend_G","Defend_G","Defend_G","Defend_G","Survivor","Neutralize+1","Bullet Time+1","Dagger Spray+1","Finisher","Leg Sweep+1","Endless Agony","Infinite Blades","PiercingWail","Cloak And Dagger+1","Predator+1","Finisher","Slice","Terror","Cloak And Dagger+1","Backflip","Slice+1","Footwork","Dodge and Roll","A Thousand Cuts+1","Dagger Throw","Acrobatics+1","Infinite Blades","Footwork"],"relics":["Ring of the Snake","Guardian:PocketSentry","PreservedInsect","Sundial","White Beast Statue","HoveringKite","Guardian:BottledAnomaly","Tiny Chest","Bag of Marbles","Centennial Puzzle","Gambling Chip","MealTicket","SacredBark","Potion Belt","Toy Ornithopter","Bottled Tornado","Anchor","Vajra","Bag of Preparation"],"acts_visited":["Exordium","TheCity","TheBeyond"],"potions_floor_usage":[47,48,50,50],"damage_taken":[{"damage":4.0,"enemies":"Small Slimes","floor":1.0,"turns":5.0},{"damage":3.0,"enemies":"Jaw Worm","floor":3.0,"turns":4.0},{"damage":1.0,"enemies":"Cultist","floor":4.0,"turns":4.0},{"damage":0.0,"enemies":"Lagavulin","floor":7.0,"turns":2.0},{"damage":0.0,"enemies":"Large Slime","floor":8.0,"turns":4.0},{"damage":0.0,"enemies":"Looter","floor":11.0,"turns":2.0},{"damage":10.0,"enemies":"3 Sentries","floor":12.0,"turns":4.0},{"damage":0.0,"enemies":"3 Sentries","floor":13.0,"turns":4.0},{"damage":2.0,"enemies":"Hexaghost","floor":16.0,"turns":8.0},{"damage":7.0,"enemies":"Spheric Guardian","floor":18.0,"turns":4.0},{"damage":10.0,"enemies":"Shell Parasite","floor":19.0,"turns":6.0},{"damage":8.0,"enemies":"Shelled Parasite and Fungi","floor":21.0,"turns":3.0},{"damage":9.0,"enemies":"Book of Stabbing","floor":23.0,"turns":3.0},{"damage":8.0,"enemies":"Snecko","floor":25.0,"turns":5.0},{"damage":4.0,"enemies":"Slavers","floor":28.0,"turns":4.0},{"damage":0.0,"enemies":"Book of Stabbing","floor":31.0,"turns":1.0},{"damage":10.0,"enemies":"Automaton","floor":33.0,"turns":6.0},{"damage":0.0,"enemies":"Orb Walker","floor":35.0,"turns":3.0},{"damage":11.0,"enemies":"3 Shapes","floor":38.0,"turns":2.0},{"damage":1.0,"enemies":"Nemesis","floor":40.0,"turns":3.0},{"damage":13.0,"enemies":"Giant Head","floor":42.0,"turns":5.0},{"damage":11.0,"enemies":"Sphere and 2 Shapes","floor":44.0,"turns":3.0},{"damage":1,"enemies":"Nemesis","floor":45,"turns":4},{"damage":6,"enemies":"Spire Growth","floor":47,"turns":3},{"damage":0,"enemies":"Jaw Worm Horde","floor":48,"turns":1},{"damage":40,"enemies":"Donu and Deca","floor":50,"turns":4}],"seed_played":"-7967131834714346008","potions_obtained":[{"floor":4.0,"key":"Regen Potion"},{"floor":5.0,"key":"EntropicBrew"},{"floor":5.0,"key":"Swift Potion"},{"floor":11.0,"key":"Strength Potion"},{"floor":12.0,"key":"GhostInAJar"},{"floor":16.0,"key":"Swift Potion"},{"floor":18.0,"key":"Block Potion"},{"floor":19.0,"key":"AttackPotion"},{"floor":21.0,"key":"hexamod:SoulburnPotion"},{"floor":23.0,"key":"SkillPotion"},{"floor":25.0,"key":"CultistPotion"},{"floor":33.0,"key":"Swift Potion"},{"floor":35.0,"key":"SpeedPotion"},{"floor":38.0,"key":"Explosive Potion"},{"floor":40.0,"key":"Poison Potion"},{"floor":42.0,"key":"DuplicationPotion"},{"floor":44.0,"key":"FairyPotion"},{"floor":45,"key":"Strength Potion"},{"floor":47,"key":"DistilledChaos"},{"floor":48,"key":"Guardian:BlockOnCardUsePotion"}],"is_trial":false,"path_per_floor":["M","?","M","M","?","R","E","M","T","R","M","E","?","?","R","B",null,"M","M","$","M","?","E","R","M","T","R","E","$","?","E","R","B",null,"M","?","$","M","$","E","T","E","T","M","E","R","M","M","R","B",null],"character_chosen":"THE_SILENT","items_purchased":["Guardian:BottledAnomaly","Slice","Footwork","Potion Belt"],"campfire_rested":2,"item_purchase_floors":[20,20,29,39],"current_hp_per_floor":[59,52,49,48,48,48,48,48,48,48,48,38,38,38,38,36,62,55,45,45,37,37,28,28,20,20,41,37,37,37,37,37,27,59,59,59,70,59,70,69,69,56,56,50,49,49,48,53,70,30],"gold":207,"neow_bonus":"ONE_RANDOM_RARE_CARD","is_daily":false,"chose_seed":false,"campfire_upgraded":6,"win_rate":0.0,"timestamp":1610908224,"path_taken":["M","?","M","M","?","R","E","M","T","R","?","E","?","?","R","BOSS","M","M","$","M","?","E","R","M","T","R","E","$","?","E","R","BOSS","M","?","?","M","$","E","?","E","T","?","E","R","?","M","R","BOSS"],"items_purchased_type":["Relic","Card","Card","Relic"],"build_version":"2020-12-22","purchased_purges":2,"victory":true,"max_hp_per_floor":[70,70,70,70,70,70,70,70,70,70,70,70,70,70,70,70,70,70,70,70,70,70,70,70,70,70,70,70,70,70,70,70,70,70,70,70,70,70,70,70,70,70,70,70,70,70,70,70,70,70],"card_choices":[{"not_picked":["Cloak And Dagger","PiercingWail"],"picked":"Bane","floor":1.0},{"not_picked":["Blade Dance","Deadly Poison"],"picked":"Dagger Spray","floor":3.0},{"not_picked":["Bane","Concentrate"],"picked":"Finisher","floor":4.0},{"not_picked":["Quick Slash","Heel Hook"],"picked":"Leg Sweep","floor":7.0},{"not_picked":["Crippling Poison","Bouncing Flask"],"picked":"Endless Agony","floor":8.0},{"not_picked":["Reflex","Leg Sweep"],"picked":"Infinite Blades","floor":11.0},{"not_picked":["Distraction","Venomology"],"picked":"PiercingWail","floor":12.0},{"not_picked":["Prepared","Accuracy"],"picked":"Cloak And Dagger","floor":13.0},{"not_picked":["Quick Slash","Tactician"],"picked":"Predator","floor":18.0},{"not_picked":["Underhanded Strike","Catalyst"],"picked":"Finisher","floor":19.0},{"not_picked":["Expertise+1","Cloak And Dagger"],"picked":"Terror","floor":21.0},{"not_picked":["Noxious Fumes","Poisoned Stab"],"picked":"Backflip","floor":23.0},{"not_picked":["Underhanded Strike","Dagger Spray+1"],"picked":"Slice+1","floor":25.0},{"not_picked":["Outmaneuver","Eviscerate","Endless Agony"],"picked":"SKIP","floor":28.0},{"not_picked":["Deadly Poison","Venomology"],"picked":"Dodge and Roll","floor":31.0},{"not_picked":["Wraith Form v2","Venomology"],"picked":"A Thousand Cuts","floor":33.0},{"not_picked":["Flying Knee","Cloak And Dagger","Finisher"],"picked":"SKIP","floor":35.0},{"not_picked":["Bane+1","PiercingWail"],"picked":"Dagger Throw","floor":38.0},{"not_picked":["Quick Slash","Heel Hook"],"picked":"Acrobatics","floor":40.0},{"not_picked":["Night Terror","Cloak And Dagger"],"picked":"Infinite Blades","floor":42.0},{"not_picked":["PiercingWail","Prepared"],"picked":"Footwork","floor":44.0},{"not_picked":["Eviscerate","Reflex","Footwork"],"picked":"SKIP","floor":45},{"not_picked":["Finisher","Heel Hook+1","Skewer"],"picked":"SKIP","floor":47},{"not_picked":["Dagger Spray","Crippling Poison","Bane"],"picked":"SKIP","floor":48}],"player_experience":221900,"relics_obtained":[{"floor":7.0,"key":"Guardian:PocketSentry"},{"floor":9.0,"key":"PreservedInsect"},{"floor":12.0,"key":"Sundial"},{"floor":23.0,"key":"Tiny Chest"},{"floor":26.0,"key":"Bag of Marbles"},{"floor":28.0,"key":"Centennial Puzzle"},{"floor":31.0,"key":"MealTicket"},{"floor":40.0,"key":"Toy Ornithopter"},{"floor":41.0,"key":"Bottled Tornado"},{"floor":42.0,"key":"Anchor"},{"floor":43.0,"key":"Vajra"},{"floor":45,"key":"Bag of Preparation"}],"event_choices":[{"cards_removed":["Defend_G"],"damage_healed":0.0,"max_hp_gain":0.0,"max_hp_loss":0.0,"gold_gain":0.0,"event_name":"Golden Wing","player_choice":"Card Removal","floor":2.0,"gold_loss":0.0,"damage_taken":7.0},{"damage_healed":0.0,"max_hp_gain":0.0,"max_hp_loss":0.0,"gold_gain":0.0,"event_name":"Lab","player_choice":"Got Potions","floor":5.0,"gold_loss":0.0,"damage_taken":0.0},{"damage_healed":0.0,"max_hp_gain":0.0,"max_hp_loss":0.0,"gold_gain":0.0,"event_name":"Dead Adventurer","player_choice":"Searched \u00272\u0027 times","floor":13.0,"gold_loss":0.0,"damage_taken":0.0,"relics_obtained":["White Beast Statue"]},{"damage_healed":0.0,"max_hp_gain":0.0,"max_hp_loss":0.0,"gold_gain":0.0,"event_name":"Living Wall","player_choice":"Grow","floor":14.0,"gold_loss":0.0,"damage_taken":0.0,"cards_upgraded":["Cloak And Dagger"]},{"damage_healed":0.0,"max_hp_gain":0.0,"max_hp_loss":0.0,"gold_gain":0.0,"event_name":"Duplicator","player_choice":"Copied","floor":22.0,"gold_loss":0.0,"damage_taken":0.0,"cards_obtained":["Cloak And Dagger"]},{"damage_healed":0.0,"max_hp_gain":0.0,"max_hp_loss":0.0,"gold_gain":0.0,"event_name":"Addict","player_choice":"Obtained Relic","floor":30.0,"gold_loss":85.0,"damage_taken":0.0,"relics_obtained":["Gambling Chip"]},{"damage_healed":0.0,"max_hp_gain":0.0,"max_hp_loss":0.0,"gold_gain":0.0,"event_name":"Accursed Blacksmith","player_choice":"Forge","floor":36.0,"gold_loss":0.0,"damage_taken":0.0,"cards_upgraded":["A Thousand Cuts"]}],"is_beta":false,"boss_relics":[{"not_picked":["Velvet Choker","Runic Pyramid"],"picked":"HoveringKite"},{"not_picked":["Busted Crown","Empty Cage"],"picked":"SacredBark"}],"items_purged_floors":[20,29],"is_endless":false,"potions_floor_spawned":[4,11,12,13,16,18,19,21,23,25,28,31,33,35,38,40,42,44,45,47,48],"ascension_level":12}}