{"host":"jl3raagrljzztomj","time":1610890863,"event":{"mods":["Aspiration","BaseMod","Better Third Choice","BetterRewards","Colored Map","Colored Powertips","Custom Start","Hermit","Highlight Path","Marked Mod","Minty Spire (QoL Compilation)","Permanent Neow","Relic Stats","StSLib","SuperFastMode","The Disciple","The Runesmith"],"gold_per_floor":[113,129,145,145,220,220,254,272,272,272,272,299,249,267,267,393,393,417,407,407,407,422,422,442,455,455,455,499,515,515,515,515,639,639,652,677,677,701,715,715,715,715],"floor_reached":41,"language":"ENG","playtime":2270,"items_purged":[],"score":415,"play_id":"196131c6-6596-418a-b871-e8542c55286a","local_time":"20210117074103","is_ascension_mode":false,"campfire_choices":[{"floor":6,"key":"REST"},{"floor":10,"key":"REST"},{"floor":15,"key":"REST"},{"floor":23,"key":"REST"},{"floor":27,"key":"REST"},{"floor":30,"key":"REST"},{"data":"MasterKey","floor":32,"key":"SMITH"},{"data":"OldTimer","floor":40,"key":"SMITH"}],"circlet_count":0,"master_deck":["Strike_Br+1","Strike_Br+1","Defend_Br+1","Defend_Br+1","Defend_Br+1","Defend_Br+1","SecondHand","PatternShift","MasterKey+1","Accruing","LockedLightning","OldTimer+1","HandsUpC","LockedBlood","Echoward","LockedCalendar","LockedBlood+1","CrunchTime+1","Fragmentalize","LockedWhetstone","LockedScales","LockedCalendar","BlueShift+1","Flay","BlueShift+1","LockedMedicine+1"],"relics":["Chronometer","Golden Idol","Happy Flower","Gremlin Horn","IceCream?","Pen Nib","Empty Cage","aspiration:Stabinomicon","aspiration:FrozenJewel","aspiration:DSix","MutagenicStrength","Coffee Dripper"],"acts_visited":["Exordium","TheCity","TheBeyond"],"potions_floor_usage":[7,16,16,19,24,28],"damage_taken":[{"damage":2,"enemies":"Jaw Worm","floor":1,"turns":6},{"damage":0,"enemies":"Small Slimes","floor":2,"turns":4},{"damage":0,"enemies":"2 Louse","floor":3,"turns":4},{"damage":28,"enemies":"Gremlin Nob","floor":7,"turns":4},{"damage":10,"enemies":"Looter","floor":8,"turns":4},{"damage":10,"enemies":"2 Fungi Beasts","floor":14,"turns":5},{"damage":35,"enemies":"The Guardian","floor":16,"turns":10},{"damage":13,"enemies":"Shell Parasite","floor":18,"turns":8},{"damage":21,"enemies":"2 Thieves","floor":19,"turns":4},{"damage":6,"enemies":"Snecko","floor":22,"turns":8},{"damage":12,"enemies":"Cultist and Chosen","floor":24,"turns":7},{"damage":31,"enemies":"Sentry and Sphere","floor":25,"turns":7},{"damage":8,"enemies":"Gremlin Leader","floor":28,"turns":4},{"damage":14,"enemies":"Snake Plant","floor":29,"turns":3},{"damage":10,"enemies":"Collector","floor":33,"turns":3},{"damage":12,"enemies":"3 Shapes","floor":35,"turns":1},{"damage":32,"enemies":"Orb Walker","floor":36,"turns":5},{"damage":20,"enemies":"4 Shapes","floor":38,"turns":3},{"damage":1,"enemies":"Jaw Worm Horde","floor":39,"turns":4},{"damage":22,"enemies":"Spire Growth","floor":41,"turns":4}],"seed_played":"-8223401096036812975","potions_obtained":[{"floor":3,"key":"Fire Potion"},{"floor":8,"key":"Energy Potion"},{"floor":14,"key":"WardPotion"},{"floor":16,"key":"Block Potion"},{"floor":18,"key":"SteroidPotion"},{"floor":22,"key":"HastePotion"},{"floor":25,"key":"WardPotion"},{"floor":36,"key":"CultistPotion"}],"is_trial":false,"path_per_floor":["M","M","M","?","?","R","E","M","T","R","?","T","$","M","R","B",null,"M","M","?","?","M","R","M","M","T","R","E","M","R","?","R","B",null,"M","M","?","M","M","R","M"],"character_chosen":"CHRONO_CLASS","items_purchased":["LockedBlood"],"campfire_rested":6,"item_purchase_floors":[13],"current_hp_per_floor":[63,63,63,47,36,55,27,17,17,36,36,36,36,32,51,22,65,58,39,23,23,32,51,48,26,26,45,47,36,55,55,55,50,65,53,36,36,19,18,18,0,0],"gold":715,"neow_bonus":"ONE_RANDOM_RARE_CARD","is_daily":false,"chose_seed":false,"campfire_upgraded":2,"win_rate":0.0,"timestamp":1610890863,"path_taken":["M","M","M","?","?","R","E","M","T","R","?","?","?","M","R","BOSS","M","M","?","?","M","R","?","M","T","R","E","M","R","?","R","BOSS","M","M","?","M","M","R","M"],"items_purchased_type":["Card"],"build_version":"2020-12-22","purchased_purges":0,"victory":false,"max_hp_per_floor":[65,65,65,65,65,65,65,65,65,65,65,65,65,65,65,65,65,65,65,65,65,65,65,65,65,65,65,65,65,65,65,65,65,65,65,65,65,65,65,65,65,65],"relic_stats":{"Happy Flower":[26],"Gremlin Horn":[11,11],"counters":[20,98],"Golden Idol":112,"Pen Nib":[9],"obtain_stats":[{"Happy Flower":7,"Gremlin Horn":9,"Chronometer":0,"Golden Idol":4,"MutagenicStrength":31,"Pen Nib":12,"aspiration:Stabinomicon":20,"Coffee Dripper":34,"Empty Cage":17,"aspiration:DSix":28,"aspiration:FrozenJewel":26,"IceCream?":11},{"Happy Flower":4,"Gremlin Horn":5,"Chronometer":0,"Golden Idol":3,"MutagenicStrength":14,"Pen Nib":5,"aspiration:Stabinomicon":9,"Coffee Dripper":15,"Empty Cage":7,"aspiration:DSix":13,"aspiration:FrozenJewel":12,"IceCream?":5},{"Happy Flower":18,"Gremlin Horn":22,"Chronometer":0,"Golden Idol":14,"MutagenicStrength":78,"Pen Nib":22,"aspiration:Stabinomicon":49,"Coffee Dripper":81,"Empty Cage":37,"aspiration:DSix":75,"aspiration:FrozenJewel":71,"IceCream?":22}]},"card_choices":[{"not_picked":["HandsUpB","TiringSlam","Echoward"],"picked":"SKIP","floor":1},{"not_picked":["HandsUpB","BiteCommand"],"picked":"Accruing","floor":2},{"not_picked":["LockedScales","AlternateTimeline"],"picked":"LockedLightning","floor":3},{"not_picked":["TiringSlam","WindUp"],"picked":"OldTimer","floor":7},{"not_picked":["WindUp","LockedMedicine"],"picked":"HandsUpC","floor":8},{"not_picked":["Tempo","AlternateTimeline"],"picked":"Echoward","floor":14},{"not_picked":["Chronoelasticity","Fragmentalize"],"picked":"LockedCalendar","floor":16},{"not_picked":["HandsUpB","LockedScales"],"picked":"LockedBlood+1","floor":18},{"not_picked":["ReapSow","Keepsakes","Engulf+1"],"picked":"SKIP","floor":19},{"not_picked":["HandsUpC","Tempo+1"],"picked":"CrunchTime+1","floor":22},{"not_picked":["AlternateTimeline","ExoVibe+1","Keepsakes"],"picked":"SKIP","floor":24},{"not_picked":["LockedScales","WindUp"],"picked":"Fragmentalize","floor":25},{"not_picked":["AlternateTimeline","HandsUpC+1"],"picked":"LockedWhetstone","floor":28},{"not_picked":["Tempo","BlueShift"],"picked":"LockedScales","floor":29},{"not_picked":["BackFourSeconds","OverTime"],"picked":"LockedCalendar","floor":33},{"not_picked":["Echoward+1","Parity","PrimeTime+1"],"picked":"SKIP","floor":35},{"not_picked":["LockedTurtyl+1","VestedLegacy"],"picked":"BlueShift+1","floor":36},{"not_picked":["Echoward+1","HandsUpC+1"],"picked":"BlueShift+1","floor":38},{"not_picked":["WakeUpCall+1","Backlash"],"picked":"LockedMedicine+1","floor":39}],"player_experience":1002732,"relics_obtained":[{"floor":7,"key":"Happy Flower"},{"floor":9,"key":"Gremlin Horn"},{"floor":12,"key":"Pen Nib"},{"floor":20,"key":"aspiration:Stabinomicon"},{"floor":26,"key":"aspiration:FrozenJewel"},{"floor":28,"key":"aspiration:DSix"}],"event_choices":[{"damage_healed":0,"gold_gain":0,"player_choice":"Take Damage","damage_taken":16,"relics_obtained":["Golden Idol"],"max_hp_gain":0,"max_hp_loss":0,"event_name":"Golden Idol","floor":4,"gold_loss":0},{"damage_healed":0,"gold_gain":75,"player_choice":"Gold","damage_taken":11,"max_hp_gain":0,"max_hp_loss":0,"event_name":"betterThird:BetterGoop","floor":5,"gold_loss":0},{"damage_healed":0,"gold_gain":0,"player_choice":"Obtained Book","damage_taken":16,"max_hp_gain":0,"max_hp_loss":0,"event_name":"Cursed Tome","floor":20,"gold_loss":0},{"damage_healed":0,"gold_gain":0,"player_choice":"Simplicity","damage_taken":0,"max_hp_gain":0,"max_hp_loss":6,"event_name":"betterThird:BetterWriting","floor":21,"gold_loss":0},{"damage_healed":0,"gold_gain":0,"player_choice":"Inject Mutagens","damage_taken":0,"relics_obtained":["MutagenicStrength"],"max_hp_gain":0,"max_hp_loss":0,"event_name":"Drug Dealer","floor":31,"gold_loss":0},{"damage_healed":0,"gold_gain":0,"player_choice":"1 cards matched","damage_taken":0,"max_hp_gain":0,"max_hp_loss":0,"event_name":"Match and Keep!","floor":37,"gold_loss":0,"cards_obtained":["Flay"]}],"is_beta":false,"boss_relics":[{"not_picked":["aspiration:PoetsPen_weak","aspiration:FutureDiary"],"picked":"Empty Cage"},{"not_picked":["aspiration:RandomNobGenerator","SacredBark"],"picked":"Coffee Dripper"}],"items_purged_floors":[],"is_endless":false,"potions_floor_spawned":[3,8,14,16,18,22,25,36],"killed_by":"Spire Growth","ascension_level":0}}