{"host":"sum4dy402bbv9y4o","time":1610904065,"event":{"mods":["Aspiration","BaseMod","Conspire","Highlight Path","Minty Spire (QoL Compilation)","StSLib"],"gold_per_floor":[117,42,62,62,72,29,63,11,38,38,38,66,66,96,96,96,96],"floor_reached":16,"language":"ENG","playtime":333,"items_purged":["Strike_R"],"score":332,"play_id":"9db83031-3443-4e32-ad78-6ebab24534b0","local_time":"20210117202105","is_ascension_mode":true,"campfire_choices":[{"data":"Uppercut","floor":11,"key":"SMITH"},{"data":"aspiration:Lunge","floor":15,"key":"SMITH"}],"circlet_count":0,"master_deck":["AscendersBane","Strike_R","Defend_R","Defend_R","Bash","Rampage","Shrug It Off","Seeing Red","Uppercut+1","True Grit","aspiration:Lunge+1","Die Die Die","Bullet Time","Twin Strike","Disarm"],"relics":["Burning Blood","NeowsBlessing","Lantern","PreservedInsect","Ice Cream","Bag of Preparation"],"acts_visited":["Exordium"],"potions_floor_usage":[12,16],"damage_taken":[{"damage":0,"enemies":"2 Louse","floor":1,"turns":1},{"damage":0,"enemies":"Cultist","floor":3,"turns":1},{"damage":0,"enemies":"Jaw Worm","floor":5,"turns":1},{"damage":40,"enemies":"Lagavulin","floor":7,"turns":8},{"damage":0,"enemies":"3 Sentries","floor":12,"turns":2},{"damage":0,"enemies":"Gremlin Nob","floor":14,"turns":2},{"damage":58,"enemies":"Slime Boss","floor":16,"turns":8}],"seed_played":"3124676820748224672","potions_obtained":[{"floor":1,"key":"SneckoOil"},{"floor":14,"key":"Weak Potion"}],"is_trial":false,"path_per_floor":["M","$","M","?","M","$","E","$","T","?","R","E","?","E","R","B"],"character_chosen":"IRONCLAD","items_purchased":["Seeing Red","True Grit"],"campfire_rested":0,"item_purchase_floors":[6,8],"current_hp_per_floor":[74,74,75,75,75,75,41,41,41,41,41,47,47,53,53,0,0],"gold":96,"neow_bonus":"THREE_ENEMY_KILL","is_daily":false,"chose_seed":false,"campfire_upgraded":2,"win_rate":0.0,"timestamp":1610904065,"path_taken":["M","$","M","?","?","$","E","?","T","?","R","E","?","E","R","BOSS"],"items_purchased_type":["Card","Card"],"build_version":"2020-12-22","purchased_purges":1,"victory":false,"max_hp_per_floor":[75,75,75,75,75,75,75,75,75,75,75,75,75,75,75,75,75],"card_choices":[{"not_picked":["Thunderclap","Dual Wield"],"picked":"Rampage","floor":1},{"not_picked":["Clothesline","Wild Strike"],"picked":"Shrug It Off","floor":3},{"not_picked":["Heavy Blade","Fire Breathing","Sword Boomerang"],"picked":"SKIP","floor":5},{"not_picked":["Sword Boomerang","Sentinel"],"picked":"Uppercut","floor":7},{"not_picked":["Bloodletting","Iron Wave"],"picked":"Twin Strike","floor":12},{"not_picked":["Clash","Armaments"],"picked":"Disarm","floor":14}],"player_experience":2950614,"relics_obtained":[{"floor":7,"key":"Lantern"},{"floor":9,"key":"PreservedInsect"},{"floor":12,"key":"Ice Cream"},{"floor":14,"key":"Bag of Preparation"}],"event_choices":[{"cards_removed":["Defend_R"],"damage_healed":0,"gold_gain":0,"player_choice":"Purged","damage_taken":0,"max_hp_gain":0,"max_hp_loss":0,"event_name":"Purifier","floor":4,"gold_loss":0},{"cards_removed":["Strike_R"],"damage_healed":0,"gold_gain":0,"player_choice":"Offered Basic","damage_taken":0,"max_hp_gain":0,"max_hp_loss":0,"event_name":"Bonfire Elementals","floor":13,"gold_loss":0}],"is_beta":false,"boss_relics":[],"items_purged_floors":[2],"is_endless":false,"potions_floor_spawned":[1,14],"killed_by":"Slime Boss","ascension_level":20}}