{"host":"8zow35rkxv448q2r","time":1610898402,"event":{"mods":["AchievementEnabler","BaseMod","Colored Map","Colored Powertips","Minty Spire (QoL Compilation)","Relic Stats"],"gold_per_floor":[114,999235,999235,998302,998315,998344,998354,998386,998411,985416,985416,985435,985435,985435,985435,985540,985612,985630,985647,985672,985672,985461,985461,985496,985496,985496,985496,985421,985166,985186,985201,985201,985310,985310,985320,985372,985381,985381,970703,970726,970763,970781,970781,970792,970812,970596,970623,970623,970623,970623,970623,970623,970321,970354,970354],"floor_reached":56,"language":"ENG","playtime":3365,"items_purged":["Meditate+1","Brilliance+1","Wireheading+1","WaveOfTheHand+1"],"score":1730,"play_id":"07749dde-8cce-439c-bde7-790170b081ae","local_time":"20210117104642","is_ascension_mode":true,"campfire_choices":[{"floor":13,"key":"RECALL"},{"floor":15,"key":"DIG"},{"data":"Bandage Up","floor":23,"key":"SMITH"},{"data":"ReachHeaven","floor":25,"key":"SMITH"},{"data":"Eruption","floor":27,"key":"SMITH"},{"data":"SandsOfTime","floor":32,"key":"SMITH"},{"data":"DeceiveReality","floor":49,"key":"SMITH"},{"data":"JustLucky","floor":52,"key":"SMITH"}],"circlet_count":57,"master_deck":["Eruption+1","Vigilance","JustLucky+1","DeceiveReality+1","ReachHeaven+1","Apotheosis+1","Bandage Up+1","PathToVictory+1","SandsOfTime+1","Wish+1","Omniscience+1","EmptyMind+1","CrushJoints+1","SashWhip+1","PathToVictory+1","ForeignInfluence+1","DevaForm+1","Omniscience+1","Fasting2+1","Ragnarok+1","Consecrate+1","DevaForm+1"],"relics":["Black Star","Incense Burner","Sundial","Lee\u0027s Waffle","Lantern","ClockworkSouvenir","Shovel","Anchor","War Paint","The Courier","CaptainsWheel","Bag of Preparation","CeramicFish","Juzu Bracelet","Toy Ornithopter","Omamori","Potion Belt","White Beast Statue","Mummified Hand","Art of War","MealTicket","Meat on the Bone","Pen Nib","TungstenRod","Tiny Chest","HornCleat","Oddly Smooth Stone","Gambling Chip","Kunai","Bottled Lightning","Bag of Marbles","Darkstone Periapt","Thread and Needle","Gremlin Horn","Strawberry","Akabeko","PreservedInsect","Regal Pillow","Question Card","Yang","Matryoshka","Unceasing Top","Prayer Wheel","Dead Branch","Lizard Tail","Centennial Puzzle","Blood Vial","Blue Candle","Nunchaku","Damaru","Ancient Tea Set","Mercury Hourglass","WingedGreaves","Dream Catcher","Orichalcum","GoldenEye","Du-Vu Doll","Bronze Scales","Peace Pipe","Ginger","Boot","Vajra","Letter Opener","Cauldron","Happy Flower","Singing Bowl","Toxic Egg 2","Ornamental Fan","Frozen Egg 2","Shuriken","Molten Egg 2","FossilizedHelix","InkBottle","Pantograph","Eternal Feather","Pear","Bird Faced Urn","Mango","Ice Cream","Pocketwatch","StoneCalendar","Turnip","Calipers","Torii","Circlet","Pandora\u0027s Box","Red Mask","Strange Spoon","OrangePellets","Coffee Dripper","TheAbacus","Chemical X","DollysMirror"],"acts_visited":["Exordium","TheCity","TheBeyond","TheEnding"],"potions_floor_usage":[16,33,33,33,39,50,55,55],"damage_taken":[{"damage":12.0,"enemies":"2 Louse","floor":1.0,"turns":2.0},{"damage":0.0,"enemies":"Cultist","floor":5.0,"turns":3.0},{"damage":32.0,"enemies":"Gremlin Nob","floor":6.0,"turns":3.0},{"damage":8.0,"enemies":"Small Slimes","floor":7.0,"turns":4.0},{"damage":0.0,"enemies":"3 Sentries","floor":8.0,"turns":4.0},{"damage":0,"enemies":"2 Fungi Beasts","floor":12,"turns":2},{"damage":0,"enemies":"Hexaghost","floor":16,"turns":1},{"damage":0,"enemies":"3 Byrds","floor":18,"turns":2},{"damage":0,"enemies":"Spheric Guardian","floor":19,"turns":1},{"damage":0,"enemies":"Masked Bandits","floor":20,"turns":1},{"damage":0,"enemies":"Book of Stabbing","floor":24,"turns":2},{"damage":0,"enemies":"3 Cultists","floor":30,"turns":1},{"damage":0,"enemies":"Centurion and Healer","floor":31,"turns":4},{"damage":0,"enemies":"Champ","floor":33,"turns":4},{"damage":0,"enemies":"Orb Walker","floor":35,"turns":2},{"damage":0,"enemies":"2 Orb Walkers","floor":36,"turns":3},{"damage":0,"enemies":"3 Shapes","floor":40,"turns":1},{"damage":0,"enemies":"Transient","floor":41,"turns":5},{"damage":0,"enemies":"Jaw Worm Horde","floor":42,"turns":2},{"damage":0,"enemies":"Sphere and 2 Shapes","floor":44,"turns":1},{"damage":0,"enemies":"Writhing Mass","floor":45,"turns":3},{"damage":0,"enemies":"Reptomancer","floor":47,"turns":1},{"damage":0,"enemies":"Donu and Deca","floor":50,"turns":3},{"damage":12,"enemies":"Shield and Spear","floor":54,"turns":3},{"damage":0,"enemies":"The Heart","floor":55,"turns":4}],"seed_played":"-807062759230036764","potions_obtained":[{"floor":1.0,"key":"EntropicBrew"},{"floor":7.0,"key":"Explosive Potion"},{"floor":8.0,"key":"DuplicationPotion"},{"floor":10,"key":"CultistPotion"},{"floor":10,"key":"PowerPotion"},{"floor":10,"key":"Energy Potion"},{"floor":16,"key":"FairyPotion"},{"floor":18,"key":"BottledMiracle"},{"floor":19,"key":"CultistPotion"},{"floor":33,"key":"BlessingOfTheForge"},{"floor":44,"key":"DistilledChaos"}],"is_trial":false,"path_per_floor":["M","$","?","$","M","E","M","E","T","$","?","M","R","?","R","B",null,"M","M","?","T","$","R","E","R","T","R","?","$","M","M","R","B",null,"M","?","?","T","$","M","M","M","T","M","M","$","E","?","R","B",null,"R","$","E","B",null],"character_chosen":"WATCHER","items_purchased":["DeceiveReality","Incense Burner","Sundial","Lee\u0027s Waffle","ReachHeaven","Apotheosis","Bandage Up","ClockworkSouvenir","Shovel","DistilledChaos","Anchor","Juzu Bracelet","Toy Ornithopter","Omamori","Potion Belt","White Beast Statue","Mummified Hand","Art of War","MealTicket","Meat on the Bone","Pen Nib","TungstenRod","Tiny Chest","HornCleat","Oddly Smooth Stone","Gambling Chip","Kunai","Bottled Lightning","Bag of Marbles","Darkstone Periapt","Thread and Needle","Gremlin Horn","Strawberry","Akabeko","PreservedInsect","Regal Pillow","Question Card","Yang","Matryoshka","Unceasing Top","Prayer Wheel","Dead Branch","Lizard Tail","Centennial Puzzle","Blood Vial","Blue Candle","Nunchaku","Damaru","Ancient Tea Set","Mercury Hourglass","WingedGreaves","Dream Catcher","Orichalcum","GoldenEye","Du-Vu Doll","Bronze Scales","Peace Pipe","Ginger","Boot","Vajra","Letter Opener","Cauldron","Happy Flower","Singing Bowl","Toxic Egg 2","Ornamental Fan","Frozen Egg 2","Shuriken","Molten Egg 2","FossilizedHelix","InkBottle","Pantograph","Eternal Feather","Pear","Bird Faced Urn","Mango","Ice Cream","Pocketwatch","StoneCalendar","Turnip","Calipers","Torii","Strange Spoon","PathToVictory+1","OrangePellets","ForeignInfluence+1","TheAbacus","Circlet","Circlet","EntropicBrew","DistilledChaos","Circlet","Circlet","Circlet","Circlet","Circlet","Circlet","Circlet","Circlet","Circlet","Circlet","Circlet","Circlet","Circlet","Circlet","Circlet","Circlet","Circlet","Circlet","Circlet","Circlet","Circlet","Circlet","Circlet","Circlet","Circlet","Circlet","Circlet","Circlet","Circlet","Circlet","Circlet","Circlet","Circlet","Circlet","Circlet","Circlet","Circlet","Circlet","Circlet","Circlet","Circlet","Circlet","Circlet","Chemical X","DollysMirror","FairyPotion"],"campfire_rested":0,"item_purchase_floors":[2,2,2,2,2,4,4,4,4,4,4,10,10,10,10,10,10,10,10,10,10,10,10,10,10,10,10,10,10,10,10,10,10,10,10,10,10,10,10,10,10,10,10,10,10,10,10,10,10,10,10,10,10,10,10,10,10,10,10,10,10,10,10,10,10,10,10,10,10,10,10,10,10,10,10,10,10,10,10,10,10,10,22,22,29,29,39,39,39,39,39,39,39,39,39,39,39,39,39,39,39,39,39,39,39,39,39,39,39,39,39,39,39,39,39,39,39,39,39,39,39,39,39,39,39,39,39,39,39,39,39,39,39,39,46,53,53],"current_hp_per_floor":[60,79,79,79,79,47,45,63,63,94,94,106,114,114,114,114,114,118,122,124,124,124,124,126,126,126,126,126,126,130,134,134,134,134,138,140,140,140,140,142,142,146,146,150,154,154,156,148,148,148,148,148,148,142,150],"gold":970354,"neow_bonus":"BOSS_RELIC","is_daily":false,"chose_seed":false,"campfire_upgraded":6,"win_rate":0.0,"timestamp":1610898402,"path_taken":["M","$","?","$","M","E","M","E","T","?","?","M","R","?","R","BOSS","M","M","?","?","$","R","E","R","T","R","?","$","M","M","R","BOSS","M","?","?","?","$","M","M","M","T","M","M","$","E","?","R","BOSS","R","$","E","BOSS"],"items_purchased_type":["Card","Relic","Relic","Relic","Card","Card","Card","Relic","Relic","Potion","Relic","Relic","Relic","Relic","Relic","Relic","Relic","Relic","Relic","Relic","Relic","Relic","Relic","Relic","Relic","Relic","Relic","Relic","Relic","Relic","Relic","Relic","Relic","Relic","Relic","Relic","Relic","Relic","Relic","Relic","Relic","Relic","Relic","Relic","Relic","Relic","Relic","Relic","Relic","Relic","Relic","Relic","Relic","Relic","Relic","Relic","Relic","Relic","Relic","Relic","Relic","Relic","Relic","Relic","Relic","Relic","Relic","Relic","Relic","Relic","Relic","Relic","Relic","Relic","Relic","Relic","Relic","Relic","Relic","Relic","Relic","Relic","Relic","Card","Relic","Card","Relic","Undefined","Undefined","Potion","Potion","Undefined","Undefined","Undefined","Undefined","Undefined","Undefined","Undefined","Undefined","Undefined","Undefined","Undefined","Undefined","Undefined","Undefined","Undefined","Undefined","Undefined","Undefined","Undefined","Undefined","Undefined","Undefined","Undefined","Undefined","Undefined","Undefined","Undefined","Undefined","Undefined","Undefined","Undefined","Undefined","Undefined","Undefined","Undefined","Undefined","Undefined","Undefined","Undefined","Undefined","Undefined","Undefined","Undefined","Relic","Relic","Potion"],"build_version":"2020-12-22","purchased_purges":4,"victory":true,"max_hp_per_floor":[72,79,79,79,79,79,79,79,79,110,110,114,114,114,114,114,114,118,122,124,124,124,124,126,126,126,126,126,126,130,134,134,134,134,138,140,140,140,140,142,142,146,146,150,154,154,156,148,148,148,148,148,148,150,150],"relic_stats":{"Gremlin Horn":[17,17],"CeramicFish":153,"Ginger":[2],"Boot":[1],"Blood Vial":2,"Lizard Tail":0,"Centennial Puzzle":[3],"Sundial":[6],"MealTicket":0,"Prayer Wheel":11,"Kunai":[24],"Happy Flower":[15],"counters":[25,61],"Dead Branch":[47],"Blue Candle":[0],"Eternal Feather":8,"Pen Nib":[11],"Letter Opener":[184],"War Paint":["PathToVictory","Defend_P"],"Question Card":30,"OrangePellets":[18],"Shuriken":[24],"Bronze Scales":[150],"Bird Faced Urn":[4],"Pandora\u0027s Box":["Brilliance","Omniscience","Wireheading","EmptyMind","Meditate","WaveOfTheHand","CrushJoints","SashWhip"],"Black Star":5,"obtain_stats":[{"Ice Cream":10,"Calipers":10,"Gremlin Horn":10,"CeramicFish":9,"Vajra":10,"Ginger":10,"Boot":10,"Blood Vial":10,"Lizard Tail":10,"Centennial Puzzle":10,"HornCleat":10,"Sundial":2,"DollysMirror":53,"Strawberry":10,"MealTicket":10,"Prayer Wheel":10,"Kunai":10,"Toxic Egg 2":10,"Pear":10,"Happy Flower":10,"Dead Branch":10,"Blue Candle":10,"Oddly Smooth Stone":10,"Eternal Feather":10,"Pen Nib":10,"Letter Opener":10,"War Paint":6,"Question Card":10,"Akabeko":10,"Du-Vu Doll":10,"OrangePellets":29,"Shuriken":10,"Bronze Scales":10,"Bird Faced Urn":10,"Molten Egg 2":10,"Pandora\u0027s Box":17,"Black Star":0,"Unceasing Top":10,"Meat on the Bone":10,"Pocketwatch":10,"Darkstone Periapt":10,"Lantern":3,"Regal Pillow":10,"Singing Bowl":10,"Torii":10,"Yang":10,"Mango":10,"StoneCalendar":10,"Incense Burner":2,"Bag of Preparation":8,"Juzu Bracelet":10,"Ancient Tea Set":10,"ClockworkSouvenir":4,"Nunchaku":10,"Dream Catcher":10,"Shovel":4,"Matryoshka":10,"TheAbacus":39,"Mummified Hand":10,"Gambling Chip":10,"Pantograph":10,"Tiny Chest":10,"WingedGreaves":10,"Red Mask":20,"Chemical X":46,"InkBottle":10,"Potion Belt":10,"Lee\u0027s Waffle":2,"Damaru":10,"Circlet":15,"Thread and Needle":10,"The Courier":6,"PreservedInsect":10,"Omamori":10,"Orichalcum":10,"Frozen Egg 2":10,"GoldenEye":10,"White Beast Statue":10,"Mercury Hourglass":10,"Peace Pipe":10,"Cauldron":10,"Strange Spoon":22,"Anchor":4,"CaptainsWheel":8,"Ornamental Fan":10,"Turnip":10,"Art of War":10,"Bag of Marbles":10,"Coffee Dripper":34,"Bottled Lightning":10,"PureWater":0,"Toy Ornithopter":10,"TungstenRod":10,"FossilizedHelix":10},{"Ice Cream":5,"Calipers":5,"Gremlin Horn":5,"CeramicFish":5,"Vajra":5,"Ginger":5,"Boot":5,"Blood Vial":5,"Lizard Tail":5,"Centennial Puzzle":5,"HornCleat":5,"Sundial":1,"DollysMirror":23,"Strawberry":5,"MealTicket":5,"Prayer Wheel":5,"Kunai":5,"Toxic Egg 2":5,"Pear":5,"Happy Flower":5,"Dead Branch":5,"Blue Candle":5,"Oddly Smooth Stone":5,"Eternal Feather":5,"Pen Nib":5,"Letter Opener":5,"War Paint":3,"Question Card":5,"Akabeko":5,"Du-Vu Doll":5,"OrangePellets":11,"Shuriken":5,"Bronze Scales":5,"Bird Faced Urn":5,"Molten Egg 2":5,"Pandora\u0027s Box":7,"Black Star":0,"Unceasing Top":5,"Meat on the Bone":5,"Pocketwatch":5,"Darkstone Periapt":5,"Lantern":1,"Regal Pillow":5,"Singing Bowl":5,"Torii":5,"Yang":5,"Mango":5,"StoneCalendar":5,"Incense Burner":1,"Bag of Preparation":5,"Juzu Bracelet":5,"Ancient Tea Set":5,"ClockworkSouvenir":1,"Nunchaku":5,"Dream Catcher":5,"Shovel":1,"Matryoshka":5,"TheAbacus":16,"Mummified Hand":5,"Gambling Chip":5,"Pantograph":5,"Tiny Chest":5,"WingedGreaves":5,"Red Mask":10,"Chemical X":21,"InkBottle":5,"Potion Belt":5,"Lee\u0027s Waffle":1,"Damaru":5,"Circlet":6,"Thread and Needle":5,"The Courier":3,"PreservedInsect":5,"Omamori":5,"Orichalcum":5,"Frozen Egg 2":5,"GoldenEye":5,"White Beast Statue":5,"Mercury Hourglass":5,"Peace Pipe":5,"Cauldron":5,"Strange Spoon":10,"Anchor":1,"CaptainsWheel":5,"Ornamental Fan":5,"Turnip":5,"Art of War":5,"Bag of Marbles":5,"Coffee Dripper":14,"Bottled Lightning":5,"PureWater":0,"Toy Ornithopter":5,"TungstenRod":5,"FossilizedHelix":5},{"Ice Cream":16,"Calipers":16,"Gremlin Horn":16,"CeramicFish":16,"Vajra":16,"Ginger":16,"Boot":16,"Blood Vial":16,"Lizard Tail":16,"Centennial Puzzle":16,"HornCleat":16,"Sundial":2,"DollysMirror":54,"Strawberry":16,"MealTicket":16,"Prayer Wheel":16,"Kunai":16,"Toxic Egg 2":16,"Pear":16,"Happy Flower":16,"Dead Branch":16,"Blue Candle":16,"Oddly Smooth Stone":16,"Eternal Feather":16,"Pen Nib":16,"Letter Opener":16,"War Paint":8,"Question Card":16,"Akabeko":16,"Du-Vu Doll":16,"OrangePellets":24,"Shuriken":16,"Bronze Scales":16,"Bird Faced Urn":16,"Molten Egg 2":16,"Pandora\u0027s Box":19,"Black Star":0,"Unceasing Top":16,"Meat on the Bone":16,"Pocketwatch":16,"Darkstone Periapt":16,"Lantern":2,"Regal Pillow":16,"Singing Bowl":16,"Torii":16,"Yang":16,"Mango":16,"StoneCalendar":16,"Incense Burner":2,"Bag of Preparation":16,"Juzu Bracelet":16,"Ancient Tea Set":16,"ClockworkSouvenir":2,"Nunchaku":16,"Dream Catcher":16,"Shovel":2,"Matryoshka":16,"TheAbacus":38,"Mummified Hand":16,"Gambling Chip":16,"Pantograph":16,"Tiny Chest":16,"WingedGreaves":16,"Red Mask":23,"Chemical X":50,"InkBottle":16,"Potion Belt":16,"Lee\u0027s Waffle":2,"Damaru":16,"Circlet":18,"Thread and Needle":16,"The Courier":8,"PreservedInsect":16,"Omamori":16,"Orichalcum":16,"Frozen Egg 2":16,"GoldenEye":16,"White Beast Statue":16,"Mercury Hourglass":16,"Peace Pipe":16,"Cauldron":16,"Strange Spoon":23,"Anchor":2,"CaptainsWheel":16,"Ornamental Fan":16,"Turnip":16,"Art of War":16,"Bag of Marbles":16,"Coffee Dripper":33,"Bottled Lightning":16,"PureWater":0,"Toy Ornithopter":16,"TungstenRod":16,"FossilizedHelix":16}],"Unceasing Top":[0],"Meat on the Bone":0,"Pocketwatch":[15],"Darkstone Periapt":0,"Regal Pillow":0,"Singing Bowl":48,"Torii":0,"Yang":[115],"StoneCalendar":[0],"Bag of Preparation":[40],"Juzu Bracelet":1,"Nunchaku":[11],"Dream Catcher":0,"Shovel":1,"TheAbacus":[18],"Mummified Hand":[46],"Gambling Chip":[12],"Pantograph":8,"Tiny Chest":2,"Chemical X":[1],"InkBottle":[24],"Lee\u0027s Waffle":19,"PreservedInsect":178,"Orichalcum":[6],"GoldenEye":[38],"Mercury Hourglass":[190],"Peace Pipe":0,"Strange Spoon":[44],"Ornamental Fan":[96],"Turnip":[6],"Art of War":[4],"Toy Ornithopter":0,"TungstenRod":2},"card_choices":[{"not_picked":["CarveReality","Evaluate"],"picked":"JustLucky","floor":1.0},{"not_picked":["CrushJoints","Vault"],"picked":"PathToVictory","floor":5.0},{"not_picked":["ReachHeaven","SpiritShield"],"picked":"SandsOfTime","floor":6.0},{"not_picked":["CarveReality","Evaluate"],"picked":"BattleHymn","floor":7.0},{"not_picked":["SignatureMove","Perseverance","ClearTheMind"],"picked":"SKIP","floor":8.0},{"not_picked":["CutThroughFate+1","WheelKick+1","Vengeance+1","LikeWater+1"],"picked":"Singing Bowl","floor":12},{"not_picked":["Sanctity+1","Evaluate+1","Adaptation+1","ReachHeaven+1"],"picked":"Singing Bowl","floor":12},{"not_picked":["ConjureBlade+1","Scrawl+1","DeusExMachina+1"],"picked":"Wish+1","floor":16},{"not_picked":["BowlingBash+1","Meditate+1","WindmillStrike+1","Evaluate+1"],"picked":"Singing Bowl","floor":18},{"not_picked":["WreathOfFlame+1","FollowUp+1","Sanctity+1","Swivel+1"],"picked":"Singing Bowl","floor":18},{"not_picked":["SashWhip+1","CutThroughFate+1","Tantrum+1","Nirvana+1"],"picked":"Singing Bowl","floor":19},{"not_picked":["Weave+1","ThirdEye+1","FlyingSleeves+1","ReachHeaven+1"],"picked":"Singing Bowl","floor":19},{"not_picked":["SignatureMove+1","Study+1","Collect+1","Fasting2+1"],"picked":"Singing Bowl","floor":20},{"not_picked":["SashWhip+1","Meditate+1","Halt+1","BowlingBash+1"],"picked":"Singing Bowl","floor":24},{"not_picked":["ThirdEye+1","Protect+1","JustLucky+1","CrushJoints+1"],"picked":"Singing Bowl","floor":30},{"not_picked":["Conclude+1","Adaptation+1","FollowUp+1","ClearTheMind+1"],"picked":"Singing Bowl","floor":30},{"not_picked":["Perseverance+1","CarveReality+1","BowlingBash+1","BattleHymn+1"],"picked":"Singing Bowl","floor":31},{"not_picked":["Swivel+1","ForeignInfluence+1","SashWhip+1","EmptyBody+1"],"picked":"Singing Bowl","floor":31},{"not_picked":["Brilliance+1","LessonLearned+1","Wish+1"],"picked":"DevaForm+1","floor":33},{"not_picked":["Crescendo+1","CutThroughFate+1","FollowUp+1","EmptyBody+1"],"picked":"Singing Bowl","floor":35},{"not_picked":["ClearTheMind+1","Swivel+1","EmptyFist+1","BattleHymn+1"],"picked":"Singing Bowl","floor":35},{"not_picked":["Halt+1","ThirdEye+1","CrushJoints+1","Crescendo+1"],"picked":"Singing Bowl","floor":36},{"not_picked":["Halt+1","Protect+1","EmptyFist+1","Nirvana+1"],"picked":"Singing Bowl","floor":40},{"not_picked":["LikeWater+1","SashWhip+1","Collect+1"],"picked":"Fasting2+1","floor":40},{"not_picked":["Protect+1","Crescendo+1","EmptyFist+1"],"picked":"Ragnarok+1","floor":41},{"not_picked":["Worship+1","Swivel+1","EmptyFist+1"],"picked":"Consecrate+1","floor":41},{"not_picked":["ThirdEye+1","Prostrate+1","ReachHeaven+1","EmptyBody+1"],"picked":"Singing Bowl","floor":42},{"not_picked":["EmptyFist+1","CrushJoints+1","LessonLearned+1","Protect+1"],"picked":"Singing Bowl","floor":42},{"not_picked":["Fasting2+1","ThirdEye+1","ClearTheMind+1","Crescendo+1"],"picked":"Singing Bowl","floor":44},{"not_picked":["FearNoEvil+1","WindmillStrike+1","ClearTheMind+1","EmptyBody+1"],"picked":"Singing Bowl","floor":44},{"not_picked":["SignatureMove+1","Adaptation+1","EmptyFist+1","FlurryOfBlows+1"],"picked":"Singing Bowl","floor":45},{"not_picked":["Consecrate+1","Prostrate+1","Evaluate+1","Crescendo+1"],"picked":"Singing Bowl","floor":45},{"not_picked":["Brilliance+1","CutThroughFate+1","Evaluate+1","Consecrate+1"],"picked":"Singing Bowl","floor":47},{"not_picked":["Nirvana+1","Evaluate+1","CutThroughFate+1","EmptyBody+1"],"picked":"Singing Bowl","floor":54}],"player_experience":162092,"relics_obtained":[{"floor":6.0,"key":"War Paint"},{"floor":6.0,"key":"The Courier"},{"floor":8.0,"key":"CaptainsWheel"},{"floor":8.0,"key":"Bag of Preparation"},{"floor":9.0,"key":"CeramicFish"},{"floor":15,"key":"Circlet"},{"floor":20,"key":"Red Mask"},{"floor":24,"key":"Circlet"},{"floor":24,"key":"Circlet"},{"floor":26,"key":"Circlet"},{"floor":26,"key":"Circlet"},{"floor":36,"key":"Circlet"},{"floor":38,"key":"Circlet"},{"floor":43,"key":"Circlet"},{"floor":47,"key":"Circlet"},{"floor":47,"key":"Circlet"},{"floor":54,"key":"Circlet"},{"floor":54,"key":"Circlet"}],"event_choices":[{"damage_healed":0.0,"max_hp_gain":0.0,"max_hp_loss":0.0,"gold_gain":0.0,"event_name":"WeMeetAgain","player_choice":"Gave Potion","floor":3.0,"gold_loss":0.0,"damage_taken":0.0,"relics_obtained":["Lantern"]},{"damage_healed":0,"gold_gain":0,"player_choice":"Grow","damage_taken":0,"max_hp_gain":0,"max_hp_loss":0,"event_name":"Living Wall","floor":11,"gold_loss":0,"cards_upgraded":["Apotheosis"]},{"damage_healed":0,"gold_gain":0,"player_choice":"Searched \u00270\u0027 times","damage_taken":0,"max_hp_gain":0,"max_hp_loss":0,"event_name":"Dead Adventurer","floor":14,"gold_loss":0},{"damage_healed":0,"gold_gain":0,"player_choice":"Fought Bandits","damage_taken":0,"max_hp_gain":0,"max_hp_loss":0,"event_name":"Masked Bandits","floor":20,"gold_loss":0},{"cards_removed":["BattleHymn"],"damage_healed":0,"gold_gain":0,"player_choice":"Gave Gold","damage_taken":0,"max_hp_gain":0,"max_hp_loss":0,"event_name":"Beggar","floor":28,"gold_loss":75},{"damage_healed":0,"gold_gain":0,"player_choice":"Fight","damage_taken":0,"max_hp_gain":0,"max_hp_loss":0,"event_name":"Mysterious Sphere","floor":36,"gold_loss":0},{"damage_healed":0,"gold_gain":0,"player_choice":"Copied","damage_taken":0,"max_hp_gain":0,"max_hp_loss":0,"event_name":"Duplicator","floor":37,"gold_loss":0,"cards_obtained":["Omniscience"]},{"damage_healed":0,"gold_gain":0,"player_choice":"Max HP","damage_taken":0,"max_hp_gain":0,"max_hp_loss":8,"event_name":"Winding Halls","floor":48,"gold_loss":0}],"is_beta":false,"boss_relics":[{"not_picked":["Empty Cage","SacredBark"],"picked":"Pandora\u0027s Box"},{"not_picked":["Runic Dome","Sozu"],"picked":"Coffee Dripper"}],"items_purged_floors":[22,29,46,53],"is_endless":false,"potions_floor_spawned":[1,5,7,8,12,16,18,19,20,24,30,31,33,35,36,40,41,42,44,45,47,54],"ascension_level":3}}