{"host":"fjnjuohsz43l8o15","time":1610881033,"event":{"mods":["2.2 Compatiblity","Act Like it!","BaseMod","Downfall","Friendly Minions","Minty Spire (QoL Compilation)","StSLib"],"gold_per_floor":[99,109,127,137,155,155,155,155,55,68,82,82,92,92,103,103,103],"floor_reached":16,"language":"ENG","playtime":743,"items_purged":[],"score":96,"play_id":"378c1323-cb2f-494d-a398-81bef8e13fc4","local_time":"20210117105713","is_ascension_mode":false,"campfire_choices":[{"floor":1.0,"key":"RECALL"},{"floor":9.0,"key":"REST"},{"floor":12,"key":"REST"}],"circlet_count":0,"master_deck":["hexamod:Strike","hexamod:Strike","hexamod:Strike","hexamod:Defend","hexamod:Defend","hexamod:Defend","hexamod:Defend","hexamod:Sear","hexamod:Float","hexamod:FlamesFromBeyond","hexamod:EmpoweredFlame","hexamod:ThermalTransfer","hexamod:BurningTouch","hexamod:HeatShield","hexamod:DynamicBlow","hexamod:NightmareGuise","hexamod:Hexaguard"],"relics":["Fusion Hammer","downfall:BrokenWingStatue","Question Card","downfall:HeartBlessingRed"],"acts_visited":["Exordium"],"potions_floor_usage":[],"damage_taken":[{"damage":1.0,"enemies":"Cultist","floor":2.0,"turns":4.0},{"damage":0.0,"enemies":"Small Slimes","floor":3.0,"turns":3.0},{"damage":9.0,"enemies":"2 Louse","floor":4.0,"turns":3.0},{"damage":12.0,"enemies":"Large Slime","floor":5.0,"turns":3.0},{"damage":10,"enemies":"Gremlin Gang","floor":10,"turns":5},{"damage":1,"enemies":"Exordium Wildlife","floor":11,"turns":2},{"damage":5,"enemies":"Exordium Thugs","floor":13,"turns":3},{"damage":1,"enemies":"2 Fungi Beasts","floor":15,"turns":3},{"damage":85,"enemies":"WA_ARCHETYPE_RETAIN","floor":16,"turns":10}],"seed_played":"2537403793419863349","potions_obtained":[{"floor":2.0,"key":"SteroidPotion"},{"floor":10,"key":"PowerPotion"},{"floor":11,"key":"ColorlessPotion"},{"floor":15,"key":"BlessingOfTheForge"}],"is_trial":false,"path_per_floor":["R","M","M","M","M","?","T","?","R","M","M","R","M","?","M","B"],"character_chosen":"THE_SPIRIT","items_purchased":[],"campfire_rested":2,"item_purchase_floors":[],"current_hp_per_floor":[70,69,69,60,48,48,48,53,75,65,64,75,70,70,69,0,0,0],"gold":103,"neow_bonus":"BOSS_RELIC","is_daily":false,"chose_seed":false,"campfire_upgraded":0,"win_rate":0.0,"timestamp":1610881033,"path_taken":["R","M","M","M","M","?","T","?","R","M","M","R","M","?","M","BOSS"],"items_purchased_type":[],"build_version":"2020-12-22","purchased_purges":0,"victory":false,"max_hp_per_floor":[70,70,70,70,70,70,70,75,75,75,75,75,75,75,75,75,75,75],"card_choices":[{"not_picked":["hexamod:GhostLash","hexamod:GhostShield"],"picked":"hexamod:FlamesFromBeyond","floor":2.0},{"not_picked":["hexamod:InspiringFlames","hexamod:FastForward"],"picked":"hexamod:EmpoweredFlame","floor":3.0},{"not_picked":["hexamod:FastForward","hexamod:RadiantFlame"],"picked":"hexamod:ThermalTransfer","floor":4.0},{"not_picked":["hexamod:Again","hexamod:FlamesFromBeyond"],"picked":"hexamod:BurningTouch","floor":5.0},{"not_picked":["hexamod:NecessarySacrifice","hexamod:AdvancingGuard","hexamod:FastForward"],"picked":"hexamod:HeatShield","floor":10},{"not_picked":["hexamod:FastForward","hexamod:FlameSwitch","hexamod:HeatShield"],"picked":"hexamod:DynamicBlow","floor":11},{"not_picked":["hexamod:FastForward","hexamod:HauntingEcho","hexamod:ThermalTransfer"],"picked":"hexamod:NightmareGuise","floor":13},{"not_picked":["hexamod:DynamicBlow","hexamod:Rewind","hexamod:PhantomFireball"],"picked":"hexamod:Hexaguard","floor":15}],"player_experience":137307,"relics_obtained":[{"floor":7.0,"key":"Question Card"}],"event_choices":[{"damage_healed":0.0,"max_hp_gain":5.0,"max_hp_loss":0.0,"gold_gain":0.0,"event_name":"Big Fish","player_choice":"Donut","floor":8.0,"gold_loss":0.0,"damage_taken":0.0}],"is_beta":false,"boss_relics":[],"items_purged_floors":[],"is_endless":false,"potions_floor_spawned":[2,10,11,15],"killed_by":"WA_ARCHETYPE_RETAIN","ascension_level":0}}