{"host":"Jedit","time":1610912744,"event":{"mods":["BaseMod","Downfall","Minty Spire (QoL Compilation)","Relic Stats","StSLib"],"gold_per_floor":[116,130,36,36,53,93,93,93,138,138,163,163,183,209,209,318,318,339,249,276,45,45,45,15,15,39,39,39],"floor_reached":27,"language":"ENG","playtime":970,"items_purged":["bronze:Strike"],"score":230,"play_id":"7a26bf48-19a1-486d-b215-6f96d5c2e636","local_time":"20210117194544","is_ascension_mode":true,"campfire_choices":[{"data":"bronze:Refactor","floor":8.0,"key":"SMITH"},{"floor":12.0,"key":"REST"},{"data":"bronze:Verify","floor":15.0,"key":"SMITH"},{"data":"bronze:InfiniteLoop","floor":23.0,"key":"SMITH"},{"data":"HandOfGreed","floor":25.0,"key":"SMITH"}],"circlet_count":0,"master_deck":["bronze:Strike","bronze:Defend+1","bronze:Defend","bronze:Defend","bronze:Defend","bronze:Replicate","bronze:Goto","bronze:Separator","bronze:Deprecate+1","bronze:Flail+1","bronze:BitShift","bronze:WhirlingStrike","bronze:Refactor+1","bronze:Shield","bronze:Verify+1","bronze:InfiniteLoop+1","bronze:Safeguard","bronze:Frontload+1","HandOfGreed+1","bronze:CloningBeam"],"relics":["bronze:PlatinumCore","NeowsBlessing","CeramicFish","bronze:SilverBullet","Vajra","Oddly Smooth Stone"],"acts_visited":["Exordium","TheCity"],"potions_floor_usage":[],"damage_taken":[{"damage":0.0,"enemies":"Jaw Worm","floor":1.0,"turns":1.0},{"damage":0.0,"enemies":"Cultist","floor":2.0,"turns":1.0},{"damage":0.0,"enemies":"2 Louse","floor":5.0,"turns":1.0},{"damage":24.0,"enemies":"Gremlin Nob","floor":6.0,"turns":4.0},{"damage":9.0,"enemies":"Looter","floor":11.0,"turns":3.0},{"damage":0.0,"enemies":"Gremlin Gang","floor":13.0,"turns":3.0},{"damage":17.0,"enemies":"3 Sentries","floor":14.0,"turns":5.0},{"damage":26.0,"enemies":"Hexaghost","floor":16.0,"turns":12.0},{"damage":24.0,"enemies":"Shell Parasite","floor":18.0,"turns":8.0},{"damage":0.0,"enemies":"3 Byrds","floor":20.0,"turns":3.0},{"damage":46,"enemies":"Book of Stabbing","floor":27,"turns":8}],"seed_played":"-3728080295042476827","potions_obtained":[{"floor":1.0,"key":"SpeedPotion"},{"floor":2.0,"key":"bronze:CleanCodePotion"},{"floor":5.0,"key":"Swift Potion"},{"floor":10.0,"key":"Strength Potion"},{"floor":13.0,"key":"DuplicationPotion"}],"is_trial":false,"path_per_floor":["M","M","$","?","M","E","?","R","T","?","M","R","M","E","R","B",null,"M","?","M","$","?","R","$","R","T","E"],"character_chosen":"THE_AUTOMATON","items_purchased":["bronze:Flail","bronze:BitShift","HandOfGreed","bronze:CloningBeam"],"campfire_rested":1,"item_purchase_floors":[3,3,21,24],"current_hp_per_floor":[70,70,70,70,70,46,32,32,32,32,23,44,44,27,27,1,70,46,46,46,46,46,46,46,46,46,0,0],"gold":39,"neow_bonus":"THREE_ENEMY_KILL","is_daily":false,"chose_seed":false,"campfire_upgraded":4,"win_rate":0.0,"timestamp":1610912744,"path_taken":["M","M","$","?","?","E","?","R","T","?","M","R","?","E","R","BOSS","M","?","?","?","?","R","$","R","T","E"],"items_purchased_type":["Card","Card","Card","Card"],"build_version":"2020-12-18","purchased_purges":1,"victory":false,"max_hp_per_floor":[70,70,70,70,70,70,70,70,70,70,70,70,70,70,70,70,70,70,70,70,70,70,70,70,70,70,70,70],"relic_stats":{"counters":[11,49],"CeramicFish":72,"obtain_stats":[{"bronze:PlatinumCore":17,"bronze:BronzeCore":0,"NeowsBlessing":0,"CeramicFish":6,"Vajra":14,"Oddly Smooth Stone":26,"bronze:SilverBullet":9},{"bronze:PlatinumCore":8,"bronze:BronzeCore":0,"NeowsBlessing":0,"CeramicFish":4,"Vajra":7,"Oddly Smooth Stone":10,"bronze:SilverBullet":4},{"bronze:PlatinumCore":30,"bronze:BronzeCore":0,"NeowsBlessing":0,"CeramicFish":7,"Vajra":18,"Oddly Smooth Stone":41,"bronze:SilverBullet":7}]},"card_choices":[{"not_picked":["bronze:Boost","bronze:CutThrough"],"picked":"bronze:Separator","floor":1.0},{"not_picked":["bronze:Turbo","bronze:Backtrace"],"picked":"bronze:Deprecate","floor":2.0},{"not_picked":["bronze:Frontload","bronze:DigitalCarnage"],"picked":"bronze:WhirlingStrike","floor":5.0},{"not_picked":["bronze:DarkDash","bronze:NullPointer"],"picked":"bronze:Refactor","floor":6.0},{"not_picked":["bronze:ForLoop","bronze:Repair"],"picked":"bronze:Shield","floor":11.0},{"not_picked":["bronze:Invalidate","bronze:Overheat"],"picked":"bronze:Verify","floor":13.0},{"not_picked":["bronze:NullPointer","bronze:BugBarrage","bronze:ThunderWave"],"picked":"SKIP","floor":14.0},{"not_picked":["bronze:Hardcode","bronze:HardenedForm"],"picked":"bronze:InfiniteLoop","floor":16.0},{"not_picked":["bronze:WildBeam","bronze:Iterate"],"picked":"bronze:Safeguard","floor":18.0},{"not_picked":["bronze:WildBeam","bronze:BuggyMess"],"picked":"bronze:Frontload+1","floor":20.0}],"player_experience":3668717,"relics_obtained":[{"floor":6.0,"key":"CeramicFish"},{"floor":9.0,"key":"bronze:SilverBullet"},{"floor":14.0,"key":"Vajra"},{"floor":26.0,"key":"Oddly Smooth Stone"}],"event_choices":[{"cards_removed":["bronze:Strike"],"damage_healed":0.0,"max_hp_gain":0.0,"max_hp_loss":0.0,"gold_gain":0.0,"event_name":"Bonfire Elementals","player_choice":"Offered Basic","floor":4.0,"gold_loss":0.0,"damage_taken":0.0},{"damage_healed":0.0,"max_hp_gain":0.0,"max_hp_loss":0.0,"gold_gain":0.0,"event_name":"Shining Light","player_choice":"Entered Light","floor":7.0,"gold_loss":0.0,"damage_taken":14.0,"cards_upgraded":["bronze:Deprecate","bronze:Flail"]},{"damage_healed":0.0,"max_hp_gain":0.0,"max_hp_loss":0.0,"gold_gain":0.0,"event_name":"Lab","player_choice":"Got Potions","floor":10.0,"gold_loss":0.0,"damage_taken":0.0},{"cards_removed":["bronze:Strike"],"damage_healed":0.0,"max_hp_gain":0.0,"max_hp_loss":0.0,"gold_gain":0.0,"event_name":"Designer","player_choice":"Upgrade and Remove","floor":19.0,"gold_loss":90.0,"damage_taken":0.0,"cards_upgraded":["bronze:Defend"]}],"is_beta":true,"boss_relics":[{"not_picked":["Ectoplasm","sneckomod:SneckoTalon"],"picked":"bronze:PlatinumCore"}],"items_purged_floors":[21],"is_endless":false,"potions_floor_spawned":[1,2,5,13],"killed_by":"Book of Stabbing","ascension_level":1}}