{"host":"ccw6t0i2dpm5wyxf","time":1610888418,"event":{"mods":["BaseMod","Colored Map","Minty Spire (QoL Compilation)","Permanent Neow"],"gold_per_floor":[119,129,129,149,162,162,196,214,214,225,225,242,242,4,4,100,100,111,111,111,37,37,37,69,19,45,45,57,57,57],"floor_reached":29,"language":"ENG","playtime":816,"items_purged":["Regret"],"score":292,"play_id":"29b3bb4e-1e44-43bd-b81a-e07f9578a56f","local_time":"20210117070018","is_ascension_mode":true,"campfire_choices":[{"data":"Outmaneuver","floor":6,"key":"SMITH"},{"floor":13,"key":"REST"},{"floor":15,"key":"REST"},{"floor":23,"key":"REST"}],"circlet_count":0,"master_deck":["Strike_G","Strike_G","Strike_G","Strike_G","Defend_G","Defend_G","Defend_G","Defend_G","Survivor","Neutralize","Backflip","Outmaneuver+1","Heel Hook","Masterful Stab","Choke","Blade Dance","Neutralize","Dagger Throw","Footwork","Accuracy","Adrenaline","Endless Agony","Decay","Distraction+1","Necronomicurse","Blade Dance+1","Writhe","After Image","Outmaneuver+1"],"relics":["Cursed Key","Smiling Mask","Tiny Chest","HandDrill","WristBlade","Toxic Egg 2","Necronomicon","Dream Catcher","Nunchaku"],"acts_visited":["Exordium","TheCity"],"potions_floor_usage":[7,7,12,16,16,16,16,24,29],"damage_taken":[{"damage":0,"enemies":"Cultist","floor":1,"turns":4},{"damage":0,"enemies":"Small Slimes","floor":2,"turns":5},{"damage":2,"enemies":"Jaw Worm","floor":4,"turns":6},{"damage":9,"enemies":"Lots of Slimes","floor":5,"turns":7},{"damage":16,"enemies":"Lagavulin","floor":7,"turns":9},{"damage":4,"enemies":"Blue Slaver","floor":8,"turns":2},{"damage":4,"enemies":"Looter","floor":10,"turns":3},{"damage":17,"enemies":"3 Louse","floor":12,"turns":3},{"damage":29,"enemies":"The Guardian","floor":16,"turns":8},{"damage":26,"enemies":"3 Byrds","floor":18,"turns":6},{"damage":43,"enemies":"Slavers","floor":24,"turns":6},{"damage":0,"enemies":"Shell Parasite","floor":28,"turns":2},{"damage":7,"enemies":"Snake Plant","floor":29,"turns":1}],"seed_played":"-6932468074307412634","potions_obtained":[{"floor":1,"key":"CunningPotion"},{"floor":2,"key":"Block Potion"},{"floor":7,"key":"PowerPotion"},{"floor":12,"key":"EntropicBrew"},{"floor":16,"key":"DuplicationPotion"},{"floor":28,"key":"GamblersBrew"}],"is_trial":false,"path_per_floor":["M","M","?","M","M","R","E","M","T","M","?","M","R","$","R","B",null,"M","?","T","$","?","R","E","$","T","?","M","M"],"character_chosen":"THE_SILENT","items_purchased":["HandDrill","Accuracy","Distraction+1","Blade Dance+1"],"campfire_rested":3,"item_purchase_floors":[14,14,21,25],"current_hp_per_floor":[70,70,63,61,52,52,36,32,32,28,28,11,32,32,53,24,70,44,44,44,44,28,49,6,6,6,6,6,0,0],"gold":57,"neow_bonus":"BOSS_RELIC","is_daily":false,"chose_seed":false,"campfire_upgraded":1,"win_rate":0.0,"timestamp":1610888418,"path_taken":["M","?","?","M","M","R","E","M","T","M","?","?","R","$","R","BOSS","M","?","?","$","?","R","E","?","T","?","M","M"],"items_purchased_type":["Relic","Card","Card","Card"],"build_version":"2020-12-22","purchased_purges":1,"victory":false,"max_hp_per_floor":[70,70,70,70,70,70,70,70,70,70,70,70,70,70,70,70,70,70,70,70,70,70,70,70,70,70,70,70,70,70],"card_choices":[{"not_picked":["PiercingWail","Tactician"],"picked":"Backflip","floor":1},{"not_picked":["Leg Sweep","Dodge and Roll"],"picked":"Outmaneuver","floor":2},{"not_picked":["Finisher","Dagger Throw"],"picked":"Heel Hook","floor":4},{"not_picked":["Bouncing Flask","Finisher"],"picked":"Masterful Stab","floor":5},{"not_picked":["Flying Knee","Calculated Gamble"],"picked":"Choke","floor":7},{"not_picked":["Quick Slash","PiercingWail","Predator"],"picked":"SKIP","floor":8},{"not_picked":["Night Terror","Backstab"],"picked":"Blade Dance","floor":10},{"not_picked":["Backflip","Dodge and Roll"],"picked":"Footwork","floor":12},{"not_picked":["Burst","Doppelganger"],"picked":"Adrenaline","floor":16},{"not_picked":["Sucker Punch","Tactician"],"picked":"Endless Agony","floor":18},{"not_picked":["Eviscerate+1","Catalyst+1","Acrobatics+1"],"picked":"SKIP","floor":24},{"not_picked":["Setup+1","Noxious Fumes"],"picked":"Outmaneuver+1","floor":28}],"player_experience":274091,"relics_obtained":[{"floor":7,"key":"Smiling Mask"},{"floor":9,"key":"Tiny Chest"},{"floor":20,"key":"Toxic Egg 2"},{"floor":22,"key":"Necronomicon"},{"floor":24,"key":"Dream Catcher"},{"floor":26,"key":"Nunchaku"}],"event_choices":[{"cards_removed":["Strike_G"],"damage_healed":0,"gold_gain":0,"player_choice":"Card Removal","damage_taken":7,"max_hp_gain":0,"max_hp_loss":0,"event_name":"Golden Wing","floor":3,"gold_loss":0},{"damage_healed":0,"gold_gain":0,"player_choice":"2 cards matched","damage_taken":0,"max_hp_gain":0,"max_hp_loss":0,"event_name":"Match and Keep!","floor":11,"gold_loss":0,"cards_obtained":["Neutralize","Dagger Throw"]},{"damage_healed":0,"gold_gain":0,"player_choice":"Ignored","damage_taken":0,"max_hp_gain":0,"max_hp_loss":0,"event_name":"Ghosts","floor":19,"gold_loss":0},{"damage_healed":0,"gold_gain":0,"player_choice":"Obtained Book","damage_taken":16,"max_hp_gain":0,"max_hp_loss":0,"event_name":"Cursed Tome","floor":22,"gold_loss":0},{"damage_healed":0,"gold_gain":0,"cards_transformed":["Defend_G"],"player_choice":"Transformed","damage_taken":0,"max_hp_gain":0,"max_hp_loss":0,"event_name":"Transmorgrifier","floor":27,"gold_loss":0,"cards_obtained":["After Image"]}],"is_beta":false,"boss_relics":[{"not_picked":["HoveringKite","Snecko Eye"],"picked":"WristBlade"}],"items_purged_floors":[14],"is_endless":false,"potions_floor_spawned":[1,2,7,12,16,28],"killed_by":"Snake Plant","ascension_level":4}}