{"host":"3zhcrllo23fhqv4x","time":1610908492,"event":{"mods":["AchievementEnabler","BaseMod","Downfall","Hermit","Jorbs\u0027s Wanderer Trilogy","Marisa????????","Minty Spire (QoL Compilation)","Remilia??????","StSLib","The Cursed","The Disciple","The Hierophant","The Runesmith","The Servant 0.9.4"],"gold_per_floor":[99,115,125,144,144,144,169,186,86,100,120,30,60,138,150,150,150,150],"floor_reached":16,"language":"ENG","playtime":714,"items_purged":["downfall:Malfunctioning"],"score":102,"play_id":"8e59f707-77c6-4a68-a640-af3d4db4d68d","local_time":"20210117133452","is_ascension_mode":false,"campfire_choices":[{"floor":1,"key":"RECALL"},{"floor":9,"key":"REST"}],"circlet_count":0,"master_deck":["hexamod:Strike+1","hexamod:Strike","hexamod:Strike","hexamod:Strike","hexamod:Defend","hexamod:Defend","hexamod:Defend+1","hexamod:Defend","hexamod:Sear","hexamod:Float+1","hexamod:GhostOfSpirePresent","hexamod:AdvancingGuard","hexamod:GhostOfSpireFuture","hexamod:HeatMetal","hexamod:BurningTouch","hexamod:SwordOfDarkness","hexamod:CatchUp","hexamod:SwordOfDarkness","hexamod:DynamicBlow","hexamod:FirstSeal"],"relics":["hexamod:SpiritBrand","downfall:HeartBlessingRed","Odd Mushroom","ScarletDevilRocket","Mercury Hourglass"],"acts_visited":["Exordium"],"potions_floor_usage":[11,13],"damage_taken":[{"damage":1,"enemies":"Jaw Worm","floor":2,"turns":4},{"damage":0,"enemies":"Cultist","floor":3,"turns":3},{"damage":0,"enemies":"Small Slimes","floor":4,"turns":3},{"damage":36,"enemies":"Exordium Thugs","floor":8,"turns":7},{"damage":0,"enemies":"Blue Slaver","floor":10,"turns":4},{"damage":5,"enemies":"The Mushroom Lair","floor":11,"turns":3},{"damage":0,"enemies":"downfall:FleeingMerchant","floor":12,"turns":4},{"damage":14,"enemies":"Gremlin Nob","floor":13,"turns":4},{"damage":0,"enemies":"3 Louse","floor":15,"turns":2},{"damage":48,"enemies":"WA_ARCHETYPE_RETAIN","floor":16,"turns":7}],"seed_played":"-7976970434032093841","potions_obtained":[{"floor":2,"key":"Explosive Potion"},{"floor":4,"key":"Block Potion"},{"floor":13,"key":"SpeedPotion"}],"is_trial":false,"path_per_floor":["R","M","M","M","?","?","T","M","R","M","?","$","E","T","M","B"],"character_chosen":"THE_SPIRIT","items_purchased":[],"campfire_rested":1,"item_purchase_floors":[],"current_hp_per_floor":[70,69,69,69,69,69,69,33,54,54,49,49,35,35,35,0,0,0],"gold":150,"neow_bonus":"ONE_RANDOM_RARE_CARD","is_daily":false,"chose_seed":false,"campfire_upgraded":0,"win_rate":0.0,"timestamp":1610908492,"path_taken":["R","M","M","M","?","?","T","M","R","?","?","?","E","?","M","BOSS"],"items_purchased_type":[],"build_version":"2020-12-22","purchased_purges":1,"victory":false,"max_hp_per_floor":[70,70,70,70,70,70,70,70,70,70,70,70,70,70,70,70,70,70],"card_choices":[{"not_picked":["hexamod:FourthSeal","hexamod:HeatCrush"],"picked":"hexamod:ThermalTransfer","floor":2},{"not_picked":["hexamod:SpectersWail","hexamod:HauntingEcho"],"picked":"hexamod:AdvancingGuard","floor":3},{"not_picked":["hexamod:NightmareStrike","hexamod:ThermalTransfer"],"picked":"hexamod:GhostOfSpireFuture","floor":4},{"not_picked":["hexamod:SpectersWail","hexamod:Hexaguard"],"picked":"hexamod:BurningTouch","floor":8},{"not_picked":["hexamod:FlamesFromBeyond","hexamod:AdvancingGuard"],"picked":"hexamod:SwordOfDarkness","floor":10},{"not_picked":["hexamod:BacktrackSmack","hexamod:BurningTouch"],"picked":"hexamod:CatchUp","floor":11},{"not_picked":["hexamod:Hexaguard","hexamod:BacktrackSmack"],"picked":"hexamod:SwordOfDarkness","floor":12},{"not_picked":["hexamod:FlamesFromBeyond","hexamod:TurnItUp"],"picked":"hexamod:DynamicBlow","floor":13},{"not_picked":["hexamod:HeatMetal","hexamod:DynamicBlow"],"picked":"hexamod:FirstSeal","floor":15}],"player_experience":304075,"relics_obtained":[{"floor":11,"key":"Odd Mushroom"},{"floor":13,"key":"ScarletDevilRocket"},{"floor":14,"key":"Mercury Hourglass"}],"event_choices":[{"damage_healed":0,"gold_gain":0,"player_choice":"Fought Mushrooms","damage_taken":0,"max_hp_gain":0,"max_hp_loss":0,"event_name":"Mushrooms","floor":11,"gold_loss":0}],"is_beta":false,"boss_relics":[],"items_purged_floors":[12],"is_endless":false,"potions_floor_spawned":[2,4,13],"killed_by":"WA_ARCHETYPE_RETAIN","ascension_level":0}}