{"host":"81vb4cbob60wa1na","time":1610914574,"event":{"mods":["BaseMod","Downfall","GifTheSpireLib","Hermit","Highlight Path","Minty Spire (QoL Compilation)","StSLib","The Cursed","The Disciple"],"gold_per_floor":[99,114,114,130,65,65,65,79,79,95,95,112,129,129,140,235,285,285,299,315,165,178,178,201,35,35,49,49,61,46,59,77,77,77],"floor_reached":33,"language":"ENG","playtime":1315,"items_purged":[],"score":268,"play_id":"315fbb53-eac1-4ae0-a840-a76b235aaa57","local_time":"20210117151614","is_ascension_mode":false,"campfire_choices":[{"data":"bronze:ChosenStrike","floor":1,"key":"SMITH"},{"data":"bronze:Iterate","floor":6,"key":"SMITH"},{"data":"bronze:Iterate","floor":9,"key":"SMITH"},{"data":"bronze:DelayedSlice","floor":11,"key":"SMITH"},{"data":"bronze:AlphaBuild","floor":18,"key":"SMITH"},{"data":"Ghostly","floor":23,"key":"SMITH"},{"floor":28,"key":"REST"}],"circlet_count":0,"master_deck":["bronze:Strike","bronze:Strike","bronze:Strike","bronze:Defend","bronze:Defend","bronze:Defend","bronze:Defend","bronze:Replicate","bronze:Goto+1","bronze:ChosenStrike+1","bronze:DelayedGuard","bronze:Iterate+1","bronze:Iterate+1","bronze:DelayedSlice+1","bronze:Branch","bronze:Iterate","bronze:Explode","bronze:Frontload","bronze:Repair","bronze:AlphaBuild+1","bronze:DelayedSlice","bronze:Boost","Ghostly+1","bronze:Overheat","bronze:Overheat+1","Pride","bronze:Iterate+1","bronze:DelayedSlice"],"relics":["bronze:BronzeCore","Mercury Hourglass","Tiny House","Pen Nib","Bronze Scales","White Beast Statue"],"acts_visited":["Exordium","TheCity"],"potions_floor_usage":[16,19,22,22,22,25,29,30,32,32,33],"damage_taken":[{"damage":1,"enemies":"Jaw Worm","floor":2,"turns":2},{"damage":0,"enemies":"Cultist","floor":4,"turns":2},{"damage":0,"enemies":"downfall:FleeingMerchant","floor":5,"turns":4},{"damage":0,"enemies":"Small Slimes","floor":8,"turns":2},{"damage":0,"enemies":"3 Louse","floor":10,"turns":1},{"damage":2,"enemies":"Exordium Wildlife","floor":12,"turns":2},{"damage":0,"enemies":"Red Slaver","floor":13,"turns":1},{"damage":0,"enemies":"Red Slaver","floor":14,"turns":1},{"damage":11,"enemies":"Exordium Wildlife","floor":15,"turns":2},{"damage":47,"enemies":"DF_ARCHETYPE_STREAMLINE","floor":16,"turns":12},{"damage":10,"enemies":"3 Byrds","floor":19,"turns":2},{"damage":17,"enemies":"Spheric Guardian","floor":20,"turns":4},{"damage":11,"enemies":"Cultist and Chosen","floor":22,"turns":5},{"damage":0,"enemies":"downfall:FleeingMerchant","floor":25,"turns":4},{"damage":41,"enemies":"Sentry and Sphere","floor":27,"turns":4},{"damage":7,"enemies":"3 Cultists","floor":29,"turns":4},{"damage":6,"enemies":"downfall:FleeingMerchant","floor":30,"turns":4},{"damage":10,"enemies":"Chosen and Byrds","floor":31,"turns":3},{"damage":22,"enemies":"Snake Plant","floor":32,"turns":3},{"damage":55,"enemies":"SI_MIRROR_ARCHETYPE","floor":33,"turns":4}],"seed_played":"-1288049693639237076","potions_obtained":[{"floor":2,"key":"FearPotion"},{"floor":10,"key":"hexamod:SoulburnPotion"},{"floor":12,"key":"champ:CounterPotion"},{"floor":13,"key":"Regen Potion"},{"floor":15,"key":"FairyPotion"},{"floor":17,"key":"AttackPotion"},{"floor":20,"key":"EntropicBrew"},{"floor":27,"key":"Regen Potion"},{"floor":29,"key":"hexamod:SoulburnPotion"},{"floor":30,"key":"Strength Potion"},{"floor":31,"key":"Weak Potion"},{"floor":32,"key":"Dexterity Potion"}],"is_trial":false,"path_per_floor":["R","M","?","M","$","R","T","M","R","M","R","M","M","?","M","B",null,"R","M","M","?","M","R","T","$","?","M","R","M","$","M","M","B"],"character_chosen":"THE_AUTOMATON","items_purchased":["bronze:Iterate","Bronze Scales"],"campfire_rested":1,"item_purchase_floors":[5,25],"current_hp_per_floor":[70,69,69,69,69,69,69,69,69,69,69,67,67,67,56,9,75,75,65,55,55,58,58,58,58,58,24,46,58,52,42,27,0,0],"gold":77,"neow_bonus":"THREE_CARDS","is_daily":false,"chose_seed":false,"campfire_upgraded":6,"win_rate":0.0,"timestamp":1610914574,"path_taken":["R","M","?","M","$","R","T","M","R","M","R","?","M","?","M","BOSS","R","M","M","?","M","R","T","$","?","M","R","M","?","M","M","BOSS"],"items_purchased_type":["Card","Relic"],"build_version":"2020-12-22","purchased_purges":0,"victory":false,"max_hp_per_floor":[70,70,70,70,70,70,70,70,70,70,70,70,70,70,70,70,75,75,75,75,75,75,75,75,75,75,75,75,75,75,75,75,75,75],"card_choices":[{"not_picked":["bronze:DelayedGuard","bronze:BugBarrage"],"picked":"bronze:ChosenStrike","floor":0},{"not_picked":["bronze:FollowUp","bronze:Shield"],"picked":"bronze:DelayedGuard","floor":2},{"not_picked":["bronze:BugBarrage","bronze:FollowUp","bronze:BronzeOrb"],"picked":"SKIP","floor":4},{"not_picked":["bronze:NullPointer","bronze:CloningBeam","bronze:ForceShield"],"picked":"SKIP","floor":5},{"not_picked":["bronze:OilSpill","bronze:Invalidate"],"picked":"bronze:Iterate","floor":8},{"not_picked":["bronze:BurnOut","bronze:Shield"],"picked":"bronze:DelayedSlice","floor":10},{"not_picked":["bronze:ItsAFeature","bronze:Overload"],"picked":"bronze:Branch","floor":12},{"not_picked":["bronze:OilSpill","bronze:DelayedSlice"],"picked":"bronze:Iterate","floor":13},{"not_picked":[],"picked":"bronze:Explode","floor":14},{"not_picked":["bronze:BronzeOrb","bronze:FineTuning"],"picked":"bronze:Frontload","floor":14},{"not_picked":["bronze:DelayedGuard","bronze:CutThrough"],"picked":"bronze:Repair","floor":15},{"not_picked":["bronze:HyperBeam","bronze:RecursiveStrike"],"picked":"bronze:AlphaBuild","floor":16},{"not_picked":["bronze:BitShift","bronze:Branch"],"picked":"bronze:DelayedSlice","floor":17},{"not_picked":["bronze:FineTuning","bronze:CutThrough+1","bronze:Backtrace"],"picked":"SKIP","floor":19},{"not_picked":["bronze:BitShift","bronze:ForLoop+1"],"picked":"bronze:Boost","floor":20},{"not_picked":["bronze:ForLoop","bronze:Shield+1"],"picked":"bronze:Overheat","floor":22},{"not_picked":["bronze:Boost+1","bronze:ForceShield"],"picked":"bronze:Overheat+1","floor":25},{"not_picked":["bronze:ItsAFeature","bronze:ChildClass","bronze:CloningBeam"],"picked":"SKIP","floor":27},{"not_picked":["bronze:ChosenStrike","bronze:Overload"],"picked":"bronze:Iterate+1","floor":29},{"not_picked":["bronze:Virus","bronze:BitShift","bronze:BugBarrage"],"picked":"SKIP","floor":30},{"not_picked":["bronze:CloningBeam","bronze:Fortify"],"picked":"bronze:DelayedSlice","floor":31},{"not_picked":["bronze:Safeguard+1","bronze:FollowUp","bronze:Return"],"picked":"SKIP","floor":32}],"player_experience":257396,"relics_obtained":[{"floor":7,"key":"Mercury Hourglass"},{"floor":24,"key":"Pen Nib"}],"event_choices":[{"cards_removed":["bronze:Strike"],"damage_healed":0,"gold_gain":0,"player_choice":"Offered Basic","damage_taken":0,"max_hp_gain":0,"max_hp_loss":0,"event_name":"Bonfire Elementals","floor":3,"gold_loss":0},{"damage_healed":0,"gold_gain":0,"player_choice":"Stole Relic","damage_taken":0,"relics_obtained":["White Beast Statue"],"max_hp_gain":0,"max_hp_loss":0,"event_name":"Addict","floor":26,"gold_loss":0,"cards_obtained":["Pride"]}],"is_beta":false,"boss_relics":[{"not_picked":["Empty Cage","Coffee Dripper"],"picked":"Tiny House"}],"items_purged_floors":[],"is_endless":false,"potions_floor_spawned":[2,10,12,13,15,20,27,29,30,31,32],"killed_by":"SI_MIRROR_ARCHETYPE","ascension_level":0}}