{"host":"2zw05eexjythz74b","time":1610844044,"event":{"mods":["AchievementEnabler","BaseMod","Better Altar","Colored Map","Minty Spire (QoL Compilation)","StSLib","everything is the same but u backflip on backflip"],"gold_per_floor":[115,115,34,89,99,134,134,144,215,215,228,228,228,248,248,248,248],"floor_reached":16,"language":"ENG","playtime":412,"items_purged":[],"score":144,"play_id":"29b21f17-bb67-4cfa-87f0-7acd498fedf1","local_time":"20210116184044","is_ascension_mode":true,"campfire_choices":[{"data":"Bouncing Flask","floor":7,"key":"SMITH"},{"data":"Bane","floor":10,"key":"SMITH"},{"data":"Predator","floor":15,"key":"SMITH"}],"circlet_count":0,"master_deck":["Strike_G","Strike_G","Strike_G","Strike_G","Defend_G","Defend_G","Defend_G","Defend_G","Survivor","Neutralize","Deadly Poison","Bouncing Flask+1","Blur","Predator+1","Bane+1","Caltrops"],"relics":["Ring of the Snake","NeowsBlessing","Omamori","Toxic Egg 2","Matryoshka"],"acts_visited":["Exordium"],"potions_floor_usage":[11,14,14],"damage_taken":[{"damage":0,"enemies":"Small Slimes","floor":1,"turns":1},{"damage":0,"enemies":"Cultist","floor":5,"turns":1},{"damage":0,"enemies":"Lagavulin","floor":6,"turns":1},{"damage":12,"enemies":"Jaw Worm","floor":8,"turns":3},{"damage":9,"enemies":"2 Fungi Beasts","floor":11,"turns":3},{"damage":19,"enemies":"Exordium Thugs","floor":14,"turns":2},{"damage":42,"enemies":"Slime Boss","floor":16,"turns":9}],"seed_played":"-1061073209230844098","potions_obtained":[{"floor":5,"key":"Explosive Potion"},{"floor":6,"key":"Regen Potion"},{"floor":11,"key":"LiquidMemories"}],"is_trial":false,"path_per_floor":["M","?","$","T","M","E","R","M","T","R","M","?","?","M","R","B"],"character_chosen":"THE_SILENT","items_purchased":["Bouncing Flask"],"campfire_rested":0,"item_purchase_floors":[3],"current_hp_per_floor":[70,70,70,70,70,70,70,58,58,58,49,54,47,37,37,0,0],"gold":248,"neow_bonus":"THREE_ENEMY_KILL","is_daily":false,"chose_seed":false,"campfire_upgraded":3,"win_rate":0.0,"timestamp":1610844044,"path_taken":["M","?","$","?","M","E","R","M","T","R","M","?","?","M","R","BOSS"],"items_purchased_type":["Card"],"build_version":"2020-12-22","purchased_purges":0,"victory":false,"max_hp_per_floor":[70,70,70,70,70,70,70,70,70,70,70,75,75,75,75,75,75],"card_choices":[{"not_picked":["Outmaneuver","Escape Plan"],"picked":"Deadly Poison","floor":1},{"not_picked":["Finisher","Slice"],"picked":"Blur","floor":5},{"not_picked":["Dagger Throw","Calculated Gamble+1"],"picked":"Predator","floor":6},{"not_picked":["Blade Dance+1","Flying Knee"],"picked":"Bane","floor":8},{"not_picked":["Backflip+1","Endless Agony","Slice"],"picked":"SKIP","floor":11},{"not_picked":["Acrobatics+1","Terror+1"],"picked":"Caltrops","floor":14}],"player_experience":228516,"relics_obtained":[{"floor":4,"key":"Omamori"},{"floor":6,"key":"Toxic Egg 2"},{"floor":9,"key":"Matryoshka"}],"event_choices":[{"cards_removed":["Strike_G"],"damage_healed":0,"gold_gain":0,"player_choice":"Offered Basic","damage_taken":0,"max_hp_gain":0,"max_hp_loss":0,"event_name":"Bonfire Elementals","floor":2,"gold_loss":0},{"damage_healed":0,"gold_gain":0,"player_choice":"Donut","damage_taken":0,"max_hp_gain":5,"max_hp_loss":0,"event_name":"Big Fish","floor":12,"gold_loss":0},{"cards_removed":["Defend_G"],"damage_healed":0,"gold_gain":0,"player_choice":"Card Removal","damage_taken":7,"max_hp_gain":0,"max_hp_loss":0,"event_name":"Golden Wing","floor":13,"gold_loss":0}],"is_beta":false,"boss_relics":[],"items_purged_floors":[],"is_endless":false,"potions_floor_spawned":[5,6,11],"killed_by":"Slime Boss","ascension_level":3}}