{"host":"hxqmxu97ax4h93y4","time":1610907069,"event":{"mods":["BaseMod","Downfall","Hermit","Marisa????????","Minty Spire (QoL Compilation)","Random Character Button","StSLib","The Cursed","The Necromancer","The Runesmith"],"gold_per_floor":[0,19,35,46,46,80,80,80,100,110,127,144,144,144,144,144],"floor_reached":14,"language":"ENG","playtime":782,"items_purged":[],"score":94,"play_id":"6fea5ea3-c06e-420d-a2fa-7e0ea5b17166","local_time":"20210117101109","is_ascension_mode":false,"campfire_choices":[{"data":"Panache","floor":1,"key":"SMITH"},{"data":"Slimebound:SamplingLick","floor":8,"key":"SMITH"}],"circlet_count":0,"master_deck":["Slimebound:Strike_Slimebound","Slimebound:Strike_Slimebound","Slimebound:Strike_Slimebound","Slimebound:Tackle","Slimebound:Defend_Slimebound","Slimebound:Defend_Slimebound","Slimebound:Defend_Slimebound","Slimebound:Defend_Slimebound","Slimebound:Split","Slimebound:CorrosiveSpit","Panache+1","Slimebound:LivingWall","Slimebound:Repurpose","Slimebound:SplitLeeching","Slimebound:SamplingLick+1","Slimebound:ItLooksTasty","Slimebound:RallyTheTroops","Slimebound:Replication","Slimebound:Repurpose"],"relics":["Slimebound:AbsorbEndCombat","Runesmith:Locket","FossilizedHelix","Sundial"],"acts_visited":["Exordium"],"potions_floor_usage":[6,10,12,12],"damage_taken":[{"damage":8,"enemies":"2 Louse","floor":2,"turns":3},{"damage":0,"enemies":"Small Slimes","floor":3,"turns":4},{"damage":3,"enemies":"Jaw Worm","floor":4,"turns":5},{"damage":26,"enemies":"3 Sentries","floor":6,"turns":10},{"damage":0,"enemies":"Exordium Wildlife","floor":9,"turns":5},{"damage":12,"enemies":"2 Fungi Beasts","floor":10,"turns":4},{"damage":6,"enemies":"3 Louse","floor":11,"turns":3},{"damage":14,"enemies":"Exordium Thugs","floor":12,"turns":5},{"damage":35,"enemies":"Lagavulin","floor":14,"turns":6}],"seed_played":"-6916812723220218127","potions_obtained":[{"floor":2,"key":"AttackPotion"},{"floor":9,"key":"Regen Potion"},{"floor":10,"key":"AttackPotion"},{"floor":11,"key":"EssenceOfSteel"}],"is_trial":false,"path_per_floor":["R","M","M","M","?","E","T","R","M","M","M","M","?","E"],"character_chosen":"SLIMEBOUND","items_purchased":[],"campfire_rested":0,"item_purchase_floors":[],"current_hp_per_floor":[65,60,63,64,64,44,44,44,47,50,46,37,30,0,0,0],"gold":144,"neow_bonus":"RANDOM_COLORLESS_2","is_daily":false,"chose_seed":false,"campfire_upgraded":2,"win_rate":0.0,"timestamp":1610907069,"path_taken":["R","M","M","M","?","E","T","R","M","M","M","M","?","E"],"items_purchased_type":[],"build_version":"2020-12-22","purchased_purges":0,"victory":false,"max_hp_per_floor":[65,65,65,65,65,65,65,65,65,65,65,65,65,65,65,65],"card_choices":[{"not_picked":["Thinking Ahead","Secret Technique"],"picked":"Panache","floor":0},{"not_picked":["Slimebound:SplitBruiser","Slimebound:GoopTackle"],"picked":"Slimebound:LivingWall","floor":2},{"not_picked":["Slimebound:ProtectTheBoss","Slimebound:BestDefense"],"picked":"Slimebound:Repurpose","floor":3},{"not_picked":["Slimebound:SplitMire","Slimebound:GrowthPunch"],"picked":"Slimebound:SplitLeeching","floor":4},{"not_picked":["Slimebound:Chomp","Slimebound:LeechingTouch"],"picked":"Slimebound:SamplingLick","floor":6},{"not_picked":["Slimebound:SplitLeeching","Slimebound:SlimeBarrage"],"picked":"Slimebound:ItLooksTasty","floor":9},{"not_picked":["Slimebound:Prepare","Slimebound:SlimeSpikes"],"picked":"Slimebound:RallyTheTroops","floor":10},{"not_picked":["Slimebound:SamplingLick","Slimebound:LeechEnergy"],"picked":"Slimebound:Replication","floor":11},{"not_picked":["Slimebound:LeechingTouch","Slimebound:FinishingTackle"],"picked":"Slimebound:Repurpose","floor":12}],"player_experience":59303,"relics_obtained":[{"floor":6,"key":"Runesmith:Locket"},{"floor":7,"key":"FossilizedHelix"}],"event_choices":[{"damage_healed":0,"gold_gain":0,"player_choice":"Success","damage_taken":7,"relics_obtained":["Sundial"],"max_hp_gain":0,"max_hp_loss":0,"event_name":"Scrap Ooze","floor":13,"gold_loss":0}],"is_beta":false,"boss_relics":[],"items_purged_floors":[],"is_endless":false,"potions_floor_spawned":[2,9,10,11],"killed_by":"Lagavulin","ascension_level":0}}