{"host":"xp5rvh2jwe2ejyfm","time":1610919819,"event":{"mods":["BaseMod","Hermit","Minty Spire (QoL Compilation)","Replay The Spire","StSLib","The Construct","The Disciple","The Necromancer","The Runesmith"],"gold_per_floor":[116,191,191,191,47,47,64,75,75,94,194,204,204,230,230,326,326,342,358,458,458,458],"floor_reached":21,"language":"ENG","playtime":1043,"items_purged":[],"score":179,"play_id":"1bbf5005-8512-40bb-8e28-32126dbe5806","local_time":"20210117164339","is_ascension_mode":false,"campfire_choices":[{"floor":6,"key":"REST"},{"data":"hermit:TakeAim","floor":13,"key":"SMITH"},{"floor":15,"key":"REST"}],"circlet_count":0,"master_deck":["hermit:Strike_Hermit","hermit:Strike_Hermit","hermit:Strike_Hermit","hermit:Strike_Hermit+1","hermit:Defend_Hermit","hermit:Defend_Hermit+1","hermit:Defend_Hermit","hermit:Defend_Hermit","hermit:Snapshot","hermit:Covet","hermit:Quickdraw","CommonCold","hermit:TakeAim+1","hermit:Showdown","Runesmith:FrozenChisel","Death_Coil","hermit:Vantage","Specialist","construct:Isolate","construct:HammerDown","construct:FierceBash"],"relics":["hermit:Momento","NeowsBlessing","PrismaticShard","Ginger","Replay:Grab Bag","Painkiller Herb","Cursed Key","construct:WeddingRing"],"acts_visited":["Exordium","TheCity"],"potions_floor_usage":[12,14,19,21],"damage_taken":[{"damage":0,"enemies":"2 Louse","floor":1,"turns":1},{"damage":0,"enemies":"Jaw Worm","floor":7,"turns":1},{"damage":0,"enemies":"Cultist","floor":8,"turns":1},{"damage":7,"enemies":"Blue Slaver","floor":10,"turns":3},{"damage":9,"enemies":"Lots of Slimes","floor":12,"turns":5},{"damage":17,"enemies":"Gremlin Nob","floor":14,"turns":4},{"damage":59,"enemies":"Hexaghost","floor":16,"turns":15},{"damage":30,"enemies":"Chosen","floor":18,"turns":7},{"damage":33,"enemies":"3 Byrds","floor":19,"turns":7},{"damage":19,"enemies":"3 Cultists","floor":21,"turns":4}],"seed_played":"-7755679457169967443","potions_obtained":[{"floor":1,"key":"SteroidPotion"},{"floor":7,"key":"Dexterity Potion"},{"floor":12,"key":"Adrenaline Potion"},{"floor":19,"key":"Reflective Coating"}],"is_trial":false,"path_per_floor":["M","?","?","?","$","R","M","M","T","M","?","M","R","E","R","B",null,"?","?","?","?"],"character_chosen":"HERMIT","items_purchased":["hermit:TakeAim","hermit:Showdown"],"campfire_rested":2,"item_purchase_floors":[5,5],"current_hp_per_floor":[75,64,49,49,49,71,71,71,71,64,64,55,55,38,60,1,75,45,12,12,0,0],"gold":458,"neow_bonus":"THREE_ENEMY_KILL","is_daily":false,"chose_seed":false,"campfire_upgraded":1,"win_rate":0.0,"timestamp":1610919819,"path_taken":["M","?","?","?","$","R","M","M","T","M","?","?","R","E","R","BOSS","?","?","?","?"],"items_purchased_type":["Card","Card"],"build_version":"2020-12-22","purchased_purges":0,"victory":false,"max_hp_per_floor":[75,75,75,75,75,75,75,75,75,75,75,75,75,75,75,75,75,75,75,75,75,75],"card_choices":[{"not_picked":["hermit:Feint","hermit:LuckOfTheDraw"],"picked":"hermit:Quickdraw","floor":1},{"not_picked":["Burning Pact","LockedAnchor"],"picked":"Runesmith:FrozenChisel","floor":7},{"not_picked":["Rebound","Consume"],"picked":"Death_Coil","floor":8},{"not_picked":["Clothesline","BowlingBash"],"picked":"hermit:Vantage","floor":10},{"not_picked":["HandOfGreed","HandsUpB"],"picked":"Specialist","floor":12},{"not_picked":["FollowUp","FlurryOfBlows"],"picked":"construct:Isolate","floor":14},{"not_picked":["Rainbow","hermit:FatalDesire"],"picked":"construct:HammerDown","floor":16},{"not_picked":["Replay:Undeath\u0027s Touch","EmptyFist","Darkness"],"picked":"SKIP","floor":18},{"not_picked":["Parity","Replay:DivineShield"],"picked":"construct:FierceBash","floor":19}],"player_experience":206094,"relics_obtained":[{"floor":14,"key":"Ginger"}],"event_choices":[{"damage_healed":0,"gold_gain":75,"player_choice":"Gather Gold","damage_taken":11,"max_hp_gain":0,"max_hp_loss":0,"event_name":"World of Goop","floor":2,"gold_loss":0},{"damage_healed":0,"gold_gain":0,"player_choice":"Entered Light","damage_taken":15,"max_hp_gain":0,"max_hp_loss":0,"event_name":"Shining Light","floor":3,"gold_loss":0,"cards_upgraded":["hermit:Strike_Hermit","hermit:Defend_Hermit"]},{"damage_healed":0,"gold_gain":100,"player_choice":"Pray","damage_taken":0,"max_hp_gain":0,"max_hp_loss":0,"event_name":"Golden Shrine","floor":11,"gold_loss":0},{"damage_healed":0,"gold_gain":100,"player_choice":"Pray","damage_taken":0,"max_hp_gain":0,"max_hp_loss":0,"event_name":"Golden Shrine","floor":20,"gold_loss":0}],"is_beta":false,"boss_relics":[{"not_picked":["Coffee Dripper","Runic Dome"],"picked":"Replay:Grab Bag"},{"not_picked":["Fusion Hammer","ChewingGum"],"picked":"Painkiller Herb"},{"not_picked":["ReplayTheSpireMod:DimensionalGlitch","Philosopher\u0027s Stone"],"picked":"Cursed Key"},{"not_picked":["construct:ClawGrip","SlaversCollar"],"picked":"construct:WeddingRing"}],"items_purged_floors":[],"is_endless":false,"potions_floor_spawned":[1,7,12,19],"killed_by":"3 Cultists","ascension_level":0}}