{"host":"fkig9nrckec4xsh0","time":1610922923,"event":{"mods":["BaseMod","Colored Map","Minty Spire (QoL Compilation)","Quick Restart","Replay The Spire","StSLib"],"gold_per_floor":[118,118,43,43,61,61,87,122,122,122,155,155,186,245,245,318,318,335,335,18,32,52,86,105,137,214,249,74,74,87,87,87,120,120,194,194,214,214,214,47,47,47,77,111,111,141,189,210,44,99,99,129,129,129,44,105,133],"floor_reached":58,"language":"ENG","playtime":3706,"items_purged":["Defend_R"],"score":2852,"play_id":"0849b0e8-b66a-49bd-a6d4-5398e008c649","local_time":"20210117173523","is_ascension_mode":true,"campfire_choices":[{"data":"True Grit","floor":6.0,"key":"SMITH"},{"data":"ReplayTheSpireMod:Strike From Hell","floor":10.0,"key":"SMITH"},{"data":"Dark Embrace","floor":12.0,"key":"SMITH"},{"data":"Uppercut","floor":15.0,"key":"SMITH"},{"floor":29,"key":"REST"},{"floor":34,"key":"REST"},{"data":"Dark Embrace","floor":42,"key":"SMITH"},{"floor":51,"key":"RECALL"},{"data":"ReplayUltimateDefense","floor":54,"key":"SMITH"}],"circlet_count":0,"master_deck":["AscendersBane","Strike_R","Strike_R","Strike_R","Defend_R+1","Defend_R+1","Bash","ReplayTheSpireMod:Strike From Hell+1","True Grit+1","Pommel Strike","Dark Embrace+1","Uppercut+1","Evolve","Offering+1","Reckless Charge","Dropkick+1","Warcry+1","True Grit+1","Fire Breathing+1","Pot Of Greed+1","Pot Of Greed+1","Feel No Pain+1","True Grit+1","Battle Trance+1","Dark Embrace+1","Pot Of Greed+1","True Grit+1","True Grit+1","Power Through+1","Exhume+1","AbeCurse","Infernal Blade+1","Infernal Blade+1","True Grit+1","Feel No Pain","Eclipse+1","Havoc+1","Eclipse+1","Pot Of Greed+1","Havoc+1","ReplayUltimateDefense+1","Barricade","Warcry+1","Life Link","Life Link","Dark Embrace+1"],"relics":["Burning Blood","NeowsBlessing","Replay:Mystery Machine","Darkstone Periapt","Toxic Egg 2","The Courier","Divine Protection","ReplayTheSpireMod:Ninjato","Black Star","Question Card","Turnip","Grinning Jar","Pet Ghost","ReplayTheSpireMod:Lightbulb","Letter Opener","Mummified Hand","Paper Frog","King of Hearts","Orichalcum","TungstenRod","Abe\u0027s Treasure","War Paint","Gremlin Food","Replay:Bandana","ReplayTheSpireMod:TigerMarble","Strawberry","Blue Doll","FossilizedHelix","Ornamental Fan","Bag of Marbles"],"acts_visited":["Exordium","TheCity","TheBeyond","TheEnding"],"potions_floor_usage":[33,57],"damage_taken":[{"damage":0.0,"enemies":"Small Slimes","floor":1.0,"turns":1.0},{"damage":0.0,"enemies":"Jaw Worm","floor":5.0,"turns":1.0},{"damage":0.0,"enemies":"Gremlin Nob","floor":8.0,"turns":1.0},{"damage":26.0,"enemies":"Lagavulin","floor":11.0,"turns":6.0},{"damage":28.0,"enemies":"3 Sentries","floor":13.0,"turns":7.0},{"damage":0.0,"enemies":"Gremlin Nob","floor":14.0,"turns":3.0},{"damage":41.0,"enemies":"Hexaghost","floor":16.0,"turns":11.0},{"damage":17.0,"enemies":"Shell Parasite","floor":18.0,"turns":7.0},{"damage":14.0,"enemies":"3 Byrds","floor":21.0,"turns":6.0},{"damage":20.0,"enemies":"Centurion and Healer","floor":22.0,"turns":5.0},{"damage":21.0,"enemies":"Book of Stabbing","floor":23.0,"turns":4.0},{"damage":1.0,"enemies":"Cultist and Chosen","floor":24.0,"turns":4.0},{"damage":11.0,"enemies":"Gremlin Leader","floor":25.0,"turns":5.0},{"damage":11,"enemies":"Slavers","floor":27,"turns":3},{"damage":12,"enemies":"Snake Plant","floor":30,"turns":3},{"damage":23,"enemies":"Gremlin Leader","floor":33,"turns":5},{"damage":0,"enemies":"Collector","floor":35,"turns":8},{"damage":0,"enemies":"Orb Walker","floor":37,"turns":3},{"damage":0,"enemies":"R_Hoarder","floor":43,"turns":6},{"damage":2,"enemies":"3 Shapes","floor":44,"turns":3},{"damage":0,"enemies":"Jaw Worm Horde","floor":46,"turns":2},{"damage":0,"enemies":"Nemesis","floor":47,"turns":7},{"damage":0,"enemies":"4 Shapes","floor":48,"turns":3},{"damage":0,"enemies":"Giant Head","floor":50,"turns":5},{"damage":0,"enemies":"Donu and Deca","floor":52,"turns":5},{"damage":16,"enemies":"Shield and Spear","floor":56,"turns":3},{"damage":0,"enemies":"The Heart","floor":57,"turns":5}],"seed_played":"6798249905571541769","potions_obtained":[{"floor":5.0,"key":"Explosive Potion"},{"floor":11.0,"key":"Flashbang"},{"floor":14.0,"key":"BloodPotion"},{"floor":16.0,"key":"SkillPotion"},{"floor":18.0,"key":"Dexterity Potion"},{"floor":23.0,"key":"SteroidPotion"},{"floor":27,"key":"SkillPotion"},{"floor":37,"key":"PowerPotion"},{"floor":44,"key":"FearPotion"},{"floor":48,"key":"Reflective Coating"}],"is_trial":false,"path_per_floor":["M","?","$","?","M","R","T","E","T","R","E","R","E","?","R","B",null,"M","?","$","M","M","E","M","E","T","E","$","R","M","PTL","PTL","E","R","B",null,"M","?","?","$","?","R","E","M","T","M","E","M","$","E","R","B",null,"R","$","E","B",null],"character_chosen":"IRONCLAD","items_purchased":["Dropkick+1","Warcry+1","Question Card","True Grit+1","King of Hearts","Infernal Blade+1","True Grit+1","Feel No Pain","ReplayUltimateDefense","Warcry+1","Life Link"],"campfire_rested":2,"item_purchase_floors":[20,20,20,28,28,40,40,40,49,55,55],"current_hp_per_floor":[74,67,67,67,73,73,73,75,75,75,55,55,33,39,39,19,61,50,50,50,42,28,13,18,13,13,8,8,30,24,24,24,7,29,35,71,77,77,77,77,77,77,81,81,81,81,88,88,88,88,88,88,88,88,88,78,84],"gold":133,"neow_bonus":"THREE_ENEMY_KILL","is_daily":false,"chose_seed":false,"campfire_upgraded":6,"win_rate":0.0,"timestamp":1610922923,"path_taken":["M","?","$","?","?","R","?","E","T","R","E","R","E","?","R","BOSS","M","?","$","?","M","E","M","E","T","E","$","R","M","PTL","PTL","E","R","BOSS","M","?","?","?","?","R","E","M","T","M","E","M","$","E","R","BOSS","R","$","E","BOSS"],"items_purchased_type":["Card","Card","Relic","Card","Relic","Card","Card","Card","Card","Card","Card"],"build_version":"2020-12-22","purchased_purges":1,"victory":true,"max_hp_per_floor":[75,75,75,75,75,75,75,75,75,75,75,75,75,75,75,75,75,75,75,75,75,75,75,75,75,75,75,75,75,75,75,75,75,75,75,81,81,81,81,81,81,81,81,81,81,81,88,88,88,88,88,88,88,88,88,88,88],"card_choices":[{"not_picked":["ReplayTheSpireMod:Muscle Training","Flex"],"picked":"ReplayTheSpireMod:Strike From Hell","floor":1.0},{"not_picked":["Clothesline","ReplayReversal"],"picked":"True Grit","floor":5.0},{"not_picked":["Flex","Clothesline"],"picked":"Pommel Strike","floor":8.0},{"not_picked":["Second Wind+1","Infernal Blade+1"],"picked":"Dark Embrace","floor":11.0},{"not_picked":["Carnage","Blood for Blood"],"picked":"Uppercut","floor":13.0},{"not_picked":["Replay:Undeath\u0027s Touch","Perfected Strike"],"picked":"Evolve","floor":14.0},{"not_picked":["Demonic Infusion+1","Berserk"],"picked":"Offering+1","floor":16.0},{"not_picked":["Sword Boomerang","Twin Strike"],"picked":"Reckless Charge","floor":18.0},{"not_picked":["Run Through","Combust","ReplayTheSpireMod:Strike From Hell"],"picked":"True Grit+1","floor":21.0},{"not_picked":["Sword Boomerang","Dropkick","Seeing Red+1"],"picked":"Fire Breathing+1","floor":22.0},{"not_picked":["Replay:Many Hands+1","Carnage","Immolate"],"picked":"Feel No Pain+1","floor":23.0},{"not_picked":["ReplayTheSpireMod:LeadingStrike","Thunderclap","Pommel Strike+1"],"picked":"True Grit+1","floor":24.0},{"not_picked":["Disarm+1","Cleave","Shrug It Off+1"],"picked":"Battle Trance+1","floor":25.0},{"not_picked":["Replay:Undeath\u0027s Touch","ReplayTheSpireMod:Muscle Training+1","Twin Strike"],"picked":"Dark Embrace","floor":27},{"not_picked":["Infernal Blade+1","Bloodletting+1","Headbutt"],"picked":"True Grit+1","floor":30},{"not_picked":["Life Link","Twin Strike+1","Hemokinesis"],"picked":"Power Through+1","floor":33},{"not_picked":["Hemogenesis","Demonic Infusion+1","Limit Break+1"],"picked":"Exhume+1","floor":35},{"not_picked":["Replay:Undeath\u0027s Touch+1","ReplayTheSpireMod:LeadingStrike","Iron Wave+1","Ghostly Armor+1"],"picked":"SKIP","floor":37},{"not_picked":["Disarm+1","Pommel Strike","Feel No Pain"],"picked":"Eclipse+1","floor":43},{"not_picked":["Clash","Flame Barrier+1","True Grit+1"],"picked":"Havoc+1","floor":44},{"not_picked":["Armaments+1","Clash+1","Sword Boomerang"],"picked":"Eclipse+1","floor":46},{"not_picked":["Heavy Blade","True Grit+1","ReplayTheSpireMod:Limb From Limb+1"],"picked":"Havoc+1","floor":47},{"not_picked":["Twin Strike","Perfected Strike+1","Sever Soul","Replay:Undeath\u0027s Touch+1"],"picked":"SKIP","floor":48},{"not_picked":["Cleave","Sword Boomerang","Fire Breathing"],"picked":"Barricade","floor":50},{"not_picked":["Dual Wield+1","Armaments+1","Heavy Blade"],"picked":"Dark Embrace+1","floor":56}],"player_experience":333823,"relics_obtained":[{"floor":7.0,"key":"Replay:Mystery Machine"},{"floor":8.0,"key":"Darkstone Periapt"},{"floor":9.0,"key":"Toxic Egg 2"},{"floor":11.0,"key":"The Courier"},{"floor":13.0,"key":"Divine Protection"},{"floor":14.0,"key":"ReplayTheSpireMod:Ninjato"},{"floor":23.0,"key":"Turnip"},{"floor":23.0,"key":"Grinning Jar"},{"floor":25.0,"key":"Pet Ghost"},{"floor":25.0,"key":"ReplayTheSpireMod:Lightbulb"},{"floor":26.0,"key":"Letter Opener"},{"floor":27,"key":"Mummified Hand"},{"floor":27,"key":"Paper Frog"},{"floor":33,"key":"Orichalcum"},{"floor":33,"key":"TungstenRod"},{"floor":43,"key":"Gremlin Food"},{"floor":43,"key":"Replay:Bandana"},{"floor":47,"key":"ReplayTheSpireMod:TigerMarble"},{"floor":47,"key":"Strawberry"},{"floor":50,"key":"Blue Doll"},{"floor":50,"key":"FossilizedHelix"},{"floor":56,"key":"Ornamental Fan"},{"floor":56,"key":"Bag of Marbles"}],"event_choices":[{"cards_removed":["Strike_R"],"damage_healed":0.0,"max_hp_gain":0.0,"max_hp_loss":0.0,"gold_gain":0.0,"event_name":"Golden Wing","player_choice":"Card Removal","floor":2.0,"gold_loss":0.0,"damage_taken":7.0},{"cards_removed":["Strike_R"],"damage_healed":0.0,"max_hp_gain":0.0,"max_hp_loss":0.0,"gold_gain":0.0,"event_name":"Bonfire Elementals","player_choice":"Offered Basic","floor":4.0,"gold_loss":0.0,"damage_taken":0.0},{"damage_healed":0.0,"max_hp_gain":0.0,"max_hp_loss":0.0,"gold_gain":0.0,"event_name":"Dead Adventurer","player_choice":"Searched \u00271\u0027 times","floor":14.0,"gold_loss":0.0,"damage_taken":0.0},{"damage_healed":0.0,"max_hp_gain":0.0,"max_hp_loss":0.0,"gold_gain":0.0,"event_name":"Match and Keep!","player_choice":"0 cards matched","floor":19.0,"gold_loss":0.0,"damage_taken":0.0,"cards_obtained":[]},{"cards_removed":["Defend_R"],"damage_healed":0,"gold_gain":0,"player_choice":"Removed Skill","damage_taken":0,"max_hp_gain":0,"max_hp_loss":0,"event_name":"Falling","floor":38,"gold_loss":0},{"damage_healed":0,"gold_gain":0,"player_choice":"Gave Potion","damage_taken":0,"relics_obtained":["War Paint"],"max_hp_gain":0,"max_hp_loss":0,"event_name":"WeMeetAgain","floor":41,"gold_loss":0}],"is_beta":false,"boss_relics":[{"not_picked":["Honey Jar","Replay:Drink Me"],"picked":"Black Star"},{"not_picked":["Kintsugi","Painkiller Herb"],"picked":"Abe\u0027s Treasure"}],"items_purged_floors":[3],"is_endless":false,"potions_floor_spawned":[5,11,14,16,18,23,24,27,37,44,48],"ascension_level":16}}