{"host":"hmtuahrtrcu9fql1","time":1610861475,"event":{"mods":["AchievementEnabler","BaseMod","Colored Map","Minty Spire (QoL Compilation)","Rare Cards Sparkle","SuperFastMode"],"gold_per_floor":[109,128,78,78,78,112,112,136,136,136,174,174,72,72,72,200,200,218,118,118,168,181,224,224,258,281,9,28,71,89,103,103,232,232,245,258,279,129,148,148,191,191,218,261,286,286,304,323,323,323,323],"floor_reached":50,"language":"KOR","playtime":1061,"items_purged":["Strike_R","Strike_R","Strike_R","Defend_R"],"score":707,"play_id":"821f8914-b603-443a-8f54-785e6f0a4b98","local_time":"20210117143115","is_ascension_mode":true,"campfire_choices":[{"data":"Heavy Blade","floor":7,"key":"SMITH"},{"data":"Spot Weakness","floor":15,"key":"SMITH"},{"data":"Anger","floor":24,"key":"SMITH"},{"floor":32,"key":"REST"},{"data":"Battle Trance","floor":40,"key":"SMITH"},{"floor":42,"key":"REST"},{"floor":49,"key":"REST"}],"circlet_count":0,"master_deck":["Defend_R","Defend_R+1","Defend_R+1","Bash","Spot Weakness+1","Heavy Blade+1","Anger+1","Anger+1","Battle Trance+1","Double Tap"],"relics":["Burning Blood","NeowsBlessing","Shuriken","Golden Idol","Blood Vial","Mercury Hourglass","Pear","Velvet Choker","MutagenicStrength","Bottled Lightning","Nunchaku","War Paint","Omamori","Dream Catcher","Busted Crown","Vajra","Pen Nib","Strawberry"],"acts_visited":["Exordium","TheCity","TheBeyond"],"potions_floor_usage":[33,41,47,50],"damage_taken":[{"damage":0,"enemies":"Small Slimes","floor":1,"turns":1},{"damage":0,"enemies":"Jaw Worm","floor":2,"turns":1},{"damage":0,"enemies":"3 Sentries","floor":6,"turns":2},{"damage":4,"enemies":"2 Louse","floor":8,"turns":3},{"damage":8,"enemies":"Gremlin Nob","floor":11,"turns":3},{"damage":53,"enemies":"Hexaghost","floor":16,"turns":8},{"damage":7,"enemies":"Chosen","floor":18,"turns":4},{"damage":1,"enemies":"Spheric Guardian","floor":22,"turns":3},{"damage":26,"enemies":"Book of Stabbing","floor":23,"turns":4},{"damage":22,"enemies":"Gremlin Leader","floor":25,"turns":4},{"damage":5,"enemies":"Snecko","floor":28,"turns":3},{"damage":37,"enemies":"Slavers","floor":29,"turns":5},{"damage":12,"enemies":"3 Cultists","floor":30,"turns":4},{"damage":19,"enemies":"Snake Plant","floor":31,"turns":2},{"damage":30,"enemies":"Collector","floor":33,"turns":4},{"damage":25,"enemies":"3 Darklings","floor":35,"turns":4},{"damage":0,"enemies":"Orb Walker","floor":36,"turns":2},{"damage":0,"enemies":"Transient","floor":37,"turns":5},{"damage":4,"enemies":"Sphere and 2 Shapes","floor":39,"turns":3},{"damage":35,"enemies":"Nemesis","floor":41,"turns":5},{"damage":70,"enemies":"Reptomancer","floor":44,"turns":4},{"damage":37,"enemies":"Maw","floor":45,"turns":5},{"damage":8,"enemies":"Transient","floor":47,"turns":5},{"damage":18,"enemies":"Jaw Worm Horde","floor":48,"turns":3},{"damage":74,"enemies":"Time Eater","floor":50,"turns":6}],"seed_played":"-8373543535265962188","potions_obtained":[{"floor":1,"key":"SkillPotion"},{"floor":6,"key":"ElixirPotion"},{"floor":22,"key":"FairyPotion"},{"floor":23,"key":"Dexterity Potion"},{"floor":29,"key":"Block Potion"},{"floor":33,"key":"SteroidPotion"},{"floor":41,"key":"AttackPotion"}],"is_trial":false,"path_per_floor":["M","M","?","?","?","E","R","M","T","?","E","?","$","?","R","B",null,"M","$","?","?","M","E","R","E","T","$","M","E","M","M","R","B",null,"M","M","M","$","M","R","E","R","T","E","M","?","M","M","R","B"],"character_chosen":"IRONCLAD","items_purchased":["Anger","Omamori"],"campfire_rested":3,"item_purchase_floors":[13,27],"current_hp_per_floor":[80,80,80,77,57,63,63,67,67,67,77,70,70,75,75,30,95,94,94,94,94,95,75,75,61,61,61,64,35,31,20,48,26,95,76,84,92,92,95,95,66,94,94,38,9,9,9,36,66,0,0],"gold":323,"neow_bonus":"THREE_ENEMY_KILL","is_daily":false,"chose_seed":false,"campfire_upgraded":4,"win_rate":0.0,"timestamp":1610861475,"path_taken":["M","M","?","?","?","E","R","?","T","?","E","?","$","?","R","BOSS","M","$","?","?","?","E","R","E","T","$","M","E","M","M","R","BOSS","M","?","M","$","?","R","E","R","T","E","M","?","M","?","R","BOSS"],"items_purchased_type":["Card","Relic"],"build_version":"2020-12-22","purchased_purges":4,"victory":false,"max_hp_per_floor":[80,80,80,80,80,80,80,80,80,80,90,90,90,95,95,95,95,95,95,95,95,95,95,95,95,95,95,95,95,95,95,95,95,95,95,95,95,95,95,95,95,95,95,102,102,102,102,102,102,102,102],"card_choices":[{"not_picked":["Entrench","Shrug It Off"],"picked":"Spot Weakness","floor":1},{"not_picked":["Whirlwind","Hemokinesis"],"picked":"Heavy Blade","floor":2},{"not_picked":["Heavy Blade","Pommel Strike","Reckless Charge"],"picked":"SKIP","floor":6},{"not_picked":["Armaments","True Grit","Sword Boomerang"],"picked":"SKIP","floor":8},{"not_picked":["Shrug It Off","Bludgeon","Combust"],"picked":"SKIP","floor":11},{"not_picked":["Cleave+1","Pommel Strike"],"picked":"Anger+1","floor":18},{"not_picked":["Shrug It Off+1","Power Through","Wild Strike"],"picked":"SKIP","floor":22},{"not_picked":["Entrench","Second Wind+1","Fire Breathing"],"picked":"SKIP","floor":23},{"not_picked":["Flex","Wild Strike","Dual Wield"],"picked":"SKIP","floor":25},{"not_picked":["Twin Strike","Carnage","Body Slam"],"picked":"SKIP","floor":28},{"not_picked":["Clothesline","Thunderclap+1","Rage+1"],"picked":"SKIP","floor":29},{"not_picked":["Combust","Seeing Red"],"picked":"Battle Trance","floor":30},{"not_picked":["Wild Strike","Thunderclap+1","Clothesline+1"],"picked":"SKIP","floor":31},{"not_picked":["Offering","Impervious"],"picked":"Double Tap","floor":33},{"not_picked":["True Grit"],"picked":"SKIP","floor":35},{"not_picked":["Shrug It Off"],"picked":"SKIP","floor":36},{"not_picked":["Infernal Blade+1"],"picked":"SKIP","floor":37},{"not_picked":["Iron Wave"],"picked":"SKIP","floor":39},{"not_picked":["Shockwave+1"],"picked":"SKIP","floor":41},{"not_picked":["Entrench"],"picked":"SKIP","floor":44},{"not_picked":["Heavy Blade"],"picked":"SKIP","floor":45},{"not_picked":["Reaper"],"picked":"SKIP","floor":47},{"not_picked":["Perfected Strike"],"picked":"SKIP","floor":48}],"player_experience":9041,"relics_obtained":[{"floor":6,"key":"Blood Vial"},{"floor":9,"key":"Mercury Hourglass"},{"floor":11,"key":"Pear"},{"floor":23,"key":"Bottled Lightning"},{"floor":25,"key":"Nunchaku"},{"floor":26,"key":"War Paint"},{"floor":29,"key":"Dream Catcher"},{"floor":41,"key":"Vajra"},{"floor":43,"key":"Pen Nib"},{"floor":44,"key":"Strawberry"}],"event_choices":[{"cards_removed":["Strike_R"],"damage_healed":0,"gold_gain":0,"player_choice":"Card Removal","damage_taken":0,"max_hp_gain":0,"max_hp_loss":0,"event_name":"The Cleric","floor":3,"gold_loss":50},{"damage_healed":0,"gold_gain":0,"player_choice":"Success","damage_taken":3,"relics_obtained":["Shuriken"],"max_hp_gain":0,"max_hp_loss":0,"event_name":"Scrap Ooze","floor":4,"gold_loss":0},{"damage_healed":0,"gold_gain":0,"player_choice":"Take Damage","damage_taken":20,"relics_obtained":["Golden Idol"],"max_hp_gain":0,"max_hp_loss":0,"event_name":"Golden Idol","floor":5,"gold_loss":0},{"damage_healed":0,"gold_gain":0,"player_choice":"Ignored","damage_taken":0,"max_hp_gain":0,"max_hp_loss":0,"event_name":"Liars Game","floor":10,"gold_loss":0},{"cards_removed":["Strike_R"],"damage_healed":0,"gold_gain":0,"player_choice":"Card Removal","damage_taken":7,"max_hp_gain":0,"max_hp_loss":0,"event_name":"Golden Wing","floor":12,"gold_loss":0},{"damage_healed":0,"gold_gain":0,"player_choice":"Donut","damage_taken":0,"max_hp_gain":5,"max_hp_loss":0,"event_name":"Big Fish","floor":14,"gold_loss":0},{"damage_healed":0,"gold_gain":0,"player_choice":"Inject Mutagens","damage_taken":0,"relics_obtained":["MutagenicStrength"],"max_hp_gain":0,"max_hp_loss":0,"event_name":"Drug Dealer","floor":20,"gold_loss":0},{"damage_healed":0,"gold_gain":100,"player_choice":"Bet on Murderer","damage_taken":0,"max_hp_gain":0,"max_hp_loss":0,"event_name":"The Joust","floor":21,"gold_loss":50},{"damage_healed":0,"gold_gain":0,"player_choice":"Bought 0 Potions","damage_taken":0,"max_hp_gain":0,"max_hp_loss":0,"event_name":"The Woman in Blue","floor":46,"gold_loss":0}],"is_beta":false,"boss_relics":[{"not_picked":["Runic Dome","Fusion Hammer"],"picked":"Velvet Choker"},{"not_picked":["SacredBark","Coffee Dripper"],"picked":"Busted Crown"}],"items_purged_floors":[13,19,27,38],"is_endless":false,"potions_floor_spawned":[1,6,22,23,29,33,37,41,44],"killed_by":"Time Eater","ascension_level":2}}