{"host":"8d3fefv2347kqkpz","time":1610875680,"event":{"mods":["100% Spire Juice","BaseMod","Better Vampires","Colored Map","Minty Spire (QoL Compilation)","Quick Restart","Replay The Spire","StSLib","The Gatherer","Waifu the Spire"],"gold_per_floor":[216,216,73,73,86,117,117,145,198,198,217,245,265,280,280,381,381,399,399,399,426,455,455,500,500,500,549,580,706,738,768,768,892,892,917,361,391,410,441,441,441,441,514,565,599,599,636,655,655,675],"floor_reached":51,"language":"ZHS","playtime":2356,"items_purged":["Strike_R","Strike_R"],"score":844,"play_id":"380c2e43-71c8-488e-a6f0-adceaab2fefa","local_time":"20210117172800","is_ascension_mode":false,"campfire_choices":[{"data":"Inflame","floor":7.0,"key":"SMITH"},{"data":"Neutralize","floor":10.0,"key":"SMITH"},{"data":"Heavy Blade","floor":15.0,"key":"SMITH"},{"data":"Demon Form","floor":23.0,"key":"SMITH"},{"data":"Shrug It Off","floor":25.0,"key":"SMITH"},{"floor":32.0,"key":"DIG"},{"data":"Heavy Blade","floor":40.0,"key":"SMITH"},{"data":"Defend_R","floor":42.0,"key":"PURGE"},{"floor":49,"key":"REST"}],"circlet_count":0,"master_deck":["Strike_R","Strike_R","Strike_R","Defend_R","Defend_R","Defend_R","Heavy Blade+1","Inflame+1","Survivor","Neutralize+1","Reaper","ReplayTheSpireMod:Stacked","Warcry","Brutality","Shrug It Off+1","Demon Form+1","ReplayTheSpireMod:Muscle Training","Sword Boomerang+1","Bloodletting+1","Warcry","Heavy Blade+1","Combust+1","Pot Of Greed+1","Pot Of Greed","Warcry","Pot Of Greed","Metallicize+1","Headbutt"],"relics":["Burning Blood","Nunchaku","Replay:Baseball","Onion Ring","King of Hearts","Gremlin Food","Electric Blood","Replay:Bandana","Frozen Egg 2","Boot","ReplayTheSpireMod:Shallot","Calipers","Eternal Feather","Tiny Chest","Peace Pipe","Grinning Jar","Letter Opener","Bottled Lightning","Juzu Bracelet"],"acts_visited":["Exordium","TheCity","TheBeyond"],"potions_floor_usage":[50,50,50],"damage_taken":[{"damage":10.0,"enemies":"Cultist","floor":1.0,"turns":4.0},{"damage":7.0,"enemies":"Jaw Worm","floor":5.0,"turns":3.0},{"damage":25.0,"enemies":"3 Sentries","floor":6.0,"turns":9.0},{"damage":10.0,"enemies":"Gremlin Nob","floor":8.0,"turns":4.0},{"damage":0.0,"enemies":"2 Louse","floor":11.0,"turns":2.0},{"damage":15.0,"enemies":"3 Sentries","floor":12.0,"turns":8.0},{"damage":0.0,"enemies":"Looter","floor":13.0,"turns":3.0},{"damage":16.0,"enemies":"Gremlin Gang","floor":14.0,"turns":5.0},{"damage":24.0,"enemies":"The Guardian","floor":16.0,"turns":11.0},{"damage":11.0,"enemies":"Shell Parasite","floor":18.0,"turns":5.0},{"damage":11.0,"enemies":"2 Thieves","floor":21.0,"turns":4.0},{"damage":20.0,"enemies":"Sentry and Sphere","floor":22.0,"turns":4.0},{"damage":23.0,"enemies":"Slavers","floor":24.0,"turns":5.0},{"damage":15.0,"enemies":"Book of Stabbing","floor":27.0,"turns":4.0},{"damage":11.0,"enemies":"Shelled Parasite and Fungi","floor":28.0,"turns":6.0},{"damage":31.0,"enemies":"Colosseum Slavers","floor":29.0,"turns":5.0},{"damage":14.0,"enemies":"Colosseum Nobs","floor":29.0,"turns":4.0},{"damage":21.0,"enemies":"Snake Plant","floor":30.0,"turns":5.0},{"damage":8.0,"enemies":"3 Cultists","floor":31.0,"turns":4.0},{"damage":26.0,"enemies":"Champ","floor":33.0,"turns":7.0},{"damage":9.0,"enemies":"Orb Walker","floor":35.0,"turns":4.0},{"damage":15.0,"enemies":"3 Darklings","floor":37.0,"turns":4.0},{"damage":13.0,"enemies":"Jaw Worm Horde","floor":38.0,"turns":4.0},{"damage":18.0,"enemies":"Maw","floor":39.0,"turns":7.0},{"damage":33.0,"enemies":"Nemesis","floor":44.0,"turns":5.0},{"damage":29.0,"enemies":"3 Darklings","floor":45.0,"turns":6.0},{"damage":30,"enemies":"R_Hoarder","floor":47,"turns":7},{"damage":35,"enemies":"4 Shapes","floor":48,"turns":5},{"damage":64,"enemies":"Awakened One","floor":50,"turns":8}],"seed_played":"3457348395361186003","potions_obtained":[{"floor":1.0,"key":"Fire Potion"},{"floor":5.0,"key":"Toxic Potion"},{"floor":8.0,"key":"PowerPotion"},{"floor":18.0,"key":"AttackPotion"},{"floor":21.0,"key":"Milkshake"},{"floor":22.0,"key":"SpeedPotion"},{"floor":29.0,"key":"Venom Potion"},{"floor":44.0,"key":"Adrenaline Potion"}],"is_trial":false,"path_per_floor":["M","?","$","?","M","E","R","E","T","R","M","E","M","M","R","B",null,"M","?","?","M","M","R","E","R","T","E","M","?","M","M","R_BF","B",null,"M","$","M","M","M","R","?","R","T","E","M","?","E","M","R","B",null],"character_chosen":"IRONCLAD","items_purchased":["Inflame","Peace Pipe","Grinning Jar"],"campfire_rested":1,"item_purchase_floors":[3,36,36],"current_hp_per_floor":[76,69,69,69,68,61,61,57,57,57,63,70,76,70,70,59,80,80,65,65,82,77,77,77,77,77,68,73,40,25,53,65,58,85,85,85,76,85,85,85,81,81,81,59,54,54,57,62,81,41],"gold":675,"neow_bonus":"HUNDRED_GOLD","is_daily":false,"chose_seed":false,"campfire_upgraded":6,"win_rate":0.0,"timestamp":1610875680,"path_taken":["M","?","$","?","M","E","R","E","T","R","M","E","M","M","R","BOSS","M","?","?","M","M","R","E","R","T","E","?","?","M","M","R_BF","BOSS","M","$","M","M","M","R","?","R","T","E","M","?","E","M","R","BOSS"],"items_purchased_type":["Card","Relic","Relic"],"build_version":"2020-12-22","purchased_purges":2,"victory":true,"max_hp_per_floor":[80,80,80,80,80,80,80,80,80,80,80,80,80,80,80,80,80,80,85,85,85,85,85,85,85,85,85,85,85,85,85,85,85,85,85,85,85,85,85,85,81,81,81,81,81,81,81,81,81,81],"card_choices":[{"not_picked":["Anger","Clash"],"picked":"Heavy Blade","floor":1.0},{"not_picked":["True Grit","Body Slam"],"picked":"Reaper","floor":5.0},{"not_picked":["Entrench","Carnage","Battle Trance"],"picked":"SKIP","floor":6.0},{"not_picked":["Entrench","Carnage","Battle Trance"],"picked":"SKIP","floor":6.0},{"not_picked":["Dual Wield","Thunderclap"],"picked":"ReplayTheSpireMod:Stacked","floor":8.0},{"not_picked":["Twin Strike","Life Link"],"picked":"Warcry","floor":11.0},{"not_picked":["Twin Strike","Sword Boomerang"],"picked":"Brutality","floor":12.0},{"not_picked":["Body Slam","ReplayTheSpireMod:Strike From Hell","Heavy Blade"],"picked":"SKIP","floor":13.0},{"not_picked":["Ghostly Armor","Twin Strike"],"picked":"Shrug It Off","floor":14.0},{"not_picked":["Hemogenesis","Offering"],"picked":"Demon Form","floor":16.0},{"not_picked":["ReplayTheSpireMod:Corrosion Curse","Sentinel"],"picked":"ReplayTheSpireMod:Muscle Training","floor":18.0},{"not_picked":["Twin Strike","Shockwave+1"],"picked":"Sword Boomerang+1","floor":21.0},{"not_picked":["Shrug It Off+1","Wild Strike+1"],"picked":"Bloodletting+1","floor":22.0},{"not_picked":["Bloodletting","Defy Death","Sword Boomerang"],"picked":"SKIP","floor":24.0},{"not_picked":["Replay:Undeath\u0027s Touch","Infernal Blade+1","Clash"],"picked":"SKIP","floor":27.0},{"not_picked":["Searing Blow+1","Fire Breathing+1","Feel No Pain+1"],"picked":"SKIP","floor":28.0},{"not_picked":["Replay:Undeath\u0027s Touch+1","Heavy Blade+1"],"picked":"Warcry","floor":29.0},{"not_picked":["Flame Barrier+1","Entrench"],"picked":"Heavy Blade","floor":30.0},{"not_picked":["Clothesline+1","Abandon","Run Through"],"picked":"SKIP","floor":31.0},{"not_picked":["Twin Strike","Flex"],"picked":"Combust+1","floor":35.0},{"not_picked":["Heavy Blade","Replay:Undeath\u0027s Touch","ReplayTheSpireMod:Strike From Hell"],"picked":"SKIP","floor":37.0},{"not_picked":["Seeing Red+1","Clash"],"picked":"Warcry","floor":38.0},{"not_picked":["Armaments+1","Dual Wield+1"],"picked":"Metallicize+1","floor":39.0},{"not_picked":["Anger+1","Pommel Strike"],"picked":"Headbutt","floor":44.0},{"not_picked":["Heavy Blade","Flex","Pommel Strike"],"picked":"SKIP","floor":45.0},{"not_picked":["Fiend Fire","Clothesline+1","Intimidate"],"picked":"SKIP","floor":47},{"not_picked":["Twin Strike+1","Seeing Red+1","Power Through"],"picked":"SKIP","floor":48}],"player_experience":83637,"relics_obtained":[{"floor":6.0,"key":"Replay:Baseball"},{"floor":8.0,"key":"Onion Ring"},{"floor":9.0,"key":"King of Hearts"},{"floor":12.0,"key":"Gremlin Food"},{"floor":24.0,"key":"Frozen Egg 2"},{"floor":26.0,"key":"Boot"},{"floor":27.0,"key":"ReplayTheSpireMod:Shallot"},{"floor":29.0,"key":"Calipers"},{"floor":29.0,"key":"Eternal Feather"},{"floor":32.0,"key":"Tiny Chest"},{"floor":43.0,"key":"Letter Opener"},{"floor":44.0,"key":"Bottled Lightning"},{"floor":47,"key":"Juzu Bracelet"}],"event_choices":[{"damage_healed":0.0,"max_hp_gain":0.0,"max_hp_loss":0.0,"gold_gain":0.0,"event_name":"Scrap Ooze","player_choice":"Success","floor":2.0,"gold_loss":0.0,"damage_taken":7.0,"relics_obtained":["Nunchaku"]},{"damage_healed":0.0,"max_hp_gain":5.0,"max_hp_loss":0.0,"gold_gain":0.0,"event_name":"Forgotten Altar","player_choice":"Shed Blood","floor":19.0,"gold_loss":0.0,"damage_taken":20.0},{"damage_healed":0.0,"max_hp_gain":0.0,"max_hp_loss":0.0,"gold_gain":0.0,"event_name":"WeMeetAgain","player_choice":"Gave Potion","floor":20.0,"gold_loss":0.0,"damage_taken":0.0,"relics_obtained":["Replay:Bandana"]},{"damage_healed":0.0,"max_hp_gain":0.0,"max_hp_loss":0.0,"gold_gain":0.0,"event_name":"Colosseum","player_choice":"Fight","floor":29.0,"gold_loss":0.0,"damage_taken":0.0},{"damage_healed":0.0,"max_hp_gain":0.0,"max_hp_loss":0.0,"gold_gain":0.0,"event_name":"Colosseum","player_choice":"Fought Nobs","floor":29.0,"gold_loss":0.0,"damage_taken":0.0},{"damage_healed":0.0,"max_hp_gain":0.0,"max_hp_loss":4.0,"gold_gain":0.0,"event_name":"Winding Halls","player_choice":"Max HP","floor":41.0,"gold_loss":0.0,"damage_taken":0.0},{"damage_healed":0,"gold_gain":0,"player_choice":"Ignored","damage_taken":0,"max_hp_gain":0,"max_hp_loss":0,"event_name":"Mysterious Sphere","floor":46,"gold_loss":0}],"is_beta":false,"boss_relics":[{"not_picked":["Black Blood","Kintsugi"],"picked":"Electric Blood"},{"not_picked":["Pandora\u0027s Box","Ring of Chaos","Snecko Eye"]}],"items_purged_floors":[3,36],"is_endless":false,"potions_floor_spawned":[1,5,8,11,13,18,21,22,29,38,44,47],"ascension_level":0}}