{"host":"cw25u8qal1h0d7ia","time":1610887996,"event":{"mods":["BaseMod","Downfall","Minty Spire (QoL Compilation)","StSLib"],"gold_per_floor":[99,119,136,199,211,211,211,231,231,231],"floor_reached":9,"language":"ENG","playtime":716,"items_purged":[],"score":58,"play_id":"c054aabb-559a-4a9d-9200-0a1edf6a0829","local_time":"20210117135316","is_ascension_mode":true,"campfire_choices":[{"data":"bronze:Goto","floor":1,"key":"SMITH"}],"circlet_count":0,"master_deck":["bronze:Strike","bronze:Strike","bronze:Strike","bronze:Strike","bronze:Defend","bronze:Defend","bronze:Defend","bronze:Defend","bronze:Replicate","bronze:Goto+1","bronze:Repulsor","bronze:OilSpill","bronze:DazingPulse","bronze:Refactor"],"relics":["bronze:BronzeCore","Sundial","Question Card"],"acts_visited":["Exordium"],"potions_floor_usage":[],"damage_taken":[{"damage":0,"enemies":"Small Slimes","floor":2,"turns":5},{"damage":9,"enemies":"Jaw Worm","floor":3,"turns":6},{"damage":39,"enemies":"Lagavulin Event","floor":4,"turns":6},{"damage":0,"enemies":"2 Louse","floor":5,"turns":3},{"damage":0,"enemies":"2 Louse","floor":6,"turns":2},{"damage":20,"enemies":"Gremlin Gang","floor":8,"turns":7},{"damage":16,"enemies":"Gremlin Nob","floor":9,"turns":3}],"seed_played":"-8669697295426835103","potions_obtained":[{"floor":2,"key":"bronze:FreeFunctionsPotion"},{"floor":6,"key":"Dexterity Potion"}],"is_trial":false,"path_per_floor":["R","M","M","?","M","?","T","M","E"],"character_chosen":"THE_AUTOMATON","items_purchased":[],"campfire_rested":0,"item_purchase_floors":[],"current_hp_per_floor":[77,77,68,29,29,29,29,9,0,0],"gold":231,"neow_bonus":"TEN_PERCENT_HP_BONUS","is_daily":false,"chose_seed":false,"campfire_upgraded":1,"win_rate":0.0,"timestamp":1610887996,"path_taken":["R","M","M","?","M","?","T","M","E"],"items_purchased_type":[],"build_version":"2020-12-22","purchased_purges":0,"victory":false,"max_hp_per_floor":[77,77,77,77,77,77,77,77,77,77],"card_choices":[{"not_picked":["bronze:BugBarrage","bronze:OilSpill"],"picked":"bronze:Repulsor","floor":2},{"not_picked":["bronze:FineTuning","bronze:Turbo"],"picked":"bronze:OilSpill","floor":3},{"not_picked":["bronze:Shell","bronze:Shield","bronze:BronzeOrb"],"picked":"SKIP","floor":5},{"not_picked":[],"picked":"bronze:DazingPulse","floor":6},{"not_picked":["bronze:WildBeam","bronze:BitShift","bronze:Shield"],"picked":"bronze:Refactor","floor":8}],"player_experience":554489,"relics_obtained":[{"floor":7,"key":"Question Card"}],"event_choices":[],"is_beta":false,"boss_relics":[],"items_purged_floors":[],"is_endless":false,"potions_floor_spawned":[2,6],"killed_by":"Gremlin Nob","ascension_level":2}}