{"host":"vex7walpoxzv48nx","time":1610850271,"event":{"mods":["BaseMod","Bestiary","Minty Spire (QoL Compilation)","Permanent Neow","Quick Restart","Relic Stats"],"gold_per_floor":[115,131,141,159,159,193,193,224,224,239,282,30,30,94,94,214,214,238,281,340,375,408,408,449,1,1,1,40,115,211,252,252,378,378,427,521,28,76,1,32,32,73,73,117,148,198,221,240,240,290],"floor_reached":51,"language":"ENG","playtime":4112,"items_purged":["Strike_P","Strike_P","CarveReality"],"score":1269,"play_id":"a4399bb4-ee96-407c-bb3c-dddbe6c326de","local_time":"20210117032431","daily_mods":["Heirloom"],"is_ascension_mode":true,"campfire_choices":[{"data":"CrushJoints","floor":7.0,"key":"SMITH"},{"data":"Tantrum","floor":15.0,"key":"SMITH"},{"data":"WreathOfFlame","floor":23.0,"key":"SMITH"},{"data":"HandOfGreed","floor":27.0,"key":"SMITH"},{"data":"Vigilance","floor":32.0,"key":"SMITH"},{"data":"Wallop","floor":41.0,"key":"SMITH"},{"floor":49.0,"key":"REST"}],"circlet_count":0,"master_deck":["Strike_P+1","Strike_P+1","Defend_P+1","Defend_P+1","Defend_P+1","Defend_P+1","Eruption+1","Vigilance+1","Tantrum+1","WreathOfFlame+1","CrushJoints+1","Vault+1","Wireheading+1","InnerPeace+1","Omniscience+1","HandOfGreed+1","EmptyFist+1","DevaForm+1","Protect+1","FollowUp+1","ThirdEye+1","CutThroughFate+1","Wallop+1","TalkToTheHand+1","Fasting2+1"],"relics":["Snecko Eye","Du-Vu Doll","Golden Idol","Incense Burner","Blue Candle","Toxic Egg 2","Darkstone Periapt","SsserpentHead","StrikeDummy","Busted Crown","Matryoshka","Ginger","Bottled Lightning","Bottled Flame","Sozu","Oddly Smooth Stone","Lantern","Melange","Ancient Tea Set","Calipers","MealTicket","Centennial Puzzle","Unceasing Top","Mark of the Bloom"],"acts_visited":["Exordium","TheCity","TheBeyond"],"potions_floor_usage":[50],"damage_taken":[{"damage":0.0,"enemies":"2 Louse","floor":1.0,"turns":2.0},{"damage":0.0,"enemies":"Jaw Worm","floor":2.0,"turns":1.0},{"damage":0.0,"enemies":"Cultist","floor":3.0,"turns":2.0},{"damage":3.0,"enemies":"Blue Slaver","floor":4.0,"turns":3.0},{"damage":0.0,"enemies":"Gremlin Nob","floor":6.0,"turns":2.0},{"damage":0.0,"enemies":"Lagavulin","floor":8.0,"turns":4.0},{"damage":2.0,"enemies":"3 Louse","floor":10.0,"turns":4.0},{"damage":2.0,"enemies":"3 Sentries","floor":11.0,"turns":5.0},{"damage":0.0,"enemies":"Gremlin Nob","floor":14.0,"turns":2.0},{"damage":29.0,"enemies":"The Guardian","floor":16.0,"turns":8.0},{"damage":0.0,"enemies":"Shell Parasite","floor":18.0,"turns":2.0},{"damage":0.0,"enemies":"2 Thieves","floor":19.0,"turns":1.0},{"damage":2.0,"enemies":"Shelled Parasite and Fungi","floor":20.0,"turns":4.0},{"damage":0.0,"enemies":"Sentry and Sphere","floor":21.0,"turns":1.0},{"damage":0.0,"enemies":"Snecko","floor":22.0,"turns":3.0},{"damage":3.0,"enemies":"Gremlin Leader","floor":24.0,"turns":3.0},{"damage":0.0,"enemies":"Cultist and Chosen","floor":28.0,"turns":1.0},{"damage":4.0,"enemies":"Chosen and Byrds","floor":29.0,"turns":5.0},{"damage":0.0,"enemies":"3 Cultists","floor":30.0,"turns":4.0},{"damage":0.0,"enemies":"Cultist and Chosen","floor":31.0,"turns":3.0},{"damage":0.0,"enemies":"Collector","floor":33.0,"turns":2.0},{"damage":1.0,"enemies":"Orb Walker","floor":35.0,"turns":3.0},{"damage":4.0,"enemies":"3 Shapes","floor":36.0,"turns":7.0},{"damage":0.0,"enemies":"Jaw Worm Horde","floor":38.0,"turns":2.0},{"damage":0.0,"enemies":"Reptomancer","floor":40.0,"turns":3.0},{"damage":0.0,"enemies":"Giant Head","floor":42.0,"turns":3.0},{"damage":0.0,"enemies":"Sphere and 2 Shapes","floor":44.0,"turns":2.0},{"damage":2.0,"enemies":"Reptomancer","floor":45.0,"turns":3.0},{"damage":0.0,"enemies":"3 Darklings","floor":47.0,"turns":2.0},{"damage":0.0,"enemies":"Writhing Mass","floor":48.0,"turns":3.0},{"damage":0,"enemies":"Awakened One","floor":50,"turns":6}],"seed_played":"4427193116431290715","potions_obtained":[{"floor":2.0,"key":"FearPotion"},{"floor":10.0,"key":"Strength Potion"},{"floor":14.0,"key":"FearPotion"},{"floor":16.0,"key":"Strength Potion"},{"floor":24.0,"key":"Strength Potion"},{"floor":29.0,"key":"PowerPotion"}],"is_trial":true,"path_per_floor":["M","M","M","M","?","E","R","E","T","M","E","$","?","E","R","B",null,"M","M","M","M","M","R","E","$","T","R","M","M","M","M","R","B",null,"M","M","$","M","$","E","R","E","T","M","E","?","M","M","R","B",null],"character_chosen":"WATCHER","items_purchased":["HandOfGreed","Ginger","FollowUp","Oddly Smooth Stone","Lantern","Melange","Wallop"],"campfire_rested":1,"item_purchase_floors":[12,25,25,37,37,37,37],"current_hp_per_floor":[72,72,72,69,67,67,67,67,67,65,63,63,63,63,63,34,67,67,67,65,65,65,65,62,62,62,62,62,58,58,58,58,58,67,66,62,62,62,62,62,62,62,62,62,60,60,60,60,60,60],"gold":290,"neow_bonus":"","is_daily":false,"chose_seed":false,"campfire_upgraded":6,"win_rate":0.0,"timestamp":1610850271,"path_taken":["M","M","M","M","?","E","R","E","T","M","E","$","?","E","R","BOSS","M","M","M","M","M","R","E","$","T","R","M","M","M","M","R","BOSS","M","M","$","M","?","E","R","E","T","M","E","?","M","M","R","BOSS"],"items_purchased_type":["Card","Relic","Card","Relic","Relic","Relic","Card"],"build_version":"2020-12-22","purchased_purges":3,"victory":true,"max_hp_per_floor":[72,72,72,72,67,67,67,67,67,67,67,67,67,67,67,67,67,67,67,67,67,67,67,67,67,67,67,67,67,67,67,67,67,67,67,67,67,67,67,67,67,67,67,67,67,67,67,67,67,67],"relic_stats":{"Darkstone Periapt":0,"Mark of the Bloom":20,"counters":[31,96],"Golden Idol":198,"Blue Candle":[0],"Melange":[15],"Ginger":[2],"Sozu":3,"SsserpentHead":100,"Centennial Puzzle":[3],"Busted Crown":40,"Snecko Eye":[181,173,171,185],"MealTicket":0,"obtain_stats":[{"Darkstone Periapt":11,"Lantern":37,"Mark of the Bloom":46,"Calipers":42,"Golden Idol":5,"Blue Candle":8,"Oddly Smooth Stone":37,"Melange":37,"Incense Burner":6,"Ginger":25,"Ancient Tea Set":40,"Du-Vu Doll":0,"Sozu":34,"SsserpentHead":13,"Bottled Flame":26,"Centennial Puzzle":43,"Busted Crown":17,"Matryoshka":24,"Snecko Eye":0,"MealTicket":43,"Bottled Lightning":26,"Toxic Egg 2":9,"StrikeDummy":14,"Unceasing Top":45},{"Darkstone Periapt":8,"Lantern":23,"Mark of the Bloom":28,"Calipers":26,"Golden Idol":4,"Blue Candle":6,"Oddly Smooth Stone":23,"Melange":23,"Incense Burner":5,"Ginger":16,"Ancient Tea Set":25,"Du-Vu Doll":0,"Sozu":21,"SsserpentHead":8,"Bottled Flame":16,"Centennial Puzzle":26,"Busted Crown":10,"Matryoshka":16,"Snecko Eye":0,"MealTicket":26,"Bottled Lightning":16,"Toxic Egg 2":6,"StrikeDummy":9,"Unceasing Top":28},{"Darkstone Periapt":23,"Lantern":72,"Mark of the Bloom":85,"Calipers":80,"Golden Idol":8,"Blue Candle":14,"Oddly Smooth Stone":72,"Melange":72,"Incense Burner":10,"Ginger":47,"Ancient Tea Set":77,"Du-Vu Doll":0,"Sozu":62,"SsserpentHead":23,"Bottled Flame":47,"Centennial Puzzle":80,"Busted Crown":33,"Matryoshka":47,"Snecko Eye":0,"MealTicket":80,"Bottled Lightning":47,"Toxic Egg 2":14,"StrikeDummy":25,"Unceasing Top":85}],"Unceasing Top":[4]},"card_choices":[{"not_picked":["PathToVictory","Collect"],"picked":"Tantrum","floor":1.0},{"not_picked":["JustLucky","Tantrum","Prostrate"],"picked":"SKIP","floor":2.0},{"not_picked":["ClearTheMind","Pray"],"picked":"WreathOfFlame","floor":3.0},{"not_picked":["Study","SashWhip"],"picked":"CrushJoints","floor":4.0},{"not_picked":["Prostrate","CutThroughFate"],"picked":"Vault","floor":6.0},{"not_picked":["EmptyMind","ThirdEye"],"picked":"Wireheading","floor":8.0},{"not_picked":["FlyingSleeves","ClearTheMind+1"],"picked":"InnerPeace+1","floor":10.0},{"not_picked":["Meditate+1","Crescendo+1"],"picked":"Omniscience+1","floor":11.0},{"not_picked":["BowlingBash","Crescendo+1"],"picked":"EmptyFist","floor":14.0},{"not_picked":["Alpha+1","Scrawl+1"],"picked":"DevaForm","floor":16.0},{"not_picked":["Crescendo+1"],"picked":"SKIP","floor":18.0},{"not_picked":["BattleHymn"],"picked":"SKIP","floor":19.0},{"not_picked":["Study+1"],"picked":"SKIP","floor":20.0},{"not_picked":["FollowUp+1"],"picked":"SKIP","floor":21.0},{"not_picked":[],"picked":"Protect+1","floor":22.0},{"not_picked":["EmptyFist"],"picked":"SKIP","floor":24.0},{"not_picked":["BowlingBash"],"picked":"SKIP","floor":28.0},{"not_picked":["ClearTheMind+1"],"picked":"SKIP","floor":29.0},{"not_picked":[],"picked":"ThirdEye+1","floor":30.0},{"not_picked":["BattleHymn"],"picked":"SKIP","floor":31.0},{"not_picked":[],"picked":"CutThroughFate","floor":35.0},{"not_picked":["CrushJoints+1"],"picked":"SKIP","floor":36.0},{"not_picked":[],"picked":"CarveReality","floor":38.0},{"not_picked":["PathToVictory+1"],"picked":"SKIP","floor":40.0},{"not_picked":["FlurryOfBlows+1"],"picked":"SKIP","floor":42.0},{"not_picked":[],"picked":"TalkToTheHand+1","floor":44.0},{"not_picked":["CutThroughFate"],"picked":"SKIP","floor":45.0},{"not_picked":["Crescendo+1"],"picked":"SKIP","floor":47.0},{"not_picked":[],"picked":"Fasting2+1","floor":48.0}],"player_experience":158134,"relics_obtained":[{"floor":6.0,"key":"Incense Burner"},{"floor":8.0,"key":"Blue Candle"},{"floor":9.0,"key":"Toxic Egg 2"},{"floor":11.0,"key":"Darkstone Periapt"},{"floor":14.0,"key":"StrikeDummy"},{"floor":24.0,"key":"Matryoshka"},{"floor":26.0,"key":"Bottled Lightning"},{"floor":26.0,"key":"Bottled Flame"},{"floor":40.0,"key":"Ancient Tea Set"},{"floor":42.0,"key":"Calipers"},{"floor":43.0,"key":"MealTicket"},{"floor":43.0,"key":"Centennial Puzzle"},{"floor":45.0,"key":"Unceasing Top"}],"event_choices":[{"damage_healed":0.0,"max_hp_gain":0.0,"max_hp_loss":5.0,"gold_gain":0.0,"event_name":"Golden Idol","player_choice":"Lose Max HP","floor":5.0,"gold_loss":0.0,"damage_taken":0.0,"relics_obtained":["Golden Idol"]},{"damage_healed":0.0,"max_hp_gain":0.0,"max_hp_loss":0.0,"gold_gain":0.0,"event_name":"FaceTrader","player_choice":"Trade","floor":13.0,"gold_loss":0.0,"damage_taken":0.0,"relics_obtained":["SsserpentHead"]},{"damage_healed":0.0,"max_hp_gain":0.0,"max_hp_loss":0.0,"gold_gain":0.0,"event_name":"MindBloom","player_choice":"Upgrade","floor":46.0,"gold_loss":0.0,"damage_taken":0.0,"cards_upgraded":["Strike_P","Strike_P","Defend_P","Defend_P","Defend_P","Defend_P","Eruption","Vault","Wireheading","EmptyFist","DevaForm","FollowUp","CutThroughFate"],"relics_obtained":["Mark of the Bloom"]}],"is_beta":false,"boss_relics":[{"not_picked":["Runic Pyramid","Coffee Dripper"],"picked":"Busted Crown"},{"not_picked":["Black Star","Pandora\u0027s Box"],"picked":"Sozu"}],"items_purged_floors":[12,25,39],"is_endless":false,"potions_floor_spawned":[2,10,14,16,18,19,24,28,29,40,42,48],"ascension_level":3}}