{"host":"gc25k2e755t5hnpi","time":1610885146,"event":{"mods":["Act Like it!","BaseMod","Chen","Colored Powertips","Gensokyo","Koishi","KomeijiMod","Marisa（F雨　魔理沙）","Minty Spire (QoL Compilation)","MostiFishMod","Pale of the Ancients","Reimu（博丽灵梦）","Remilia（蕾米莉亚）","Replay The Spire","RumiaBox-露米娅的神秘盒子","Spicy Shops","StSLib","TestMod","Wandering Minibosses","Yakumo Yukari mod","Youmu（魂魄妖梦）","Yuyuko","noobMod","vexMod","【功能Mod】混沌之环修复补丁","【功能Mod】聪明的最终Boss"],"gold_per_floor":[139,152,227,212,223,249,249,274,274,274,306,46,63,89,89,188,188,201,116,134,134,150,150,176,176,222,253,253,264,120,0,0,101,101,111,122,97,97,97,97,122,122,144,170,182,182,223,235,235,235,235,235,32,66,66],"floor_reached":56,"language":"ZHS","playtime":10239,"items_purged":[],"score":1854,"play_id":"cd74be66-220b-4c18-9e0f-760193221bac","local_time":"20210117200546","is_ascension_mode":true,"campfire_choices":[{"data":"D_absorption_purple","floor":7.0,"key":"SMITH"},{"data":"Human_Monster_Realm_purple","floor":23.0,"key":"SMITH"},{"data":"Theboundaryofcreation_purpleEX","floor":25.0,"key":"SMITH"},{"floor":32.0,"key":"RECALL"},{"floor":40.0,"key":"REST"},{"data":"Yakumo_Ran_purple","floor":42.0,"key":"SMITH"},{"data":"Mirror_TwoAndThreeElementRealm_purple","floor":49.0,"key":"SMITH"},{"floor":52,"key":"REST"}],"circlet_count":0,"master_deck":["AT_purpleEX+1","AT_purpleEX+1","AT_purpleEX+1","AT_purpleEX+1","Defend_purpleEX+1","Defend_purpleEX+1","Defend_purpleEX+1","Defend_purpleEX+1","Observe_purple_1+1","Observe_purple_2+1","WingOfChimera_purple+1","Boundary_DynamicStaticEquilibrium_purple+1","D_absorption_purple+1","Umbrella_purple+1","WeekHit_purple+1","StateErode_purple+1","EighthInstrument_OneDividesIntoTwo_purple+1","Fantasy_PerpetualMotionMachine_purple+1","DimensionStaggered_purple+1","Worldmountain_purple+1","Human_Monster_Realm_purple+1","Mirror_FourBoundary_purple+1","CommonSense_AntiCommonSense_purple+1","Boundary_of_Extermination_purpleEX+1","Theboundaryofcreation_purpleEX+1","Nest_LightFlightworm_purple+1","DimensionStaggered_purple+1","GluttonyofRealm_purpleEX+1","Charmbait_purple+1","LoveAcrossDimensions_purple+1","PurpleNeedle_purple+1","Boundary_DreamRealityDamnation_purple+1","MostiFishMod:PerfectForm+1","DistantPastFriend_purple+1","ExternalForce_HighSpeedFlying_purple+1","Yakumo_Ran_purple+1","SfantasyHide_purple+1","Mirror_TwoAndThreeElementRealm_purple+1","Boundary_ObjectiveBoundary_purple+1","Photoelasticity_Doppler_Effect_purple+1","CommonSense_AntiCommonSense_purple+1","StateErode_purple+1","Mind Blast","Erosivefilter_purple"],"relics":["Memoryfragments_purpleEX","testmod-TestBox","ice","DaveBox","GuanYuAspect","testmod-RainbowHikingShoes","SynthV:TestCard","Mastiff:ReiMu","War Paint","Mirror","GodSword5","SSSystem","ScarletDevilRocket","testmod-SaigiyounoYou","Mango","Bird Faced Urn","Blue Doll","testmod-Charity","vexMod:Dragonfruit","JellyFishMachine","Toy Ornithopter","testmod-Antiphasic","Frozen Egg 2","Boundary_crack","wanderingMiniBosses:ThiefScarf","Replay:Mystery Machine"],"acts_visited":["Exordium","TheCity","TheBeyond","TheEnding"],"potions_floor_usage":[55,55],"damage_taken":[{"damage":3.0,"enemies":"Jaw Worm","floor":1.0,"turns":4.0},{"damage":0.0,"enemies":"2 Louse","floor":2.0,"turns":3.0},{"damage":0.0,"enemies":"Cultist","floor":4.0,"turns":5.0},{"damage":0.0,"enemies":"Looter","floor":5.0,"turns":3.0},{"damage":15.0,"enemies":"Lagavulin","floor":6.0,"turns":7.0},{"damage":24.0,"enemies":"Replay:BlueRogue","floor":8.0,"turns":5.0},{"damage":19.0,"enemies":"Lagavulin","floor":11.0,"turns":5.0},{"damage":19.0,"enemies":"Exordium Wildlife","floor":13.0,"turns":3.0},{"damage":0.0,"enemies":"3 Sentries","floor":14.0,"turns":3.0},{"damage":8.0,"enemies":"The Guardian","floor":16.0,"turns":4.0},{"damage":1.0,"enemies":"Spheric Guardian","floor":18.0,"turns":3.0},{"damage":13.0,"enemies":"Chosen","floor":20.0,"turns":3.0},{"damage":10.0,"enemies":"3 Cultists","floor":22.0,"turns":5.0},{"damage":0.0,"enemies":"Replay:Snechameleon","floor":24.0,"turns":4.0},{"damage":0.0,"enemies":"Slavers","floor":27.0,"turns":4.0},{"damage":1.0,"enemies":"Sentry and Sphere","floor":29.0,"turns":4.0},{"damage":0.0,"enemies":"Champ","floor":33.0,"turns":7.0},{"damage":0.0,"enemies":"Orb Walker","floor":35.0,"turns":2.0},{"damage":0.0,"enemies":"3 Darklings","floor":36.0,"turns":3.0},{"damage":0.0,"enemies":"3 Darklings","floor":39.0,"turns":8.0},{"damage":0.0,"enemies":"R_Hoarder","floor":41.0,"turns":4.0},{"damage":0.0,"enemies":"Giant Head","floor":44.0,"turns":5.0},{"damage":0.0,"enemies":"Spire Growth","floor":45.0,"turns":3.0},{"damage":1.0,"enemies":"Maw","floor":47.0,"turns":4.0},{"damage":0.0,"enemies":"Transient","floor":48.0,"turns":3.0},{"damage":11,"enemies":"Awakened One","floor":50,"turns":11},{"damage":0,"enemies":"Shield and Spear","floor":54,"turns":3},{"damage":30,"enemies":"The Heart","floor":55,"turns":5}],"seed_played":"-467377176705431357","potions_obtained":[{"floor":1.0,"key":"BlessingOfTheForge"},{"floor":4.0,"key":"GrandPatriotsElixir:ReiMu"},{"floor":13.0,"key":"ColorlessPotion"},{"floor":14.0,"key":"SteroidPotion"},{"floor":28.0,"key":"PowerPotion"},{"floor":31.0,"key":"Fruit Juice"},{"floor":35.0,"key":"Flashbang"},{"floor":44.0,"key":"ZuzhouPotion:ReiMu"},{"floor":45.0,"key":"Strength Potion"},{"floor":54,"key":"CalmPotion"}],"is_trial":false,"path_per_floor":["M","M","?","M","M","E","R","E","T","?","E","$","M","E","R","B",null,"M","?","M","?","M","R","E","R","T","E","?","M","$","?","R","B",null,"M","M","?","?","?","R","E","R","T","E","M","?","M","M","R","B",null,"R","$","E","B",null],"character_chosen":"Youkari","items_purchased":["SSSystem","Fantasy_PerpetualMotionMachine_purple","testmod-Charity","CommonSense_AntiCommonSense_purple+1","StateErode_purple+1","Mind Blast"],"campfire_rested":2,"item_purchase_floors":[12,12,30,53,53,53],"current_hp_per_floor":[41,47,36,49,49,35,35,29,29,29,28,28,19,38,46,49,49,49,57,63,57,63,63,63,63,63,63,63,63,63,69,69,74,74,75,76,76,76,76,76,77,77,78,79,80,80,82,83,83,83,83,83,83,84,84],"gold":66,"neow_bonus":"TWENTY_PERCENT_HP_BONUS","is_daily":false,"chose_seed":false,"campfire_upgraded":5,"win_rate":0.0,"timestamp":1610885146,"path_taken":["M","M","?","M","M","E","R","E","T","?","E","$","M","E","R","BOSS","M","?","M","?","M","R","E","R","T","E","?","?","$","?","R","BOSS","M","M","?","?","?","R","E","R","T","E","?","?","M","M","R","BOSS","R","$","E","BOSS"],"items_purchased_type":["Relic","Card","Relic","Card","Card","Card"],"build_version":"2020-12-22","purchased_purges":0,"victory":true,"max_hp_per_floor":[49,49,49,49,49,49,49,49,49,49,49,49,49,49,49,49,49,49,63,63,63,63,63,63,63,63,63,63,63,63,73,73,74,74,75,76,76,76,76,76,77,77,78,79,80,80,82,83,83,83,83,83,83,84,84],"card_choices":[{"not_picked":["Realm_recovery_purpleEX","MeetDecomposer_purple"],"picked":"WingOfChimera_purple","floor":1.0},{"not_picked":["MeetDecomposer_purple","Boundary_ObjectiveBoundary_purple","Realm_recovery_purpleEX","SharpContractionReality_purple"],"picked":"Boundary_DynamicStaticEquilibrium_purple","floor":2.0},{"not_picked":["PurpleNeedle_purple","Mirror_FormAndEmptin_purple","Boundary_DreamRealityDamnation_purple","RealityDreamConfluencek_purple"],"picked":"D_absorption_purple","floor":4.0},{"not_picked":["MeetDecomposer_purple","ExistenceContinue_purple","RuleDissolution_purple","SfantasyHide_purple"],"picked":"Umbrella_purple","floor":5.0},{"not_picked":["Mirror_FormAndEmptin_purple","SfantasyHide_purple","AdvanceAttack_purple","Photoelasticity_Doppler_Effect_purple"],"picked":"WeekHit_purple","floor":6.0},{"not_picked":["AdvanceAttack_purple","Theboundaryofcreation_purpleEX","WorldDissolvedintheRealm_purple","Boundary_LightAndDark_purple"],"picked":"StateErode_purple","floor":8.0},{"not_picked":["RuptureOfTimeAndSpace_purple","SfantasyHide_purple","RealityDreamConfluencek_purple","Shallow_ocean_purpleEX"],"picked":"EighthInstrument_OneDividesIntoTwo_purple","floor":11.0},{"not_picked":["EighthInstrument_OneDividesIntoTwo_purple","MonsterNeedle_purple","OmniscientAndOmnipotent_Monster_purple","ButterflyHabitatTemple_purple"],"picked":"DimensionStaggered_purple","floor":13.0},{"not_picked":["StateErode_purple","AdvanceAttack_purple","Shallow_ocean_purpleEX","RuleDissolution_purple"],"picked":"Worldmountain_purple","floor":14.0},{"not_picked":["MagicEyes_LaplaceDemon_purple","Price_of_realm_purpleEX","WangLiang_LineAndCurveDreams_purple","WangLiang_OokamiKakushi_purple"],"picked":"Human_Monster_Realm_purple","floor":16.0},{"not_picked":["Shallow_ocean_purpleEX+1","MonsterNeedle_purple","DimensionStaggered_purple","Worldmountain_purple"],"picked":"Mirror_FourBoundary_purple","floor":18.0},{"not_picked":["Yakumo_Ran_purple+1","StretchesForeverDream_purple","ExternalForce_HighSpeedFlying_purple","DimensionStaggered_purple"],"picked":"CommonSense_AntiCommonSense_purple","floor":20.0},{"not_picked":["MeetDecomposer_purple","AdvanceAttack_purple","UniverseChoice_purple","Boundary_LightAndDark_purple+1"],"picked":"Boundary_of_Extermination_purpleEX","floor":22.0},{"not_picked":["OmniscientAndOmnipotent_Monster_purple","SharpContractionReality_purple","RuptureOfTimeAndSpace_purple","Mirror_FormAndEmptin_purple"],"picked":"Theboundaryofcreation_purpleEX","floor":24.0},{"not_picked":["Anti_communist_purple","ContainerChange_purple","StateErode_purple+1","WeekHit_purple"],"picked":"Nest_LightFlightworm_purple+1","floor":27.0},{"not_picked":["SharpContractionReality_purple+1","Photoelasticity_Doppler_Effect_purple+1","WingOfChimera_purple","StateDuplicate_purple"],"picked":"DimensionStaggered_purple+1","floor":29.0},{"not_picked":["WingOfChimera_purple","SharpContractionReality_purple","Shallow_ocean_purpleEX","Mirror_FourBoundary_purple"],"picked":"GluttonyofRealm_purpleEX","floor":31.0},{"not_picked":["SfantasyHide_purple+1","Boundary_LightAndDark_purple","Umbrella_purple+1","MeetDecomposer_purple"],"picked":"Charmbait_purple","floor":31.0},{"not_picked":["Boundary_LifeAndDeath_purple","Human_Monster_Realm_purple","WangLiang_LineAndCurveDreams_purple","BarrageBoundary_PipeDream_purple"],"picked":"LoveAcrossDimensions_purple","floor":33.0},{"not_picked":["SfantasyHide_purple","Realm_recovery_purpleEX","MeetDecomposer_purple+1","Charmbait_purple"],"picked":"PurpleNeedle_purple+1","floor":35.0},{"not_picked":["DimensionStaggered_purple+1","Line_surface_state_purple+1","AdvanceAttack_purple","RuleDissolution_purple+1"],"picked":"Boundary_DreamRealityDamnation_purple+1","floor":36.0},{"not_picked":["Jack Of All Trades","testmod-Provocation","testmod-Reproduce","Chrysalis"],"picked":"MostiFishMod:PerfectForm","floor":38.0},{"not_picked":["Mirror_WaveAndshot_purple","Mirror_FormAndEmptin_purple","WatchEChange_purple+1","Anti_communist_purple+1"],"picked":"ExternalForce_HighSpeedFlying_purple","floor":39.0},{"not_picked":["StateDuplicate_purple+1","WangLiang_LineAndCurveDreams_purple","Mirror_FormAndEmptin_purple+1","Realm_recovery_purpleEX"],"picked":"Yakumo_Ran_purple","floor":41.0},{"not_picked":["WorldDissolvedintheRealm_purple+1","DimensionStaggered_purple+1","Umbrella_purple","MeetDecomposer_purple"],"picked":"Charmbait_purple","floor":44.0},{"not_picked":["Umbrella_purple","StateDuplicate_purple","DimensionStaggered_purple","Mirror_Drifter_purple"],"picked":"SfantasyHide_purple+1","floor":45.0},{"not_picked":["Line_surface_state_purple+1","SfantasyHide_purple","MetroBOOM_purple","Mirror_FormAndEmptin_purple"],"picked":"Boundary_ObjectiveBoundary_purple+1","floor":47.0},{"not_picked":["Realm_recovery_purpleEX","Mirror_Drifter_purple","StretchesForeverDream_purple+1","PositiveMatter_Antimatter_Universe_purple"],"picked":"Photoelasticity_Doppler_Effect_purple+1","floor":48.0},{"not_picked":["MNeedle_purple","SfantasyHide_purple+1","Worldmountain_purple+1","Shallow_ocean_purpleEX"],"picked":"Erosivefilter_purple","floor":54}],"player_experience":458584,"relics_obtained":[{"floor":1.0,"key":"SynthV:TestCard"},{"floor":6.0,"key":"Mastiff:ReiMu"},{"floor":8.0,"key":"War Paint"},{"floor":9.0,"key":"Mirror"},{"floor":11.0,"key":"GodSword5"},{"floor":14.0,"key":"ScarletDevilRocket"},{"floor":24.0,"key":"Bird Faced Urn"},{"floor":27.0,"key":"Blue Doll"},{"floor":31.0,"key":"vexMod:Dragonfruit"},{"floor":41.0,"key":"Toy Ornithopter"},{"floor":43.0,"key":"testmod-Antiphasic"},{"floor":44.0,"key":"Frozen Egg 2"},{"floor":47.0,"key":"Boundary_crack"},{"floor":47.0,"key":"wanderingMiniBosses:ThiefScarf"},{"floor":54,"key":"Replay:Mystery Machine"}],"event_choices":[{"damage_healed":0.0,"max_hp_gain":0.0,"max_hp_loss":0.0,"gold_gain":75.0,"event_name":"World of Goop","player_choice":"Gather Gold","floor":3.0,"gold_loss":0.0,"damage_taken":11.0},{"damage_healed":0.0,"max_hp_gain":0.0,"max_hp_loss":0.0,"gold_gain":0.0,"event_name":"Golden Wing","player_choice":"Ignored","floor":10.0,"gold_loss":0.0,"damage_taken":0.0},{"damage_healed":0.0,"max_hp_gain":0.0,"max_hp_loss":0.0,"gold_gain":0.0,"event_name":"Addict","player_choice":"Obtained Relic","floor":19.0,"gold_loss":85.0,"damage_taken":0.0,"relics_obtained":["Mango"]},{"damage_healed":0.0,"max_hp_gain":0.0,"max_hp_loss":0.0,"gold_gain":0.0,"event_name":"恩洛斯的盘子","player_choice":"Ignored","floor":21.0,"gold_loss":0.0,"damage_taken":6.0},{"damage_healed":0.0,"max_hp_gain":0.0,"max_hp_loss":0.0,"gold_gain":0.0,"event_name":"Lab","player_choice":"Got Potions","floor":28.0,"gold_loss":0.0,"damage_taken":0.0},{"damage_healed":0.0,"max_hp_gain":0.0,"max_hp_loss":0.0,"gold_gain":0.0,"event_name":"SensoryStone","player_choice":"Memory 1","floor":38.0,"gold_loss":0.0,"damage_taken":0.0},{"damage_healed":0.0,"max_hp_gain":0.0,"max_hp_loss":0.0,"gold_gain":0.0,"cards_transformed":["Charmbait_purple"],"event_name":"Transmorgrifier","player_choice":"Transformed","floor":46.0,"gold_loss":0.0,"damage_taken":0.0,"cards_obtained":["Mirror_TwoAndThreeElementRealm_purple"]}],"is_beta":false,"boss_relics":[{"not_picked":["Replay:Drink Me","HereWithMe"],"picked":"testmod-SaigiyounoYou"},{"not_picked":["Sozu","ReplayTheSpireMod:DimensionalGlitch"],"picked":"JellyFishMachine"}],"items_purged_floors":[],"is_endless":false,"potions_floor_spawned":[1,4,13,14,18,22,29,35,44,45,54],"ascension_level":5}}