{"host":"q0ozth74idsfmf0a","time":1610866430,"event":{"mods":["BaseMod","Colored Powertips","Downfall","Minty Spire (QoL Compilation)","Relic Stats","StSLib"],"gold_per_floor":[199,217,230,24,124,138,162,159,181,368,280,305,317,340,368,380,380],"floor_reached":16,"language":"ENG","playtime":1231,"items_purged":[],"score":94,"play_id":"8e01f4b8-e59f-44a5-87e1-11870dc65c58","local_time":"20210117015350","is_ascension_mode":false,"campfire_choices":[{"floor":1,"key":"RECALL"}],"circlet_count":0,"master_deck":["sneckomod:Strike","sneckomod:Strike","sneckomod:Strike","sneckomod:Defend","sneckomod:Defend","sneckomod:Defend","sneckomod:TailWhip","sneckomod:SnekBite","sneckomod:Unknown","sneckomod:Unknown","sneckomod:SnakeSap","sneckomod:ImprovisedGuard","sneckomod:UnknownUncommonSkill","sneckomod:UnknownUncommonPower","sneckomod:WideSting","sneckomod:SnakeSap","Doubt","After Image","sneckomod:QuickMove","sneckomod:UnknownRarePower","sneckomod:Rotation"],"relics":["sneckomod:SneckoSoul","OrangePellets","MawBank","downfall:HeartBlessingRed"],"acts_visited":["Exordium"],"potions_floor_usage":[12,16,16],"damage_taken":[{"damage":0,"enemies":"2 Louse","floor":2,"turns":2},{"damage":0,"enemies":"Cultist","floor":3,"turns":3},{"damage":0,"enemies":"downfall:FleeingMerchant","floor":4,"turns":4},{"damage":2,"enemies":"Jaw Worm","floor":6,"turns":4},{"damage":0,"enemies":"downfall:FleeingMerchant","floor":8,"turns":4},{"damage":28,"enemies":"Exordium Thugs","floor":9,"turns":8},{"damage":4,"enemies":"2 Fungi Beasts","floor":12,"turns":3},{"damage":42,"enemies":"Gremlin Gang","floor":14,"turns":5},{"damage":8,"enemies":"Blue Slaver","floor":15,"turns":6},{"damage":56,"enemies":"WA_ARCHETYPE_RETAIN","floor":16,"turns":13}],"seed_played":"-7742581442436387683","potions_obtained":[{"floor":2,"key":"SpeedPotion"},{"floor":6,"key":"DuplicationPotion"},{"floor":6,"key":"SmokeBomb"},{"floor":9,"key":"AttackPotion"},{"floor":14,"key":"EssenceOfSteel"}],"is_trial":false,"path_per_floor":["R","M","M","$","?","M","T","$","M","?","R","M","?","M","M","B"],"character_chosen":"THE_SNECKO","items_purchased":["OrangePellets","sneckomod:UnknownUncommonPower"],"campfire_rested":0,"item_purchase_floors":[4,4],"current_hp_per_floor":[90,90,90,90,90,88,88,90,62,62,62,58,88,46,38,0,0],"gold":380,"neow_bonus":"HUNDRED_GOLD","is_daily":false,"chose_seed":false,"campfire_upgraded":0,"win_rate":0.0,"timestamp":1610866430,"path_taken":["R","M","M","$","?","?","T","?","M","?","R","M","?","?","M","BOSS"],"items_purchased_type":["Relic","Card"],"build_version":"2020-12-22","purchased_purges":0,"victory":false,"max_hp_per_floor":[90,90,90,90,90,90,90,90,90,90,90,90,90,90,90,90,90],"relic_stats":{"OrangePellets":[1],"counters":[10,52],"MawBank":108,"obtain_stats":[{"OrangePellets":4,"downfall:HeartBlessingRed":11,"sneckomod:SneckoSoul":0,"MawBank":7},{"OrangePellets":3,"downfall:HeartBlessingRed":6,"sneckomod:SneckoSoul":0,"MawBank":4},{"OrangePellets":9,"downfall:HeartBlessingRed":25,"sneckomod:SneckoSoul":0,"MawBank":13}]},"card_choices":[{"not_picked":["sneckomod:RainOfDice","sneckomod:UnknownCommonSkill"],"picked":"sneckomod:SnakeSap","floor":2},{"not_picked":["sneckomod:SoulDraw","sneckomod:QuickBite"],"picked":"sneckomod:ImprovisedGuard","floor":3},{"not_picked":["sneckomod:UnknownCommonAttack","sneckomod:CheapStock"],"picked":"sneckomod:UnknownUncommonSkill","floor":4},{"not_picked":["sneckomod:UnknownStrength","sneckomod:UnknownX"],"picked":"sneckomod:UnknownBlock","floor":6},{"not_picked":["sneckomod:UnknownCommonAttack","sneckomod:DiceBlock"],"picked":"sneckomod:WideSting","floor":8},{"not_picked":["sneckomod:DiceBlock","sneckomod:SoulRoll"],"picked":"sneckomod:SnakeSap","floor":9},{"not_picked":["sneckomod:Unknown1Cost","sneckomod:UnknownUncommonPower"],"picked":"sneckomod:QuickMove","floor":12},{"not_picked":["sneckomod:ImprovisedGuard","sneckomod:QuickMove"],"picked":"sneckomod:UnknownRarePower","floor":14},{"not_picked":["sneckomod:UnknownWeak","sneckomod:QuickMove"],"picked":"sneckomod:Rotation","floor":15}],"player_experience":45924,"relics_obtained":[{"floor":7,"key":"MawBank"}],"event_choices":[{"damage_healed":30,"gold_gain":0,"player_choice":"Banana","damage_taken":0,"max_hp_gain":0,"max_hp_loss":0,"event_name":"Big Fish","floor":13,"gold_loss":0}],"is_beta":false,"boss_relics":[],"items_purged_floors":[],"is_endless":false,"potions_floor_spawned":[2,6,9],"killed_by":"WA_ARCHETYPE_RETAIN","ascension_level":0}}