{"host":"wbdly04l9mkn9nrc","time":1610875892,"event":{"mods":["AchievementEnabler","BaseMod","BetterRewards","Minty Spire (QoL Compilation)","Replay The Spire","StSLib","[IsaacMod]ÒÔÈö¼âËþ"],"gold_per_floor":[116,130,130,130,55,81,81,109,135,168,168,188,216,230,230,326,326,349,349,349,349,359,191,191,191,205,231,231,231,33,46,46,64,64,141,141,154,174,6,25,38,67,150,179,179,179,179,179,201,233,66,79,79,79],"floor_reached":55,"language":"ZHS","playtime":3011,"items_purged":["Spreading Infection","Defend_P","Strike_P"],"score":2229,"play_id":"d2003287-74bd-4ef4-8a7d-966fd4e7edb0","local_time":"20210117173132","is_ascension_mode":true,"campfire_choices":[{"data":"Collect","floor":7.0,"key":"SMITH"},{"data":"Replay:Battleflow","floor":11.0,"key":"SMITH"},{"data":"ForeignInfluence","floor":25.0,"key":"SMITH"},{"data":"BattleHymn","floor":29.0,"key":"SMITH"},{"floor":32.0,"key":"DIG"},{"data":"EpicFetus","floor":34.0,"key":"SMITH"},{"floor":48.0,"key":"DIG"},{"floor":53.0,"key":"DIG"}],"circlet_count":0,"master_deck":["AscendersBane","Strike_P","Strike_P","Defend_P","Defend_P","Defend_P","Eruption+1","Vigilance+1","SpiritShield","FlyingSleeves","Indignation","Collect+1","Crescendo+1","FlurryOfBlows","Replay:Battleflow+1","InnerPeace","CutThroughFate","ThirdEye","EmptyBody","BattleHymn+1","DeusExMachina","Adaptation","ForeignInfluence+1","Eruption","TalkToTheHand","Meditate+1","Wallop","Brilliance","EpicFetus+1","EmptyFist","ClearTheMind","FollowUp+1","WheelKick+1","DevaForm","ClearTheMind+1"],"relics":["PureWater","HushsDoor","YumHeart","ReplayTheSpireMod:CursedCoin","MealTicket","Replay:Ringing Soul","BargainBundle","TheBible","Du-Vu Doll","White Beast Statue","HornCleat","Akabeko","Prayer Wheel","AnarchistCookbook","Bloody Idol","ChewingGum","DeathBook","War Paint","Shovel","Replay:Bottled Snecko","PunchingBag","SlaversCollar","Happy Flower","SalivaCoin","Replay:Towering Pillar of Hats","Art of War","ReplayTheSpireMod:Shallot","SatanicBible","BookofShadows","BelialBook","CaptainsWheel"],"acts_visited":["Exordium","TheCity","TheBeyond"],"potions_floor_usage":[],"damage_taken":[{"damage":0.0,"enemies":"2 Louse","floor":1.0,"turns":2.0},{"damage":0.0,"enemies":"Cultist","floor":2.0,"turns":3.0},{"damage":0.0,"enemies":"Gremlin Nob","floor":6.0,"turns":2.0},{"damage":7.0,"enemies":"3 Sentries","floor":8.0,"turns":4.0},{"damage":0.0,"enemies":"Gremlin Nob","floor":10.0,"turns":3.0},{"damage":0.0,"enemies":"Jaw Worm","floor":12.0,"turns":2.0},{"damage":11.0,"enemies":"Replay:BlueRogue","floor":13.0,"turns":4.0},{"damage":0.0,"enemies":"Looter","floor":14.0,"turns":2.0},{"damage":10.0,"enemies":"The Guardian","floor":16.0,"turns":8.0},{"damage":0.0,"enemies":"Spheric Guardian","floor":18.0,"turns":1.0},{"damage":4.0,"enemies":"Chosen","floor":22.0,"turns":3.0},{"damage":0.0,"enemies":"Snecko","floor":26.0,"turns":3.0},{"damage":0.0,"enemies":"Replay:Snechameleon","floor":27.0,"turns":4.0},{"damage":24.0,"enemies":"Snake Plant","floor":31.0,"turns":2.0},{"damage":0.0,"enemies":"3 Cultists","floor":33.0,"turns":2.0},{"damage":0.0,"enemies":"Champ","floor":35.0,"turns":5.0},{"damage":2.0,"enemies":"3 Shapes","floor":37.0,"turns":2.0},{"damage":0.0,"enemies":"3 Darklings","floor":38.0,"turns":2.0},{"damage":0.0,"enemies":"Transient","floor":40.0,"turns":5.0},{"damage":18.0,"enemies":"Sphere and 2 Shapes","floor":41.0,"turns":4.0},{"damage":4.0,"enemies":"R_Hoarder","floor":42.0,"turns":3.0},{"damage":12.0,"enemies":"2 Orb Walkers","floor":43.0,"turns":2.0},{"damage":0.0,"enemies":"Reptomancer","floor":44.0,"turns":4.0},{"damage":8.0,"enemies":"Jaw Worm Horde","floor":49.0,"turns":2.0},{"damage":24.0,"enemies":"R_Hoarder","floor":50.0,"turns":3.0},{"damage":0.0,"enemies":"3 Darklings","floor":52.0,"turns":3.0},{"damage":0,"enemies":"Time Eater","floor":54,"turns":3}],"seed_played":"7355686036530560500","potions_obtained":[{"floor":6.0,"key":"GamblersBrew"},{"floor":31.0,"key":"Adrenaline Potion"},{"floor":35.0,"key":"Swift Potion"}],"is_trial":false,"path_per_floor":["M","M","$","?","?","E","R","E","T","E","R","M","E","M","R","B",null,"M","?","PTL","PTL","M","$","?","R","M","E","T","R","$","M","R","M","R","B",null,"M","M","$","M","M","E","?","E","PTL","PTL","T","R","M","E","$","M","R","B",null],"character_chosen":"WATCHER","items_purchased":["ReplayTheSpireMod:CursedCoin","MealTicket","Replay:Ringing Soul","BargainBundle","SpiritShield","Fire Potion","Dexterity Potion","FlyingSleeves","Indignation","TheBible","Collect","DeathBook","Adaptation","War Paint","EpicFetus","Happy Flower","BelialBook"],"campfire_rested":0,"item_purchase_floors":[0,0,0,0,0,0,0,0,0,0,0,17,17,23,30,39,51],"current_hp_per_floor":[50,53,68,68,68,71,71,67,67,70,70,73,65,93,60,53,81,81,81,81,81,85,92,95,95,98,101,101,101,104,85,85,93,93,98,101,102,105,105,105,92,93,108,111,111,111,111,111,108,95,110,117,117,117],"gold":79,"neow_bonus":"","is_daily":false,"chose_seed":false,"campfire_upgraded":5,"win_rate":0.0,"timestamp":1610875892,"path_taken":["M","M","$","?","?","E","R","E","T","E","R","M","E","M","R","BOSS","M","?","PTL","PTL","M","$","?","R","M","E","T","R","$","M","R","?","R","BOSS","M","M","$","M","M","E","?","E","PTL","PTL","T","R","M","E","$","M","R","BOSS"],"items_purchased_type":["Relic","Relic","Relic","Relic","Card","Potion","Potion","Card","Card","Relic","Card","Relic","Card","Relic","Card","Relic","Relic"],"build_version":"2020-12-22","purchased_purges":3,"victory":true,"max_hp_per_floor":[74,77,77,77,77,80,80,83,83,86,86,89,92,95,95,98,89,89,89,89,89,92,92,95,95,98,101,101,101,104,104,104,107,107,107,102,102,105,105,105,105,105,108,111,111,111,111,111,111,114,114,117,117,117],"card_choices":[{"not_picked":["Worship","EmptyMind"],"picked":"Bomb","floor":1.0},{"not_picked":["FlurryOfBlows","FollowUp"],"picked":"Crescendo","floor":2.0},{"not_picked":["Replay:Anticipation","WindmillStrike"],"picked":"FlurryOfBlows","floor":6.0},{"not_picked":["Pray","Alpha"],"picked":"Replay:Battleflow","floor":8.0},{"not_picked":["Replay:BluntJabs","Study"],"picked":"InnerPeace","floor":10.0},{"not_picked":["Consecrate","Prostrate"],"picked":"CutThroughFate","floor":12.0},{"not_picked":["ThirdEye","FlurryOfBlows","FlyingSleeves"],"picked":"SKIP","floor":12.0},{"not_picked":["Replay:AtTheReady","FollowUp"],"picked":"ThirdEye","floor":13.0},{"not_picked":["Replay:ManipulateFuture","Weave"],"picked":"EmptyBody","floor":14.0},{"not_picked":["DeceiveReality","ClearTheMind"],"picked":"BattleHymn","floor":14.0},{"not_picked":["Blasphemy","Replay:AllIn"],"picked":"DeusExMachina","floor":16.0},{"not_picked":["CutThroughFate","Replay:ManipulateFuture","PathToVictory"],"picked":"SKIP","floor":18.0},{"not_picked":["CrushJoints","ThirdEye","MentalFortress+1"],"picked":"SKIP","floor":18.0},{"not_picked":["Crescendo","Nirvana"],"picked":"ForeignInfluence","floor":22.0},{"not_picked":["Judgement","WindmillStrike","ThirdEye"],"picked":"SKIP","floor":22.0},{"not_picked":["SashWhip","Replay:BluntJabs"],"picked":"Meditate+1","floor":26.0},{"not_picked":["ReachHeaven","Indignation"],"picked":"Wallop","floor":26.0},{"not_picked":["FlyingSleeves","Prostrate","Brilliance"],"picked":"SKIP","floor":27.0},{"not_picked":["FlyingSleeves","Prostrate"],"picked":"Brilliance","floor":27.0},{"not_picked":["FlyingSleeves","ThirdEye","JustLucky+1"],"picked":"SKIP","floor":31.0},{"not_picked":["JustLucky","Replay:Anticipation","BattleHymn"],"picked":"SKIP","floor":31.0},{"not_picked":["Prostrate","InnerPeace"],"picked":"EmptyFist","floor":33.0},{"not_picked":["FollowUp","Fasting2","SignatureMove"],"picked":"SKIP","floor":33.0},{"not_picked":["Vengeance+1","InnerPeace","Halt"],"picked":"SKIP","floor":37.0},{"not_picked":["Replay:DivineShield+1","FlyingSleeves+1","BowlingBash"],"picked":"SKIP","floor":37.0},{"not_picked":["Replay:ManipulateFuture","Halt"],"picked":"ClearTheMind","floor":38.0},{"not_picked":["FlyingSleeves+1","Consecrate","Worship"],"picked":"SKIP","floor":38.0},{"not_picked":["Prostrate","Replay:ManipulateFuture+1","Replay:BluntJabs+1"],"picked":"SKIP","floor":40.0},{"not_picked":["BowlingBash+1","Sanctity+1","Prostrate"],"picked":"SKIP","floor":40.0},{"not_picked":["BattleHymn","FlyingSleeves+1","EmptyBody"],"picked":"SKIP","floor":41.0},{"not_picked":["Devotion","Worship","CarveReality"],"picked":"SKIP","floor":41.0},{"not_picked":["FlyingSleeves","DeceiveReality","Replay:ManipulateFuture"],"picked":"SKIP","floor":42.0},{"not_picked":["EmptyBody","Study"],"picked":"FollowUp+1","floor":43.0},{"not_picked":["Conclude+1","Meditate"],"picked":"WheelKick+1","floor":44.0},{"not_picked":["EmptyFist","Consecrate+1","Replay:BluntJabs"],"picked":"SKIP","floor":49.0},{"not_picked":["SignatureMove+1","FlyingSleeves","Meditate"],"picked":"SKIP","floor":49.0},{"not_picked":["Consecrate+1","FlurryOfBlows"],"picked":"DevaForm","floor":50.0},{"not_picked":["Fasting2","SashWhip"],"picked":"ClearTheMind+1","floor":52.0},{"not_picked":["FlyingSleeves","CarveReality","Prostrate+1"],"picked":"SKIP","floor":52.0}],"player_experience":255948,"relics_obtained":[{"floor":6.0,"key":"White Beast Statue"},{"floor":8.0,"key":"HornCleat"},{"floor":9.0,"key":"Akabeko"},{"floor":10.0,"key":"Prayer Wheel"},{"floor":13.0,"key":"AnarchistCookbook"},{"floor":27.0,"key":"Shovel"},{"floor":28.0,"key":"Replay:Bottled Snecko"},{"floor":32.0,"key":"PunchingBag"},{"floor":42.0,"key":"SalivaCoin"},{"floor":43.0,"key":"Replay:Towering Pillar of Hats"},{"floor":44.0,"key":"Art of War"},{"floor":47.0,"key":"ReplayTheSpireMod:Shallot"},{"floor":48.0,"key":"SatanicBible"},{"floor":50.0,"key":"BookofShadows"},{"floor":53.0,"key":"CaptainsWheel"}],"event_choices":[{"damage_healed":0.0,"max_hp_gain":0.0,"max_hp_loss":0.0,"gold_gain":0.0,"event_name":"Upgrade Shrine","player_choice":"Upgraded","floor":4.0,"gold_loss":0.0,"damage_taken":0.0,"cards_upgraded":["Eruption"]},{"cards_removed":["Strike_P"],"damage_healed":0.0,"max_hp_gain":0.0,"max_hp_loss":0.0,"gold_gain":0.0,"event_name":"The Cleric","player_choice":"Card Removal","floor":5.0,"gold_loss":75.0,"damage_taken":0.0},{"damage_healed":0.0,"max_hp_gain":0.0,"max_hp_loss":0.0,"gold_gain":0.0,"event_name":"Golden Idol","player_choice":"Take Damage","floor":15.0,"gold_loss":0.0,"damage_taken":33.0,"relics_obtained":["Golden Idol"]},{"damage_healed":0.0,"max_hp_gain":0.0,"max_hp_loss":0.0,"gold_gain":0.0,"event_name":"Forgotten Altar","player_choice":"Gave Idol","floor":19.0,"relics_lost":["Golden Idol"],"gold_loss":0.0,"damage_taken":0.0,"relics_obtained":["Bloody Idol"]},{"damage_healed":0.0,"max_hp_gain":0.0,"max_hp_loss":0.0,"gold_gain":0.0,"event_name":"Match and Keep!","player_choice":"2 cards matched","floor":24.0,"gold_loss":0.0,"damage_taken":0.0,"cards_obtained":["Eruption","TalkToTheHand"]},{"damage_healed":0.0,"max_hp_gain":0.0,"max_hp_loss":0.0,"gold_gain":0.0,"event_name":"Mysterious Sphere","player_choice":"Fight","floor":43.0,"gold_loss":0.0,"damage_taken":0.0}],"is_beta":false,"boss_relics":[{"not_picked":["Replay:Drink Me","Velvet Choker"],"picked":"ChewingGum"},{"not_picked":[]},{"not_picked":["Painkiller Herb","Replay:Wanted Poster"],"picked":"SlaversCollar"},{"not_picked":[]}],"items_purged_floors":[0,0,36],"is_endless":false,"potions_floor_spawned":[6,8,10,12,13,14,16,18,22,26,27,31,33,35,37,38,40,41,42,43,44,49,50,52],"ascension_level":16}}