{"host":"mai03x2ekbjy4059","time":1610858527,"event":{"mods":["2.2 Compatiblity","BaseMod","DeckTracker","Keyboard Shortcuts","Minty Spire (QoL Compilation)","Permanent Neow","Quick Restart","SuperFastMode","everything is the same but u backflip on backflip"],"gold_per_floor":[361,361,378,389,389,422,422,456,482,517,534,548,564,601,601,710,710,735,834,834,834,398,398,424,424,448,477,495,522,542,568,568,673,673,686,686,733,361,376,411,426,460,460,474,502,502,511,529,529,529],"floor_reached":51,"language":"KOR","playtime":1511,"items_purged":["Strike_R","Bash"],"score":1042,"play_id":"45f89b03-52cd-44b1-a8b5-c3b4726202b4","local_time":"20210117134207","is_ascension_mode":true,"campfire_choices":[{"floor":7.0,"key":"REST"},{"data":"Rampage","floor":15.0,"key":"SMITH"},{"data":"Limit Break","floor":23.0,"key":"SMITH"},{"floor":25.0,"key":"REST"},{"floor":32.0,"key":"REST"},{"floor":46.0,"key":"REST"},{"data":"Inflame","floor":49,"key":"SMITH"}],"circlet_count":0,"master_deck":["Strike_R+1","Strike_R+1","Defend_R","Defend_R+1","Defend_R","Defend_R","Rampage+1","Offering","Battle Trance","Shrug It Off","Inflame+1","Limit Break+1","Offering","Evolve","Offering","Double Tap","Limit Break","Battle Trance"],"relics":["Burning Blood","WarpedTongs","Whetstone","Pen Nib","CeramicFish","Nunchaku","Pocketwatch","Philosopher\u0027s Stone","Shuriken","ClockworkSouvenir","PreservedInsect","Tiny Chest","Red Mask","Pantograph","Lizard Tail","Sozu","Strawberry","Vajra","Omamori","Potion Belt","Anchor","Lantern"],"acts_visited":["Exordium","TheCity","TheBeyond"],"potions_floor_usage":[50],"damage_taken":[{"damage":3.0,"enemies":"Small Slimes","floor":1.0,"turns":3.0},{"damage":0.0,"enemies":"Jaw Worm","floor":3.0,"turns":3.0},{"damage":1.0,"enemies":"Cultist","floor":4.0,"turns":3.0},{"damage":29.0,"enemies":"3 Sentries","floor":6.0,"turns":9.0},{"damage":31.0,"enemies":"Gremlin Nob","floor":8.0,"turns":4.0},{"damage":21.0,"enemies":"3 Sentries","floor":10.0,"turns":7.0},{"damage":3.0,"enemies":"2 Fungi Beasts","floor":11.0,"turns":4.0},{"damage":5.0,"enemies":"Looter","floor":12.0,"turns":2.0},{"damage":10.0,"enemies":"3 Louse","floor":13.0,"turns":4.0},{"damage":2.0,"enemies":"Gremlin Nob","floor":14.0,"turns":3.0},{"damage":9.0,"enemies":"Slime Boss","floor":16.0,"turns":7.0},{"damage":26.0,"enemies":"2 Thieves","floor":18.0,"turns":4.0},{"damage":46.0,"enemies":"Slavers","floor":24.0,"turns":4.0},{"damage":11.0,"enemies":"Masked Bandits","floor":27.0,"turns":3.0},{"damage":23.0,"enemies":"Book of Stabbing","floor":29.0,"turns":4.0},{"damage":12.0,"enemies":"Shell Parasite","floor":30.0,"turns":2.0},{"damage":12.0,"enemies":"Gremlin Leader","floor":31.0,"turns":3.0},{"damage":14.0,"enemies":"Champ","floor":33.0,"turns":6.0},{"damage":10.0,"enemies":"3 Shapes","floor":35.0,"turns":5.0},{"damage":6.0,"enemies":"Orb Walker","floor":39.0,"turns":3.0},{"damage":7.0,"enemies":"Giant Head","floor":40.0,"turns":6.0},{"damage":8.0,"enemies":"Jaw Worm Horde","floor":41.0,"turns":3.0},{"damage":24.0,"enemies":"Reptomancer","floor":42.0,"turns":5.0},{"damage":18.0,"enemies":"Spire Growth","floor":44.0,"turns":3.0},{"damage":39.0,"enemies":"Nemesis","floor":45.0,"turns":5.0},{"damage":6,"enemies":"Sphere and 2 Shapes","floor":48,"turns":4},{"damage":30,"enemies":"Donu and Deca","floor":50,"turns":2}],"seed_played":"4119726630002889906","potions_obtained":[{"floor":1.0,"key":"Strength Potion"},{"floor":4.0,"key":"Swift Potion"},{"floor":10.0,"key":"DuplicationPotion"},{"floor":11.0,"key":"SkillPotion"},{"floor":12.0,"key":"CultistPotion"},{"floor":24.0,"key":"EssenceOfSteel"},{"floor":29.0,"key":"DuplicationPotion"},{"floor":31.0,"key":"Swift Potion"},{"floor":33.0,"key":"BloodPotion"}],"is_trial":false,"path_per_floor":["M","?","M","M","?","E","R","E","T","E","M","M","M","E","R","B",null,"M","?","?","?","$","R","E","R","T","?","?","E","M","E","R","B",null,"M","?","T","$","M","E","M","E","T","M","E","R","?","M","R","B",null],"character_chosen":"IRONCLAD","items_purchased":["Shrug It Off","Inflame","Limit Break","ClockworkSouvenir","Vajra","Double Tap"],"campfire_rested":4,"item_purchase_floors":[22,22,22,22,38,38],"current_hp_per_floor":[59,43,49,54,54,31,55,30,30,15,18,19,15,19,19,16,80,60,60,60,60,60,60,20,44,44,39,39,22,16,10,34,51,80,76,76,83,83,83,82,80,62,62,50,17,43,43,43,43,44],"gold":529,"neow_bonus":"TWO_FIFTY_GOLD","is_daily":false,"chose_seed":false,"campfire_upgraded":3,"win_rate":0.0,"timestamp":1610858527,"path_taken":["M","?","M","M","?","E","R","E","T","E","?","M","M","E","R","BOSS","M","?","?","?","$","R","E","R","T","?","?","E","M","E","R","BOSS","M","?","?","$","?","E","M","E","T","M","E","R","?","M","R","BOSS"],"items_purchased_type":["Card","Card","Card","Relic","Relic","Card"],"build_version":"2020-12-22","purchased_purges":2,"victory":true,"max_hp_per_floor":[80,80,80,80,80,80,80,80,80,80,80,80,80,80,80,80,80,80,80,80,80,80,80,80,80,80,80,80,80,80,80,80,80,80,80,80,87,87,87,87,87,87,87,87,87,87,87,87,87,87],"card_choices":[{"not_picked":["Reckless Charge","Flex","Iron Wave"],"picked":"SKIP","floor":1.0},{"not_picked":["Thunderclap","Flex","Dual Wield"],"picked":"SKIP","floor":3.0},{"not_picked":["Warcry","Iron Wave","Twin Strike"],"picked":"SKIP","floor":4.0},{"not_picked":["Searing Blow","Intimidate"],"picked":"Dark Embrace","floor":6.0},{"not_picked":["Armaments","Ghostly Armor","Clash"],"picked":"SKIP","floor":8.0},{"not_picked":["Sever Soul","Reaper","Headbutt"],"picked":"SKIP","floor":10.0},{"not_picked":["Uppercut","Iron Wave","Cleave"],"picked":"SKIP","floor":11.0},{"not_picked":["Warcry","Sword Boomerang","Whirlwind"],"picked":"SKIP","floor":12.0},{"not_picked":["Clothesline","Heavy Blade","Sever Soul"],"picked":"SKIP","floor":13.0},{"not_picked":["Armaments","Hemokinesis"],"picked":"Rampage","floor":14.0},{"not_picked":["Immolate","Bludgeon"],"picked":"Offering","floor":16.0},{"not_picked":["Body Slam","Shrug It Off"],"picked":"Battle Trance","floor":18.0},{"not_picked":["Blood for Blood","Twin Strike","Reckless Charge"],"picked":"SKIP","floor":24.0},{"not_picked":["Dark Embrace+1","Fire Breathing","Juggernaut"],"picked":"SKIP","floor":29.0},{"not_picked":["Anger+1","Cleave","Thunderclap"],"picked":"SKIP","floor":30.0},{"not_picked":["Rampage","Demon Form","Clash"],"picked":"SKIP","floor":31.0},{"not_picked":["Immolate","Reaper"],"picked":"Offering","floor":33.0},{"not_picked":["Shockwave","Body Slam","Dark Embrace+1"],"picked":"SKIP","floor":35.0},{"not_picked":["Anger","Headbutt+1","Bloodletting+1"],"picked":"SKIP","floor":39.0},{"not_picked":["Thunderclap","Sentinel+1","Warcry"],"picked":"SKIP","floor":40.0},{"not_picked":["Clothesline+1","Inflame","Heavy Blade+1"],"picked":"SKIP","floor":41.0},{"not_picked":["Thunderclap","Whirlwind+1"],"picked":"Limit Break","floor":42.0},{"not_picked":["Bloodletting","Twin Strike","Cleave"],"picked":"SKIP","floor":44.0},{"not_picked":["Anger","Rupture+1","Ghostly Armor+1"],"picked":"SKIP","floor":45.0},{"not_picked":["Armaments+1","Sentinel","Body Slam+1"],"picked":"SKIP","floor":48}],"player_experience":1067377,"relics_obtained":[{"floor":6.0,"key":"Whetstone"},{"floor":8.0,"key":"Pen Nib"},{"floor":9.0,"key":"CeramicFish"},{"floor":10.0,"key":"Nunchaku"},{"floor":14.0,"key":"Pocketwatch"},{"floor":24.0,"key":"PreservedInsect"},{"floor":26.0,"key":"Tiny Chest"},{"floor":27.0,"key":"Red Mask"},{"floor":29.0,"key":"Pantograph"},{"floor":31.0,"key":"Lizard Tail"},{"floor":37.0,"key":"Strawberry"},{"floor":40.0,"key":"Omamori"},{"floor":42.0,"key":"Potion Belt"},{"floor":43.0,"key":"Anchor"},{"floor":45.0,"key":"Lantern"}],"event_choices":[{"damage_healed":0.0,"max_hp_gain":0.0,"max_hp_loss":0.0,"gold_gain":0.0,"event_name":"Shining Light","player_choice":"Entered Light","floor":2.0,"gold_loss":0.0,"damage_taken":16.0,"cards_upgraded":["Strike_R","Defend_R"]},{"damage_healed":0.0,"max_hp_gain":0.0,"max_hp_loss":0.0,"gold_gain":0.0,"event_name":"Accursed Blacksmith","player_choice":"Rummage","floor":5.0,"gold_loss":0.0,"damage_taken":0.0,"relics_obtained":["WarpedTongs"],"cards_obtained":["Pain"]},{"damage_healed":0.0,"max_hp_gain":0.0,"max_hp_loss":0.0,"gold_gain":99.0,"event_name":"Nest","player_choice":"Stole From Cult","floor":19.0,"gold_loss":0.0,"damage_taken":0.0},{"cards_removed":["Pain"],"damage_healed":0.0,"max_hp_gain":0.0,"max_hp_loss":0.0,"gold_gain":0.0,"event_name":"Back to Basics","player_choice":"Elegance","floor":20.0,"gold_loss":0.0,"damage_taken":0.0},{"damage_healed":0.0,"max_hp_gain":0.0,"max_hp_loss":0.0,"gold_gain":0.0,"event_name":"The Mausoleum","player_choice":"Opened","floor":21.0,"gold_loss":0.0,"damage_taken":0.0,"relics_obtained":["Shuriken"]},{"damage_healed":0.0,"max_hp_gain":0.0,"max_hp_loss":0.0,"gold_gain":0.0,"event_name":"Masked Bandits","player_choice":"Fought Bandits","floor":27.0,"gold_loss":0.0,"damage_taken":0.0},{"damage_healed":0.0,"max_hp_gain":0.0,"max_hp_loss":0.0,"gold_gain":0.0,"cards_transformed":["Strike_R","Dark Embrace"],"event_name":"Drug Dealer","player_choice":"Became Test Subject","floor":28.0,"gold_loss":0.0,"damage_taken":0.0,"cards_obtained":["Offering","Evolve"]},{"damage_healed":0.0,"max_hp_gain":0.0,"max_hp_loss":0.0,"gold_gain":0.0,"event_name":"SecretPortal","player_choice":"Ignored","floor":36.0,"gold_loss":0.0,"damage_taken":0.0},{"damage_healed":0,"gold_gain":0,"cards_transformed":["Strike_R"],"player_choice":"Transformed","damage_taken":0,"max_hp_gain":0,"max_hp_loss":0,"event_name":"Transmorgrifier","floor":47,"gold_loss":0,"cards_obtained":["Battle Trance"]}],"is_beta":false,"boss_relics":[{"not_picked":["Pandora\u0027s Box","Velvet Choker"],"picked":"Philosopher\u0027s Stone"},{"not_picked":["Busted Crown","Coffee Dripper"],"picked":"Sozu"}],"items_purged_floors":[22,38],"is_endless":false,"potions_floor_spawned":[1,4,10,11,12,24,29,30,31,33,44,45,48],"ascension_level":1}}