{"host":"dwyzfvnzfcqffr30","time":1610893288,"event":{"mods":["2.2 Compatiblity","Act Like it!","BaseMod","Beaked The Cultist","Better Altar","Better Match","Better Note","Better Sensory Stone","Better Skull","Better Third Choice","Clockwork Mod","Colored Map","Colored Powertips","Conspire","Elementarium","GifTheSpireLib","Halation","Hermit","Hubris","Infinite Spire","Ironclad Rager","Jedi Mod","Menagerie","Mimic Mod","Minty Spire (QoL Compilation)","Permanent Neow","Random Character Button","Replay The Spire","Spicy Shops","Spikes Relics","StSLib","Stuff the Spire","The Construct","The Disciple","The Druid","The Marked","TheFirefly","Trackpad","Wandering Minibosses","vexMod"],"gold_per_floor":[12,67,67,84,9,9,45,45,69,102,120,160,186,210,210,298,298,332,332,332,332,332,382,419,201,233,274,307,345,343,343,343,442,442,484,151,171,171,304,304,353,388,423,523,583,641,698,760,760,760,760,760,124,179,179],"floor_reached":56,"language":"ENG","playtime":6594,"items_purged":["beaked:Strike_Y+1"],"score":2082,"play_id":"468ad8ec-7625-407b-9aee-eb831998bb33","local_time":"20210117062128","is_ascension_mode":true,"campfire_choices":[{"floor":6,"key":"RECALL"},{"data":"beaked:Overpower+1","floor":8,"key":"SMITH"},{"data":"beaked:MachineEssence+1","floor":15,"key":"SMITH"},{"floor":32,"key":"REST"},{"data":"beaked:Overpower+2","floor":40,"key":"SMITH"},{"data":"beaked:BloodRitual+1","floor":49,"key":"SMITH"},{"data":"beaked:BloodRitual+2","floor":52,"key":"SMITH"}],"circlet_count":0,"master_deck":["AscendersBane","beaked:Strike_Y+1","beaked:Strike_Y+1","beaked:Strike_Y+1","beaked:Strike_Y+1","beaked:Strike_Y+1","beaked:Defend_Y+1","beaked:Defend_Y+1","beaked:Defend_Y+1","beaked:Defend_Y+1","beaked:Ceremony+1","beaked:Ceremony+1","beaked:Ceremony+1","beaked:MachineEssence+2","Apotheosis+1","MasterReality+1","beaked:Evade+1","beaked:Cower+1","beaked:BounceBack+1","beaked:Overpower+3","beaked:BloodRitual+3","beaked:CrazyRituals+1","Discovery+1","Panacea+1","beaked:Hexing+1","beaked:AwakenedForm+1","infinitespire:NeuralNetwork+1"],"relics":["beaked:BlessedCoat","infinitespire:EvilPickle","Bottled Tornado","conspire:InfiniteJournal","Quantum Egg","Molten Egg 2","Toxic Egg 2","Frozen Egg 2","trackpad:Compendium","hubris:MedicalManual","jedi:crownofsimplicity","halation:WeightlessCrab","Nunchaku","hubris:PeanutButter","hubris:Icosahedron","Potion Belt","StuffTheSpire:BottledEssence","StuffTheSpire:Experiment12","StuffTheSpire:RubySignet","Molten Egg 2","halation:Toothbrush","hubris:EvacipatedBox","hubris:KleinBottle","Elementarium:ElementariumTrophy","trackpad:FieryHotPepper","trackpad:RapidFire","hubris:MysteriousPyramids","SuspiciousGoo","jedi:leech","jedi:heavyjacket","ClockworkSouvenir"],"acts_visited":["Menagerie:Menagerie","Elementarium:Elementarium","TheBeyond","TheEnding"],"potions_floor_usage":[13,16,33,33,35,42,47,50,54,55,55,55,55,55,55,55],"damage_taken":[{"damage":17,"enemies":"Menagerie:2_RABBITS","floor":1,"turns":6},{"damage":9,"enemies":"Menagerie:MonstrousExperiment","floor":4,"turns":7},{"damage":45,"enemies":"Menagerie:MaskedSummoner","floor":7,"turns":9},{"damage":25,"enemies":"Menagerie:Hydra","floor":10,"turns":4},{"damage":0,"enemies":"Menagerie:WhisperingWraith","floor":11,"turns":1},{"damage":42,"enemies":"Menagerie:MaskedSummoner","floor":12,"turns":7},{"damage":22,"enemies":"Menagerie:MENAGERIE_WILDLIFE","floor":13,"turns":5},{"damage":18,"enemies":"Menagerie:STYGIAN_BOAR_AND_RABBIT","floor":14,"turns":5},{"damage":38,"enemies":"Menagerie:AVATARS","floor":16,"turns":6},{"damage":21,"enemies":"Elementarium:2_ELEMENTALS","floor":18,"turns":4},{"damage":67,"enemies":"Elementarium:WarGolem","floor":23,"turns":6},{"damage":14,"enemies":"Elementarium:VoidCorruption","floor":24,"turns":5},{"damage":4,"enemies":"Elementarium:CYCLONE_AND_LIVING_STORMCLOUD","floor":26,"turns":6},{"damage":39,"enemies":"Elementarium:ElementalPortal","floor":27,"turns":11},{"damage":6,"enemies":"Elementarium:CYCLONE_AND_LIVING_STORMCLOUD","floor":28,"turns":6},{"damage":67,"enemies":"Elementarium:Hydrostalker","floor":29,"turns":7},{"damage":40,"enemies":"Elementarium:FIRE_NOBILITY","floor":30,"turns":7},{"damage":24,"enemies":"Elementarium:GolemEmperor","floor":33,"turns":7},{"damage":59,"enemies":"3 Shapes","floor":35,"turns":10},{"damage":2,"enemies":"Orb Walker","floor":37,"turns":4},{"damage":9,"enemies":"4 Shapes","floor":39,"turns":6},{"damage":5,"enemies":"Giant Head","floor":41,"turns":6},{"damage":43,"enemies":"Jaw Worm Horde","floor":42,"turns":6},{"damage":24,"enemies":"Sphere and 2 Shapes","floor":43,"turns":5},{"damage":55,"enemies":"beaked:SuperParasite","floor":45,"turns":7},{"damage":23,"enemies":"Sphere and 2 Shapes","floor":46,"turns":5},{"damage":25,"enemies":"3 Darklings","floor":47,"turns":5},{"damage":16,"enemies":"Maw","floor":48,"turns":5},{"damage":48,"enemies":"infinitespire:MassOfShapes","floor":50,"turns":8},{"damage":20,"enemies":"Shield and Spear","floor":54,"turns":5},{"damage":33,"enemies":"The Heart","floor":55,"turns":6}],"seed_played":"2775214356258861515","potions_obtained":[{"floor":2,"key":"Fire Potion"},{"floor":4,"key":"SteroidPotion"},{"floor":13,"key":"Weak Potion"},{"floor":18,"key":"Milkshake"},{"floor":29,"key":"Elixir"},{"floor":33,"key":"LifebloodPotion"},{"floor":35,"key":"SteroidPotion"},{"floor":45,"key":"ColorlessPotion"},{"floor":47,"key":"Elixir"}],"is_trial":false,"path_per_floor":["M","?","?","M","$","R","E","R","T","E","M","E","M","M","R","B",null,"M","?","?","AVR","?","E","M","$","MIM","E","M","M","E","$","R","B",null,"M","$","M","?","M","R","E","M","MIM","?","E","M","M","M","R","B",null,"R","$","E","B",null],"character_chosen":"BEAKED_THE_CULTIST","items_purchased":["StuffTheSpire:BottledEssence","StuffTheSpire:Experiment12","hubris:EvacipatedBox","hubris:KleinBottle","trackpad:FieryHotPepper","trackpad:RapidFire","CultistPotion","jedi:heavyjacket","ClockworkSouvenir","Reflective Coating","ColorlessPotion","EntropicBrew"],"campfire_rested":1,"item_purchase_floors":[25,25,31,31,36,36,36,53,53,53,53,53],"current_hp_per_floor":[45,34,34,45,45,45,45,45,45,29,34,41,38,45,45,45,45,36,36,44,44,44,53,48,48,53,53,53,48,53,15,30,53,53,48,48,53,53,53,53,53,53,51,51,53,53,53,53,53,53,53,53,53,53,52],"gold":179,"neow_bonus":"THREE_RARE_CARDS","is_daily":false,"chose_seed":false,"campfire_upgraded":5,"win_rate":0.0,"timestamp":1610893288,"path_taken":["M","?","?","M","$","R","E","R","T","E","M","E","M","M","R","BOSS","M","?","?","AVR","?","E","M","$","MIM","E","M","?","E","?","R","BOSS","M","$","M","?","M","R","E","M","MIM","?","E","?","M","M","R","BOSS","R","$","E","BOSS"],"items_purchased_type":["Relic","Relic","Relic","Relic","Relic","Relic","Potion","Relic","Relic","Potion","Potion","Potion"],"build_version":"2020-12-22","purchased_purges":1,"victory":true,"max_hp_per_floor":[45,45,45,45,45,45,45,45,45,45,45,45,45,45,45,45,45,45,45,53,53,53,53,53,53,53,53,53,53,53,53,53,53,53,53,53,53,53,53,53,53,53,53,53,53,53,53,53,53,53,53,53,53,53,53],"card_choices":[{"not_picked":["beaked:DarkPact","beaked:FakeOut"],"picked":"beaked:MachineEssence","floor":0},{"not_picked":["beaked:RuinSticks+1","beaked:Mantra+1"],"picked":"beaked:Evade+1","floor":1},{"not_picked":["beaked:DesperateSwing+1","beaked:Tradeoff+1"],"picked":"beaked:Cower+1","floor":2},{"not_picked":["beaked:Brace+1","beaked:CursingBlood+1"],"picked":"beaked:BounceBack+1","floor":2},{"not_picked":["beaked:WarriorEssence+1","beaked:LiftOff+1","beaked:SurvivalInstinct+1"],"picked":"SKIP","floor":4},{"not_picked":["beaked:MachineEssence+1","beaked:Molting+1"],"picked":"beaked:Overpower+1","floor":7},{"not_picked":["beaked:Windmill+1","beaked:DigDeeper+1"],"picked":"beaked:BloodRitual+1","floor":10},{"not_picked":["beaked:SacrificialDive+1","beaked:ShadowFade+1","beaked:Daydream+1"],"picked":"SKIP","floor":11},{"not_picked":["beaked:Tradeoff+1","beaked:KnowThyFoe+1"],"picked":"beaked:CrazyRituals+1","floor":12},{"not_picked":["beaked:Cower+1","beaked:FeelMyPain+1","beaked:WarriorSpirit+1"],"picked":"SKIP","floor":13},{"not_picked":["beaked:SacrificialDive+1","beaked:Redirect+1","beaked:SurvivalInstinct+1"],"picked":"SKIP","floor":14},{"not_picked":["beaked:Overpower+1","beaked:DigDeep+1","beaked:Tweet+1"],"picked":"SKIP","floor":18},{"not_picked":["Master of Strategy+1","Dark Shackles+1"],"picked":"Discovery+1","floor":19},{"not_picked":["vexMod:EmailVexCard+1","Purity+1"],"picked":"Panacea+1","floor":19},{"not_picked":["beaked:Brace+1","beaked:Windmill+1"],"picked":"beaked:Hexing+1","floor":23},{"not_picked":["beaked:TuckingFeathers+1","beaked:MimicMachine+1","beaked:MimicHuntress+1"],"picked":"SKIP","floor":24},{"not_picked":["beaked:Evade+1","beaked:Hexing+1"],"picked":"beaked:AwakenedForm+1","floor":27},{"not_picked":["beaked:Overpower+1","beaked:WarriorEssence+1","beaked:Flinch+1"],"picked":"SKIP","floor":28},{"not_picked":["beaked:Insight+1","beaked:Hexing+1","beaked:Cower+1"],"picked":"SKIP","floor":29},{"not_picked":["beaked:TuckingFeathers+1","beaked:Negation+1","beaked:SacrificialDive+1"],"picked":"SKIP","floor":30},{"not_picked":["ReplayTheSpireMod:Black Plague","infinitespire:DeathsTouch"],"picked":"infinitespire:NeuralNetwork","floor":31},{"not_picked":["beaked:MimicHuntress+1","beaked:DigDeep+1","beaked:Windmill+1"],"picked":"SKIP","floor":35},{"not_picked":["beaked:MachineSpirit+1","beaked:Windmill+1","beaked:Tradeoff+1"],"picked":"SKIP","floor":37},{"not_picked":["beaked:Tradeoff+1","beaked:WildInstinct+1","beaked:MimicMachine+1"],"picked":"SKIP","floor":39},{"not_picked":["beaked:DarkPact+1","beaked:SurvivalInstinct+1","beaked:Roost+1"],"picked":"SKIP","floor":41},{"not_picked":["beaked:Poke+1","beaked:Evade+1","beaked:MimicHuntress+1"],"picked":"SKIP","floor":42},{"not_picked":["beaked:Roost+1","beaked:Brace+1","beaked:Overexert+1"],"picked":"SKIP","floor":45},{"not_picked":["beaked:Tweet+1","beaked:WarriorEssence+1","beaked:MachineSpirit+1"],"picked":"SKIP","floor":46},{"not_picked":["beaked:MimicMachine+1","beaked:Pecker+1","beaked:Devastation+1"],"picked":"SKIP","floor":47},{"not_picked":["beaked:Poke+1","beaked:CursingBlood+1","beaked:MimicWarrior+1"],"picked":"SKIP","floor":48},{"not_picked":["beaked:ShadowFade+1","beaked:BarbedWire+1","beaked:RuinSticks+1"],"picked":"SKIP","floor":54}],"player_experience":2146190,"relics_obtained":[{"floor":2,"key":"trackpad:Compendium"},{"floor":7,"key":"hubris:MedicalManual"},{"floor":9,"key":"jedi:crownofsimplicity"},{"floor":10,"key":"halation:WeightlessCrab"},{"floor":12,"key":"Nunchaku"},{"floor":23,"key":"Potion Belt"},{"floor":26,"key":"StuffTheSpire:RubySignet"},{"floor":27,"key":"Molten Egg 2"},{"floor":30,"key":"halation:Toothbrush"},{"floor":41,"key":"hubris:MysteriousPyramids"},{"floor":45,"key":"jedi:leech"}],"event_choices":[{"damage_healed":0,"gold_gain":0,"player_choice":"Simplicity","damage_taken":0,"max_hp_gain":0,"max_hp_loss":10,"event_name":"betterThird:BetterWriting","floor":0,"gold_loss":0},{"damage_healed":0,"gold_gain":0,"player_choice":"Simplicity","damage_taken":0,"max_hp_gain":0,"max_hp_loss":0,"event_name":"betterThird:BetterWriting","floor":0,"gold_loss":0},{"damage_healed":0,"gold_gain":0,"player_choice":"Ignored","damage_taken":0,"max_hp_gain":0,"max_hp_loss":0,"event_name":"Menagerie:CorruptingLight","floor":3,"gold_loss":0},{"damage_healed":0,"gold_gain":2,"player_choice":"1","damage_taken":0,"max_hp_gain":0,"max_hp_loss":0,"event_name":"betterStone:BetterStone","floor":19,"gold_loss":0},{"damage_healed":0,"gold_gain":0,"player_choice":"Graft","damage_taken":0,"max_hp_gain":8,"max_hp_loss":0,"event_name":"Elementarium:SculptureGarden","floor":20,"gold_loss":0},{"damage_healed":0,"gold_gain":100,"player_choice":"Pray","damage_taken":0,"max_hp_gain":0,"max_hp_loss":0,"event_name":"Golden Shrine","floor":44,"gold_loss":0}],"is_beta":false,"boss_relics":[{"not_picked":["beaked:FlawlessSticks","halation:MonkeysPaw","halation:HeavySnake"]},{"not_picked":["Pandora\u0027s Box","vexMod:BigBerry","trackpad:StolenKidneys"],"picked":"beaked:BlessedCoat"}],"items_purged_floors":[5],"is_endless":false,"potions_floor_spawned":[4,11,12,13,14,18,27,29,30,33,35,45,47],"ascension_level":14}}