{"host":"xttq6c038pg3qyaq","time":1610862060,"event":{"mods":["BaseMod","Bestiary","Downfall","Hermit","Marisa（霧雨　魔理沙）","Minty Spire (QoL Compilation)","StSLib"],"gold_per_floor":[99,118,55,55,66,66,66,66,166,182,198,198,231,241,253,253,253],"floor_reached":16,"language":"ENG","playtime":1441,"items_purged":[],"score":102,"play_id":"9a000995-413a-4b8b-ba7e-aa56f3626315","local_time":"20210117161100","is_ascension_mode":false,"campfire_choices":[{"data":"bronze:Goto","floor":1,"key":"SMITH"},{"data":"bronze:RecursiveStrike","floor":6,"key":"SMITH"},{"data":"bronze:Frontload","floor":8,"key":"SMITH"},{"data":"bronze:BuggyMess","floor":12,"key":"SMITH"}],"circlet_count":0,"master_deck":["bronze:Strike","bronze:Strike","bronze:Strike","bronze:Defend","bronze:Defend","bronze:Defend","bronze:Defend","bronze:Replicate","bronze:Goto+1","bronze:Fortify","bronze:RecursiveStrike+1","bronze:DelayedSlice","bronze:Frontload+1","bronze:BuggyMess+1","bronze:CleanCode","bronze:FineTuning","bronze:NullPointer","bronze:Iterate"],"relics":["bronze:BronzeCore","Mummified Hand","White Beast Statue","Toxic Egg 2"],"acts_visited":["Exordium"],"potions_floor_usage":[13,13,15,16,16],"damage_taken":[{"damage":2,"enemies":"Small Slimes","floor":2,"turns":4},{"damage":0,"enemies":"downfall:FleeingMerchant","floor":3,"turns":4},{"damage":3,"enemies":"2 Louse","floor":5,"turns":3},{"damage":47,"enemies":"downfall:LadyInBlue","floor":9,"turns":10},{"damage":0,"enemies":"Cultist","floor":10,"turns":2},{"damage":1,"enemies":"3 Louse","floor":11,"turns":4},{"damage":22,"enemies":"Gremlin Nob","floor":13,"turns":5},{"damage":0,"enemies":"Exordium Thugs","floor":14,"turns":3},{"damage":0,"enemies":"Lots of Slimes","floor":15,"turns":4},{"damage":24,"enemies":"DF_ARCHETYPE_STREAMLINE","floor":16,"turns":3}],"seed_played":"6857196097591253568","potions_obtained":[{"floor":2,"key":"BlessingOfTheForge"},{"floor":5,"key":"Dexterity Potion"},{"floor":9,"key":"DistilledChaos"},{"floor":9,"key":"CultistPotion"},{"floor":9,"key":"EssenceOfSteel"},{"floor":13,"key":"PowerPotion"},{"floor":14,"key":"Strength Potion"},{"floor":15,"key":"FearPotion"}],"is_trial":false,"path_per_floor":["R","M","$","?","M","R","T","R","?","M","M","R","E","M","M","B"],"character_chosen":"THE_AUTOMATON","items_purchased":["bronze:DelayedSlice"],"campfire_rested":0,"item_purchase_floors":[3],"current_hp_per_floor":[77,75,75,75,72,72,72,72,25,25,24,24,2,2,2,0,0],"gold":253,"neow_bonus":"TEN_PERCENT_HP_BONUS","is_daily":false,"chose_seed":false,"campfire_upgraded":4,"win_rate":0.0,"timestamp":1610862060,"path_taken":["R","M","$","?","M","R","T","R","?","M","?","R","E","M","M","BOSS"],"items_purchased_type":["Card"],"build_version":"2020-12-22","purchased_purges":0,"victory":false,"max_hp_per_floor":[77,77,77,77,77,77,77,77,77,77,77,77,77,77,77,77,77],"card_choices":[{"not_picked":["bronze:FineTuning","bronze:OilSpill"],"picked":"bronze:Fortify","floor":2},{"not_picked":["bronze:BitShift","bronze:Deprecate"],"picked":"bronze:RecursiveStrike","floor":3},{"not_picked":["bronze:GetLatest","bronze:Repair"],"picked":"bronze:Frontload","floor":5},{"not_picked":["bronze:Branch","bronze:Overheat"],"picked":"bronze:BuggyMess","floor":9},{"not_picked":["bronze:ChosenStrike","bronze:Repair"],"picked":"bronze:CleanCode","floor":10},{"not_picked":["bronze:ForLoop","bronze:Shell"],"picked":"bronze:FineTuning","floor":11},{"not_picked":["bronze:BugBarrage","bronze:BuggyMess+1"],"picked":"bronze:NullPointer","floor":13},{"not_picked":["bronze:DelayedSlice","bronze:OilSpill"],"picked":"bronze:Iterate","floor":14},{"not_picked":["bronze:CleanCode","bronze:Iterate","bronze:Shield+1"],"picked":"SKIP","floor":15}],"player_experience":583507,"relics_obtained":[{"floor":7,"key":"Mummified Hand"},{"floor":9,"key":"White Beast Statue"},{"floor":13,"key":"Toxic Egg 2"}],"event_choices":[{"cards_removed":["bronze:Strike"],"damage_healed":0,"gold_gain":0,"player_choice":"Card Removal","damage_taken":0,"max_hp_gain":0,"max_hp_loss":0,"event_name":"The Cleric","floor":4,"gold_loss":0}],"is_beta":false,"boss_relics":[],"items_purged_floors":[],"is_endless":false,"potions_floor_spawned":[2,5,10,11,13,14,15],"killed_by":"DF_ARCHETYPE_STREAMLINE","ascension_level":0}}