{"host":"8qkhzo0jjkmvsb7l","time":1610910102,"event":{"mods":["BaseMod","Conspire","Downfall","Marisa????????","Minty Spire (QoL Compilation)","StSLib"],"gold_per_floor":[117,117,117,128,7,7,23,48,72,85,85,85,85,95,95,195,195,212,212,232,248,259,259,259,279,279,279,297,91,91,102,102,199,199,217,167,183,198,198,198],"floor_reached":39,"language":"RUS","playtime":1770,"items_purged":["Strike_MRS","conspire:GhostlyStrike","conspire:GhostlyDefend"],"score":410,"play_id":"b8d423c8-faa8-4c81-be7d-1ecc8e875b04","local_time":"20210117220142","is_ascension_mode":false,"campfire_choices":[{"data":"MagicChant","floor":6,"key":"SMITH"},{"data":"AsteroidBelt","floor":15,"key":"SMITH"},{"data":"JA","floor":23,"key":"SMITH"},{"data":"Acceleration","floor":27,"key":"SMITH"},{"data":"GalacticHalo","floor":32,"key":"SMITH"}],"circlet_count":0,"master_deck":["conspire:GhostlyStrike","conspire:GhostlyDefend","conspire:GhostlyDefend+1","conspire:GhostlyDefend+1","MasterSpark+1","UpSweep","DC+1","MagicChant+1","GalacticHalo+1","EnergyFlow","AsteroidBelt+1","JA+1","IllusionStar+1","MilkyWay+1","Acceleration+1","PowerUp+1","IllusionStar+1","PropBag+1"],"relics":["MiniHakkero","Smiling Mask","Toy Ornithopter","conspire:RoyalGoblet","Bag of Marbles","Molten Egg 2","War Paint","Snecko Eye","Gremlin Horn"],"acts_visited":["Exordium","TheCity","TheBeyond"],"potions_floor_usage":[16,20,28,31,39],"damage_taken":[{"damage":1,"enemies":"Jaw Worm","floor":1,"turns":3},{"damage":0,"enemies":"2 Louse","floor":4,"turns":2},{"damage":0,"enemies":"Cultist","floor":7,"turns":2},{"damage":6,"enemies":"Gremlin Nob","floor":8,"turns":3},{"damage":4,"enemies":"conspire:2 RoseBushes","floor":10,"turns":4},{"damage":0,"enemies":"3 Louse","floor":14,"turns":2},{"damage":41,"enemies":"Hexaghost","floor":16,"turns":9},{"damage":1,"enemies":"Shell Parasite","floor":18,"turns":4},{"damage":7,"enemies":"Chosen","floor":20,"turns":3},{"damage":0,"enemies":"conspire:HollyBat","floor":21,"turns":4},{"damage":2,"enemies":"Snecko","floor":22,"turns":5},{"damage":2,"enemies":"Snake Plant","floor":25,"turns":2},{"damage":2,"enemies":"conspire:HollyBat","floor":28,"turns":6},{"damage":2,"enemies":"Centurion and Healer","floor":31,"turns":3},{"damage":25,"enemies":"conspire:MysteriousRune","floor":33,"turns":7},{"damage":11,"enemies":"Orb Walker","floor":35,"turns":6},{"damage":19,"enemies":"3 Shapes","floor":37,"turns":6},{"damage":42,"enemies":"Writhing Mass","floor":38,"turns":4},{"damage":26,"enemies":"Maw","floor":39,"turns":7}],"seed_played":"1865437067561409555","potions_obtained":[{"floor":8,"key":"FearPotion"},{"floor":10,"key":"BlessingOfTheForge"},{"floor":14,"key":"champ:CounterPotion"},{"floor":18,"key":"Swift Potion"},{"floor":19,"key":"DistilledChaos"},{"floor":19,"key":"Swift Potion"},{"floor":25,"key":"Ancient Potion"},{"floor":28,"key":"SpeedPotion"},{"floor":38,"key":"Swift Potion"}],"is_trial":false,"path_per_floor":["M","?","?","M","$","R","M","E","T","M","?","?","$","M","R","B",null,"M","?","M","M","M","R","?","M","T","R","M","$","?","M","R","B",null,"M","$","M","M","M"],"character_chosen":"MARISA","items_purchased":["GalacticHalo","War Paint"],"campfire_rested":0,"item_purchase_floors":[5,29],"current_hp_per_floor":[74,74,74,74,74,74,74,68,68,64,64,69,69,69,69,33,80,79,79,73,73,71,71,71,69,69,69,72,72,72,75,75,50,80,69,69,50,20,0,0],"gold":198,"neow_bonus":"UPGRADE_CARD","is_daily":false,"chose_seed":false,"campfire_upgraded":5,"win_rate":0.0,"timestamp":1610910102,"path_taken":["M","?","?","?","$","R","M","E","T","M","?","?","?","M","R","BOSS","M","?","?","M","M","R","?","M","T","R","M","$","?","M","R","BOSS","M","$","?","M","M"],"items_purchased_type":["Card","Relic"],"build_version":"2020-12-22","purchased_purges":3,"victory":false,"max_hp_per_floor":[75,75,75,75,75,75,75,75,75,75,75,80,80,80,80,80,80,80,80,80,80,80,80,80,80,80,80,80,80,80,80,80,80,80,80,80,80,80,80,80],"card_choices":[{"not_picked":["NonDirectionalLaser","DragonMeteor"],"picked":"DC","floor":1},{"not_picked":["ShootingEcho","SporeBomb"],"picked":"MagicChant","floor":4},{"not_picked":["StarBarrage","SporeBomb","DoubleSpark"],"picked":"SKIP","floor":7},{"not_picked":["AbsoluteMagnitude","SporeBomb","MeteoricShower"],"picked":"SKIP","floor":8},{"not_picked":["AsteroidBelt","MilkyWay"],"picked":"EnergyFlow","floor":10},{"not_picked":["WitchOfGreed","ShootingEcho"],"picked":"AsteroidBelt","floor":14},{"not_picked":["EscapeVelocity","BlazingStar"],"picked":"JA","floor":16},{"not_picked":["DC","UnstableBomb+1","GravityBeat"],"picked":"SKIP","floor":18},{"not_picked":["DarkSpark","AlicesGift"],"picked":"IllusionStar+1","floor":20},{"not_picked":["NonDirectionalLaser","LuminesStrike"],"picked":"MilkyWay+1","floor":21},{"not_picked":["WitchOfGreed+1","LuminesStrike+1"],"picked":"Acceleration","floor":22},{"not_picked":["RefractionSpark+1","BigCrunch"],"picked":"PowerUp+1","floor":25},{"not_picked":["Singularity","WitchLeyline+1"],"picked":"IllusionStar+1","floor":28},{"not_picked":["IllusionStar","TreasureHunter+1"],"picked":"PropBag+1","floor":31},{"not_picked":["SporeBomb","AlicesGift+1","GravityBeat+1"],"picked":"SKIP","floor":35},{"not_picked":["Acceleration","MysteriousBeam+1","EnergyFlow"],"picked":"SKIP","floor":37},{"not_picked":["LuminesStrike+1","GravityBeat+1","DarkSpark+1"],"picked":"SKIP","floor":38}],"player_experience":241242,"relics_obtained":[{"floor":8,"key":"Smiling Mask"},{"floor":9,"key":"Toy Ornithopter"},{"floor":26,"key":"Molten Egg 2"}],"event_choices":[{"damage_healed":0,"gold_gain":0,"player_choice":"Grow","damage_taken":0,"max_hp_gain":0,"max_hp_loss":0,"event_name":"Living Wall","floor":2,"gold_loss":0,"cards_upgraded":["DC"]},{"damage_healed":0,"gold_gain":0,"player_choice":"Bought 0 Potions","damage_taken":0,"max_hp_gain":0,"max_hp_loss":0,"event_name":"The Woman in Blue","floor":3,"gold_loss":0},{"damage_healed":0,"gold_gain":0,"player_choice":"Agree","damage_taken":0,"max_hp_gain":0,"max_hp_loss":0,"event_name":"conspire:LoneGhost","floor":11,"gold_loss":0},{"damage_healed":0,"gold_gain":0,"player_choice":"Donut","damage_taken":0,"max_hp_gain":5,"max_hp_loss":0,"event_name":"Big Fish","floor":12,"gold_loss":0},{"damage_healed":0,"gold_gain":0,"player_choice":"Got Potions","damage_taken":0,"max_hp_gain":0,"max_hp_loss":0,"event_name":"Lab","floor":19,"gold_loss":0},{"damage_healed":0,"gold_gain":0,"player_choice":"Opened","damage_taken":0,"relics_obtained":["Bag of Marbles"],"max_hp_gain":0,"max_hp_loss":0,"event_name":"The Mausoleum","floor":24,"gold_loss":0},{"cards_removed":["conspire:GhostlyStrike"],"damage_healed":0,"gold_gain":0,"player_choice":"Purged","damage_taken":0,"max_hp_gain":0,"max_hp_loss":0,"event_name":"Purifier","floor":30,"gold_loss":0}],"is_beta":false,"boss_relics":[{"not_picked":["conspire:RunicOctahedron","Sozu"],"picked":"conspire:RoyalGoblet"},{"not_picked":["RampagingMagicTools","bronze:MakeshiftBattery"],"picked":"Snecko Eye"}],"items_purged_floors":[5,29,36],"is_endless":false,"potions_floor_spawned":[8,10,14,18,25,28,38],"killed_by":"Maw","ascension_level":0}}