{"host":"u1x0vw3sp85z3950","time":1610903830,"event":{"mods":["BaseMod","CapriCore","Minty Spire (QoL Compilation)","StSLib","The Forsaken","Yakumo Yukari mod"],"gold_per_floor":[133,133,133,60,60,60,86,86,86,99,134,154,165,165,165,269,269,282,282,282,298,102,102,119,119,119,153,153,168,14,40,40,145,145,156,171,171,446,456,488,498,512,512,543,543,141,156,176,176,176,176,176,51,80,80],"floor_reached":56,"language":"ZHS","playtime":2452,"items_purged":["Defend_purpleEX","Shallow_ocean_purpleEX","Defend_purpleEX+1"],"score":1530,"play_id":"77dcbcd7-0d3c-4134-820a-2387512471e4","local_time":"20210118011710","is_ascension_mode":false,"campfire_choices":[{"data":"Observe_purple_1","floor":6.0,"key":"SMITH"},{"data":"Observe_purple_2","floor":8.0,"key":"SMITH"},{"data":"WorldDissolvedintheRealm_purple","floor":15.0,"key":"SMITH"},{"data":"BarrageBoundary_PipeDream_purple","floor":23.0,"key":"SMITH"},{"data":"Fancifulhole_purple","floor":25.0,"key":"SMITH"},{"data":"RuptureOfTimeAndSpace_purple","floor":28.0,"key":"SMITH"},{"data":"Fantasy_PerpetualMotionMachine_purple","floor":32.0,"key":"SMITH"},{"data":"Monsters_DoubleDeathButterfly_purple","floor":45.0,"key":"SMITH"},{"floor":49,"key":"RECALL"},{"data":"Know_ledgeAbilityRealm_purple","floor":52,"key":"SMITH"}],"circlet_count":0,"master_deck":["Observe_purple_1+1","Observe_purple_2+1","AdvanceAttack_purple","WorldDissolvedintheRealm_purple+1","RuptureOfTimeAndSpace_purple+1","Mirror_FormAndEmptin_purple+1","Fantasy_PerpetualMotionMachine_purple+1","Know_ledgeAbilityRealm_purple+1","RuleDissolution_purple+1","CommonSense_AntiCommonSense_purple","Fancifulhole_purple+1","BarrageBoundary_PipeDream_purple+1","Erosivefilter_purple+1","Line_surface_state_purple+1","Line_surface_state_purple+1","DimensionStaggered_purple+1","Charmbait_purple+1","ProofOfUnderstanding_purple","OmniscientAndOmnipotent_Monster_purple","Boundary_DynamicStaticEquilibrium_purple+1","Monsters_DoubleDeathButterfly_purple+1","Line_surface_state_purple+1"],"relics":["Boundary_crack","Memoryfragments_purpleEX","NeowsBlessing","Incense Burner","Girya","Toxic Egg 2","Parasol_purpleEX","Regal Pillow","Empty Cage","Omamori","Bag of Preparation","War Paint","Cursed Key","ThegodofHakurei_purpleEX","Bottled Flame","Ancient Tea Set","PreservedInsect","DollysMirror","Letter Opener"],"acts_visited":["Exordium","TheCity","TheBeyond","TheEnding"],"potions_floor_usage":[55,55,55],"damage_taken":[{"damage":0.0,"enemies":"Jaw Worm","floor":1.0,"turns":1.0},{"damage":19.0,"enemies":"Lagavulin","floor":7.0,"turns":1.0},{"damage":0.0,"enemies":"2 Louse","floor":10.0,"turns":1.0},{"damage":22.0,"enemies":"Gremlin Nob","floor":11.0,"turns":4.0},{"damage":0.0,"enemies":"Small Slimes","floor":12.0,"turns":2.0},{"damage":0.0,"enemies":"3 Louse","floor":13.0,"turns":2.0},{"damage":0.0,"enemies":"Slime Boss","floor":16.0,"turns":3.0},{"damage":5.0,"enemies":"Chosen","floor":18.0,"turns":4.0},{"damage":0.0,"enemies":"Shell Parasite","floor":21.0,"turns":3.0},{"damage":0.0,"enemies":"Centurion and Healer","floor":24.0,"turns":4.0},{"damage":22.0,"enemies":"Book of Stabbing","floor":27.0,"turns":4.0},{"damage":10.0,"enemies":"Cultist and Chosen","floor":29.0,"turns":4.0},{"damage":13.0,"enemies":"Slavers","floor":31.0,"turns":3.0},{"damage":0.0,"enemies":"Champ","floor":33.0,"turns":6.0},{"damage":0.0,"enemies":"3 Darklings","floor":35.0,"turns":3.0},{"damage":0.0,"enemies":"Orb Walker","floor":36.0,"turns":2.0},{"damage":0.0,"enemies":"Maw","floor":39.0,"turns":4.0},{"damage":38.0,"enemies":"Nemesis","floor":40.0,"turns":7.0},{"damage":0.0,"enemies":"Jaw Worm Horde","floor":41.0,"turns":1.0},{"damage":0.0,"enemies":"Sphere and 2 Shapes","floor":42.0,"turns":1.0},{"damage":10.0,"enemies":"Reptomancer","floor":44.0,"turns":3.0},{"damage":0.0,"enemies":"3 Darklings","floor":47.0,"turns":3.0},{"damage":0,"enemies":"Writhing Mass","floor":48,"turns":3},{"damage":0,"enemies":"Donu and Deca","floor":50,"turns":4},{"damage":0,"enemies":"Shield and Spear","floor":54,"turns":3},{"damage":31,"enemies":"The Heart","floor":55,"turns":6}],"seed_played":"7459933525713479569","potions_obtained":[{"floor":1.0,"key":"GamblersBrew"},{"floor":7.0,"key":"LiquidBronze"},{"floor":10.0,"key":"Explosive Potion"},{"floor":16.0,"key":"Explosive Potion"},{"floor":24.0,"key":"AttackPotion"},{"floor":44.0,"key":"PowerPotion"},{"floor":48,"key":"DistilledChaos"}],"is_trial":false,"path_per_floor":["M","?","T","$","$","R","E","R","T","M","E","M","M","?","R","B",null,"M","?","?","M","$","R","M","R","T","E","R","M","$","E","R","B",null,"M","M","?","?","M","E","M","M","T","E","R","$","M","M","R","B",null,"R","$","E","B",null],"character_chosen":"Youkari","items_purchased":["WorldDissolvedintheRealm_purple","Erosivefilter_purple+1","Line_surface_state_purple+1","Bag of Preparation","PreservedInsect","DollysMirror"],"campfire_rested":0,"item_purchase_floors":[4,22,22,30,46,46],"current_hp_per_floor":[70,63,63,63,63,63,44,44,44,46,24,27,30,18,18,21,70,68,68,68,70,70,70,70,70,70,51,51,44,44,31,31,34,70,70,70,66,66,66,32,35,35,35,35,35,35,42,52,52,54,66,66,66,66,40],"gold":80,"neow_bonus":"THREE_ENEMY_KILL","is_daily":false,"chose_seed":false,"campfire_upgraded":9,"win_rate":0.0,"timestamp":1610903830,"path_taken":["M","?","?","?","$","R","E","R","T","M","E","M","M","?","R","BOSS","M","?","?","M","$","R","M","R","T","E","R","M","$","E","R","BOSS","M","M","?","?","M","E","M","?","T","E","R","$","M","M","R","BOSS","R","$","E","BOSS"],"items_purchased_type":["Card","Card","Card","Relic","Relic","Relic"],"build_version":"2020-12-22","purchased_purges":3,"victory":true,"max_hp_per_floor":[70,70,70,70,70,70,70,70,70,70,70,70,70,70,70,70,70,70,70,70,70,70,70,70,70,70,70,70,70,70,70,70,70,70,70,70,66,66,66,66,66,66,66,66,66,66,66,66,66,66,66,66,66,66,66],"card_choices":[{"not_picked":["Bait_HighSpeedFlying_purple","StretchesForeverDream_purple"],"picked":"AdvanceAttack_purple","floor":1.0},{"not_picked":["AdvanceAttack_purple","EighthInstrument_OneDividesIntoTwo_purple"],"picked":"RuptureOfTimeAndSpace_purple","floor":7.0},{"not_picked":["Charmbait_purple","MeetDecomposer_purple+1","ExistenceContinue_purple"],"picked":"SKIP","floor":10.0},{"not_picked":["Yakumo_Ran_purple+1","Fantasy_PerpetualMotionMachine_purple"],"picked":"Mirror_FormAndEmptin_purple+1","floor":11.0},{"not_picked":["StateErode_purple","EighthInstrument_OneDividesIntoTwo_purple"],"picked":"Shallow_ocean_purpleEX","floor":12.0},{"not_picked":["SharpContractionReality_purple","ExistenceContinue_purple"],"picked":"Fantasy_PerpetualMotionMachine_purple","floor":13.0},{"not_picked":["WangLiang_OokamiKakushi_purple","Computing_the_future_purpleEX"],"picked":"Know_ledgeAbilityRealm_purple","floor":16.0},{"not_picked":["Realm_recovery_purpleEX+1","SfantasyHide_purple+1"],"picked":"RuleDissolution_purple+1","floor":18.0},{"not_picked":["Charmbait_purple+1","PositiveMatter_Antimatter_Universe_purple+1"],"picked":"BarrageBoundary_PipeDream_purple","floor":21.0},{"not_picked":["PositiveMatter_Antimatter_Universe_purple+1","AdvanceAttack_purple+1"],"picked":"Line_surface_state_purple+1","floor":24.0},{"not_picked":["Realm_recovery_purpleEX+1","MetroBOOM_purple+1"],"picked":"DimensionStaggered_purple+1","floor":27.0},{"not_picked":["Bait_Toxicbait_purple+1","StateErode_purple","Realm_recovery_purpleEX+1"],"picked":"SKIP","floor":29.0},{"not_picked":["RuleDissolution_purple+1","RealityDreamConfluencek_purple+1"],"picked":"Charmbait_purple+1","floor":31.0},{"not_picked":["D_absorption_purple+1","WangLiang_OokamiKakushi_purple"],"picked":"ProofOfUnderstanding_purple","floor":33.0},{"not_picked":["Extrememeaning_purpleEX+1","Mirror_Drifter_purple","SharpContractionReality_purple+1"],"picked":"SKIP","floor":35.0},{"not_picked":["SfantasyHide_purple+1","Mirror_Drifter_purple+1"],"picked":"OmniscientAndOmnipotent_Monster_purple","floor":36.0},{"not_picked":["Umbrella_purple+1","MetroBOOM_purple+1","Realm_recovery_purpleEX+1"],"picked":"SKIP","floor":39.0},{"not_picked":["Boundary_LightAndDark_purple+1","MeetDecomposer_purple+1"],"picked":"Boundary_DynamicStaticEquilibrium_purple+1","floor":40.0},{"not_picked":["MNeedle_purple+1","RuptureOfTimeAndSpace_purple+1","DimensionStaggered_purple+1"],"picked":"SKIP","floor":41.0},{"not_picked":["Shallow_ocean_purpleEX+1","StateDuplicate_purple+1","SharpContractionReality_purple+1"],"picked":"SKIP","floor":42.0},{"not_picked":["EighthInstrument_OneDividesIntoTwo_purple","SfantasyHide_purple+1"],"picked":"Monsters_DoubleDeathButterfly_purple","floor":44.0},{"not_picked":["StateDuplicate_purple+1","StretchesForeverDream_purple+1","MeetDecomposer_purple+1"],"picked":"SKIP","floor":47.0},{"not_picked":["StretchesForeverDream_purple+1","Mirror_FourBoundary_purple+1","MeetDecomposer_purple+1"],"picked":"SKIP","floor":48},{"not_picked":["Mirror_WaveAndshot_purple+1","AdvanceAttack_purple","SfantasyHide_purple+1"],"picked":"SKIP","floor":54}],"player_experience":149415,"relics_obtained":[{"floor":3.0,"key":"Incense Burner"},{"floor":7.0,"key":"Girya"},{"floor":9.0,"key":"Toxic Egg 2"},{"floor":11.0,"key":"Parasol_purpleEX"},{"floor":27.0,"key":"Omamori"},{"floor":31.0,"key":"War Paint"},{"floor":40.0,"key":"ThegodofHakurei_purpleEX"},{"floor":43.0,"key":"Bottled Flame"},{"floor":44.0,"key":"Ancient Tea Set"},{"floor":54,"key":"Letter Opener"}],"event_choices":[{"cards_removed":["AT_purpleEX"],"damage_healed":0.0,"max_hp_gain":0.0,"max_hp_loss":0.0,"gold_gain":0.0,"event_name":"Golden Wing","player_choice":"Card Removal","floor":2.0,"gold_loss":0.0,"damage_taken":7.0},{"damage_healed":0.0,"max_hp_gain":0.0,"max_hp_loss":0.0,"gold_gain":0.0,"event_name":"Scrap Ooze","player_choice":"Success","floor":14.0,"gold_loss":0.0,"damage_taken":12.0,"relics_obtained":["Regal Pillow"]},{"damage_healed":0.0,"max_hp_gain":0.0,"max_hp_loss":0.0,"gold_gain":0.0,"cards_transformed":["Defend_purpleEX","AT_purpleEX"],"event_name":"Drug Dealer","player_choice":"Became Test Subject","floor":19.0,"gold_loss":0.0,"damage_taken":0.0,"cards_obtained":["CommonSense_AntiCommonSense_purple","Fancifulhole_purple"]},{"cards_removed":["AT_purpleEX"],"damage_healed":0.0,"max_hp_gain":0.0,"max_hp_loss":0.0,"gold_gain":0.0,"event_name":"Back to Basics","player_choice":"Elegance","floor":20.0,"gold_loss":0.0,"damage_taken":0.0},{"damage_healed":0.0,"max_hp_gain":0.0,"max_hp_loss":4.0,"gold_gain":0.0,"event_name":"Winding Halls","player_choice":"Max HP","floor":37.0,"gold_loss":0.0,"damage_taken":0.0},{"damage_healed":0.0,"max_hp_gain":0.0,"max_hp_loss":0.0,"gold_gain":275.0,"event_name":"Golden Shrine","player_choice":"Desecrate","floor":38.0,"gold_loss":0.0,"damage_taken":0.0,"cards_obtained":["Regret"]}],"is_beta":false,"boss_relics":[{"not_picked":["Busted Crown","SacredBark"],"picked":"Empty Cage"},{"not_picked":["Tiny House","Velvet Choker"],"picked":"Cursed Key"}],"items_purged_floors":[22,46,53],"is_endless":false,"potions_floor_spawned":[1,7,10,16,24,27,36,41,42,44,48],"ascension_level":0}}