{"host":"nnxvcju6x1qybncj","time":1610919193,"event":{"mods":["BaseMod","Displayed Cursed Tome","Downfall","Evolution","Jorbs\u0027s Wanderer Trilogy","Minty Spire (QoL Compilation)","Quick Restart","StSLib"],"gold_per_floor":[115,115,115,130,130,159,159,185,212,212,222,239,258,274,274,350,350,350,265,265,2,2,2,36,50,98,133,133,133],"floor_reached":28,"language":"ENG","playtime":936,"items_purged":["Strike_R+1"],"score":594,"play_id":"2a7aca21-7222-4246-814b-3a6bd6e5ce3f","local_time":"20210117223313","is_ascension_mode":true,"campfire_choices":[{"data":"Bash","floor":7.0,"key":"SMITH"},{"data":"Flame Barrier","floor":10.0,"key":"SMITH"},{"data":"True Grit","floor":15.0,"key":"SMITH"},{"data":"Heavy Blade","floor":23.0,"key":"SMITH"}],"circlet_count":0,"master_deck":["AscendersBane","Headbutt","Headbutt","Headbutt","Headbutt","Defend_R+1","Defend_R+1","Defend_R+1","Defend_R+1","Bash+1","Shrug It Off","Combust","Sword Boomerang","Flame Barrier+1","Blood for Blood","Limit Break","True Grit+1","Demon Form","Pommel Strike","Heavy Blade+1","Rage+1","Heavy Blade+1"],"relics":["Burning Blood","EVO:Axolotl","NeowsBlessing","Pen Nib","Ice Cream","Ancient Tea Set","bronze:MakeshiftBattery","Shovel","Tiny Chest","Juzu Bracelet","Nunchaku","Paper Frog"],"acts_visited":["Exordium","TheCity"],"potions_floor_usage":[],"damage_taken":[{"damage":0.0,"enemies":"Small Slimes","floor":1.0,"turns":1.0},{"damage":0.0,"enemies":"2 Louse","floor":4.0,"turns":1.0},{"damage":0.0,"enemies":"Lagavulin","floor":6.0,"turns":2.0},{"damage":25.0,"enemies":"3 Sentries","floor":8.0,"turns":7.0},{"damage":0.0,"enemies":"Jaw Worm","floor":11.0,"turns":1.0},{"damage":0.0,"enemies":"2 Fungi Beasts","floor":12.0,"turns":2.0},{"damage":0.0,"enemies":"3 Louse","floor":13.0,"turns":3.0},{"damage":2.0,"enemies":"Looter","floor":14.0,"turns":4.0},{"damage":15.0,"enemies":"Slime Boss","floor":16.0,"turns":6.0},{"damage":0.0,"enemies":"2 Thieves","floor":18.0,"turns":1.0},{"damage":46.0,"enemies":"Slavers","floor":24.0,"turns":5.0},{"damage":21.0,"enemies":"Spheric Guardian","floor":25.0,"turns":5.0},{"damage":24.0,"enemies":"Book of Stabbing","floor":27.0,"turns":4.0},{"damage":23,"enemies":"Snecko","floor":28,"turns":3}],"seed_played":"7076349534747299297","potions_obtained":[{"floor":4.0,"key":"ElixirPotion"},{"floor":12.0,"key":"Block Potion"},{"floor":13.0,"key":"ColorlessPotion"},{"floor":14.0,"key":"SmokeBomb"}],"is_trial":false,"path_per_floor":["M","?","?","M","?","E","R","E","T","R","M","M","M","M","R","B",null,"M","?","?","$","?","R","E","M","T","E","M"],"character_chosen":"IRONCLAD","items_purchased":["Pommel Strike","Tiny Chest"],"campfire_rested":0,"item_purchase_floors":[21,21],"current_hp_per_floor":[74,79,79,80,80,80,80,61,61,61,67,73,79,80,80,71,78,80,80,80,80,80,80,40,25,25,7,0,0],"gold":133,"neow_bonus":"THREE_ENEMY_KILL","is_daily":false,"chose_seed":false,"campfire_upgraded":4,"win_rate":0.0,"timestamp":1610919193,"path_taken":["M","?","?","M","?","E","R","E","T","R","M","M","M","M","R","BOSS","M","?","?","$","?","R","E","M","T","E","M"],"items_purchased_type":["Card","Relic"],"build_version":"2020-12-22","purchased_purges":1,"victory":false,"max_hp_per_floor":[75,80,80,80,80,80,80,80,80,80,80,80,80,80,80,80,80,80,80,80,80,80,80,80,80,80,80,80,80],"card_choices":[{"not_picked":["Cleave","Burning Pact"],"picked":"Shrug It Off","floor":1.0},{"not_picked":["Pommel Strike","Bloodletting"],"picked":"Combust","floor":4.0},{"not_picked":["Searing Blow","Warcry"],"picked":"Sword Boomerang","floor":6.0},{"not_picked":["Shrug It Off","Fire Breathing"],"picked":"Flame Barrier","floor":8.0},{"not_picked":["Thunderclap","Twin Strike"],"picked":"Blood for Blood","floor":11.0},{"not_picked":["Anger","Clash"],"picked":"Limit Break","floor":12.0},{"not_picked":["True Grit","Thunderclap","Iron Wave"],"picked":"SKIP","floor":13.0},{"not_picked":["Warcry","Pommel Strike"],"picked":"True Grit","floor":14.0},{"not_picked":["Double Tap","Reaper"],"picked":"Demon Form","floor":16.0},{"not_picked":["Headbutt","True Grit","Body Slam"],"picked":"SKIP","floor":24.0},{"not_picked":["Entrench","Dark Embrace+1"],"picked":"Rage+1","floor":25.0},{"not_picked":["Dark Embrace","Headbutt"],"picked":"Heavy Blade+1","floor":27.0}],"player_experience":686422,"relics_obtained":[{"floor":6.0,"key":"Pen Nib"},{"floor":8.0,"key":"Ice Cream"},{"floor":9.0,"key":"Ancient Tea Set"},{"floor":24.0,"key":"Juzu Bracelet"},{"floor":26.0,"key":"Nunchaku"},{"floor":27.0,"key":"Paper Frog"}],"event_choices":[{"damage_healed":0.0,"max_hp_gain":5.0,"max_hp_loss":0.0,"gold_gain":0.0,"event_name":"Big Fish","player_choice":"Donut","floor":2.0,"gold_loss":0.0,"damage_taken":0.0},{"damage_healed":0.0,"max_hp_gain":0.0,"max_hp_loss":0.0,"gold_gain":0.0,"event_name":"Liars Game","player_choice":"Ignored","floor":3.0,"gold_loss":0.0,"damage_taken":0.0},{"damage_healed":0.0,"max_hp_gain":0.0,"max_hp_loss":0.0,"gold_gain":0.0,"event_name":"Addict","player_choice":"Obtained Relic","floor":19.0,"gold_loss":85.0,"damage_taken":0.0,"relics_obtained":["Shovel"]},{"damage_healed":0.0,"max_hp_gain":0.0,"max_hp_loss":0.0,"gold_gain":0.0,"event_name":"Back to Basics","player_choice":"Simplicity","floor":20.0,"gold_loss":0.0,"damage_taken":0.0,"cards_upgraded":["Strike_R","Defend_R","Defend_R","Defend_R","Defend_R"]},{"damage_healed":0.0,"max_hp_gain":0.0,"max_hp_loss":0.0,"gold_gain":0.0,"event_name":"The Library","player_choice":"Read","floor":22.0,"gold_loss":0.0,"damage_taken":0.0,"cards_obtained":["Heavy Blade"]}],"is_beta":false,"boss_relics":[{"not_picked":["SlaversCollar","Runic Dome"],"picked":"bronze:MakeshiftBattery"}],"items_purged_floors":[21],"is_endless":false,"potions_floor_spawned":[4,12,13,14,18],"killed_by":"Snecko","ascension_level":16}}