{"host":"0bqebwv4xgw84x98","time":1610872024,"event":{"mods":["2.2 Compatiblity","Act Like it!","Aspiration","BaseMod","Conspire","Gold Saver","Googly Eyes","GungeonMod","Minty Spire (QoL Compilation)","Pale of the Ancients","Quick Restart","Rare Cards Sparkle","Relic Stats","Replay The Spire","Shop Mod","StSLib","Synergy Search","TestMod","The IronCluck","[IsaacMod]ÒÔÈö¼âËþ","thorton","óô»ðÖ¸ÄÏ"],"gold_per_floor":[229,229,260,307,323,323,352,352,377,393,418,418,418,431,431,535,535,549,565,575,29,41,68,68,98,123,139,139,154,154,167,167,269,269,283,283,297,297,297,308,319,351,351,369,369,399,51,51,51,51,51],"floor_reached":50,"language":"ZHS","playtime":1604,"items_purged":[],"score":777,"play_id":"a75a9363-def9-4523-b61a-72e3f2586d8c","local_time":"20210117162704","is_ascension_mode":false,"campfire_choices":[{"data":"Zap","floor":8.0,"key":"SMITH"},{"data":"Multi-Cast","floor":13.0,"key":"SMITH"},{"data":"Chill","floor":15.0,"key":"SMITH"},{"data":"Glacier","floor":24.0,"key":"SMITH"},{"data":"Ball Lightning","floor":30.0,"key":"SMITH"},{"data":"Cold Snap","floor":32.0,"key":"SMITH"},{"data":"1","floor":45.0,"key":"LIFT"},{"data":"2","floor":49,"key":"LIFT"}],"circlet_count":0,"master_deck":["Strike_B","Zap+1","Dualcast","Chill+1","Multi-Cast+1","Turbo","Ball Lightning+1","Reboot+1","Turbo","Glacier+1","Storm+1","testmod-BackupPower","aspiration:Lunge","Buffer+1","Hello World+1","Hello World+1","Static Discharge+1","Dark Shackles","Cold Snap+1","Ball Lightning+1","Meteor Strike","Pommel Strike+1","Ball Lightning","Whirlwind+1","Biased Cognition+1"],"relics":["Cracked Core","testmod-TestBox","HushsDoor","testmod-Temperance","Chaos","NeowsBlessing","Frozen Egg 2","Thread and Needle","aspiration:EnhancedActuators","GnawedLeaf","HowToJump","PrismaticShard","Boot","JudasShadow","conspire:DeflatedDodgeball","aspiration:FutureDiary","White Beast Statue","PillsDrop","Mummified Hand","DemoMod:GreenGuonStone","aspiration:RitualDagger","aspiration:RunicSpoon","Ring of Chaos","Ring of Misfortune","DemoMod:GlassGuonStoneRelic","ReplayTheSpireMod:TigerMarble","Girya","testmod-CardMagician","SteamSale","Quantum Egg"],"acts_visited":["Exordium","TheCity","TheBeyond"],"potions_floor_usage":[50],"damage_taken":[{"damage":0.0,"enemies":"2 Louse","floor":1.0,"turns":1.0},{"damage":0.0,"enemies":"conspire:MimicChest","floor":3.0,"turns":1.0},{"damage":0.0,"enemies":"Jaw Worm","floor":5.0,"turns":1.0},{"damage":0.0,"enemies":"Lagavulin","floor":7.0,"turns":6.0},{"damage":0.0,"enemies":"Small Slimes","floor":10.0,"turns":2.0},{"damage":2.0,"enemies":"Gremlin Nob","floor":11.0,"turns":4.0},{"damage":0.0,"enemies":"Exordium Thugs","floor":14.0,"turns":4.0},{"damage":19.0,"enemies":"Slime Boss","floor":16.0,"turns":13.0},{"damage":3.0,"enemies":"Chosen","floor":18.0,"turns":5.0},{"damage":0.0,"enemies":"Shell Parasite","floor":19.0,"turns":4.0},{"damage":3.0,"enemies":"Centurion and Healer","floor":20.0,"turns":6.0},{"damage":0.0,"enemies":"Snake Plant","floor":22.0,"turns":2.0},{"damage":0.0,"enemies":"Replay:Snechameleon","floor":23.0,"turns":3.0},{"damage":0.0,"enemies":"Gremlin Leader","floor":25.0,"turns":5.0},{"damage":0.0,"enemies":"Shelled Parasite and Fungi","floor":27.0,"turns":3.0},{"damage":0.0,"enemies":"Centurion and Healer","floor":29.0,"turns":2.0},{"damage":0.0,"enemies":"Snecko","floor":31.0,"turns":2.0},{"damage":0.0,"enemies":"Automaton","floor":33.0,"turns":4.0},{"damage":0.0,"enemies":"Orb Walker","floor":35.0,"turns":2.0},{"damage":0.0,"enemies":"3 Shapes","floor":37.0,"turns":2.0},{"damage":22.0,"enemies":"Transient","floor":40.0,"turns":5.0},{"damage":6.0,"enemies":"3 Darklings","floor":41.0,"turns":2.0},{"damage":9.0,"enemies":"R_Hoarder","floor":42.0,"turns":4.0},{"damage":3.0,"enemies":"Jaw Worm Horde","floor":44.0,"turns":1.0},{"damage":6.0,"enemies":"Nemesis","floor":46.0,"turns":4.0},{"damage":9,"enemies":"Awakened One","floor":50,"turns":3}],"seed_played":"2924282026564964990","potions_obtained":[{"floor":1.0,"key":"SpeedPotion"},{"floor":3.0,"key":"Block Potion"},{"floor":4.0,"key":"FearPotion"},{"floor":14.0,"key":"Elixir"},{"floor":16.0,"key":"FearPotion"},{"floor":20.0,"key":"FearPotion"},{"floor":22.0,"key":"Block Potion"},{"floor":29.0,"key":"FocusPotion"},{"floor":35.0,"key":"Fruit Juice"},{"floor":37.0,"key":"Elixir"},{"floor":46.0,"key":"LifebloodPotion"}],"is_trial":false,"path_per_floor":["M","?","?","?","M","?","E","R","T","M","E","?","R","M","R","B",null,"M","M","M","$","M","E","R","E","T","M","$","M","R","M","R","B",null,"M","?","M","?","?","M","M","E","T","M","R","E","$","?","R","B"],"character_chosen":"DEFECT","items_purchased":["Damocles","Buffer+1","White Beast Statue","PillsDrop","Hello World+1","SteamSale","Quantum Egg","Biased Cognition+1"],"campfire_rested":0,"item_purchase_floors":[17,17,21,21,21,47,47,47],"current_hp_per_floor":[75,75,75,75,75,75,75,75,75,75,73,58,58,58,58,39,61,58,58,1,1,1,1,1,4,4,4,4,4,4,4,4,4,4,9,9,9,9,9,3,6,9,9,9,9,4,4,3,3,0,0],"gold":51,"neow_bonus":"THREE_ENEMY_KILL","is_daily":false,"chose_seed":false,"campfire_upgraded":6,"win_rate":0.0,"timestamp":1610872024,"path_taken":["M","?","?","?","?","?","E","R","T","M","E","?","R","M","R","BOSS","M","M","M","$","M","E","R","E","T","M","$","M","R","M","R","BOSS","M","?","M","?","?","M","M","E","T","?","R","E","$","?","R","BOSS"],"items_purchased_type":["Relic","Card","Relic","Relic","Card","Relic","Relic","Card"],"build_version":"2020-12-22","purchased_purges":0,"victory":false,"max_hp_per_floor":[75,75,75,75,75,75,75,75,75,75,75,75,75,75,75,75,61,61,61,1,1,1,1,1,4,4,4,4,4,4,4,4,4,4,9,9,9,9,9,9,9,9,9,9,9,4,4,3,3,3,3],"relic_stats":{"counters":[26,90],"Mummified Hand":[50],"aspiration:RunicSpoon":[39],"Boot":[20],"obtain_stats":[{"Chaos":0,"DemoMod:GreenGuonStone":25,"Damocles":17,"testmod-Temperance":0,"GnawedLeaf":7,"DemoMod:GlassGuonStoneRelic":1,"PrismaticShard":11,"Boot":12,"aspiration:EnhancedActuators":4,"Mummified Hand":23,"PillsDrop":21,"aspiration:FutureDiary":19,"Cracked Core":0,"KeepersGift":0,"Girya":43,"testmod-TestBox":0,"NeowsBlessing":0,"HowToJump":9,"JudasShadow":17,"aspiration:RunicSpoon":34,"Quantum Egg":47,"Thread and Needle":3,"testmod-CardMagician":46,"Ring of Chaos":36,"Frozen Egg 2":2,"SteamSale":47,"White Beast Statue":21,"Ring of Misfortune":36,"ReplayTheSpireMod:TigerMarble":42,"aspiration:RitualDagger":26,"conspire:DeflatedDodgeball":18,"HushsDoor":0},{"Chaos":0,"DemoMod:GreenGuonStone":14,"Damocles":8,"testmod-Temperance":0,"GnawedLeaf":4,"DemoMod:GlassGuonStoneRelic":1,"PrismaticShard":6,"Boot":6,"aspiration:EnhancedActuators":2,"Mummified Hand":13,"PillsDrop":11,"aspiration:FutureDiary":10,"Cracked Core":0,"KeepersGift":0,"Girya":23,"testmod-TestBox":0,"NeowsBlessing":0,"HowToJump":4,"JudasShadow":8,"aspiration:RunicSpoon":18,"Quantum Egg":25,"Thread and Needle":2,"testmod-CardMagician":25,"Ring of Chaos":19,"Frozen Egg 2":1,"SteamSale":25,"White Beast Statue":11,"Ring of Misfortune":19,"ReplayTheSpireMod:TigerMarble":23,"aspiration:RitualDagger":14,"conspire:DeflatedDodgeball":9,"HushsDoor":0},{"Chaos":0,"DemoMod:GreenGuonStone":57,"Damocles":32,"testmod-Temperance":0,"GnawedLeaf":9,"DemoMod:GlassGuonStoneRelic":1,"PrismaticShard":15,"Boot":15,"aspiration:EnhancedActuators":2,"Mummified Hand":52,"PillsDrop":47,"aspiration:FutureDiary":41,"Cracked Core":0,"KeepersGift":0,"Girya":83,"testmod-TestBox":0,"NeowsBlessing":0,"HowToJump":9,"JudasShadow":32,"aspiration:RunicSpoon":68,"Quantum Egg":88,"Thread and Needle":2,"testmod-CardMagician":88,"Ring of Chaos":70,"Frozen Egg 2":1,"SteamSale":88,"White Beast Statue":47,"Ring of Misfortune":70,"ReplayTheSpireMod:TigerMarble":83,"aspiration:RitualDagger":57,"conspire:DeflatedDodgeball":37,"HushsDoor":0}]},"card_choices":[{"not_picked":["Compile Driver","Go for the Eyes"],"picked":"Chill","floor":1.0},{"not_picked":["Streamline","Barrage"],"picked":"Multi-Cast","floor":3.0},{"not_picked":["Steam","Steam Power"],"picked":"Turbo","floor":4.0},{"not_picked":["Cancel","Stack"],"picked":"Ball Lightning","floor":5.0},{"not_picked":["Rebound","Beam Cell"],"picked":"Turbo","floor":7.0},{"not_picked":["Rebound","Beam Cell"],"picked":"Glacier","floor":10.0},{"not_picked":["Streamline","Lockon"],"picked":"Storm+1","floor":11.0},{"not_picked":["Double Tap","Defy Death"],"picked":"testmod-BackupPower","floor":14.0},{"not_picked":["testmod-PowerStrike","ReplayUltimateDefense+1"],"picked":"aspiration:Lunge","floor":16.0},{"not_picked":["DemoMod:BoxingGlove","FlyingSleeves+1","Reprogram"],"picked":"SKIP","floor":18.0},{"not_picked":["FlurryOfBlows","thethorton:CashBash","Replay:AtTheReady+1"],"picked":"SKIP","floor":19.0},{"not_picked":["Catalyst","Compile Driver","DemoMod:CombinedRifle"],"picked":"SKIP","floor":20.0},{"not_picked":["thethorton:WhirlingBriefcase","PathToVictory+1","Blood for Blood"],"picked":"SKIP","floor":22.0},{"not_picked":["Compile Driver","Anger+1"],"picked":"Static Discharge+1","floor":23.0},{"not_picked":["DemoMod:CombinedRifle+1","Madness","Hidden Blade+1"],"picked":"SKIP","floor":25.0},{"not_picked":["Adaptation+1","Dagger Spray"],"picked":"Dark Shackles","floor":27.0},{"not_picked":["Midas Touch","Havoc"],"picked":"Cold Snap","floor":29.0},{"not_picked":["ReplayTheSpireMod:Muscle Training","Sunder"],"picked":"Ball Lightning+1","floor":31.0},{"not_picked":["Grand Finale","Poison Darts"],"picked":"Meteor Strike","floor":33.0},{"not_picked":["DemoMod:JK47+1","Endless Agony"],"picked":"Pommel Strike+1","floor":35.0},{"not_picked":["Halt","ReplayReversal"],"picked":"Ball Lightning","floor":37.0},{"not_picked":["Sword Boomerang","thethorton:StumblingSlap","JustLucky+1"],"picked":"SKIP","floor":40.0},{"not_picked":["DemoMod:AC15+1","DemoMod:GunslingerForm+1","thethorton:BusinessBash+1"],"picked":"SKIP","floor":41.0},{"not_picked":["Dodge and Roll","Expertise","Consecrate+1"],"picked":"SKIP","floor":42.0},{"not_picked":["DemoMod:BoxingGlove+1","Wallop"],"picked":"Whirlwind+1","floor":44.0},{"not_picked":["Compile Driver+1","CrushJoints","SandsOfTime+1"],"picked":"SKIP","floor":46.0}],"player_experience":903840,"relics_obtained":[{"floor":3.0,"key":"Thread and Needle"},{"floor":4.0,"key":"aspiration:EnhancedActuators"},{"floor":7.0,"key":"GnawedLeaf"},{"floor":9.0,"key":"HowToJump"},{"floor":11.0,"key":"PrismaticShard"},{"floor":18.0,"key":"conspire:DeflatedDodgeball"},{"floor":19.0,"key":"aspiration:FutureDiary"},{"floor":23.0,"key":"Mummified Hand"},{"floor":25.0,"key":"DemoMod:GreenGuonStone"},{"floor":26.0,"key":"aspiration:RitualDagger"},{"floor":36.0,"key":"Ring of Chaos"},{"floor":36.0,"key":"Ring of Misfortune"},{"floor":42.0,"key":"ReplayTheSpireMod:TigerMarble"},{"floor":43.0,"key":"Girya"},{"floor":46.0,"key":"testmod-CardMagician"}],"event_choices":[{"damage_healed":0.0,"max_hp_gain":0.0,"max_hp_loss":0.0,"gold_gain":0.0,"event_name":"conspire:Investor","player_choice":"Leave","floor":38.0,"gold_loss":0.0,"damage_taken":0.0},{"damage_healed":0.0,"max_hp_gain":0.0,"max_hp_loss":0.0,"gold_gain":0.0,"event_name":"Wheel of Change","player_choice":"Damaged","floor":39.0,"gold_loss":0.0,"damage_taken":0.0},{"damage_healed":0,"gold_gain":0,"player_choice":"Max HP","damage_taken":0,"max_hp_gain":0,"max_hp_loss":0,"event_name":"Winding Halls","floor":48,"gold_loss":0}],"is_beta":false,"boss_relics":[{"not_picked":["aspiration:StickyExplosives_weak","conspire:TopHat"],"picked":"JudasShadow"},{"not_picked":[]},{"not_picked":["testmod-BouquetWithThorns","Brimstone"],"picked":"aspiration:RunicSpoon"},{"not_picked":[]}],"items_purged_floors":[],"is_endless":false,"potions_floor_spawned":[1,3,14,16,20,22,23,25,27,29,31,33,35,37,40,41,42,44,46],"killed_by":"Awakened One","ascension_level":0}}