{"host":"qzpuxnheibnu7155","time":1610884044,"event":{"mods":["Act Like it!","BaseMod","Displayed Cursed Tome","Minty Spire (QoL Compilation)","MostiFishMod","Pale of the Ancients","Remilia（蕾米莉亚）","RumiaBox-露米娅的神秘盒子","StSLib","TestMod","Waifu the Spire","【功能Mod】Neow奖励","【遗物卡牌】REMEMod","没有小屋子和绿帽子啦"],"gold_per_floor":[119,119,331,367,367,347,365,390,390,405,405,416,449,468,468,594,594,607,145,171,180,180,180,219,219,219,257,283,310,348,373,373,509,779,802,827,827,373,400,400,434,446,458,470,482,513,525,422,422,413,413,434,455,280,280,280,254,254,57,57,57],"floor_reached":62,"language":"ZHS","playtime":3057,"items_purged":["Strike_RM","CharismaGuard","ChainGang","ScarletNetherworld+1"],"score":4141,"play_id":"25b1b3df-4777-46cc-8110-bb25b45fe546","local_time":"20210117194724","is_ascension_mode":true,"campfire_choices":[{"floor":15,"key":"RECALL"},{"data":"EquivalentExchange","floor":23,"key":"SMITH"},{"data":"QueenOfMidnight","floor":25,"key":"SMITH"},{"data":"MastersStateliness","floor":32,"key":"SMITH"},{"data":"EquivalentExchange","floor":40,"key":"SMITH"},{"data":"QueenOfMidnight","floor":42,"key":"SMITH"},{"data":"MastersStateliness","floor":45,"key":"SMITH"},{"data":"BlasphemousPunishment","floor":47,"key":"SMITH"},{"data":"CeilingFear","floor":49,"key":"SMITH"},{"data":"UnderTheZenith","floor":56,"key":"SMITH"},{"data":"DiffusionOfMisfortune","floor":58,"key":"SMITH"}],"circlet_count":0,"master_deck":["CeilingFear+1","EndlessAdversity+1","BloodyHallows+1","VampireSweep","MillenniumVampire","Ultimatum","DiffusionOfMisfortune+1","Ultimatum+1","NightDance","QueenOfMidnight+1","VampireSweep+1","EquivalentExchange+1","DiffusionOfMisfortune+1","ForbiddenFruit","EmergencyRegeneration+1","ChaoticDestiny","VampirishNight","BlasphemousPunishment+1","VampireClaw","TransientEternity","ForecastOfChange","ChaoticDestiny+1","BloodyTrap","KillingBlow","Stigmanizer","VampirishNight+1","GlobalNightmare+1","UltimateOffering+1","MastersStateliness+1","TransientEternity+1","BloodyCatastrophe+1","DiffusionOfMisfortune+1","UnderTheZenith+1","BlasphemousPunishment+1","RedRainbow+1","ScarletDevil","MastersStateliness","TransientEternity"],"relics":["ScarletHat","DaveBox","testmod-TestBox","REME_ComplimentaryCards","testmod-AscensionHeart","DianDianMeat","SynthV:TestCard","MagicDraw1","ThornShield","GodSword6","testmod-BouquetWithThorns","Tiny Chest","RhineSuit","CeramicFish","GodSword6","Bag of Marbles","testmod-Alchemist","Baka2","MagicDraw2","HornCleat","PreservedInsect","MoreBug","FixedStarFall","Civilization","Bag of Preparation","Strawberry","MawBank","testmod-Fortitude","GodSword7","paleoftheancients:Timepiece","paleoftheancients:KeyRelic","paleoftheancients:SoulOfTheIroncluck","Mercury Hourglass","DollysMirror"],"acts_visited":["TheCity","TheBeyond","paleoftheancients:PaleOfTheAncients"],"potions_floor_usage":[8,13,14,61,61],"damage_taken":[{"damage":0.0,"enemies":"Small Slimes","floor":1.0,"turns":4.0},{"damage":0.0,"enemies":"Cultist","floor":3.0,"turns":4.0},{"damage":0.0,"enemies":"2 Louse","floor":4.0,"turns":3.0},{"damage":3.0,"enemies":"Lagavulin","floor":6.0,"turns":8.0},{"damage":3.0,"enemies":"Looter","floor":7.0,"turns":3.0},{"damage":3,"enemies":"3 Sentries","floor":8,"turns":12},{"damage":0,"enemies":"3 Louse","floor":10,"turns":4},{"damage":0,"enemies":"Gremlin Gang","floor":12,"turns":3},{"damage":0,"enemies":"Gremlin Nob","floor":13,"turns":3},{"damage":0,"enemies":"Blue Slaver","floor":14,"turns":2},{"damage":0,"enemies":"Hexaghost","floor":16,"turns":5},{"damage":4,"enemies":"Chosen","floor":18,"turns":3},{"damage":86,"enemies":"Spheric Guardian","floor":20,"turns":1},{"damage":19,"enemies":"Snake Plant","floor":24,"turns":3},{"damage":7,"enemies":"Slavers","floor":27,"turns":2},{"damage":0,"enemies":"Centurion and Healer","floor":28,"turns":1},{"damage":20,"enemies":"Gremlin Leader","floor":30,"turns":1},{"damage":0,"enemies":"3 Cultists","floor":31,"turns":2},{"damage":20,"enemies":"Automaton","floor":33,"turns":1},{"damage":2,"enemies":"3 Darklings","floor":35,"turns":2},{"damage":5,"enemies":"3 Shapes","floor":36,"turns":2},{"damage":910,"enemies":"Transient","floor":39,"turns":5},{"damage":947,"enemies":"Reptomancer","floor":41,"turns":1},{"damage":10,"enemies":"Maw","floor":46,"turns":1},{"damage":0,"enemies":"Time Eater","floor":50,"turns":1},{"damage":0,"enemies":"Donu and Deca","floor":51,"turns":2},{"damage":1118,"enemies":"Donu and Deca","floor":52,"turns":1},{"damage":13,"enemies":"Donu and Deca","floor":53,"turns":2},{"damage":5,"enemies":"Donu and Deca","floor":57,"turns":1},{"damage":1362,"enemies":"paleoftheancients:N","floor":61,"turns":2}],"seed_played":"-1267208034799338948","potions_obtained":[{"floor":4.0,"key":"testmod-TestPotion"},{"floor":6.0,"key":"DuplicationPotion"},{"floor":10,"key":"DistilledChaos"},{"floor":12,"key":"LiquidBronze"},{"floor":14,"key":"testmod-SpacePotion"},{"floor":16,"key":"GamblersBrew"},{"floor":18,"key":"testmod-TimePotion"},{"floor":24,"key":"DistilledChaos"},{"floor":27,"key":"LiquidMemories"},{"floor":36,"key":"testmod-TestPotion"},{"floor":39,"key":"EntropicBrew"},{"floor":46,"key":"Block Potion"}],"is_trial":false,"path_per_floor":["M","?","M","M","?","E","M","E","T","M","?","M","E","M","R","B",null,"M","$","M","?","?","R","M","R","T","E","M","T","E","M","R","B",null,"M","M","?","$","M","R","E","R","T","T","R","M","R","$","R","B","B","M","M","$","T","R","M","R","$","?","B",null],"character_chosen":"REMILIA","items_purchased":["CeramicFish","DiffusionOfMisfortune","ForecastOfChange","testmod-Mystery","Civilization","Bag of Preparation","UltimateOffering","BlasphemousPunishment","DollysMirror","MastersStateliness","AttackPotion"],"campfire_rested":0,"item_purchase_floors":[19,19,19,19,38,38,38,54,59,59,59],"current_hp_per_floor":[67,70,75,81,68,86,93,105,105,115,120,131,143,155,155,148,179,199,247,258,277,277,277,293,293,293,316,339,339,364,390,390,421,1643,1701,1755,1755,1813,1883,1883,1941,1941,1941,1941,1941,1998,1998,1998,1998,2008,2236,2303,2371,2435,2435,2435,2571,2571,2706,2706,2716],"gold":57,"neow_bonus":"RANDOM_COLORLESS","is_daily":false,"chose_seed":false,"campfire_upgraded":10,"win_rate":0.0,"timestamp":1610884044,"path_taken":["M","?","M","?","?","E","M","E","T","M","?","M","E","M","R","BOSS","M","$","M","?","?","R","M","R","T","E","?","?","E","M","R","BOSS","M","M","?","$","M","R","E","R","T","?","R","M","R","$","R","BOSS","BOSS","M","M","?","T","R","M","R","$","?","BOSS"],"items_purchased_type":["Relic","Card","Card","Card","Relic","Relic","Card","Card","Relic","Card","Potion"],"build_version":"2020-12-22","purchased_purges":4,"victory":true,"max_hp_per_floor":[73,76,80,85,85,91,98,107,107,116,121,131,143,155,155,189,189,203,251,269,288,288,288,308,308,308,330,352,352,376,400,400,430,1645,1701,1758,1758,1816,1883,1883,1946,1946,1946,1946,1946,2010,2010,2010,2010,2019,2236,2303,2371,2435,2435,2435,2571,2571,2706,2706,2716],"card_choices":[{"not_picked":["testmod-TemporaryDeletion","PanicButton"],"picked":"Deep Breath","floor":0.0},{"not_picked":["BombardNight","EndlessAdversity"],"picked":"ScarletDevil","floor":1.0},{"not_picked":["UnstableMagic","BombardNight","SuperhumanBloodyKnife","Stigmanizer"],"picked":"FavorOfDestiny","floor":3.0},{"not_picked":["ScarletImprint","CharismaGuard","UnstableMagic","MillenniumVampire"],"picked":"TransientEternity","floor":4.0},{"not_picked":["CeilingFear","TricksterDevil","DemonKingCradle","HellCatastrophe"],"picked":"ScarletCoffin","floor":6.0},{"not_picked":["NightDance","Stigmanizer","RedNightlessCastle","MillenniumVampire"],"picked":"DiffusionOfMisfortune","floor":7.0},{"not_picked":["DemonKingCradle","DemonKingCradle","CeilingFear","CeilingFear"],"picked":"EquivalentExchange","floor":8},{"not_picked":["FavorOfDestiny","BombardNight","UnstableMagic","Ultimatum"],"picked":"BloodyCatastrophe","floor":10},{"not_picked":["RedNightlessCastle","Stigmanizer","UnderTheZenith","BadLadyScramble"],"picked":"ScarletSymphony","floor":12},{"not_picked":["EquivalentExchange","BatForm","TricksterDevil","EquivalentExchange"],"picked":"QueenOfMidnight","floor":13},{"not_picked":["ScarletImprint","HunterOfTheNight","UnderTheZenith","VampireKiss"],"picked":"MastersStateliness","floor":14},{"not_picked":["HellCatastrophe","BloodRain","BloodyCatastrophe","HeartBreak"],"picked":"ScarletMeister","floor":16},{"not_picked":["NightDance","ScarletNetherworld","FavorOfDestiny","VampireKiss"],"picked":"UnderTheZenith","floor":18},{"not_picked":["VampireKiss","DiffusionOfMisfortune","DemonKingCradle","Stigmanizer"],"picked":"BlasphemousPunishment+1","floor":20},{"not_picked":["VampireKiss","Ultimatum","FavorOfDestiny","ChainGang+1"],"picked":"BlasphemousPunishment","floor":24},{"not_picked":["HellCatastrophe","TransientEternity","HellCatastrophe","TricksterDevil"],"picked":"TransientEternity","floor":27},{"not_picked":["HunterOfTheNight","EmergencyRegeneration","FavorOfDestiny","RedRainbow"],"picked":"BlasphemousPunishment","floor":28},{"not_picked":["HeartBreak","ScarletMeister","QueenOfMidnight","CurseOfVladTepes"],"picked":"TransientEternity","floor":30},{"not_picked":["CharismaGuard","RedMagic","EndlessAdversity","FavorOfDestiny"],"picked":"UltimateOffering","floor":31},{"not_picked":["TricksterDevil","ScarletCoffin","CeilingFear","BloodRain"],"picked":"BatForm","floor":33},{"not_picked":["EndlessAdversity","VampireKiss","RedMagic+1","LeisurelyOfLord"],"picked":"VampirishNight+1","floor":35},{"not_picked":["FavorOfDestiny","EternalNight","BloodHunter+1","Stigmanizer"],"picked":"GlobalNightmare+1","floor":36},{"not_picked":["VampireClaw","DiffusionOfMisfortune","BombardNight","SuperhumanBloodyKnife+1"],"picked":"MastersStateliness","floor":39},{"not_picked":["BatForm","HellCatastrophe","ScarletMeister","BloodyCatastrophe"],"picked":"TransientEternity","floor":41},{"not_picked":["LeisurelyOfLord","ScarletImprint","FavorOfDestiny+1","ReincarnationDial"],"picked":"BloodyCatastrophe","floor":46},{"not_picked":["StarOfDavid","MiserableFate","DevilSight","SuperhumanBloodyKnife"],"picked":"DiffusionOfMisfortune+1","floor":52},{"not_picked":["BloodyTrap+1","BombardNight","FitfulNightmare","ChainGang"],"picked":"UnderTheZenith","floor":53},{"not_picked":["NightLord+1","UnstableMagic","CeilingFear","ScarletSymphony+1"],"picked":"RedRainbow+1","floor":57},{"not_picked":["MiserableFate","StarOfDavid","CharismaGuard+1","ScarletDevilSign"],"picked":"ScarletDevil","floor":57}],"player_experience":573919,"relics_obtained":[{"floor":1.0,"key":"SynthV:TestCard"},{"floor":1.0,"key":"Baka"},{"floor":6.0,"key":"MagicDraw1"},{"floor":7.0,"key":"ThornShield"},{"floor":8,"key":"GodSword6"},{"floor":8,"key":"testmod-BouquetWithThorns"},{"floor":13,"key":"Tiny Chest"},{"floor":24,"key":"Bag of Marbles"},{"floor":24,"key":"testmod-Alchemist"},{"floor":24,"key":"Baka2"},{"floor":26,"key":"MagicDraw2"},{"floor":27,"key":"HornCleat"},{"floor":29,"key":"PreservedInsect"},{"floor":30,"key":"MoreBug"},{"floor":39,"key":"Strawberry"},{"floor":41,"key":"MawBank"},{"floor":43,"key":"testmod-Fortitude"},{"floor":44,"key":"GodSword7"},{"floor":52,"key":"paleoftheancients:SoulOfTheIroncluck"},{"floor":55,"key":"Mercury Hourglass"}],"event_choices":[{"damage_healed":0.0,"max_hp_gain":0.0,"max_hp_loss":0.0,"gold_gain":0.0,"cards_transformed":["Defend_RM"],"event_name":"Transmorgrifier","player_choice":"Transformed","floor":2.0,"gold_loss":0.0,"damage_taken":0.0,"cards_obtained":["VampireClaw"]},{"damage_healed":0.0,"max_hp_gain":0.0,"max_hp_loss":0.0,"gold_gain":0.0,"event_name":"Shining Light","player_choice":"Entered Light","floor":5.0,"gold_loss":0.0,"damage_taken":26.0,"cards_upgraded":["FavorOfDestiny","Defend_RM"]},{"damage_healed":0,"gold_gain":0,"player_choice":"Donut","damage_taken":0,"max_hp_gain":5,"max_hp_loss":0,"event_name":"Big Fish","floor":11,"gold_loss":0},{"damage_healed":0,"gold_gain":0,"player_choice":"Gave Potion","damage_taken":0,"relics_obtained":["GodSword6"],"max_hp_gain":0,"max_hp_loss":0,"event_name":"WeMeetAgain","floor":22,"gold_loss":0},{"damage_healed":0,"gold_gain":0,"player_choice":"Swap Relic","damage_taken":0,"relics_obtained":["Empty Cage"],"max_hp_gain":0,"max_hp_loss":0,"event_name":"给自己的盒子","floor":37,"relics_lost":["Empty Cage"],"gold_loss":0}],"is_beta":false,"boss_relics":[{"not_picked":["MostiFishMod:Hod","testmod-Prudence"],"picked":"RhineSuit"},{"not_picked":["FrostBlade","ChiXiaoBlade"],"picked":"FixedStarFall"}],"items_purged_floors":[19,38,48,54],"is_endless":false,"potions_floor_spawned":[4,6,10,12,13,14,16,20,27,28,30,31,35,36,39,46,52],"ascension_level":20}}