{"host":"cdcsem0stf6rethc","time":1610868258,"event":{"mods":["AchievementEnabler","BaseMod","Colored Map","Highlight Path","Minty Spire (QoL Compilation)","StSLib","The Animator"],"gold_per_floor":[109,109,109,34,34,34,45,45,45,57,57,57,91,91,91,201,201,221,121,138,138,13,13,345,345,345,361,461,461,478,498,498,598,598,614,664,674,674,685,685,697,697,697,710,741,761,790,790,790,790],"floor_reached":51,"language":"ENG","playtime":1958,"items_purged":["animator:Strike","animator:Defend","animator:YoshinoHimekawa"],"score":823,"play_id":"39f4747e-168b-4d08-8b32-4ade2bb18d69","local_time":"20210117152418","is_ascension_mode":false,"campfire_choices":[{"data":"animator:YamaiSisters","floor":6,"key":"SMITH"},{"data":"animator:YamaiSisters+1","floor":8,"key":"SMITH"},{"data":"animator:YamaiSisters+2","floor":12,"key":"SMITH"},{"floor":15,"key":"REST"},{"data":"animator:KurumiTokisaki","floor":23,"key":"SMITH"},{"data":"animator:YamaiSisters+3","floor":25,"key":"SMITH"},{"floor":29,"key":"REST"},{"floor":32,"key":"REST"},{"floor":40,"key":"RECALL"},{"data":"animator:KurumiTokisaki","floor":42,"key":"SMITH"},{"floor":49,"key":"REST"}],"circlet_count":0,"master_deck":["animator:ShidoItsuka+1","animator:YamaiSisters+4","animator:YamaiSisters","animator:YamaiSisters","animator:KurumiTokisaki+1","animator:OrigamiTobiichi+1","animator:OrigamiTobiichi+1","animator:KurumiTokisaki+1","animator:HigakiRinne+1"],"relics":["animator:LivingPicture","animator:TheMissingPiece","Juzu Bracelet","Matryoshka","Potion Belt","Boot","Toy Ornithopter","animator:OldCoffin","Dream Catcher","animator:RacePiece","Toxic Egg 2","Old Coin","Pear","Dead Branch","animator:BattleDrones","Empty Cage","Unceasing Top","Singing Bowl","War Paint"],"acts_visited":["Exordium","TheCity","TheBeyond"],"potions_floor_usage":[50,50,50,50],"damage_taken":[{"damage":0,"enemies":"Small Slimes","floor":1,"turns":4},{"damage":8,"enemies":"Jaw Worm","floor":7,"turns":6},{"damage":0,"enemies":"2 Louse","floor":10,"turns":2},{"damage":15,"enemies":"Lagavulin","floor":13,"turns":5},{"damage":1,"enemies":"The Guardian","floor":16,"turns":8},{"damage":1,"enemies":"Shell Parasite","floor":18,"turns":4},{"damage":8,"enemies":"2 Thieves","floor":20,"turns":3},{"damage":15,"enemies":"Slavers","floor":24,"turns":3},{"damage":4,"enemies":"Sentry and Sphere","floor":27,"turns":4},{"damage":26,"enemies":"Colosseum Slavers","floor":28,"turns":4},{"damage":1,"enemies":"Colosseum Nobs","floor":28,"turns":3},{"damage":4,"enemies":"Shelled Parasite and Fungi","floor":30,"turns":4},{"damage":10,"enemies":"Snake Plant","floor":31,"turns":3},{"damage":0,"enemies":"Automaton","floor":33,"turns":7},{"damage":1,"enemies":"Orb Walker","floor":35,"turns":2},{"damage":0,"enemies":"Mind Bloom Boss Battle","floor":36,"turns":5},{"damage":12,"enemies":"3 Darklings","floor":37,"turns":3},{"damage":0,"enemies":"Sphere and 2 Shapes","floor":39,"turns":3},{"damage":7,"enemies":"Writhing Mass","floor":41,"turns":4},{"damage":0,"enemies":"Maw","floor":44,"turns":5},{"damage":2,"enemies":"Nemesis","floor":45,"turns":4},{"damage":0,"enemies":"4 Shapes","floor":46,"turns":3},{"damage":3,"enemies":"Reptomancer","floor":47,"turns":4},{"damage":14,"enemies":"Donu and Deca","floor":50,"turns":8}],"seed_played":"-7709874023072765744","potions_obtained":[{"floor":1,"key":"SpeedPotion"},{"floor":24,"key":"SteroidPotion"},{"floor":27,"key":"BlessingOfTheForge"},{"floor":36,"key":"DistilledChaos"},{"floor":39,"key":"EssenceOfSteel"},{"floor":44,"key":"Block Potion"}],"is_trial":false,"path_per_floor":["M","?","?","$","?","R","M","R","T","M","T","R","E","$","R","B",null,"M","$","M","?","$","R","E","R","T","M","?","R","M","M","R","B",null,"M","?","M","?","M","R","M","R","T","M","E","M","E","?","R","B",null],"character_chosen":"THE_ANIMATOR","items_purchased":[],"campfire_rested":4,"item_purchase_floors":[],"current_hp_per_floor":[66,59,46,46,39,39,31,31,31,31,31,31,16,16,35,34,66,65,65,57,57,57,57,42,42,52,48,21,43,39,29,51,51,76,75,75,63,53,53,53,46,46,46,46,46,48,47,49,76,82],"gold":790,"neow_bonus":"RANDOM_COMMON_RELIC","is_daily":false,"chose_seed":true,"campfire_upgraded":6,"win_rate":0.0,"timestamp":1610868258,"path_taken":["M","?","?","?","?","R","M","R","T","M","?","R","E","?","R","BOSS","M","$","M","?","$","R","E","R","T","M","?","R","M","M","R","BOSS","M","?","M","?","M","R","M","R","T","M","E","M","E","?","R","BOSS"],"items_purchased_type":[],"build_version":"2020-12-22","purchased_purges":3,"victory":true,"max_hp_per_floor":[66,66,66,66,66,66,66,66,66,66,66,66,66,66,66,66,66,66,66,66,66,66,66,66,66,76,76,76,76,76,76,76,76,76,76,76,76,76,76,76,76,76,76,76,78,80,82,84,86,86],"card_choices":[{"not_picked":["animator:SilverFang","animator:Vesta","animator:Entoma"],"picked":"SKIP","floor":1},{"not_picked":["animator:Millim","animator:IzunaHatsuse"],"picked":"animator:YamaiSisters","floor":7},{"not_picked":["animator:Emonzaemon","animator:ShidoItsuka","animator:Shalltear"],"picked":"SKIP","floor":10},{"not_picked":["animator:ReineMurasame","animator:Natsumi"],"picked":"animator:YamaiSisters","floor":13},{"not_picked":["animator:Biyorigo","animator:Sora"],"picked":"animator:KurumiTokisaki","floor":16},{"not_picked":["animator:Sebas+1","animator:MetalKnight","animator:MikuIzayoi"],"picked":"SKIP","floor":18},{"not_picked":["animator:MikuIzayoi","animator:Demiurge","animator:Jibril+1"],"picked":"SKIP","floor":20},{"not_picked":["animator:Shalltear","animator:Geryuganshoop+1"],"picked":"animator:OrigamiTobiichi+1","floor":24},{"not_picked":["animator:Shuna+1","animator:MikuIzayoi+1","animator:TohkaYatogami"],"picked":"SKIP","floor":30},{"not_picked":["animator:Hakurou","animator:Tohya","animator:Vesta+1"],"picked":"SKIP","floor":31},{"not_picked":["animator:Rimuru","animator:Sora+1"],"picked":"animator:KurumiTokisaki","floor":33},{"not_picked":["animator:OrigamiTobiichi+1","animator:UneriGinkaku+1","animator:Azekura+1"],"picked":"SKIP","floor":37},{"not_picked":["animator:Kaijin+1","animator:ReineMurasame+1","animator:Sebas+1"],"picked":"SKIP","floor":39},{"not_picked":["animator:Cocytus","animator:Evileye+1","animator:Naotsugu"],"picked":"SKIP","floor":41},{"not_picked":["animator:MetalKnight","animator:NarberalGamma+1","animator:Azekura+1"],"picked":"Singing Bowl","floor":45},{"not_picked":["animator:Nanami+1","animator:IzunaHatsuse+1","animator:Marielle+1"],"picked":"Singing Bowl","floor":46},{"not_picked":["animator:Entoma+1","animator:MetalKnight","animator:Naotsugu"],"picked":"Singing Bowl","floor":47},{"not_picked":["animator:Urushihara","animator:NononJakuzure+1","animator:MisakiNakahara+1"],"picked":"Singing Bowl","floor":48},{"not_picked":["animator:Demiurge+1","animator:UneriGinkaku+1","animator:Konayuki+1"],"picked":"Singing Bowl","floor":49}],"player_experience":190988,"relics_obtained":[{"floor":9,"key":"Potion Belt"},{"floor":9,"key":"Boot"},{"floor":11,"key":"Toy Ornithopter"},{"floor":11,"key":"animator:OldCoffin"},{"floor":13,"key":"Dream Catcher"},{"floor":24,"key":"Old Coin"},{"floor":26,"key":"Pear"},{"floor":28,"key":"Dead Branch"},{"floor":28,"key":"animator:BattleDrones"},{"floor":36,"key":"Unceasing Top"},{"floor":45,"key":"Singing Bowl"},{"floor":47,"key":"War Paint"}],"event_choices":[{"damage_healed":0,"gold_gain":0,"player_choice":"Success","damage_taken":7,"relics_obtained":["Matryoshka"],"max_hp_gain":0,"max_hp_loss":0,"event_name":"Scrap Ooze","floor":2,"gold_loss":0},{"damage_healed":0,"gold_gain":0,"player_choice":"Entered Light","damage_taken":13,"max_hp_gain":0,"max_hp_loss":0,"event_name":"Shining Light","floor":3,"gold_loss":0,"cards_upgraded":["animator:Defend","animator:ShidoItsuka"]},{"cards_removed":["animator:Strike"],"damage_healed":0,"gold_gain":0,"player_choice":"Card Removal","damage_taken":7,"max_hp_gain":0,"max_hp_loss":0,"event_name":"Golden Wing","floor":5,"gold_loss":0},{"cards_removed":["animator:TohkaYatogami"],"damage_healed":0,"gold_gain":0,"player_choice":"Gave Card","damage_taken":0,"relics_obtained":["Toxic Egg 2"],"max_hp_gain":0,"max_hp_loss":0,"event_name":"WeMeetAgain","floor":21,"gold_loss":0},{"damage_healed":0,"gold_gain":0,"player_choice":"Fight","damage_taken":0,"max_hp_gain":0,"max_hp_loss":0,"event_name":"Colosseum","floor":28,"gold_loss":0},{"damage_healed":0,"gold_gain":0,"player_choice":"Fought Nobs","damage_taken":0,"max_hp_gain":0,"max_hp_loss":0,"event_name":"Colosseum","floor":28,"gold_loss":0},{"damage_healed":0,"gold_gain":0,"player_choice":"Fight","damage_taken":0,"max_hp_gain":0,"max_hp_loss":0,"event_name":"MindBloom","floor":36,"gold_loss":0},{"damage_healed":0,"gold_gain":0,"player_choice":"Embrace Madness","damage_taken":10,"max_hp_gain":0,"max_hp_loss":0,"event_name":"Winding Halls","floor":38,"gold_loss":0,"cards_obtained":["animator:HigakiRinne"]},{"damage_healed":0,"gold_gain":0,"player_choice":"Memory 1","damage_taken":0,"max_hp_gain":0,"max_hp_loss":0,"event_name":"SensoryStone","floor":48,"gold_loss":0}],"is_beta":false,"boss_relics":[{"not_picked":["Velvet Choker","Coffee Dripper"],"picked":"animator:RacePiece"},{"not_picked":["SlaversCollar","Tiny House"],"picked":"Empty Cage"}],"items_purged_floors":[4,19,22],"is_endless":false,"potions_floor_spawned":[1,24,27,28,36,39,41,44],"ascension_level":0}}