{"host":"3oax8yz66k5njorr","time":1610901729,"event":{"mods":["AchievementEnabler","BaseMod","Colored Map","Colored Powertips","DeckTracker","Minty Spire (QoL Compilation)","Rare Cards Sparkle"],"gold_per_floor":[117,131,151,168,180,180,196,210,210,228,238,238,13,26,26,125,125,135,149,167,180,180,180],"floor_reached":22,"language":"KOR","playtime":973,"items_purged":[],"score":188,"play_id":"88dce751-d5b3-48ad-b8c9-7359f498d37d","local_time":"20210118014209","is_ascension_mode":false,"campfire_choices":[{"data":"Dagger Spray","floor":6,"key":"SMITH"},{"data":"Neutralize","floor":12,"key":"SMITH"},{"data":"Glass Knife","floor":15,"key":"SMITH"}],"circlet_count":0,"master_deck":["Strike_G","Strike_G","Strike_G","Strike_G","Strike_G","Defend_G","Defend_G","Defend_G","Defend_G","Defend_G","Survivor","Neutralize+1","Skewer","Dagger Spray+1","Dagger Throw","Bouncing Flask","Cloak And Dagger","Poisoned Stab","Acrobatics","Glass Knife+1","Terror","Burst","Night Terror","Footwork+1","Dodge and Roll","Escape Plan"],"relics":["Ring of the Snake","Mummified Hand"],"acts_visited":["Exordium","TheCity"],"potions_floor_usage":[16,16,16,20,20,22],"damage_taken":[{"damage":3,"enemies":"Jaw Worm","floor":1,"turns":4},{"damage":0,"enemies":"Cultist","floor":2,"turns":3},{"damage":3,"enemies":"2 Louse","floor":3,"turns":2},{"damage":0,"enemies":"Exordium Wildlife","floor":4,"turns":2},{"damage":1,"enemies":"Red Slaver","floor":5,"turns":4},{"damage":2,"enemies":"Looter","floor":7,"turns":3},{"damage":0,"enemies":"2 Fungi Beasts","floor":8,"turns":3},{"damage":4,"enemies":"Exordium Thugs","floor":10,"turns":4},{"damage":9,"enemies":"3 Louse","floor":11,"turns":2},{"damage":1,"enemies":"Looter","floor":14,"turns":4},{"damage":16,"enemies":"Slime Boss","floor":16,"turns":9},{"damage":0,"enemies":"3 Byrds","floor":18,"turns":5},{"damage":17,"enemies":"2 Thieves","floor":19,"turns":4},{"damage":8,"enemies":"Snecko","floor":20,"turns":4},{"damage":48,"enemies":"Chosen and Byrds","floor":21,"turns":7},{"damage":27,"enemies":"Cultist and Chosen","floor":22,"turns":5}],"seed_played":"-6858813413584206733","potions_obtained":[{"floor":0,"key":"Regen Potion"},{"floor":0,"key":"Dexterity Potion"},{"floor":0,"key":"EntropicBrew"},{"floor":4,"key":"Poison Potion"},{"floor":5,"key":"FairyPotion"},{"floor":19,"key":"EssenceOfSteel"},{"floor":20,"key":"BlessingOfTheForge"},{"floor":21,"key":"BlessingOfTheForge"}],"is_trial":false,"path_per_floor":["M","M","M","M","M","R","M","M","T","M","M","R","$","M","R","B",null,"M","M","M","M","M"],"character_chosen":"THE_SILENT","items_purchased":["Glass Knife","Terror"],"campfire_rested":0,"item_purchase_floors":[13,13],"current_hp_per_floor":[67,67,64,64,63,63,61,61,61,57,48,48,48,47,47,46,70,70,53,45,21,0,0],"gold":180,"neow_bonus":"THREE_SMALL_POTIONS","is_daily":false,"chose_seed":false,"campfire_upgraded":3,"win_rate":0.0,"timestamp":1610901729,"path_taken":["M","M","M","M","M","R","M","M","T","M","M","R","$","M","R","BOSS","M","M","M","M","M"],"items_purchased_type":["Card","Card"],"build_version":"2020-12-22","purchased_purges":0,"victory":false,"max_hp_per_floor":[70,70,70,70,70,70,70,70,70,70,70,70,70,70,70,70,70,70,70,70,70,70,70],"card_choices":[{"not_picked":["Cloak And Dagger","Dash"],"picked":"Skewer","floor":1},{"not_picked":["Slice","Sucker Punch","Noxious Fumes"],"picked":"SKIP","floor":2},{"not_picked":["Flying Knee","PiercingWail"],"picked":"Dagger Spray","floor":3},{"not_picked":["Terror","Distraction"],"picked":"Dagger Throw","floor":4},{"not_picked":["Flying Knee","Tactician","Dodge and Roll"],"picked":"SKIP","floor":5},{"not_picked":["Leg Sweep","Flying Knee"],"picked":"Bouncing Flask","floor":7},{"not_picked":["Eviscerate","Backflip"],"picked":"Cloak And Dagger","floor":8},{"not_picked":["Prepared","Acrobatics"],"picked":"Poisoned Stab","floor":10},{"not_picked":["Deadly Poison","Outmaneuver"],"picked":"Acrobatics","floor":11},{"not_picked":["Slice","Deadly Poison"],"picked":"Burst","floor":14},{"not_picked":["Unload","Burst"],"picked":"Night Terror","floor":16},{"not_picked":["Finisher+1","Masterful Stab+1"],"picked":"Footwork+1","floor":18},{"not_picked":["Prepared","Caltrops","Quick Slash"],"picked":"SKIP","floor":19},{"not_picked":["Expertise","Flying Knee"],"picked":"Dodge and Roll","floor":20},{"not_picked":["PiercingWail","Calculated Gamble"],"picked":"Escape Plan","floor":21}],"player_experience":59097,"relics_obtained":[{"floor":9,"key":"Mummified Hand"}],"event_choices":[],"is_beta":false,"boss_relics":[{"not_picked":["Runic Pyramid","Busted Crown","Runic Dome"]}],"items_purged_floors":[],"is_endless":false,"potions_floor_spawned":[4,5,8,10,14,19,20,21],"killed_by":"Cultist and Chosen","ascension_level":0}}