{"host":"lb27wy21808d043q","time":1610916177,"event":{"mods":["AchievementEnabler","BaseMod","BetterRewards","Clockwork Mod","Colored Map","Conspire","Curses Come First","Halation","Highlight Path","Hubris","Infinite Spire","Marisa????????","Minty Spire (QoL Compilation)","Replay The Spire","StSLib","The Bug Knight","The Servant 0.9.4","Yuri Mod"],"gold_per_floor":[115,62,162,172,189,189,189,217,293,313,348,360,377,357,357,459,459,476,31,42,42,42,42,73,85,85,85,85,96,114,134,134,134,134],"floor_reached":33,"language":"ENG","playtime":2632,"items_purged":[],"score":304,"play_id":"0dae6c3e-87c8-4784-8a1b-751fa37617e9","local_time":"20210117214257","is_ascension_mode":false,"campfire_choices":[{"data":"Flex","floor":6,"key":"SMITH"},{"floor":15,"key":"REST"},{"data":"Armaments","floor":23,"key":"SMITH"},{"floor":32,"key":"REST"}],"circlet_count":0,"master_deck":["Strike_R","Strike_R","Strike_R","Strike_R","Strike_R","Defend_R","Defend_R","Defend_R","Defend_R","Bash","Replay:Undeath\u0027s Touch","Pommel Strike","Warcry","Flex+1","Headbutt","Armaments+1","Clothesline","Sword Boomerang","Combust","Brutality","Battle Trance+1","Rage+1","Iron Wave+1","infinitespire:TheBestDefense","Iron Wave+1","Flex","Iron Wave","Flex","Ghostly Armor+1"],"relics":["Burning Blood","hubris:64BitClover","Mummified Hand","Ginger","hubris:Backtick","Vajra","Lee\u0027s Waffle","Replay:Wax Seal","Golden Egg","King of Hearts","Bag of Preparation","Calipers","ReplayTheSpireMod:TigerMarble","Onion Ring"],"acts_visited":["Exordium","TheCity"],"potions_floor_usage":[11,16,25,25,31],"damage_taken":[{"damage":1,"enemies":"Cultist","floor":1,"turns":3},{"damage":23,"enemies":"infinitespire:Voidling","floor":4,"turns":5},{"damage":1,"enemies":"2 Louse","floor":5,"turns":3},{"damage":34,"enemies":"3 Sentries","floor":8,"turns":9},{"damage":0,"enemies":"Large Slime","floor":10,"turns":4},{"damage":26,"enemies":"Lagavulin","floor":11,"turns":7},{"damage":11,"enemies":"Lots of Slimes","floor":12,"turns":5},{"damage":9,"enemies":"2 Fungi Beasts","floor":13,"turns":3},{"damage":14,"enemies":"Slime Boss","floor":16,"turns":8},{"damage":31,"enemies":"Spheric Guardian","floor":18,"turns":5},{"damage":19,"enemies":"3 Byrds","floor":20,"turns":5},{"damage":0,"enemies":"Nightmare","floor":24,"turns":1},{"damage":8,"enemies":"Shelled Parasite and Fungi","floor":25,"turns":3},{"damage":0,"enemies":"Snake Plant","floor":29,"turns":1},{"damage":12,"enemies":"Centurion and Healer","floor":30,"turns":6},{"damage":13,"enemies":"Snecko","floor":31,"turns":5},{"damage":91,"enemies":"Champ","floor":33,"turns":18}],"seed_played":"9175981021418920244","potions_obtained":[{"floor":8,"key":"FairyPotion"},{"floor":10,"key":"Fire Potion"},{"floor":12,"key":"PowerPotion"},{"floor":14,"key":"FearPotion"},{"floor":16,"key":"FearPotion"},{"floor":18,"key":"PowerPotion"},{"floor":30,"key":"Energy Potion"}],"is_trial":false,"path_per_floor":["M","$","?","M","M","R","?","E","T","M","E","M","M","?","R","B",null,"M","$","M","?","AVR","R","NM","M","T","?","$","M","M","M","R","B"],"character_chosen":"IRONCLAD","items_purchased":["Warcry","Lee\u0027s Waffle","Replay:Wax Seal","Golden Egg","Rage","ReplayTheSpireMod:TigerMarble","Onion Ring"],"campfire_rested":2,"item_purchase_floors":[2,19,19,19,19,28,28],"current_hp_per_floor":[80,80,80,70,75,75,75,47,47,53,33,28,25,25,49,41,80,55,87,74,54,54,54,60,58,58,41,14,20,14,7,34,0,0],"gold":134,"neow_bonus":"THREE_CARDS","is_daily":false,"chose_seed":false,"campfire_upgraded":2,"win_rate":0.0,"timestamp":1610916177,"path_taken":["M","$","?","M","?","R","?","E","T","M","E","M","M","?","R","BOSS","M","$","?","?","AVR","R","NM","M","T","?","?","?","M","M","R","BOSS"],"items_purchased_type":["Card","Relic","Relic","Relic","Card","Relic","Relic"],"build_version":"2020-12-22","purchased_purges":0,"victory":false,"max_hp_per_floor":[80,80,80,80,80,80,80,80,80,80,80,80,80,80,80,80,80,80,87,87,87,87,87,87,87,87,92,92,92,92,92,92,92,92],"card_choices":[{"not_picked":["Clothesline","Massacre"],"picked":"Replay:Undeath\u0027s Touch","floor":0},{"not_picked":["True Grit","Sword Boomerang"],"picked":"Pommel Strike","floor":1},{"not_picked":["Shockwave","ReplayReversal"],"picked":"Flex","floor":4},{"not_picked":["hubris:ReadiedAction","Carnage","Headbutt"],"picked":"SKIP","floor":5},{"not_picked":["Defy Death","Disarm"],"picked":"Headbutt","floor":8},{"not_picked":["ReplayTheSpireMod:LeadingStrike","Eclipse"],"picked":"Armaments","floor":10},{"not_picked":["Sword Boomerang","Hemokinesis"],"picked":"Clothesline","floor":11},{"not_picked":["Hemokinesis","Pommel Strike"],"picked":"Sword Boomerang","floor":12},{"not_picked":["Anger","Whirlwind"],"picked":"Combust","floor":13},{"not_picked":["conspire:Purge","Fiend Fire"],"picked":"Brutality","floor":16},{"not_picked":["Run Through","Reckless Charge"],"picked":"Battle Trance+1","floor":18},{"not_picked":["Defy Death+1","Sword Boomerang+1"],"picked":"Iron Wave+1","floor":20},{"not_picked":["infinitespire:FinalStrike","infinitespire:Oblivion"],"picked":"infinitespire:TheBestDefense","floor":21},{"not_picked":["Second Wind","conspire:HitWhereItHurts"],"picked":"Iron Wave+1","floor":24},{"not_picked":["Rage","Flame Barrier"],"picked":"Flex","floor":25},{"not_picked":["Shrug It Off","Uppercut"],"picked":"Iron Wave","floor":29},{"not_picked":["Clothesline","Thunderclap+1"],"picked":"Flex","floor":30},{"not_picked":["Fire Breathing","Replay:Undeath\u0027s Touch+1"],"picked":"Ghostly Armor+1","floor":31}],"player_experience":15529,"relics_obtained":[{"floor":8,"key":"hubris:64BitClover"},{"floor":9,"key":"Mummified Hand"},{"floor":11,"key":"Ginger"},{"floor":24,"key":"King of Hearts"},{"floor":25,"key":"Bag of Preparation"},{"floor":26,"key":"Calipers"}],"event_choices":[{"damage_healed":0,"gold_gain":100,"player_choice":"Pray","damage_taken":0,"max_hp_gain":0,"max_hp_loss":0,"event_name":"Golden Shrine","floor":3,"gold_loss":0},{"damage_healed":0,"gold_gain":0,"player_choice":"Leave","damage_taken":0,"max_hp_gain":0,"max_hp_loss":0,"event_name":"conspire:Investor","floor":7,"gold_loss":0},{"damage_healed":0,"gold_gain":0,"player_choice":"Bought 1 Potion","damage_taken":0,"max_hp_gain":0,"max_hp_loss":0,"event_name":"The Woman in Blue","floor":14,"gold_loss":0},{"damage_healed":0,"gold_gain":0,"player_choice":"Shed Blood","damage_taken":22,"max_hp_gain":5,"max_hp_loss":0,"event_name":"Forgotten Altar","floor":27,"gold_loss":0}],"is_beta":false,"boss_relics":[{"not_picked":["ChewingGum","Sozu"],"picked":"hubris:Backtick"}],"items_purged_floors":[],"is_endless":true,"potions_floor_spawned":[8,10,12,16,18,20,30],"killed_by":"Champ","ascension_level":0}}