{"host":"h3vysik1bw5w0dm6","time":1610919832,"event":{"mods":["AchievementEnabler","Aspiration","BaseMod","Better Note","Better Sensory Stone","Better Vampires","BetterRewards","Colored Powertips","Conspire","Downfall","Friendly Minions","Googly Eyes","Gremlin Skip","Halation","Infinite Spire","Minty Spire (QoL Compilation)","Quick Restart","Shop Mod","StSLib"],"gold_per_floor":[99,115,128,128,128,161,215,226,226,238,253,267,267,267,282,382,382,382,399,399,399,399,420,420,520,539,539,539],"floor_reached":27,"language":"ENG","playtime":4957,"items_purged":[],"score":240,"play_id":"2fb14aca-a04e-4813-bbca-c927f2afca0d","local_time":"20210117224352","is_ascension_mode":false,"campfire_choices":[{"data":"bronze:Replicate","floor":1.0,"key":"SMITH"},{"floor":13.0,"key":"REST"},{"data":"bronze:Goto","floor":18.0,"key":"SMITH"}],"circlet_count":0,"master_deck":["bronze:Strike","bronze:Strike","bronze:Strike","bronze:Strike","bronze:Defend","bronze:Defend","bronze:Defend","bronze:Defend","bronze:Replicate+1","bronze:Goto+1","bronze:BitShift","Dark Shackles","bronze:BitShift","bronze:ChildClass","bronze:Iterate","bronze:SpaghettiCode","hexamod:TimeOfNeed","Havoc","bronze:Shield"],"relics":["bronze:BronzeCore","downfall:BrokenWingStatue","Pen Nib","Bag of Marbles","aspiration:IroncladSkillbook","Mummified Hand"],"acts_visited":["Exordium","TheCity"],"potions_floor_usage":[23,23],"damage_taken":[{"damage":0.0,"enemies":"Small Slimes","floor":2.0,"turns":3.0},{"damage":0.0,"enemies":"2 Louse","floor":3.0,"turns":3.0},{"damage":34.0,"enemies":"3 Sentries","floor":6.0,"turns":9.0},{"damage":0.0,"enemies":"Jaw Worm","floor":8.0,"turns":3.0},{"damage":0.0,"enemies":"Red Slaver","floor":10.0,"turns":3.0},{"damage":8.0,"enemies":"2 Fungi Beasts","floor":11.0,"turns":3.0},{"damage":6.0,"enemies":"Exordium Thugs","floor":12.0,"turns":3.0},{"damage":0.0,"enemies":"Large Slime","floor":15.0,"turns":5.0},{"damage":57.0,"enemies":"WA_ARCHETYPE_RETAIN","floor":16.0,"turns":8.0},{"damage":3.0,"enemies":"3 Byrds","floor":19.0,"turns":5.0},{"damage":36,"enemies":"Shelled Parasite and Fungi","floor":23,"turns":5},{"damage":21,"enemies":"Snake Plant","floor":26,"turns":4},{"damage":18,"enemies":"Snecko","floor":27,"turns":4}],"seed_played":"-1943760442287392924","potions_obtained":[{"floor":10.0,"key":"champ:CounterPotion"},{"floor":11.0,"key":"hexamod:SoulburnPotion"},{"floor":19.0,"key":"Fruit Juice"},{"floor":20.0,"key":"Strength Potion"},{"floor":20.0,"key":"LiquidMemories"},{"floor":20.0,"key":"conspire:TimeTravelPotion"},{"floor":23,"key":"Block Potion"}],"is_trial":false,"path_per_floor":["R","M","M","?","?","E","T","M","?","M","M","M","R","?","M","B",null,"R","M","?","?","?","M","T","?","M","M"],"character_chosen":"THE_AUTOMATON","items_purchased":[],"campfire_rested":1,"item_purchase_floors":[],"current_hp_per_floor":[77,77,77,77,77,43,43,43,43,43,35,29,52,60,60,3,77,77,82,82,82,66,34,34,34,17,0,0],"gold":539,"neow_bonus":"TEN_PERCENT_HP_BONUS","is_daily":false,"chose_seed":false,"campfire_upgraded":2,"win_rate":0.0,"timestamp":1610919832,"path_taken":["R","M","M","?","?","E","T","M","?","M","M","M","R","?","M","BOSS","R","M","?","?","?","?","T","?","M","M"],"items_purchased_type":[],"build_version":"2020-12-22","purchased_purges":0,"victory":false,"max_hp_per_floor":[77,77,77,77,77,77,77,77,77,77,77,77,77,77,77,77,77,77,82,82,82,87,87,87,87,87,87,87],"card_choices":[{"not_picked":["bronze:BugBarrage","bronze:WildBeam"],"picked":"bronze:BitShift","floor":2.0},{"not_picked":["bronze:Branch","bronze:OilSpill","bronze:Fortify"],"picked":"SKIP","floor":3.0},{"not_picked":["Deep Breath","Impatience"],"picked":"Dark Shackles","floor":4.0},{"not_picked":["bronze:DelayedGuard","bronze:Return","bronze:Safeguard"],"picked":"SKIP","floor":6.0},{"not_picked":["bronze:Invalidate","bronze:Overload"],"picked":"bronze:BitShift","floor":8.0},{"not_picked":["bronze:Deprecate","bronze:Boost","bronze:DelayedGuard"],"picked":"SKIP","floor":10.0},{"not_picked":["bronze:MaxOutput","bronze:BronzeArmor","bronze:RecursiveStrike"],"picked":"SKIP","floor":11.0},{"not_picked":["bronze:OilSpill","bronze:BuggyMess"],"picked":"bronze:ChildClass","floor":12.0},{"not_picked":["bronze:DigitalCarnage","bronze:DelayedGuard"],"picked":"bronze:Iterate","floor":15.0},{"not_picked":["bronze:RecursiveStrike","bronze:BurnOut"],"picked":"bronze:SpaghettiCode","floor":16.0},{"not_picked":["Shockwave","Carnage+1","bronze:Branch","conspire:ExplosiveBarrier"],"picked":"SKIP","floor":19.0},{"not_picked":["bronze:BugBarrage","Thunderclap+1","Shockwave"],"picked":"Havoc","floor":23},{"not_picked":["Twin Strike+1","bronze:Overheat","Pummel+1"],"picked":"bronze:Shield","floor":26}],"player_experience":375977,"relics_obtained":[{"floor":6.0,"key":"Pen Nib"},{"floor":7.0,"key":"Bag of Marbles"},{"floor":24,"key":"Mummified Hand"}],"event_choices":[{"damage_healed":0.0,"max_hp_gain":0.0,"max_hp_loss":0.0,"gold_gain":1.0,"event_name":"betterStone:BetterStone","player_choice":"1","floor":4.0,"gold_loss":0.0,"damage_taken":0.0},{"damage_healed":0.0,"max_hp_gain":0.0,"max_hp_loss":0.0,"gold_gain":0.0,"event_name":"conspire:Investor","player_choice":"Leave","floor":9.0,"gold_loss":0.0,"damage_taken":0.0},{"damage_healed":0.0,"max_hp_gain":0.0,"max_hp_loss":0.0,"gold_gain":0.0,"event_name":"Lab","player_choice":"Got Potions","floor":20.0,"gold_loss":0.0,"damage_taken":0.0},{"cards_removed":["bronze:SpaghettiCode"],"damage_healed":0.0,"max_hp_gain":0.0,"max_hp_loss":0.0,"gold_gain":0.0,"event_name":"betterNote:BetterNote","player_choice":"Take \u0026 Give","floor":21.0,"gold_loss":0.0,"damage_taken":0.0,"cards_obtained":["hexamod:TimeOfNeed"]}],"is_beta":false,"boss_relics":[{"not_picked":["conspire:SpecialSausage","Black Star"],"picked":"aspiration:IroncladSkillbook"}],"items_purged_floors":[],"is_endless":false,"potions_floor_spawned":[10,11,19,23],"killed_by":"Snecko","ascension_level":0}}