{"host":"5ffrjkuvgrxgllwx","time":1610892078,"event":{"mods":["AchievementEnabler","BaseMod","Colored Map","Colored Powertips","Downfall","Minty Spire (QoL Compilation)","Quick Restart","Rare Cards Sparkle","StSLib","everything is the same but u backflip on backflip"],"gold_per_floor":[99,99,99,33,48,65,91,91,91,105,125,141,141,166,176,176,176],"floor_reached":16,"language":"ENG","playtime":652,"items_purged":[],"score":92,"play_id":"6bbde403-393a-47e5-9864-55a5f1394736","local_time":"20210117090118","is_ascension_mode":false,"campfire_choices":[{"data":"sneckomod:TailWhip","floor":1,"key":"SMITH"},{"data":"sneckomod:DiceCrush","floor":8,"key":"SMITH"},{"floor":13,"key":"REST"}],"circlet_count":0,"master_deck":["sneckomod:Strike","sneckomod:Strike","sneckomod:Strike","sneckomod:Defend","sneckomod:Defend","sneckomod:Defend","sneckomod:TailWhip+1","sneckomod:SnekBite","sneckomod:Unknown","sneckomod:Unknown","sneckomod:UnknownUncommonPower","sneckomod:SoulRoll","sneckomod:QuickBite","sneckomod:DiceCrush+1","sneckomod:UnknownDraw","sneckomod:UnknownX","sneckomod:WideSting","sneckomod:UnknownRarePower"],"relics":["sneckomod:SneckoSoul","PreservedInsect","Omamori","Blood Vial","Sundial","Toy Ornithopter"],"acts_visited":["Exordium"],"potions_floor_usage":[16,16,16],"damage_taken":[{"damage":0,"enemies":"downfall:FleeingMerchant","floor":4,"turns":4},{"damage":10,"enemies":"Jaw Worm","floor":5,"turns":4},{"damage":0,"enemies":"2 Louse","floor":6,"turns":3},{"damage":5,"enemies":"Cultist","floor":10,"turns":4},{"damage":10,"enemies":"3 Louse","floor":11,"turns":3},{"damage":2,"enemies":"Blue Slaver","floor":12,"turns":3},{"damage":13,"enemies":"Exordium Wildlife","floor":15,"turns":3},{"damage":102,"enemies":"WA_ARCHETYPE_RETAIN","floor":16,"turns":10}],"seed_played":"-5115824398601432005","potions_obtained":[{"floor":10,"key":"LiquidBronze"},{"floor":11,"key":"Block Potion"},{"floor":12,"key":"sneckomod:DiceRollPotion"},{"floor":15,"key":"Swift Potion"}],"is_trial":false,"path_per_floor":["R","?","T","$","M","M","T","R","?","M","M","M","R","T","M","B"],"character_chosen":"THE_SNECKO","items_purchased":["sneckomod:SoulRoll"],"campfire_rested":1,"item_purchase_floors":[4],"current_hp_per_floor":[99,99,99,99,89,89,89,89,64,61,53,53,82,82,71,0,0],"gold":176,"neow_bonus":"TEN_PERCENT_HP_BONUS","is_daily":false,"chose_seed":false,"campfire_upgraded":2,"win_rate":0.0,"timestamp":1610892078,"path_taken":["R","?","?","?","M","M","T","R","?","M","M","?","R","?","M","BOSS"],"items_purchased_type":["Card"],"build_version":"2020-12-22","purchased_purges":0,"victory":false,"max_hp_per_floor":[99,99,99,99,99,99,99,99,99,99,99,99,99,99,99,99,99],"card_choices":[{"not_picked":["sneckomod:UnknownVulnerable","sneckomod:DiceBoulder"],"picked":"sneckomod:UnknownUncommonPower","floor":4},{"not_picked":["sneckomod:IronFang","sneckomod:UnknownCommonSkill"],"picked":"sneckomod:QuickBite","floor":5},{"not_picked":["sneckomod:IronFang","sneckomod:UnknownCommonAttack"],"picked":"sneckomod:DiceCrush","floor":6},{"not_picked":["sneckomod:RainOfDice","sneckomod:QuickBite"],"picked":"sneckomod:UnknownDraw","floor":10},{"not_picked":["sneckomod:SoulDraw","sneckomod:Unknown1Cost"],"picked":"sneckomod:UnknownX","floor":11},{"not_picked":["sneckomod:UnknownCommonAttack","sneckomod:UnknownUncommonSkill"],"picked":"sneckomod:WideSting","floor":12},{"not_picked":["sneckomod:DiceCrush","sneckomod:UnknownCommonAttack"],"picked":"sneckomod:UnknownRarePower","floor":15}],"player_experience":1398066,"relics_obtained":[{"floor":3,"key":"Omamori"},{"floor":7,"key":"Blood Vial"},{"floor":14,"key":"Toy Ornithopter"}],"event_choices":[{"damage_healed":0,"gold_gain":0,"player_choice":"Success","damage_taken":25,"relics_obtained":["Sundial"],"max_hp_gain":0,"max_hp_loss":0,"event_name":"Scrap Ooze","floor":9,"gold_loss":0}],"is_beta":false,"boss_relics":[],"items_purged_floors":[],"is_endless":false,"potions_floor_spawned":[10,11,12,15],"killed_by":"WA_ARCHETYPE_RETAIN","ascension_level":0}}