{"host":"Zandorum","time":1610878553,"event":{"mods":["100% Spire Juice","2.2 Compatiblity","Act Like it!","Bard","BaseMod","Better Note","Hermit","Hubris","Jorbs\u0027s Wanderer Trilogy","Mimic Mod","Minty Spire (QoL Compilation)","Quick Restart","Rare Cards Sparkle","Reorder Act Four","Somnambulant","StSLib","The Cursed","The Disciple","The Hierophant","The Jungle","The Runesmith","TheVacant"],"gold_per_floor":[113,63,63,138,148,161,161,183,183,196,213,213,233,257,257,257,257],"floor_reached":16,"language":"ENG","playtime":544,"items_purged":[],"score":92,"play_id":"b70e30e8-e60f-404a-ad32-89cc36ba46b5","local_time":"20210117021553","is_ascension_mode":false,"campfire_choices":[{"floor":12,"key":"REST"},{"floor":15,"key":"REST"}],"circlet_count":0,"master_deck":["Strike_B","Strike_B","Strike_B","Defend_B","Defend_B","Defend_B","Defend_B","Zap+1","Dualcast","Capacitor","Defragment","Hologram","Turbo","Capacitor","Capacitor","Redo"],"relics":["Cracked Core","Odd Mushroom","Runesmith:Locket","Happy Flower"],"acts_visited":["Exordium"],"potions_floor_usage":[11,13,16,16],"damage_taken":[{"damage":11.0,"enemies":"Jaw Worm","floor":1.0,"turns":3.0},{"damage":9,"enemies":"Cultist","floor":5,"turns":4},{"damage":6,"enemies":"2 Louse","floor":6,"turns":3},{"damage":28,"enemies":"The Mushroom Lair","floor":8,"turns":5},{"damage":10,"enemies":"Looter","floor":10,"turns":3},{"damage":0,"enemies":"Exordium Wildlife","floor":11,"turns":3},{"damage":4,"enemies":"Blue Slaver","floor":13,"turns":4},{"damage":51,"enemies":"Slime Boss","floor":16,"turns":7}],"seed_played":"-5939883510145504895","potions_obtained":[{"floor":6,"key":"ColorlessPotion"},{"floor":10,"key":"DistilledChaos"},{"floor":11,"key":"ColorlessPotion"},{"floor":13,"key":"SpeedPotion"}],"is_trial":false,"path_per_floor":["M","?","$","?","M","M","?","?","T","M","M","R","M","T","R","B"],"character_chosen":"DEFECT","items_purchased":[],"campfire_rested":2,"item_purchase_floors":[],"current_hp_per_floor":[64,64,64,57,48,42,42,14,14,4,4,26,22,22,44,0,0],"gold":257,"neow_bonus":"THREE_CARDS","is_daily":false,"chose_seed":false,"campfire_upgraded":0,"win_rate":0.0,"timestamp":1610878553,"path_taken":["M","?","$","?","M","?","?","?","T","M","M","R","?","?","R","BOSS"],"items_purchased_type":[],"build_version":"2020-12-18","purchased_purges":0,"victory":false,"max_hp_per_floor":[75,75,75,75,75,75,75,75,75,75,75,75,75,75,75,75,75],"card_choices":[{"not_picked":["Scrape","Compile Driver"],"picked":"Capacitor","floor":0.0},{"not_picked":["Compile Driver","Reprogram","Rebound"],"picked":"SKIP","floor":1.0},{"not_picked":["Heatsinks","Leap"],"picked":"Defragment","floor":5},{"not_picked":["Chaos","Steam"],"picked":"Hologram","floor":6},{"not_picked":["Rebound","Hologram"],"picked":"Turbo","floor":8},{"not_picked":["Heatsinks","Coolheaded"],"picked":"Capacitor","floor":10},{"not_picked":["Cold Snap","Stack"],"picked":"Capacitor","floor":11},{"not_picked":["Steam","Compile Driver"],"picked":"Redo","floor":13}],"player_experience":146145,"relics_obtained":[{"floor":8,"key":"Odd Mushroom"},{"floor":9,"key":"Runesmith:Locket"},{"floor":14,"key":"Happy Flower"}],"event_choices":[{"cards_removed":["Strike_B"],"damage_healed":0.0,"max_hp_gain":0.0,"max_hp_loss":0.0,"gold_gain":0.0,"event_name":"The Cleric","player_choice":"Card Removal","floor":2.0,"gold_loss":50.0,"damage_taken":0.0},{"damage_healed":0.0,"max_hp_gain":0.0,"max_hp_loss":0.0,"gold_gain":75.0,"event_name":"FaceTrader","player_choice":"Touch","floor":4.0,"gold_loss":0.0,"damage_taken":7.0},{"damage_healed":0,"gold_gain":0,"player_choice":"Fought Mushrooms","damage_taken":0,"max_hp_gain":0,"max_hp_loss":0,"event_name":"Mushrooms","floor":8,"gold_loss":0}],"is_beta":true,"boss_relics":[],"items_purged_floors":[],"is_endless":false,"potions_floor_spawned":[6,10,11,13],"killed_by":"Slime Boss","ascension_level":0}}