{"host":"7gewg82ormp6yt4e","time":1610886567,"event":{"mods":["BaseMod","Block Reminder","Colored Map","Colored Powertips","DeckTracker","Highlight Path","Minty Spire (QoL Compilation)","Relic Stats","StSLib","ojb\u0027s Info Mod"],"gold_per_floor":[362,62,137,102,102,102,130,130,156,173,173,37,49,77,77,152,152,164,89,89,101,51,51,51],"floor_reached":23,"language":"JPN","playtime":831,"items_purged":[],"score":390,"play_id":"ed2f8e41-0c4b-4f99-b85d-16d316f39a7c","local_time":"20210117212927","is_ascension_mode":true,"campfire_choices":[{"data":"Dramatic Entrance","floor":6,"key":"SMITH"},{"floor":8,"key":"REST"},{"data":"Static Discharge","floor":15,"key":"SMITH"}],"circlet_count":0,"master_deck":["AscendersBane","Strike_B","Strike_B","Strike_B","Defend_B","Defend_B","Defend_B","Defend_B","Zap","Dualcast","Coolheaded","FTL","Dramatic Entrance+1","Ball Lightning","Hologram+1","Capacitor","Barrage+1","Static Discharge+1","Echo Form","Coolheaded","Capacitor"],"relics":["Cracked Core","Strange Spoon","GremlinMask","MealTicket","Strawberry","Gambling Chip","Toy Ornithopter","Snecko Eye"],"acts_visited":["Exordium","TheCity"],"potions_floor_usage":[14,16],"damage_taken":[{"damage":4,"enemies":"Jaw Worm","floor":1,"turns":4},{"damage":22,"enemies":"3 Sentries","floor":7,"turns":6},{"damage":0,"enemies":"2 Louse","floor":10,"turns":2},{"damage":1,"enemies":"Cultist","floor":13,"turns":3},{"damage":17,"enemies":"Lagavulin","floor":14,"turns":7},{"damage":14,"enemies":"Hexaghost","floor":16,"turns":6},{"damage":44,"enemies":"Shell Parasite","floor":18,"turns":5},{"damage":10,"enemies":"Spheric Guardian","floor":21,"turns":4},{"damage":14,"enemies":"Snecko","floor":23,"turns":4}],"seed_played":"316720738341939212","potions_obtained":[{"floor":7,"key":"ColorlessPotion"},{"floor":10,"key":"Swift Potion"}],"is_trial":false,"path_per_floor":["M","$","?","?","?","R","E","R","T","M","?","$","M","E","R","B",null,"M","?","?","M","?","M"],"character_chosen":"DEFECT","items_purchased":["Strange Spoon","FTL","Dramatic Entrance","Capacitor","FocusPotion"],"campfire_rested":1,"item_purchase_floors":[2,2,2,12,12],"current_hp_per_floor":[42,42,31,48,48,48,26,47,54,54,43,58,57,40,40,31,66,22,22,22,12,12,0,0],"gold":51,"neow_bonus":"TWO_FIFTY_GOLD","is_daily":false,"chose_seed":false,"campfire_upgraded":2,"win_rate":0.0,"timestamp":1610886567,"path_taken":["M","$","?","?","?","R","E","R","T","?","?","$","M","E","R","BOSS","M","?","?","M","?","M"],"items_purchased_type":["Relic","Card","Card","Card","Potion"],"build_version":"2020-12-22","purchased_purges":0,"victory":false,"max_hp_per_floor":[71,71,71,71,71,71,71,71,78,78,78,78,78,78,78,78,78,78,78,78,78,78,78,78],"relic_stats":{"Strange Spoon":[5],"counters":[9,41],"Gambling Chip":[16],"Snecko Eye":[27,27,26,28],"MealTicket":15,"obtain_stats":[{"Strange Spoon":2,"Strawberry":9,"Gambling Chip":11,"Snecko Eye":17,"GremlinMask":5,"MealTicket":7,"Cracked Core":0,"Toy Ornithopter":14},{"Strange Spoon":1,"Strawberry":2,"Gambling Chip":3,"Snecko Eye":6,"GremlinMask":1,"MealTicket":2,"Cracked Core":0,"Toy Ornithopter":5},{"Strange Spoon":4,"Strawberry":10,"Gambling Chip":12,"Snecko Eye":28,"GremlinMask":4,"MealTicket":10,"Cracked Core":0,"Toy Ornithopter":22}],"Toy Ornithopter":5},"card_choices":[{"not_picked":["Blizzard","Fusion"],"picked":"Coolheaded","floor":1},{"not_picked":["Conserve Battery","Leap"],"picked":"Ball Lightning","floor":7},{"not_picked":["Static Discharge","Go for the Eyes"],"picked":"Hologram","floor":10},{"not_picked":["Rebound","Self Repair"],"picked":"Barrage","floor":13},{"not_picked":["Multi-Cast","Go for the Eyes"],"picked":"Static Discharge","floor":14},{"not_picked":["Seek","Multi-Cast"],"picked":"Echo Form","floor":16},{"not_picked":["Gash","Streamline"],"picked":"Coolheaded","floor":18},{"not_picked":["Redo","Conserve Battery"],"picked":"Capacitor","floor":21}],"player_experience":2606450,"relics_obtained":[{"floor":7,"key":"MealTicket"},{"floor":9,"key":"Strawberry"},{"floor":14,"key":"Toy Ornithopter"}],"event_choices":[{"damage_healed":0,"gold_gain":75,"player_choice":"Gather Gold","damage_taken":11,"max_hp_gain":0,"max_hp_loss":0,"event_name":"World of Goop","floor":3,"gold_loss":0},{"damage_healed":17,"gold_gain":0,"player_choice":"Healed","damage_taken":0,"max_hp_gain":0,"max_hp_loss":0,"event_name":"The Cleric","floor":4,"gold_loss":35},{"damage_healed":0,"gold_gain":0,"player_choice":"Trade","damage_taken":0,"relics_obtained":["GremlinMask"],"max_hp_gain":0,"max_hp_loss":0,"event_name":"FaceTrader","floor":5,"gold_loss":0},{"damage_healed":0,"gold_gain":0,"player_choice":"Success","damage_taken":11,"relics_obtained":["Gambling Chip"],"max_hp_gain":0,"max_hp_loss":0,"event_name":"Scrap Ooze","floor":11,"gold_loss":0},{"cards_removed":["Strike_B"],"damage_healed":0,"gold_gain":0,"player_choice":"Gave Gold","damage_taken":0,"max_hp_gain":0,"max_hp_loss":0,"event_name":"Beggar","floor":19,"gold_loss":75},{"damage_healed":0,"gold_gain":0,"player_choice":"Ignored","damage_taken":0,"max_hp_gain":0,"max_hp_loss":0,"event_name":"Cursed Tome","floor":20,"gold_loss":0},{"damage_healed":0,"gold_gain":0,"player_choice":"Upgraded Two","damage_taken":0,"max_hp_gain":0,"max_hp_loss":0,"event_name":"Designer","floor":22,"gold_loss":50,"cards_upgraded":["Hologram","Barrage"]}],"is_beta":false,"boss_relics":[{"not_picked":["Philosopher\u0027s Stone","SacredBark"],"picked":"Snecko Eye"}],"items_purged_floors":[],"is_endless":false,"potions_floor_spawned":[7,10,13],"killed_by":"Snecko","ascension_level":20}}