{"host":"2se5dq1do2gp0x9k","time":1610926691,"event":{"mods":["AchievementEnabler","BaseMod","Block Reminder","Colored Map","Colored Powertips","Minty Spire (QoL Compilation)","Relic Stats","StSLib","SuperFastMode"],"gold_per_floor":[111,125,143,108,108,108,121,153,153,50,64,114,141,57,57,136,136,155,167,37,56,71,71,12,12,12],"floor_reached":25,"language":"ENG","playtime":873,"items_purged":["Strike_B","Strike_B"],"score":426,"play_id":"2ecc28d0-bdd8-4310-8772-170da98043d0","local_time":"20210117153811","is_ascension_mode":true,"campfire_choices":[{"data":"Zap","floor":6.0,"key":"SMITH"},{"data":"Rainbow","floor":15.0,"key":"SMITH"},{"floor":23,"key":"REST"}],"circlet_count":0,"master_deck":["AscendersBane","Defend_B","Defend_B","Defend_B","Defend_B","Zap+1","Dualcast","Hologram","Defragment+1","Compile Driver","Rainbow+1","Doom and Gloom","Coolheaded","Ball Lightning","Loop+1","Echo Form+1","Cold Snap","Coolheaded","Coolheaded"],"relics":["Velvet Choker","Anchor","Frozen Egg 2","Torii","Empty Cage"],"acts_visited":["Exordium","TheCity"],"potions_floor_usage":[22],"damage_taken":[{"damage":0.0,"enemies":"Cultist","floor":1.0,"turns":4.0},{"damage":6.0,"enemies":"Small Slimes","floor":2.0,"turns":4.0},{"damage":14.0,"enemies":"Jaw Worm","floor":3.0,"turns":4.0},{"damage":3.0,"enemies":"Looter","floor":7.0,"turns":4.0},{"damage":12.0,"enemies":"Lagavulin","floor":8.0,"turns":7.0},{"damage":0.0,"enemies":"Gremlin Gang","floor":11.0,"turns":3.0},{"damage":6.0,"enemies":"3 Sentries","floor":13.0,"turns":7.0},{"damage":1.0,"enemies":"The Guardian","floor":16.0,"turns":7.0},{"damage":1,"enemies":"Chosen","floor":18,"turns":5},{"damage":21,"enemies":"3 Byrds","floor":19,"turns":4},{"damage":1,"enemies":"Sentry and Sphere","floor":21,"turns":6},{"damage":13,"enemies":"Snake Plant","floor":22,"turns":4},{"damage":55,"enemies":"Gremlin Leader","floor":25,"turns":7}],"seed_played":"-2984888597841197395","potions_obtained":[{"floor":2.0,"key":"Block Potion"},{"floor":7.0,"key":"EssenceOfDarkness"},{"floor":11.0,"key":"Energy Potion"}],"is_trial":false,"path_per_floor":["M","M","M","?","?","R","M","E","T","$","M","?","E","$","R","B",null,"M","M","$","M","M","R","$","E"],"character_chosen":"DEFECT","items_purchased":["Coolheaded","Loop+1","Coolheaded","Coolheaded"],"campfire_rested":1,"item_purchase_floors":[10,14,20,24],"current_hp_per_floor":[64,58,44,61,61,61,58,46,46,46,46,46,40,40,40,39,63,62,41,41,40,27,48,48,0,0],"gold":12,"neow_bonus":"BOSS_RELIC","is_daily":false,"chose_seed":false,"campfire_upgraded":2,"win_rate":0.0,"timestamp":1610926691,"path_taken":["M","M","M","?","?","R","M","E","T","?","M","?","E","$","R","BOSS","M","M","$","M","?","R","?","E"],"items_purchased_type":["Card","Card","Card","Card"],"build_version":"2020-12-22","purchased_purges":2,"victory":false,"max_hp_per_floor":[71,71,71,71,71,71,71,71,71,71,71,71,71,71,71,71,71,71,71,71,71,71,71,71,71,71],"relic_stats":{"Torii":9,"counters":[13,66],"obtain_stats":[{"Anchor":8,"Torii":13,"Velvet Choker":0,"Frozen Egg 2":9,"Cracked Core":0,"Empty Cage":17},{"Anchor":5,"Torii":7,"Velvet Choker":0,"Frozen Egg 2":5,"Cracked Core":0,"Empty Cage":8},{"Anchor":23,"Torii":33,"Velvet Choker":0,"Frozen Egg 2":23,"Cracked Core":0,"Empty Cage":40}]},"card_choices":[{"not_picked":["Stack","Blizzard"],"picked":"Hologram","floor":1.0},{"not_picked":["Compile Driver","Conserve Battery"],"picked":"Defragment","floor":2.0},{"not_picked":["Fusion","Coolheaded"],"picked":"Compile Driver","floor":3.0},{"not_picked":["Beam Cell","Coolheaded"],"picked":"Rainbow","floor":7.0},{"not_picked":["Redo","Heatsinks"],"picked":"Doom and Gloom","floor":8.0},{"not_picked":["Streamline","Fusion","Blizzard"],"picked":"SKIP","floor":11.0},{"not_picked":["Barrage","White Noise"],"picked":"Ball Lightning","floor":13.0},{"not_picked":["Multi-Cast","Creative AI+1"],"picked":"Echo Form+1","floor":16.0},{"not_picked":["Genetic Algorithm","Redo"],"picked":"Cold Snap","floor":18},{"not_picked":["Conserve Battery","Ball Lightning","Beam Cell"],"picked":"SKIP","floor":19},{"not_picked":["Streamline","Gash","Stack"],"picked":"SKIP","floor":21},{"not_picked":["Streamline","Heatsinks+1","Gash"],"picked":"SKIP","floor":22}],"player_experience":3899463,"relics_obtained":[{"floor":8.0,"key":"Anchor"},{"floor":9.0,"key":"Frozen Egg 2"},{"floor":13.0,"key":"Torii"}],"event_choices":[{"damage_healed":17.0,"max_hp_gain":0.0,"max_hp_loss":0.0,"gold_gain":0.0,"event_name":"The Cleric","player_choice":"Healed","floor":4.0,"gold_loss":35.0,"damage_taken":0.0},{"damage_healed":0.0,"max_hp_gain":0.0,"max_hp_loss":0.0,"gold_gain":0.0,"event_name":"Living Wall","player_choice":"Grow","floor":5.0,"gold_loss":0.0,"damage_taken":0.0,"cards_upgraded":["Defragment"]},{"damage_healed":0.0,"max_hp_gain":0.0,"max_hp_loss":0.0,"gold_gain":50.0,"event_name":"Golden Shrine","player_choice":"Pray","floor":12.0,"gold_loss":0.0,"damage_taken":0.0}],"is_beta":false,"boss_relics":[{"not_picked":["Runic Pyramid","Ectoplasm"],"picked":"Empty Cage"}],"items_purged_floors":[10,20],"is_endless":false,"potions_floor_spawned":[2,7,11,16,19],"killed_by":"Gremlin Leader","ascension_level":20}}