{"host":"e6sgj53qqwx3piqv","time":1610927693,"event":{"mods":["AchievementEnabler","Aspiration","BaseMod","BetterRewards","Colored Powertips","Downfall","Hermit","Hubris","Infinite Spire","Minty Spire (QoL Compilation)","Quick Restart","Rare Cards Sparkle","Shop Mod","StSLib","The Cursed","The Disciple","The Jungle","The Runesmith"],"gold_per_floor":[99,115,115,125,125,145,192,192,221,221,221,249,266,22,38,38,38,38],"floor_reached":16,"language":"ENG","playtime":1287,"items_purged":[],"score":110,"play_id":"30e4e2c2-2072-4165-bd8f-dfb4b0bdf6c6","local_time":"20210117185453","is_ascension_mode":false,"campfire_choices":[{"data":"Guardian:CurlUp","floor":1,"key":"SMITH"},{"data":"Guardian:SentryBeam","floor":10,"key":"SMITH"}],"circlet_count":0,"master_deck":["Guardian:Strike_Guardian","Guardian:Strike_Guardian","Guardian:Strike_Guardian","Guardian:Strike_Guardian","Guardian:Defend_Guardian","Guardian:Defend_Guardian","Guardian:Defend_Guardian","Guardian:Defend_Guardian","Guardian:CurlUp+1","Guardian:TwinSlam","Guardian:SentryBeam+1","Guardian:Clone","Guardian:TimeCapacitor","Guardian:Gem_Crimson","Guardian:ExploitGems","Guardian:Gem_Green","Guardian:PrismaticBeam","Guardian:Gem_Yellow","Guardian:FloatingOrbs","Guardian:RollAttack","Guardian:Gem_Lightblue"],"relics":["Guardian:ModeShifter","Omamori","hubris:Icosahedron","Regal Pillow","Singing Bowl","hubris:CrystalStatue"],"acts_visited":["Exordium"],"potions_floor_usage":[],"damage_taken":[{"damage":7,"enemies":"2 Louse","floor":2,"turns":3},{"damage":0,"enemies":"Cultist","floor":4,"turns":5},{"damage":0,"enemies":"Small Slimes","floor":6,"turns":3},{"damage":13,"enemies":"Lagavulin","floor":9,"turns":9},{"damage":55,"enemies":"Gremlin Nob","floor":12,"turns":7},{"damage":2,"enemies":"Blue Slaver","floor":13,"turns":4},{"damage":2,"enemies":"downfall:FleeingMerchant","floor":14,"turns":4},{"damage":3,"enemies":"Exordium Thugs","floor":15,"turns":5},{"damage":12,"enemies":"IC_STATUS_ARCHETYPE","floor":16,"turns":2}],"seed_played":"7522564011416664696","potions_obtained":[{"floor":12,"key":"Guardian:AcceleratePotion"},{"floor":15,"key":"SneckoOil"}],"is_trial":false,"path_per_floor":["R","M","?","M","?","M","T","?","E","R","T","E","M","$","M","B"],"character_chosen":"GUARDIAN","items_purchased":["Guardian:PrismaticBeam","Guardian:Gem_Yellow","Guardian:FloatingOrbs","Guardian:RollAttack"],"campfire_rested":0,"item_purchase_floors":[14,14,14,14],"current_hp_per_floor":[88,81,81,81,81,81,81,81,68,68,68,13,11,9,6,0,0,0],"gold":38,"neow_bonus":"TEN_PERCENT_HP_BONUS","is_daily":false,"chose_seed":false,"campfire_upgraded":2,"win_rate":0.0,"timestamp":1610927693,"path_taken":["R","M","?","?","?","M","T","?","E","R","?","E","?","$","M","BOSS"],"items_purchased_type":["Card","Card","Card","Card"],"build_version":"2020-12-22","purchased_purges":0,"victory":false,"max_hp_per_floor":[88,88,88,88,88,88,88,88,88,88,88,88,88,88,88,88,88,88],"card_choices":[{"not_picked":["Guardian:Harden","Guardian:TemporalStrike"],"picked":"Guardian:SentryBeam","floor":2},{"not_picked":["Guardian:Reroute","Guardian:RollAttack"],"picked":"Guardian:Clone","floor":4},{"not_picked":["Guardian:PrismaticBarrier","Guardian:TimeBomb"],"picked":"Guardian:Gem_Cyan","floor":6},{"not_picked":["Guardian:ShieldCharger","Guardian:TimeCapacitor"],"picked":"Guardian:Gem_Crimson","floor":9},{"not_picked":["Guardian:WalkerClaw","Guardian:PolyBeam"],"picked":"Guardian:Gem_Crimson","floor":12},{"not_picked":["Guardian:BronzeArmor","Guardian:TemporalShield"],"picked":"Guardian:ExploitGems","floor":13},{"not_picked":["Guardian:Harden","Guardian:VentSteam"],"picked":"Guardian:Gem_Green","floor":14},{"not_picked":["Guardian:Incinerate","Guardian:PiercingHide"],"picked":"Guardian:Gem_Lightblue","floor":15}],"player_experience":146362,"relics_obtained":[{"floor":7,"key":"Omamori"},{"floor":9,"key":"Regal Pillow"},{"floor":11,"key":"Singing Bowl"},{"floor":12,"key":"hubris:CrystalStatue"}],"event_choices":[],"is_beta":false,"boss_relics":[],"items_purged_floors":[],"is_endless":false,"potions_floor_spawned":[12,15],"killed_by":"IC_STATUS_ARCHETYPE","ascension_level":0}}