{"host":"wogey4gsknv4ot2d","time":1610854699,"event":{"mods":["2.2 Compatiblity","AchievementEnabler","BaseMod","Bestiary","Better Third Choice","Colored Map","Colored Powertips","Googly Eyes","Key Reminder","Minty Spire (QoL Compilation)","Permanent Neow","Rare Cards Sparkle","Relic Stats","StSLib"],"gold_per_floor":[109,109,109,109,119,154,154,174,200,43,43,54,68,80,80,180,180,180,180,180,180,31,31,31,31],"floor_reached":24,"language":"ENG","playtime":1086,"items_purged":[],"score":198,"play_id":"e7fa9570-4a16-4dba-9d41-7f41acb49a08","local_time":"20210116213819","is_ascension_mode":false,"campfire_choices":[{"floor":7,"key":"REST"},{"floor":11,"key":"REST"},{"floor":15,"key":"REST"},{"floor":23,"key":"REST"}],"circlet_count":0,"master_deck":["Strike_B","Strike_B","Strike_B","Defend_B+1","Defend_B","Defend_B","Defend_B+1","Zap+1","Dualcast","Stack","Static Discharge","Stack","Go for the Eyes","Ball Lightning","Steam","Consume","Multi-Cast","Barrage","Sweeping Beam","J.A.X.","Skim","Go for the Eyes","Capacitor","BootSequence","Doom and Gloom+1","Capacitor+1"],"relics":["Cracked Core","War Paint","Blood Vial","Gremlin Horn","Regal Pillow","PreservedInsect","Ectoplasm","Orrery"],"acts_visited":["Exordium","TheCity"],"potions_floor_usage":[16,16,21],"damage_taken":[{"damage":0,"enemies":"Small Slimes","floor":1,"turns":3},{"damage":0,"enemies":"2 Louse","floor":5,"turns":3},{"damage":35,"enemies":"3 Sentries","floor":6,"turns":7},{"damage":2,"enemies":"Cultist","floor":8,"turns":4},{"damage":6,"enemies":"3 Louse","floor":12,"turns":3},{"damage":17,"enemies":"Exordium Thugs","floor":13,"turns":4},{"damage":11,"enemies":"Large Slime","floor":14,"turns":5},{"damage":21,"enemies":"The Guardian","floor":16,"turns":10},{"damage":24,"enemies":"Spheric Guardian","floor":18,"turns":6},{"damage":21,"enemies":"Chosen","floor":19,"turns":6},{"damage":20,"enemies":"Snake Plant","floor":21,"turns":4},{"damage":61,"enemies":"Gremlin Leader","floor":24,"turns":6}],"seed_played":"7437915617886369342","potions_obtained":[{"floor":13,"key":"Dexterity Potion"},{"floor":14,"key":"BlessingOfTheForge"},{"floor":16,"key":"Fire Potion"}],"is_trial":false,"path_per_floor":["M","?","?","?","M","E","R","M","T","$","R","M","M","M","R","B",null,"M","M","?","M","$","R","E"],"character_chosen":"DEFECT","items_purchased":["PreservedInsect","Orrery"],"campfire_rested":4,"item_purchase_floors":[10,22],"current_hp_per_floor":[75,57,42,42,44,11,33,33,33,33,70,66,51,42,75,54,75,51,32,32,14,14,51,0,0],"gold":31,"neow_bonus":"RANDOM_COMMON_RELIC","is_daily":false,"chose_seed":false,"campfire_upgraded":0,"win_rate":0.0,"timestamp":1610854699,"path_taken":["M","?","?","?","M","E","R","M","T","$","R","?","M","M","R","BOSS","M","M","?","M","$","R","E"],"items_purchased_type":["Relic","Relic"],"build_version":"2020-12-22","purchased_purges":0,"victory":false,"max_hp_per_floor":[75,75,75,75,75,75,75,75,75,75,75,75,75,75,75,75,75,75,75,75,75,75,75,75,75],"relic_stats":{"Blood Vial":18,"Regal Pillow":41,"Gremlin Horn":[6,6],"counters":[12,61],"PreservedInsect":45,"Ectoplasm":44,"War Paint":["Defend_B","Zap"],"obtain_stats":[{"Blood Vial":2,"Regal Pillow":9,"Gremlin Horn":6,"Orrery":22,"PreservedInsect":10,"Ectoplasm":17,"War Paint":0,"Cracked Core":0},{"Blood Vial":1,"Regal Pillow":4,"Gremlin Horn":3,"Orrery":11,"PreservedInsect":4,"Ectoplasm":8,"War Paint":0,"Cracked Core":0},{"Blood Vial":3,"Regal Pillow":17,"Gremlin Horn":13,"Orrery":55,"PreservedInsect":17,"Ectoplasm":39,"War Paint":0,"Cracked Core":0}]},"card_choices":[{"not_picked":["Barrage","Rip and Tear"],"picked":"Stack","floor":1},{"not_picked":["Loop","Skim"],"picked":"Static Discharge","floor":5},{"not_picked":["Cold Snap","Sunder"],"picked":"Stack","floor":6},{"not_picked":["Cold Snap","Compile Driver"],"picked":"Go for the Eyes","floor":8},{"not_picked":["Skim","Rip and Tear"],"picked":"Ball Lightning","floor":12},{"not_picked":["Barrage","Lockon"],"picked":"Steam","floor":13},{"not_picked":["FTL","Compile Driver"],"picked":"Consume","floor":14},{"not_picked":["Fission","Amplify"],"picked":"Multi-Cast","floor":16},{"not_picked":["Steam","Ball Lightning"],"picked":"Barrage","floor":18},{"not_picked":["Turbo","Hello World"],"picked":"Sweeping Beam","floor":19},{"not_picked":["Turbo+1","Chill"],"picked":"Skim","floor":21},{"not_picked":["Barrage","Fission"],"picked":"Go for the Eyes","floor":22},{"not_picked":["Steam","Storm"],"picked":"Capacitor","floor":22},{"not_picked":["Defragment+1","Hologram"],"picked":"BootSequence","floor":22},{"not_picked":["Cold Snap","Compile Driver"],"picked":"Doom and Gloom+1","floor":22},{"not_picked":["Streamline+1","Biased Cognition"],"picked":"Capacitor+1","floor":22}],"player_experience":36743,"relics_obtained":[{"floor":6,"key":"Gremlin Horn"},{"floor":9,"key":"Regal Pillow"}],"event_choices":[{"damage_healed":0,"gold_gain":0,"player_choice":"Relic ","damage_taken":18,"max_hp_gain":0,"max_hp_loss":0,"event_name":"betterThird:BetterScrap","floor":2,"gold_loss":0,"cards_obtained":["Bouncing Flask"]},{"damage_healed":57,"gold_gain":0,"player_choice":"Upgrade","damage_taken":15,"max_hp_gain":0,"max_hp_loss":75,"event_name":"betterThird:BetterShining","floor":3,"gold_loss":0,"cards_upgraded":["Strike_B","Defend_B"]},{"cards_removed":["Strike_B"],"damage_healed":0,"gold_gain":0,"player_choice":"Offered Basic","damage_taken":0,"max_hp_gain":0,"max_hp_loss":0,"event_name":"Bonfire Elementals","floor":4,"gold_loss":0},{"damage_healed":0,"gold_gain":0,"player_choice":"Obtain J.A.X.","damage_taken":0,"max_hp_gain":0,"max_hp_loss":0,"event_name":"Drug Dealer","floor":20,"gold_loss":0,"cards_obtained":["J.A.X."]}],"is_beta":false,"boss_relics":[{"not_picked":["Cursed Key","FrozenCore"],"picked":"Ectoplasm"}],"items_purged_floors":[],"is_endless":false,"potions_floor_spawned":[13,14,16],"killed_by":"Gremlin Leader","ascension_level":0}}