{"host":"z9811rt50ti81n54","time":1610878586,"event":{"mods":["BaseMod","Better Match","Better Skull","Better Third Choice","Minty Spire (QoL Compilation)","Permanent Neow","StSLib","SuperFastMode"],"gold_per_floor":[119,69,29,49,49,81,6,6,6,23,23,56,70,30,30,127,127,139,150,50,50,69,100,100,126,126,126,143,143,18,18,18,116,116,131,240,23,39,49,49,49,49,73,84,84,101,101,23,23,23],"floor_reached":51,"language":"ENG","playtime":1462,"items_purged":["Strike_R","Anger","Writhe","Twin Strike+1"],"score":726,"play_id":"0d8de7f5-5de1-4be5-b59b-4fa85cbfe65f","local_time":"20210117191626","is_ascension_mode":false,"campfire_choices":[{"data":"Shockwave","floor":8,"key":"SMITH"},{"data":"Rampage","floor":11,"key":"SMITH"},{"data":"Corruption","floor":15,"key":"SMITH"},{"data":"Impervious","floor":24,"key":"SMITH"},{"data":"Impervious","floor":27,"key":"SMITH"},{"data":"Shockwave","floor":32,"key":"SMITH"},{"floor":40,"key":"REST"},{"data":"Disarm","floor":42,"key":"SMITH"},{"data":"Power Through","floor":45,"key":"SMITH"},{"data":"Power Through","floor":47,"key":"SMITH"},{"floor":49,"key":"REST"}],"circlet_count":0,"master_deck":["Defend_R","Defend_R","Bash","Shockwave+1","Impervious+1","Rampage+1","Power Through+1","Second Wind","Combust","Corruption+1","Cleave+1","Impervious+1","Barricade+1","Rupture+1","Body Slam+1","Shockwave+1","Shrug It Off+1","Berserk+1","Power Through+1","Exhume+1","Whirlwind+1","Disarm+1"],"relics":["Burning Blood","Gambling Chip","Molten Egg 2","Mango","Astrolabe","Red Mask","Boot","Mercury Hourglass","Kunai","Snecko Eye","Red Skull","Centennial Puzzle","Lantern"],"acts_visited":["Exordium","TheCity","TheBeyond"],"potions_floor_usage":[6,14,16,33,33,36,50,50,50],"damage_taken":[{"damage":21,"enemies":"Jaw Worm","floor":1,"turns":6},{"damage":5,"enemies":"Small Slimes","floor":4,"turns":4},{"damage":25,"enemies":"3 Sentries","floor":6,"turns":12},{"damage":0,"enemies":"2 Louse","floor":10,"turns":3},{"damage":8,"enemies":"Lagavulin","floor":12,"turns":6},{"damage":3,"enemies":"Lots of Slimes","floor":13,"turns":3},{"damage":58,"enemies":"Hexaghost","floor":16,"turns":6},{"damage":11,"enemies":"Spheric Guardian","floor":18,"turns":6},{"damage":2,"enemies":"Shell Parasite","floor":19,"turns":4},{"damage":14,"enemies":"Sentry and Sphere","floor":22,"turns":5},{"damage":27,"enemies":"Masked Bandits","floor":23,"turns":6},{"damage":6,"enemies":"Shelled Parasite and Fungi","floor":28,"turns":5},{"damage":23,"enemies":"Collector","floor":33,"turns":8},{"damage":2,"enemies":"Orb Walker","floor":35,"turns":3},{"damage":0,"enemies":"3 Shapes","floor":38,"turns":3},{"damage":0,"enemies":"Jaw Worm Horde","floor":39,"turns":4},{"damage":4,"enemies":"Transient","floor":44,"turns":5},{"damage":0,"enemies":"Spire Growth","floor":46,"turns":3},{"damage":0,"enemies":"Awakened One","floor":50,"turns":7}],"seed_played":"-6392332547202082128","potions_obtained":[{"floor":4,"key":"SkillPotion"},{"floor":12,"key":"BloodPotion"},{"floor":13,"key":"Dexterity Potion"},{"floor":14,"key":"SmokeBomb"},{"floor":14,"key":"AttackPotion"},{"floor":16,"key":"Explosive Potion"},{"floor":18,"key":"GamblersBrew"},{"floor":22,"key":"SkillPotion"},{"floor":33,"key":"BloodPotion"},{"floor":39,"key":"Weak Potion"},{"floor":46,"key":"ElixirPotion"}],"is_trial":false,"path_per_floor":["M","?","$","M","?","E","$","R","T","M","R","E","M","?","R","B",null,"M","M","$","?","M","?","R","T","T","R","M","?","$","?","R","B",null,"M","?","$","M","M","R","$","R","T","M","R","M","R","$","R","B",null],"character_chosen":"IRONCLAD","items_purchased":["Rampage","Whirlwind+1","DuplicationPotion"],"campfire_rested":2,"item_purchase_floors":[3,37,48],"current_hp_per_floor":[65,65,65,66,59,40,40,40,40,46,46,58,61,79,79,27,94,89,93,93,93,85,64,64,64,64,64,64,64,64,64,64,47,94,94,31,31,37,43,71,71,71,71,73,73,79,79,79,94,94],"gold":23,"neow_bonus":"TRANSFORM_TWO_CARDS","is_daily":false,"chose_seed":false,"campfire_upgraded":9,"win_rate":0.0,"timestamp":1610878586,"path_taken":["M","?","$","M","?","E","$","R","T","M","R","E","M","?","R","BOSS","M","?","$","?","M","?","R","?","T","R","?","?","?","?","R","BOSS","M","?","$","M","M","R","$","R","T","M","R","M","R","?","R","BOSS"],"items_purchased_type":["Card","Card","Potion"],"build_version":"2020-12-22","purchased_purges":4,"victory":true,"max_hp_per_floor":[80,80,80,80,80,80,80,80,80,80,80,94,94,94,94,94,94,94,94,94,94,94,94,94,94,94,94,94,94,94,94,94,94,94,94,94,94,94,94,94,94,94,94,94,94,94,94,94,94,94],"card_choices":[{"not_picked":["Pummel","Thunderclap"],"picked":"Anger","floor":1},{"not_picked":["Hemokinesis","Carnage"],"picked":"Power Through","floor":4},{"not_picked":["Sentinel","Searing Blow"],"picked":"Second Wind","floor":6},{"not_picked":["Havoc","Anger+1"],"picked":"Combust","floor":10},{"not_picked":["Uppercut+1","Pommel Strike+1"],"picked":"Corruption","floor":12},{"not_picked":["Sword Boomerang+1","Ghostly Armor"],"picked":"Cleave+1","floor":13},{"not_picked":["Demon Form","Double Tap"],"picked":"Impervious","floor":16},{"not_picked":["Flex+1","Warcry","Inflame"],"picked":"SKIP","floor":18},{"not_picked":["Metallicize","Twin Strike+1"],"picked":"Body Slam+1","floor":19},{"not_picked":["Sword Boomerang+1","Armaments"],"picked":"Shrug It Off","floor":22},{"not_picked":["Pummel+1","Warcry"],"picked":"Berserk","floor":23},{"not_picked":["Pummel+1","Rage+1"],"picked":"Power Through","floor":28},{"not_picked":["Fiend Fire+1","Brutality"],"picked":"Exhume","floor":33},{"not_picked":["Blood for Blood+1","Iron Wave+1","Dropkick+1"],"picked":"SKIP","floor":35},{"not_picked":["Perfected Strike+1","Metallicize"],"picked":"Disarm","floor":38},{"not_picked":["Infernal Blade+1","Body Slam+1","Clothesline+1"],"picked":"SKIP","floor":39},{"not_picked":["Anger+1","Clash+1","Cleave+1"],"picked":"SKIP","floor":44},{"not_picked":["Bloodletting","Ghostly Armor","Dual Wield"],"picked":"SKIP","floor":46}],"player_experience":388707,"relics_obtained":[{"floor":6,"key":"Gambling Chip"},{"floor":9,"key":"Molten Egg 2"},{"floor":12,"key":"Mango"},{"floor":23,"key":"Red Mask"},{"floor":25,"key":"Boot"},{"floor":26,"key":"Mercury Hourglass"},{"floor":43,"key":"Lantern"}],"event_choices":[{"cards_removed":["Doubt"],"damage_healed":0,"gold_gain":0,"player_choice":"Card Removal","damage_taken":0,"max_hp_gain":0,"max_hp_loss":0,"event_name":"The Cleric","floor":2,"gold_loss":50},{"cards_removed":["Strike_R"],"damage_healed":0,"gold_gain":0,"player_choice":"Card Removal","damage_taken":7,"max_hp_gain":0,"max_hp_loss":0,"event_name":"Golden Wing","floor":5,"gold_loss":0},{"damage_healed":0,"gold_gain":0,"player_choice":"Bought 3 Potions","damage_taken":0,"max_hp_gain":0,"max_hp_loss":0,"event_name":"The Woman in Blue","floor":14,"gold_loss":0},{"damage_healed":0,"gold_gain":0,"player_choice":"Read","damage_taken":0,"max_hp_gain":0,"max_hp_loss":0,"event_name":"The Library","floor":21,"gold_loss":0,"cards_obtained":["Shockwave"]},{"damage_healed":0,"gold_gain":0,"player_choice":"Fought Bandits","damage_taken":0,"max_hp_gain":0,"max_hp_loss":0,"event_name":"Masked Bandits","floor":23,"gold_loss":0},{"damage_healed":0,"gold_gain":0,"player_choice":"Opened","damage_taken":0,"relics_obtained":["Kunai"],"max_hp_gain":0,"max_hp_loss":0,"event_name":"The Mausoleum","floor":29,"gold_loss":0,"cards_obtained":["Writhe"]},{"damage_healed":0,"gold_gain":0,"player_choice":"Upgraded","damage_taken":0,"max_hp_gain":0,"max_hp_loss":0,"event_name":"Upgrade Shrine","floor":31,"gold_loss":0,"cards_upgraded":["Berserk"]},{"damage_healed":0,"gold_gain":109,"player_choice":"RE UP GO UP RE ","damage_taken":90,"relics_obtained":["Red Skull","Centennial Puzzle"],"max_hp_gain":0,"max_hp_loss":0,"event_name":"betterSkull:BetterSkull","floor":36,"gold_loss":0,"cards_upgraded":["Shrug It Off","Exhume"]}],"is_beta":false,"boss_relics":[{"not_picked":["Calling Bell","Runic Dome"],"picked":"Astrolabe"},{"not_picked":["Velvet Choker","Tiny House"],"picked":"Snecko Eye"}],"items_purged_floors":[7,20,30,37],"is_endless":false,"potions_floor_spawned":[4,12,13,16,18,22,33,39,46],"ascension_level":0}}