{"host":"u94b8se4p65mmtuf","time":1610897043,"event":{"mods":["BaseMod","Hubris","Infinite Spire","Jorbs\u0027s Wanderer Trilogy","Minty Spire (QoL Compilation)","Replay The Spire","StSLib","SuperFastMode","The Animator","The Jungle"],"gold_per_floor":[109,109,131,149,169,204,204,218,218,218,218,88,104,135,135,248,248,271,271,289,300,215,215,215],"floor_reached":23,"language":"ENG","playtime":1150,"items_purged":["animator:Strike"],"score":195,"play_id":"cafc8675-8c6a-46cc-b767-8e001b8d110b","local_time":"20210117102403","is_ascension_mode":false,"campfire_choices":[{"data":"animator:RoyMustang","floor":7,"key":"SMITH"},{"floor":15,"key":"REST"}],"circlet_count":0,"master_deck":["animator:Strike_FullmetalAlchemist","animator:Defend_FullmetalAlchemist","animator:Strike","animator:Defend","animator:Defend","animator:Defend","animator:ElricEdward","animator:ElricAlphonse","animator:Raven+1","animator:RoyMustang+1","animator:Aisha","animator:ElricEdward","animator:Gluttony","animator:Pride+1","animator:Gluttony","animator:Scar","animator:Kyubey","CommonCold","CommonCold","stsjorbsmod:Withering","animator:TukaLunaMarceau","Necronomicurse","animator:ElricAlphonse"],"relics":["animator:TheMissingPiece","animator:PurgingStone","Ring of Chaos","hubris:BottledRain","Iron Hammer","Replay:Ancient Bell","Smiling Mask","Mummified Hand","CaptainsWheel","Necronomicon","infinitespire:Lucky Rock"],"acts_visited":["Exordium","TheCity"],"potions_floor_usage":[13,14,16,21,23],"damage_taken":[{"damage":6,"enemies":"2 Louse","floor":1,"turns":3},{"damage":0,"enemies":"Cultist","floor":3,"turns":3},{"damage":0,"enemies":"Small Slimes","floor":4,"turns":2},{"damage":16,"enemies":"Blue Slaver","floor":5,"turns":4},{"damage":22,"enemies":"Lagavulin","floor":6,"turns":6},{"damage":19,"enemies":"3 Louse","floor":8,"turns":3},{"damage":0,"enemies":"2 Fungi Beasts","floor":13,"turns":3},{"damage":0,"enemies":"Exordium Wildlife","floor":14,"turns":4},{"damage":24,"enemies":"Fading Forest","floor":16,"turns":11},{"damage":10,"enemies":"Chosen","floor":18,"turns":4},{"damage":14,"enemies":"Shell Parasite","floor":20,"turns":3},{"damage":12,"enemies":"Shelled Parasite and Fungi","floor":21,"turns":4},{"damage":27,"enemies":"Slavers","floor":23,"turns":2}],"seed_played":"4049307240867592226","potions_obtained":[{"floor":3,"key":"Strength Potion"},{"floor":8,"key":"GamblersBrew"},{"floor":13,"key":"Swift Potion"},{"floor":16,"key":"LiquidBronze"},{"floor":18,"key":"SteroidPotion"}],"is_trial":false,"path_per_floor":["M","?","M","M","M","E","R","M","T","?","?","$","M","M","R","B",null,"M","?","M","M","?","E"],"character_chosen":"THE_ANIMATOR","items_purchased":["animator:Pride+1"],"campfire_rested":1,"item_purchase_floors":[12],"current_hp_per_floor":[60,60,60,60,44,23,23,4,4,4,4,4,4,4,24,22,67,59,43,33,21,21,0,0],"gold":215,"neow_bonus":"BOSS_RELIC","is_daily":false,"chose_seed":false,"campfire_upgraded":1,"win_rate":0.0,"timestamp":1610897043,"path_taken":["M","?","?","M","M","E","R","M","T","?","?","$","?","M","R","BOSS","M","?","M","M","?","E"],"items_purchased_type":["Card"],"build_version":"2020-12-22","purchased_purges":1,"victory":false,"max_hp_per_floor":[66,66,66,66,66,67,67,67,67,67,67,67,67,67,67,67,67,67,67,67,67,67,67,67],"card_choices":[{"not_picked":["animator:RoryMercury","animator:PandorasActor"],"picked":"animator:Raven","floor":1},{"not_picked":["animator:Demiurge","animator:Sloth"],"picked":"animator:RoyMustang","floor":3},{"not_picked":["animator:HighElfArcher","animator:IrohaTamaki"],"picked":"animator:Aisha","floor":4},{"not_picked":["animator:ElricAlphonse","animator:Gluttony"],"picked":"animator:ElricEdward","floor":5},{"not_picked":["animator:ElricEdward","animator:ElricAlphonse"],"picked":"animator:Gluttony","floor":6},{"not_picked":["animator:Alexander","animator:Caster","animator:Chung"],"picked":"SKIP","floor":8},{"not_picked":["animator:Berserker","animator:Priestess"],"picked":"animator:Gluttony","floor":13},{"not_picked":["animator:Sloth","animator:ElricAlphonse"],"picked":"animator:Scar","floor":14},{"not_picked":["animator:PinaCoLada","animator:Guren"],"picked":"animator:Kyubey","floor":16},{"not_picked":["Normality","Shame"],"picked":"CommonCold","floor":17},{"not_picked":["Normality","Regret"],"picked":"CommonCold","floor":17},{"not_picked":["hubris:Despair","animator:Curse_Greed"],"picked":"stsjorbsmod:Withering","floor":17},{"not_picked":["animator:YaoHaDucy","animator:ChaikaBohdan"],"picked":"animator:TukaLunaMarceau","floor":18},{"not_picked":["animator:Fredrika","animator:SayakaMiki","animator:Assassin"],"picked":"SKIP","floor":20},{"not_picked":["animator:Shalltear","animator:Assassin"],"picked":"animator:ElricAlphonse","floor":21}],"player_experience":112086,"relics_obtained":[{"floor":6,"key":"hubris:BottledRain"},{"floor":9,"key":"Iron Hammer"},{"floor":19,"key":"Necronomicon"}],"event_choices":[{"damage_healed":0,"gold_gain":0,"player_choice":"Upgraded","damage_taken":0,"max_hp_gain":0,"max_hp_loss":0,"event_name":"Upgrade Shrine","floor":2,"gold_loss":0,"cards_upgraded":["animator:Raven"]},{"cards_removed":["animator:Strike"],"damage_healed":0,"gold_gain":0,"player_choice":"Card Removal","damage_taken":0,"max_hp_gain":0,"max_hp_loss":0,"event_name":"Wheel of Change","floor":11,"gold_loss":0},{"damage_healed":0,"gold_gain":0,"player_choice":"Obtained Book","damage_taken":16,"max_hp_gain":0,"max_hp_loss":0,"event_name":"Cursed Tome","floor":19,"gold_loss":0},{"damage_healed":0,"gold_gain":0,"player_choice":"Obtained Relic","damage_taken":0,"relics_obtained":["infinitespire:Lucky Rock"],"max_hp_gain":0,"max_hp_loss":0,"event_name":"Addict","floor":22,"gold_loss":85}],"is_beta":false,"boss_relics":[{"not_picked":["SacredBark","ReplayTheSpireMod:SealedPack"],"picked":"Replay:Ancient Bell"},{"not_picked":["Gremlin Food","hubris:SlimyHat"],"picked":"Smiling Mask"},{"not_picked":["Mercury Hourglass","Eternal Feather"],"picked":"Mummified Hand"},{"not_picked":["hubris:MedicalManual","hubris:FunFungus"],"picked":"CaptainsWheel"}],"items_purged_floors":[12],"is_endless":false,"potions_floor_spawned":[3,8,13,16,18],"killed_by":"Slavers","ascension_level":0}}