{"host":"i0xrm7p89v8es8ob","time":1610878558,"event":{"mods":["ATMod(°¢èªMod)","AchievementEnabler","Act Like it!","Aspiration","BaseMod","Conspire","Dota2Spire","Minty Spire (QoL Compilation)","MostiFishMod","Pale of the Ancients","Permanent Neow","Quick Restart","Relic Stats","Replay The Spire","Spicy Shops","StSLib","The Gatherer","The IronCluck","The Marked","The Runesmith","[IsaacMod]ÒÔÈö¼âËþ","vexMod","¡¾ÒÅÎï¿¨ÅÆ¡¿REMEMod"],"gold_per_floor":[114,2,12,29,79,79,79,98,98,98,98,118,131,16,16,120,120,134,151,0,14,27,57,98,23,46,90,150,211,211,251,251,380,430,554,155,191,191,191,191,246,335,335,335,427,469,609,118,197,277,277],"floor_reached":50,"language":"ZHS","playtime":3198,"items_purged":["theMarked:Strike","theMarked:Strike","theMarked:Strike","theMarked:Strike"],"score":692,"play_id":"1f52c703-1c1d-4a0c-b6bc-6ff64b85cdec","local_time":"20210117181558","is_ascension_mode":false,"campfire_choices":[{"floor":6.0,"key":"REST"},{"data":"MostiFishMod:VineMother","floor":10.0,"key":"SMITH"},{"floor":15.0,"key":"DIG"},{"floor":32,"key":"DIG"},{"data":"MostiFishMod:NightSea","floor":40,"key":"SMITH"},{"data":"MostiFishMod:SparklingWater","floor":44,"key":"SMITH"}],"circlet_count":0,"master_deck":["theMarked:Defend+1","theMarked:Defend","theMarked:SoldierOfQuellstein","AT_OneInchPunch","MostiFishMod:VineMother+1","theMarked:EnhanceMovement","theMarked:Seal","theMarked:ChainLightning","theMarked:ChainLightning","theMarked:MysticalArsenal","theMarked:HeritageOfTheMarked+1","theMarked:WardOff+1","theMarked:Seal","theMarked:Frustration","theMarked:HeritageOfTheMarked","theMarked:BindingBlade","MostiFishMod:Neptune","MostiFishMod:TheEndOfMoonlight","MostiFishMod:SparklingWater+1","MostiFishMod:FantasySummer","MostiFishMod:NightSea+1","theMarked:BanishingWave","theMarked:DeterminationOfTheMarked","theMarked:BanishingStrike","theMarked:BanishingStrike","theMarked:BanishingStrike+1","ReplayTheSpireMod:From All Sides","Crippling Poison","MostiFishMod:FrostNova","theMarked:BindingBlade","theMarked:BanishingStrike+1","theMarked:Seal+1","theMarked:MysticalArsenal+1","theMarked:HeritageOfTheMarked"],"relics":["theMarked:ArtifactOfAir","REME_ComplimentaryCards","AT_ATBox","HushsDoor","DaveBox","SynthV","PokeGo","SynthV:TestCard","aspiration:HummingbirdHeart","Vajra","Blue Doll","aspiration:Nostalgia","m_RuneBlood","aspiration:HatOfInfinitePower","MoonlightInvasionPlan","conspire:TopHat","AT_MibuBalloonWealth","AT_ArchangelStaff","Smiling Mask","Ring of Fangs","SatanicBible","Tiny House","Damocles","Lantern","theMarked:DemonDagger","vexMod:PaidLearning","Dota2Spire:MagicBottle","Centennial Puzzle","conspire:GiftBox","Dota2Spire:LotusOrb","AT_ImmortalShieldbow","PreservedInsect","AT_EbonyIvory","AT_TimeSand","Dota2Spire:DrumOfEndurance","AT_BladeRuinedKing"],"acts_visited":["Exordium","TheCity","TheBeyond"],"potions_floor_usage":[33,33,33,35,50],"damage_taken":[{"damage":8.0,"enemies":"Small Slimes","floor":1.0,"turns":2.0},{"damage":0.0,"enemies":"Cultist","floor":3.0,"turns":3.0},{"damage":0.0,"enemies":"2 Louse","floor":4.0,"turns":2.0},{"damage":37.0,"enemies":"Hiden Room Battle","floor":5.0,"turns":6.0},{"damage":11.0,"enemies":"Large Slime","floor":8.0,"turns":4.0},{"damage":0.0,"enemies":"2 Fungi Beasts","floor":12.0,"turns":2.0},{"damage":0.0,"enemies":"Lots of Slimes","floor":13.0,"turns":2.0},{"damage":5.0,"enemies":"Slime Boss","floor":16.0,"turns":6.0},{"damage":0.0,"enemies":"Chosen","floor":18.0,"turns":3.0},{"damage":10.0,"enemies":"2 Thieves","floor":19.0,"turns":2.0},{"damage":4.0,"enemies":"Chosen and Byrds","floor":21.0,"turns":3.0},{"damage":0.0,"enemies":"Centurion and Healer","floor":22.0,"turns":3.0},{"damage":0.0,"enemies":"conspire:SneckoGhost","floor":23.0,"turns":5.0},{"damage":0.0,"enemies":"Snecko","floor":24.0,"turns":2.0},{"damage":0.0,"enemies":"Snake Plant","floor":27.0,"turns":3.0},{"damage":0.0,"enemies":"Centurion and Healer","floor":28.0,"turns":3.0},{"damage":0.0,"enemies":"Sentry and Sphere","floor":29.0,"turns":3.0},{"damage":0,"enemies":"Snake Plant","floor":31,"turns":3},{"damage":0,"enemies":"Champ","floor":33,"turns":7},{"damage":0,"enemies":"3 Shapes","floor":35,"turns":6},{"damage":0,"enemies":"Orb Walker","floor":37,"turns":2},{"damage":0,"enemies":"Nemesis","floor":41,"turns":9},{"damage":0,"enemies":"Jaw Worm Horde","floor":42,"turns":2},{"damage":3,"enemies":"Sphere and 2 Shapes","floor":45,"turns":3},{"damage":0,"enemies":"Maw","floor":46,"turns":5},{"damage":0,"enemies":"3 Darklings","floor":47,"turns":3},{"damage":0,"enemies":"Time Eater","floor":50,"turns":5}],"seed_played":"-8769232728264195720","potions_obtained":[{"floor":4.0,"key":"ColorlessPotion"},{"floor":8.0,"key":"AttackPotion"},{"floor":12.0,"key":"Block Potion"},{"floor":13.0,"key":"REME_GoldPotion"},{"floor":21.0,"key":"AttackPotion"},{"floor":24.0,"key":"AttackPotion"},{"floor":33,"key":"Death Potion"},{"floor":34,"key":"REME_GoldPotion"},{"floor":45,"key":"Energy Potion"},{"floor":46,"key":"ColorlessPotion"},{"floor":47,"key":"DuplicationPotion"}],"is_trial":false,"path_per_floor":["M","$","M","M","?","R","?","M","T","R","?","M","M","$","R","B",null,"M","M","$","M","M","E","M","$","T","M","M","M","?","M","R","B",null,"M","$","M","?","?","R","E","M","T","R","M","M","M","$","R","B"],"character_chosen":"THE_DEFAULT","items_purchased":["theMarked:ChainLightning","theMarked:HeritageOfTheMarked","aspiration:Nostalgia","conspire:TopHat","AT_ArchangelStaff","Damocles","theMarked:DemonDagger","vexMod:PaidLearning","AT_TimeSand","Dota2Spire:DrumOfEndurance","AT_BladeRuinedKing"],"campfire_rested":1,"item_purchase_floors":[2,14,14,20,25,34,36,36,48,48,48],"current_hp_per_floor":[62,62,62,62,25,46,46,35,35,35,35,35,35,35,35,33,65,65,58,58,57,60,63,65,65,65,65,65,65,65,65,65,65,60,60,60,60,60,60,60,60,60,60,60,60,60,60,60,60,0,0],"gold":277,"neow_bonus":"THREE_CARDS","is_daily":false,"chose_seed":false,"campfire_upgraded":3,"win_rate":0.0,"timestamp":1610878558,"path_taken":["M","$","M","M","?","R","?","M","T","R","?","M","?","$","R","BOSS","M","M","$","?","M","E","M","$","T","M","?","M","?","M","R","BOSS","M","$","M","?","?","R","E","M","T","R","M","M","M","$","R","BOSS"],"items_purchased_type":["Card","Card","Relic","Relic","Relic","Relic","Relic","Relic","Relic","Relic","Relic"],"build_version":"2020-12-22","purchased_purges":4,"victory":false,"max_hp_per_floor":[70,70,70,70,70,70,70,70,70,70,70,70,70,70,70,70,65,65,65,65,65,65,65,65,65,65,65,65,65,65,65,65,65,60,60,60,60,60,60,60,60,60,60,60,60,60,60,60,60,60,60],"relic_stats":{"Centennial Puzzle":[3],"counters":[27,97],"PreservedInsect":0,"Smiling Mask":125,"obtain_stats":[{"Damocles":34,"Lantern":35,"AT_ATBox":0,"Tiny House":34,"DaveBox":0,"SynthV":0,"AT_MibuBalloonWealth":23,"Vajra":5,"Blue Doll":9,"Dota2Spire:DrumOfEndurance":48,"AT_TimeSand":48,"AT_ArchangelStaff":25,"Smiling Mask":26,"conspire:TopHat":20,"Dota2Spire:LotusOrb":42,"SatanicBible":32,"Dota2Spire:MagicBottle":37,"Centennial Puzzle":41,"PokeGo":0,"Ring of Fangs":30,"KeepersGift":0,"theMarked:DemonDagger":36,"aspiration:Nostalgia":14,"MoonlightInvasionPlan":17,"PreservedInsect":46,"AT_EbonyIvory":47,"AT_BladeRuinedKing":48,"aspiration:HummingbirdHeart":5,"vexMod:PaidLearning":36,"AT_ImmortalShieldbow":45,"theMarked:ArtifactOfAir":0,"conspire:GiftBox":41,"SynthV:TestCard":1,"HushsDoor":0,"aspiration:HatOfInfinitePower":15,"REME_ComplimentaryCards":0,"m_RuneBlood":14},{"Damocles":19,"Lantern":20,"AT_ATBox":0,"Tiny House":19,"DaveBox":0,"SynthV":0,"AT_MibuBalloonWealth":13,"Vajra":4,"Blue Doll":5,"Dota2Spire:DrumOfEndurance":26,"AT_TimeSand":26,"AT_ArchangelStaff":14,"Smiling Mask":14,"conspire:TopHat":10,"Dota2Spire:LotusOrb":23,"SatanicBible":18,"Dota2Spire:MagicBottle":21,"Centennial Puzzle":22,"PokeGo":0,"Ring of Fangs":17,"KeepersGift":0,"theMarked:DemonDagger":20,"aspiration:Nostalgia":7,"MoonlightInvasionPlan":8,"PreservedInsect":25,"AT_EbonyIvory":26,"AT_BladeRuinedKing":26,"aspiration:HummingbirdHeart":4,"vexMod:PaidLearning":20,"AT_ImmortalShieldbow":24,"theMarked:ArtifactOfAir":0,"conspire:GiftBox":22,"SynthV:TestCard":1,"HushsDoor":0,"aspiration:HatOfInfinitePower":7,"REME_ComplimentaryCards":0,"m_RuneBlood":7},{"Damocles":64,"Lantern":69,"AT_ATBox":0,"Tiny House":64,"DaveBox":0,"SynthV":0,"AT_MibuBalloonWealth":43,"Vajra":13,"Blue Doll":17,"Dota2Spire:DrumOfEndurance":92,"AT_TimeSand":92,"AT_ArchangelStaff":45,"Smiling Mask":45,"conspire:TopHat":32,"Dota2Spire:LotusOrb":81,"SatanicBible":57,"Dota2Spire:MagicBottle":71,"Centennial Puzzle":79,"PokeGo":0,"Ring of Fangs":54,"KeepersGift":0,"theMarked:DemonDagger":69,"aspiration:Nostalgia":21,"MoonlightInvasionPlan":27,"PreservedInsect":89,"AT_EbonyIvory":92,"AT_BladeRuinedKing":92,"aspiration:HummingbirdHeart":13,"vexMod:PaidLearning":69,"AT_ImmortalShieldbow":84,"theMarked:ArtifactOfAir":0,"conspire:GiftBox":79,"SynthV:TestCard":2,"HushsDoor":0,"aspiration:HatOfInfinitePower":21,"REME_ComplimentaryCards":0,"m_RuneBlood":21}]},"card_choices":[{"not_picked":["theMarked:KeepCalmAndFightOn","theMarked:TwofoldDefense"],"picked":"theMarked:EnhanceMovement","floor":0.0},{"not_picked":["theMarked:CreepingChasm","theMarked:ElectricStrings"],"picked":"theMarked:Seal","floor":1.0},{"not_picked":["theMarked:TwofoldDefense","theMarked:SelfDefenseTraining","theMarked:HeightenedSenses","theMarked:EmpowerWeapon"],"picked":"theMarked:MysticalArsenal","floor":3.0},{"not_picked":["theMarked:RepellingDischarge","theMarked:Aftermath","theMarked:SwordAndMagic","theMarked:HeightenedSenses"],"picked":"Bomb","floor":4.0},{"not_picked":["theMarked:Electrocute","theMarked:TunnelVision","theMarked:DispelDoubt","theMarked:EnhanceMovement"],"picked":"theMarked:HeritageOfTheMarked","floor":5.0},{"not_picked":["theMarked:ContemptForTheProud","theMarked:PowerFlow","theMarked:Electrocute","theMarked:MaelstromOfLightning"],"picked":"theMarked:WardOff","floor":8.0},{"not_picked":["theMarked:WardOff","theMarked:Improvise","theMarked:AttractMetal","theMarked:RepellingDischarge"],"picked":"theMarked:Seal","floor":12.0},{"not_picked":["theMarked:StartUp","theMarked:ElectricStrings","theMarked:SoldierForm","theMarked:HeightenedSenses"],"picked":"theMarked:Frustration","floor":13.0},{"not_picked":["theMarked:Challenge","theMarked:Abjuration","theMarked:ThrowWeapon","theMarked:TakeOffHeels"],"picked":"theMarked:BindingBlade","floor":16.0},{"not_picked":["theMarked:Static","theMarked:ChainLightning+1","theMarked:EmpowerWeapon+1","theMarked:Aftermath"],"picked":"theMarked:BanishingWave","floor":18.0},{"not_picked":["theMarked:Levitate","theMarked:WardOff","theMarked:RepellingDischarge","theMarked:WastefulDefense"],"picked":"theMarked:DeterminationOfTheMarked","floor":19.0},{"not_picked":["theMarked:ComboAttacks","theMarked:ElectricStrings+1","theMarked:TurnInvisible","theMarked:GodGivenPower"],"picked":"theMarked:BanishingStrike","floor":21.0},{"not_picked":["theMarked:LightningStrikesTwice","theMarked:ElementalBlade+1","theMarked:Parkour+1","theMarked:Frustration","theMarked:KeepCalmAndFightOn"],"picked":"SKIP","floor":22.0},{"not_picked":["theMarked:Improvise+1","theMarked:Parkour","theMarked:StartUp+1","theMarked:MaelstromOfLightning","theMarked:Frustration"],"picked":"SKIP","floor":23.0},{"not_picked":["theMarked:ChainLightning","theMarked:WastefulDefense","theMarked:TwofoldDefense+1","theMarked:Parry","theMarked:WastefulAttack"],"picked":"SKIP","floor":24.0},{"not_picked":["theMarked:RepellingDischarge+1","theMarked:BanishingWave","theMarked:Parkour","theMarked:SwordAndMagic"],"picked":"theMarked:BanishingStrike","floor":27.0},{"not_picked":["theMarked:TwofoldDefense","theMarked:Aftermath","theMarked:Improvise","theMarked:EmpowerWeapon","theMarked:WastefulDefense"],"picked":"SKIP","floor":28.0},{"not_picked":["theMarked:TakeOffHeels","theMarked:Aftermath","theMarked:Convert","theMarked:Standoff","theMarked:Parry"],"picked":"SKIP","floor":29.0},{"not_picked":["theMarked:GodGivenPower+1","theMarked:ShockingTouch","theMarked:Electrify","theMarked:WardOff","theMarked:SelfDefenseTraining"],"picked":"SKIP","floor":31},{"not_picked":["theMarked:ElementalBlade","theMarked:ElectricStrings","theMarked:EmpowerWeapon+1","theMarked:SwordAndMagic"],"picked":"theMarked:BanishingStrike+1","floor":35},{"not_picked":["theMarked:Aftermath","theMarked:Overthink","theMarked:MaelstromOfLightning","theMarked:DeterminationOfTheMarked","theMarked:HeightenedSenses+1"],"picked":"SKIP","floor":37},{"not_picked":["theMarked:Challenge","theMarked:ChannelForce"],"picked":"theMarked:BindingBlade","floor":41},{"not_picked":["theMarked:ResourceFulStrike","theMarked:ThrowWeapon","theMarked:TakeOffHeels","theMarked:RepellingDischarge+1"],"picked":"theMarked:BanishingStrike+1","floor":41},{"not_picked":["theMarked:Seal","theMarked:RepellingDischarge","theMarked:SwordAndMagic+1","theMarked:Parkour+1","theMarked:Frustration+1"],"picked":"SKIP","floor":42},{"not_picked":["theMarked:WastefulDefense+1","theMarked:Parkour","theMarked:ResourceFulStrike","theMarked:ElectricStrings+1"],"picked":"theMarked:Seal+1","floor":45},{"not_picked":["theMarked:Parkour+1","theMarked:Aftermath","theMarked:Improvise+1","theMarked:WardOff+1"],"picked":"theMarked:MysticalArsenal+1","floor":46},{"not_picked":["theMarked:BanishingStrike+1","theMarked:RepellingDischarge+1","theMarked:Parkour","theMarked:ResourceFulStrike+1"],"picked":"theMarked:HeritageOfTheMarked","floor":47}],"player_experience":65759,"relics_obtained":[{"floor":1.0,"key":"SynthV:TestCard"},{"floor":5.0,"key":"aspiration:HummingbirdHeart"},{"floor":5.0,"key":"Vajra"},{"floor":9.0,"key":"Blue Doll"},{"floor":15.0,"key":"aspiration:HatOfInfinitePower"},{"floor":23.0,"key":"AT_MibuBalloonWealth"},{"floor":26.0,"key":"Smiling Mask"},{"floor":30.0,"key":"Ring of Fangs"},{"floor":32,"key":"SatanicBible"},{"floor":35,"key":"Lantern"},{"floor":37,"key":"Dota2Spire:MagicBottle"},{"floor":41,"key":"Centennial Puzzle"},{"floor":41,"key":"conspire:GiftBox"},{"floor":42,"key":"Dota2Spire:LotusOrb"},{"floor":45,"key":"AT_ImmortalShieldbow"},{"floor":46,"key":"PreservedInsect"},{"floor":47,"key":"AT_EbonyIvory"}],"event_choices":[{"damage_healed":0.0,"max_hp_gain":0.0,"max_hp_loss":0.0,"gold_gain":0.0,"event_name":"HidenRoomEvent","player_choice":"Fight","floor":5.0,"gold_loss":0.0,"damage_taken":0.0},{"damage_healed":0.0,"max_hp_gain":0.0,"max_hp_loss":0.0,"gold_gain":0.0,"event_name":"Liars Game","player_choice":"Ignored","floor":7.0,"gold_loss":0.0,"damage_taken":0.0},{"damage_healed":0,"gold_gain":0,"player_choice":"Leave","damage_taken":0,"max_hp_gain":0,"max_hp_loss":0,"event_name":"conspire:Investor","floor":38,"gold_loss":0}],"is_beta":false,"boss_relics":[{"not_picked":["aspiration:PoetsPen","Coffee Dripper"],"picked":"MoonlightInvasionPlan"},{"not_picked":[]},{"not_picked":["aspiration:WatcherSkillbook","GreenFoldingFan"],"picked":"Tiny House"},{"not_picked":[]}],"items_purged_floors":[2,17,36,36],"is_endless":false,"potions_floor_spawned":[4,8,12,13,19,21,23,24,33,45,46,47],"killed_by":"Time Eater","ascension_level":0}}