{"host":"o9oojikv0j1jifqm","time":1610867018,"event":{"mods":["BaseMod","Colored Powertips","Marisa£®ÏF”Í°°ƒß¿Ì…≥£©","Minty Spire (QoL Compilation)","Quick Restart","Reimu£®≤©¿ˆ¡È√Œ£©","Remilia£®¿Ÿ√◊¿Ú—«£©","Replay The Spire","Shop Mod","Spicy Shops","StSLib","UnlockEverythingMod","Yakumo Yukari mod","Youmu£®ªÍ∆«—˝√Œ£©","°æ“≈ŒÔø®≈∆°øREMEMod"],"gold_per_floor":[115,115,130,130,142,142,142,154,236,316,332,332,359,389,389,389,389],"floor_reached":16,"language":"ZHS","playtime":1138,"items_purged":[],"score":100,"play_id":"33c4a3c9-e96d-42c0-85c9-86f14237082f","local_time":"20210117150338","is_ascension_mode":false,"campfire_choices":[{"data":"REME_LeechingPoison","floor":6.0,"key":"SMITH"},{"data":"RainPray2:ReiMu","floor":12,"key":"SMITH"}],"circlet_count":0,"master_deck":["Strike_Lin:ReiMu","Strike_Lin:ReiMu+1","Strike_Lin:ReiMu","Defend_Lin:ReiMu","Defend_Lin:ReiMu","Defend_Lin:ReiMu","Defend_Lin:ReiMu","NB:ReiMu","Stagnation:ReiMu+1","REME_LeechingPoison+1","SealNeedle:ReiMu","SpiritualOutbreak2:ReiMu+1","Regret","LearningPray:ReiMu","SubAcupoint:ReiMu","Delirium","RainPray2:ReiMu+1","RainPray2:ReiMu","Dreaming2:ReiMu"],"relics":["FlyPower:ReiMu","REME_ComplimentaryCards","NeowsBlessing","Ancient Tea Set","Garlic","Counterbalance","Boot"],"acts_visited":["Exordium"],"potions_floor_usage":[16],"damage_taken":[{"damage":0.0,"enemies":"2 Louse","floor":1.0,"turns":1.0},{"damage":0.0,"enemies":"Jaw Worm","floor":3.0,"turns":1.0},{"damage":3.0,"enemies":"Small Slimes","floor":5.0,"turns":2.0},{"damage":23.0,"enemies":"Blue Slaver","floor":8.0,"turns":7.0},{"damage":18,"enemies":"2 Fungi Beasts","floor":11,"turns":5},{"damage":23,"enemies":"Replay:BlueRogue","floor":14,"turns":10},{"damage":70,"enemies":"Fading Forest","floor":16,"turns":10}],"seed_played":"-520231097977948430","potions_obtained":[{"floor":1.0,"key":"PinkPotion:ReiMu"},{"floor":5.0,"key":"SpeedPotion"},{"floor":11,"key":"FearPotion"},{"floor":14,"key":"Dexterity Potion"}],"is_trial":false,"path_per_floor":["M","?","M","?","M","R","?","M","T","?","M","R","?","E","R","B"],"character_chosen":"REIMU","items_purchased":[],"campfire_rested":0,"item_purchase_floors":[],"current_hp_per_floor":[65,58,58,58,61,61,48,39,39,39,27,27,27,17,36,0,0],"gold":389,"neow_bonus":"THREE_ENEMY_KILL","is_daily":false,"chose_seed":false,"campfire_upgraded":2,"win_rate":0.0,"timestamp":1610867018,"path_taken":["M","?","M","?","M","R","?","M","T","?","?","R","?","E","R","BOSS"],"items_purchased_type":[],"build_version":"2020-12-22","purchased_purges":0,"victory":false,"max_hp_per_floor":[65,65,65,65,65,65,65,65,65,65,65,65,65,65,65,65,65],"card_choices":[{"not_picked":["CareerPray:ReiMu","Gathering:ReiMu"],"picked":"SealNeedle:ReiMu","floor":1.0},{"not_picked":["SpringWay:ReiMu","Conquer:ReiMu"],"picked":"SpiritualOutbreak2:ReiMu","floor":3.0},{"not_picked":["RainPray2:ReiMu","Gathering:ReiMu"],"picked":"LearningPray:ReiMu","floor":5.0},{"not_picked":["Meditation:ReiMu","CollectionFlower2:ReiMu"],"picked":"SubAcupoint:ReiMu","floor":8.0},{"not_picked":["SealNeedle:ReiMu","Enchanting:ReiMu"],"picked":"RainPray2:ReiMu","floor":11},{"not_picked":["ShadowOfCrow2:ReiMu","Conquer:ReiMu"],"picked":"RainPray2:ReiMu","floor":13},{"not_picked":["Intuition:ReiMu","AlertArray:ReiMu"],"picked":"Dreaming2:ReiMu","floor":14}],"player_experience":196159,"relics_obtained":[{"floor":9.0,"key":"Garlic"},{"floor":13,"key":"Counterbalance"},{"floor":14,"key":"Boot"}],"event_choices":[{"cards_removed":["Strike_Lin:ReiMu"],"damage_healed":0.0,"max_hp_gain":0.0,"max_hp_loss":0.0,"gold_gain":0.0,"event_name":"Golden Wing","player_choice":"Card Removal","floor":2.0,"gold_loss":0.0,"damage_taken":7.0},{"damage_healed":0.0,"max_hp_gain":0.0,"max_hp_loss":0.0,"gold_gain":0.0,"event_name":"Big Fish","player_choice":"Box","floor":4.0,"gold_loss":0.0,"damage_taken":0.0,"relics_obtained":["Ancient Tea Set"],"cards_obtained":["Regret"]},{"damage_healed":0.0,"max_hp_gain":0.0,"max_hp_loss":0.0,"gold_gain":0.0,"event_name":"Shining Light","player_choice":"Entered Light","floor":7.0,"gold_loss":0.0,"damage_taken":13.0,"cards_upgraded":["Strike_Lin:ReiMu","Stagnation:ReiMu"]}],"is_beta":false,"boss_relics":[],"items_purged_floors":[],"is_endless":false,"potions_floor_spawned":[1,5,11,14],"killed_by":"Fading Forest","ascension_level":0}}