{"host":"c6u7e77myxvw4d0m","time":1610874575,"event":{"mods":["AchievementEnabler","BaseMod","Bestiary","Colored Map","Colored Powertips","Minty Spire (QoL Compilation)","Rare Cards Sparkle","Relic Stats","everything is the same but u backflip on backflip"],"gold_per_floor":[115,131,131,148,167,167,197,210,234,234,260,277,296,376,376,452,452,462,478,678,16,26,59,59,94,119,119,131,131,30,64,64,64,64],"floor_reached":33,"language":"ENG","playtime":4614,"items_purged":["Strike_G"],"score":616,"play_id":"ca13729f-408d-4e7e-8717-27dce6df6fef","local_time":"20210117110935","is_ascension_mode":true,"campfire_choices":[{"data":"Crippling Poison","floor":6,"key":"SMITH"},{"data":"Neutralize","floor":10,"key":"SMITH"},{"floor":15,"key":"REST"},{"floor":24,"key":"REST"},{"data":"A Thousand Cuts","floor":27,"key":"SMITH"},{"data":"Catalyst","floor":29,"key":"SMITH"},{"data":"Backflip","floor":32,"key":"SMITH"}],"circlet_count":0,"master_deck":["AscendersBane","Strike_G","Strike_G","Strike_G","Strike_G","Defend_G","Defend_G","Defend_G","Defend_G","Defend_G","Survivor","Neutralize+1","Underhanded Strike","Cloak And Dagger","Dash","Crippling Poison+1","Envenom","Blur","Sucker Punch","Deadly Poison","PiercingWail","Adrenaline","CurseOfTheBell","Cloak And Dagger","A Thousand Cuts+1","Prepared","Catalyst+1","Dagger Spray+1","Blade Dance","Backflip+1"],"relics":["Sozu","PreservedInsect","Snake Skull","Vajra","Calling Bell","Ancient Tea Set","Molten Egg 2","Tough Bandages","Boot","TungstenRod","Akabeko","Strawberry","MealTicket","Paper Crane"],"acts_visited":["Exordium","TheCity"],"potions_floor_usage":[],"damage_taken":[{"damage":2,"enemies":"Jaw Worm","floor":1,"turns":5},{"damage":6,"enemies":"2 Louse","floor":2,"turns":3},{"damage":0,"enemies":"Cultist","floor":4,"turns":4},{"damage":1,"enemies":"Lots of Slimes","floor":5,"turns":6},{"damage":22,"enemies":"Lagavulin","floor":7,"turns":6},{"damage":0,"enemies":"Blue Slaver","floor":8,"turns":3},{"damage":5,"enemies":"3 Sentries","floor":11,"turns":7},{"damage":0,"enemies":"3 Louse","floor":12,"turns":4},{"damage":10,"enemies":"Gremlin Gang","floor":13,"turns":4},{"damage":8,"enemies":"Hexaghost","floor":16,"turns":8},{"damage":0,"enemies":"3 Byrds","floor":18,"turns":3},{"damage":0,"enemies":"Chosen","floor":19,"turns":4},{"damage":2,"enemies":"Shelled Parasite and Fungi","floor":22,"turns":7},{"damage":27,"enemies":"Gremlin Leader","floor":23,"turns":7},{"damage":20,"enemies":"Book of Stabbing","floor":25,"turns":6},{"damage":2,"enemies":"Cultist and Chosen","floor":28,"turns":5},{"damage":0,"enemies":"Slavers","floor":31,"turns":2},{"damage":56,"enemies":"Automaton","floor":33,"turns":6}],"seed_played":"-3180289316324772779","potions_obtained":[],"is_trial":false,"path_per_floor":["M","M","?","M","M","R","E","M","T","R","E","M","M","?","R","B",null,"M","M","?","$","M","E","R","E","T","R","M","R","$","E","R","B"],"character_chosen":"THE_SILENT","items_purchased":["A Thousand Cuts","Boot","TungstenRod","Prepared","Backflip"],"campfire_rested":2,"item_purchase_floors":[21,21,21,21,30],"current_hp_per_floor":[57,51,56,56,55,55,33,33,33,33,28,28,18,18,39,31,61,61,61,61,61,59,32,53,40,40,40,38,38,53,53,53,0,0],"gold":64,"neow_bonus":"BOSS_RELIC","is_daily":false,"chose_seed":false,"campfire_upgraded":5,"win_rate":0.0,"timestamp":1610874575,"path_taken":["M","M","?","M","M","R","E","M","T","R","E","M","M","?","R","BOSS","M","M","?","$","M","E","R","E","T","R","M","R","$","E","R","BOSS"],"items_purchased_type":["Card","Relic","Relic","Card","Card"],"build_version":"2020-12-22","purchased_purges":1,"victory":false,"max_hp_per_floor":[66,66,71,71,71,71,71,71,71,71,71,71,71,71,71,71,71,71,71,71,71,71,71,71,78,78,78,78,78,78,78,78,78,78],"relic_stats":{"Sozu":9,"Tough Bandages":[33],"counters":[18,90],"MealTicket":15,"PreservedInsect":165,"Snake Skull":[61],"Boot":[14],"obtain_stats":[{"Vajra":11,"PreservedInsect":7,"Snake Skull":9,"Paper Crane":31,"Ancient Tea Set":17,"Boot":21,"Akabeko":23,"Sozu":0,"Calling Bell":17,"Tough Bandages":17,"Strawberry":25,"Molten Egg 2":17,"MealTicket":26,"TungstenRod":21,"Ring of the Snake":0},{"Vajra":7,"PreservedInsect":5,"Snake Skull":6,"Paper Crane":17,"Ancient Tea Set":10,"Boot":12,"Akabeko":14,"Sozu":0,"Calling Bell":10,"Tough Bandages":10,"Strawberry":15,"Molten Egg 2":10,"MealTicket":15,"TungstenRod":12,"Ring of the Snake":0},{"Vajra":34,"PreservedInsect":24,"Snake Skull":27,"Paper Crane":84,"Ancient Tea Set":50,"Boot":57,"Akabeko":71,"Sozu":0,"Calling Bell":50,"Tough Bandages":50,"Strawberry":77,"Molten Egg 2":50,"MealTicket":77,"TungstenRod":57,"Ring of the Snake":0}],"TungstenRod":17},"card_choices":[{"not_picked":["PiercingWail","Tactician"],"picked":"Underhanded Strike","floor":1},{"not_picked":["Acrobatics","PiercingWail"],"picked":"Cloak And Dagger","floor":2},{"not_picked":["Predator","Night Terror"],"picked":"Dash","floor":4},{"not_picked":["Reflex","Endless Agony"],"picked":"Crippling Poison","floor":5},{"not_picked":["Dash","Endless Agony"],"picked":"Envenom","floor":7},{"not_picked":["Acrobatics","Slice"],"picked":"Blur","floor":8},{"not_picked":["Expertise","Dagger Spray"],"picked":"Sucker Punch","floor":11},{"not_picked":["Dagger Throw","Outmaneuver"],"picked":"Deadly Poison","floor":12},{"not_picked":["Sucker Punch","Slice"],"picked":"PiercingWail","floor":13},{"not_picked":["Unload","Glass Knife"],"picked":"Adrenaline","floor":16},{"not_picked":["Acrobatics+1","Distraction+1"],"picked":"Cloak And Dagger","floor":18},{"not_picked":["Cloak And Dagger","Deadly Poison","Underhanded Strike+1"],"picked":"SKIP","floor":19},{"not_picked":["Acrobatics","Masterful Stab+1","Underhanded Strike+1"],"picked":"SKIP","floor":22},{"not_picked":["Well Laid Plans","Dagger Throw+1"],"picked":"Catalyst","floor":23},{"not_picked":["Storm of Steel","Choke+1"],"picked":"Dagger Spray+1","floor":25},{"not_picked":["Backflip","Acrobatics"],"picked":"Blade Dance","floor":28},{"not_picked":["Flying Knee+1","Venomology","Deflect"],"picked":"SKIP","floor":31}],"player_experience":383209,"relics_obtained":[{"floor":7,"key":"PreservedInsect"},{"floor":9,"key":"Snake Skull"},{"floor":11,"key":"Vajra"},{"floor":17,"key":"Ancient Tea Set"},{"floor":17,"key":"Molten Egg 2"},{"floor":17,"key":"Tough Bandages"},{"floor":23,"key":"Akabeko"},{"floor":25,"key":"Strawberry"},{"floor":26,"key":"MealTicket"},{"floor":31,"key":"Paper Crane"}],"event_choices":[{"damage_healed":0,"gold_gain":0,"player_choice":"Donut","damage_taken":0,"max_hp_gain":5,"max_hp_loss":0,"event_name":"Big Fish","floor":3,"gold_loss":0},{"damage_healed":0,"gold_gain":80,"player_choice":"Gained Gold","damage_taken":0,"max_hp_gain":0,"max_hp_loss":0,"event_name":"Golden Wing","floor":14,"gold_loss":0},{"damage_healed":0,"gold_gain":250,"player_choice":"Bet on Owner","damage_taken":0,"max_hp_gain":0,"max_hp_loss":0,"event_name":"The Joust","floor":20,"gold_loss":50}],"is_beta":false,"boss_relics":[{"not_picked":["Empty Cage","SacredBark"],"picked":"Calling Bell"}],"items_purged_floors":[30],"is_endless":false,"potions_floor_spawned":[2,4,11,12,13,18,19,23,25],"killed_by":"Automaton","ascension_level":16}}