{"host":"exy3zpg5dyhzfzxn","time":1610914929,"event":{"mods":["2.2 Compatiblity","Aspiration","BaseMod","Better Third Choice","BetterRewards","Energized Spire","GifTheSpireLib","Hubris","Infinite Spire","Jedi Mod","Minty Spire (QoL Compilation)","Replay The Spire","StSLib","The Animator","vexMod"],"gold_per_floor":[110,136,136,136,152,187,218,247,247,257,267,267,292,292,292,395,395,414,414,433,446,69,113,113,113,113],"floor_reached":25,"language":"RUS","playtime":1504,"items_purged":["animator:Strike"],"score":438,"play_id":"f1d70ddb-ef3e-471b-a5cb-cff71207b623","local_time":"20210117232209","is_ascension_mode":true,"campfire_choices":[{"floor":12,"key":"REST"},{"floor":15,"key":"REST"},{"floor":24,"key":"REST"}],"circlet_count":0,"master_deck":["animator:Strike_Elsword","animator:Defend_Elsword","animator:Strike","animator:Strike","animator:Strike","animator:Defend","animator:Defend","animator:Defend","animator:Chung","animator:Raven+1","animator:Chung","animator:Elsword","animator:Raven+1","animator:Ara","animator:AcuraTooru","animator:Lancer","animator:Archer","animator:Elsword","animator:Gillette","animator:Ainz","animator:GazelDwargon","animator:EmiyaShirou","animator:Elsword","animator:ChaikaBohdan"],"relics":["animator:LivingPicture","animator:TheMissingPiece","animator:PurgingStone","Pondfish Scales","Blue Candle","Medical Kit","jedi:shrinkray","Anchor","hubris:Reverence","Replay:Bottled Eggs","Spirit Poop","jedi:HeartOfTheCards","vexMod:MemoryStick","jedi:arcanewood","Sozu","Bird Faced Urn","Toxic Egg 2"],"acts_visited":["TheCity"],"potions_floor_usage":[6,8,11,16,21],"damage_taken":[{"damage":0,"enemies":"2 Louse","floor":1,"turns":2},{"damage":0,"enemies":"Jaw Worm","floor":2,"turns":4},{"damage":0,"enemies":"Cultist","floor":5,"turns":3},{"damage":4,"enemies":"Replay:BlueRogue","floor":6,"turns":5},{"damage":3,"enemies":"Blue Slaver","floor":7,"turns":3},{"damage":20,"enemies":"Lagavulin","floor":8,"turns":5},{"damage":0,"enemies":"Large Slime","floor":10,"turns":4},{"damage":0,"enemies":"Looter","floor":11,"turns":1},{"damage":0,"enemies":"Replay:BlueRogue","floor":13,"turns":4},{"damage":0,"enemies":"Slime Boss","floor":16,"turns":8},{"damage":14,"enemies":"Spheric Guardian","floor":18,"turns":4},{"damage":10,"enemies":"Shell Parasite","floor":20,"turns":4},{"damage":16,"enemies":"Centurion and Healer","floor":21,"turns":4},{"damage":40,"enemies":"animator:HornedBat","floor":23,"turns":9},{"damage":32,"enemies":"Slavers","floor":25,"turns":3}],"seed_played":"-7973597011076215921","potions_obtained":[{"floor":5,"key":"SkillPotion"},{"floor":7,"key":"Explosive Potion"},{"floor":10,"key":"ColorlessPotion"},{"floor":13,"key":"EssenceOfSteel"},{"floor":16,"key":"Weak Potion"}],"is_trial":false,"path_per_floor":["M","M","?","?","M","E","M","E","T","M","M","R","E","?","R","B",null,"M","?","M","M","$","E","R","E"],"character_chosen":"THE_ANIMATOR","items_purchased":["Pondfish Scales","Blue Candle","Medical Kit","jedi:shrinkray","Bird Faced Urn"],"campfire_rested":3,"item_purchase_floors":[0,0,0,0,22],"current_hp_per_floor":[35,35,35,35,35,32,29,9,9,9,9,29,30,27,47,47,68,54,68,58,42,42,8,28,0,0],"gold":113,"neow_bonus":"","is_daily":false,"chose_seed":false,"campfire_upgraded":0,"win_rate":0.0,"timestamp":1610914929,"path_taken":["M","M","?","?","?","E","M","E","T","M","M","R","E","?","R","BOSS","M","?","M","?","$","E","R","E"],"items_purchased_type":["Relic","Relic","Relic","Relic","Relic"],"build_version":"2020-12-22","purchased_purges":1,"victory":false,"max_hp_per_floor":[66,66,66,66,66,67,67,67,67,67,67,67,68,68,68,68,68,68,68,68,68,68,68,68,68,68],"card_choices":[{"not_picked":["animator:Lu","animator:Evileye"],"picked":"animator:Chung","floor":1},{"not_picked":["animator:Assassin","animator:Arpeggio"],"picked":"animator:Elsword","floor":2},{"not_picked":["animator:Aisha","animator:TukaLunaMarceau"],"picked":"animator:Raven","floor":5},{"not_picked":["animator:Raven","animator:Aisha"],"picked":"animator:Ara","floor":6},{"not_picked":["animator:Gluttony","animator:Illya"],"picked":"animator:AcuraTooru","floor":7},{"not_picked":["animator:Pride","animator:Ain"],"picked":"animator:Lancer","floor":8},{"not_picked":["animator:Sonic","animator:Konayuki"],"picked":"animator:Archer","floor":10},{"not_picked":["animator:Raven","animator:Ciel"],"picked":"animator:Elsword","floor":11},{"not_picked":["animator:Ain","animator:Millim"],"picked":"animator:Gillette","floor":13},{"not_picked":["animator:Greed","animator:Boros"],"picked":"animator:Ainz","floor":16},{"not_picked":["animator:Tatsumaki","animator:Assassin"],"picked":"animator:GazelDwargon","floor":18},{"not_picked":["animator:Sebas","animator:ChaikaBohdan"],"picked":"animator:EmiyaShirou","floor":20},{"not_picked":["animator:Ain","animator:Ciel"],"picked":"animator:Elsword","floor":21},{"not_picked":["animator:MumenRider","animator:Sloth"],"picked":"animator:ChaikaBohdan","floor":23}],"player_experience":349330,"relics_obtained":[{"floor":3,"key":"Anchor"},{"floor":6,"key":"hubris:Reverence"},{"floor":8,"key":"Replay:Bottled Eggs"},{"floor":9,"key":"jedi:HeartOfTheCards"},{"floor":13,"key":"vexMod:MemoryStick"},{"floor":23,"key":"Toxic Egg 2"}],"event_choices":[{"damage_healed":0,"gold_gain":0,"player_choice":"1 cards matched","damage_taken":0,"max_hp_gain":0,"max_hp_loss":0,"event_name":"Match and Keep!","floor":4,"gold_loss":0,"cards_obtained":["animator:Strike"]},{"damage_healed":0,"gold_gain":1,"player_choice":"Relic ","damage_taken":3,"max_hp_gain":0,"max_hp_loss":0,"event_name":"betterThird:BetterScrap","floor":14,"gold_loss":0,"cards_obtained":["Die Die Die"]},{"damage_healed":22,"gold_gain":0,"player_choice":"Heal","damage_taken":0,"max_hp_gain":0,"max_hp_loss":0,"event_name":"The Library","floor":19,"gold_loss":0}],"is_beta":false,"boss_relics":[{"not_picked":["vexMod:TanglingVine","Ectoplasm"],"picked":"Sozu"}],"items_purged_floors":[22],"is_endless":false,"potions_floor_spawned":[5,7,10,13,16,20,23],"killed_by":"Slavers","ascension_level":1}}