{"host":"l84l8xigz5v5foa2","time":1610895176,"event":{"mods":["2.2 Compatiblity","AchievementEnabler","BaseMod","Better Note","Better Vampires","Card Filter","Colored Map","DeckTracker","Downfall","Gremlin Skip","Highlight Path","Keyboard Shortcuts","Minty Spire (QoL Compilation)","Permanent Neow","Quick Restart","Relic Filter","Relic Stats","StSLib","SuperFastMode","Transform Curses","Unknown Chances"],"gold_per_floor":[0,15,25,42,105,105,187,215,230,230,243,243,7,32,47,150,150,150,161,261,311,325,225,225,360,260,294,309,309,64,126,138,241,241,241,261,311,1360,1410,943,943,943,1004,1030,930,956,746,843,859,859,859,892,48,48,48,48],"floor_reached":57,"language":"ENG","playtime":4933,"items_purged":["champ:Strike","Normality","champ:Strike","champ:Strike"],"score":1541,"play_id":"c5418ecd-c40d-4fab-a18b-b6329cc753a1","local_time":"20210117235256","is_ascension_mode":true,"campfire_choices":[{"data":"champ:Taunt","floor":1.0,"key":"SMITH"},{"data":"champ:Backstep","floor":6.0,"key":"SMITH"},{"data":"champ:BerserkerStyle","floor":10.0,"key":"SMITH"},{"data":"champ:GutPunch","floor":12.0,"key":"SMITH"},{"data":"champ:Improvising","floor":18.0,"key":"SMITH"},{"data":"champ:GladiatorForm","floor":23.0,"key":"SMITH"},{"data":"champ:MurderStrike","floor":26.0,"key":"SMITH"},{"data":"champ:RageSigil","floor":29.0,"key":"SMITH"},{"data":"champ:DancingMaster","floor":35.0,"key":"SMITH"},{"floor":42.0,"key":"RECALL"},{"data":"champ:Endure","floor":45.0,"key":"SMITH"},{"data":"Panacea","floor":54,"key":"SMITH"}],"circlet_count":0,"master_deck":["champ:Defend","champ:Defend","champ:Defend","champ:Execute","champ:Taunt+1","champ:RageSigil+1","champ:GutPunch+1","champ:BringItOn","champ:BerserkerStyle+1","champ:Endure+1","champ:Backstep+1","champ:EnragedBash+1","champ:SteelEdge","champ:Improvising+1","champ:PreciseThrust","champ:MurderStrike+1","champ:GladiatorForm+1","champ:EnGarde+1","champ:Backstep+1","champ:FanOfKnives+1","champ:FaceSlap+1","champ:ViciousMockery+1","champ:DancingMaster+1","champ:EnGarde+1","champ:DeathBlow","champ:ShieldWall","champ:Shatter+1","Finesse","champ:RageSigil+1","champ:EndlessRage","champ:CalledShot+1","champ:EndlessRage","champ:AdrenalArmor","champ:Duel","Panacea+1"],"relics":["champ:ChampionCrown","Letter Opener","hexamod:Sixitude","Oddly Smooth Stone","Pear","Cursed Key","downfall:CloakOfManyFaces","CultistMask","FaceOfCleric","NlothsMask","GremlinMask","SsserpentHead","downfall:HeartBlessingGreen","downfall:HeartBlessingBlue","Ice Cream","OrangePellets","SlaversCollar","Guardian:BottledAnomaly","bronze:BronzeIdol","Pantograph","champ:GladiatorsBookOfMartialProwess","downfall:HeartBlessingRed","Bronze Scales","Ginger","Orichalcum","Art of War","Bottled Lightning"],"acts_visited":["TheCity","TheBeyond","TheEnding"],"potions_floor_usage":[56],"damage_taken":[{"damage":20.0,"enemies":"2 Louse","floor":2.0,"turns":2.0},{"damage":10.0,"enemies":"Small Slimes","floor":3.0,"turns":3.0},{"damage":17.0,"enemies":"Jaw Worm","floor":4.0,"turns":3.0},{"damage":56.0,"enemies":"Lagavulin Event","floor":5.0,"turns":5.0},{"damage":41.0,"enemies":"Gremlin Nob","floor":8.0,"turns":5.0},{"damage":17.0,"enemies":"3 Louse","floor":9.0,"turns":2.0},{"damage":17.0,"enemies":"Exordium Wildlife","floor":11.0,"turns":5.0},{"damage":29.0,"enemies":"downfall:FleeingMerchant","floor":13.0,"turns":4.0},{"damage":48.0,"enemies":"Lagavulin","floor":14.0,"turns":6.0},{"damage":31.0,"enemies":"Large Slime","floor":15.0,"turns":5.0},{"damage":40.0,"enemies":"WA_ARCHETYPE_RETAIN","floor":16.0,"turns":7.0},{"damage":17.0,"enemies":"3 Byrds","floor":19.0,"turns":4.0},{"damage":43.0,"enemies":"downfall:FaceTrader","floor":20.0,"turns":6.0},{"damage":24.0,"enemies":"Shell Parasite","floor":22.0,"turns":4.0},{"damage":41.0,"enemies":"Gremlin Leader","floor":27.0,"turns":4.0},{"damage":10.0,"enemies":"Cultist and Chosen","floor":28.0,"turns":5.0},{"damage":41.0,"enemies":"downfall:FleeingMerchant","floor":30.0,"turns":4.0},{"damage":22.0,"enemies":"Sentry and Sphere","floor":31.0,"turns":4.0},{"damage":24.0,"enemies":"3 Cultists","floor":32.0,"turns":4.0},{"damage":88.0,"enemies":"IC_MUSHROOM_ARCHETYPE","floor":33.0,"turns":6.0},{"damage":28.0,"enemies":"3 Shapes","floor":36.0,"turns":5.0},{"damage":24.0,"enemies":"downfall:FleeingMerchant","floor":40.0,"turns":3.0},{"damage":19.0,"enemies":"3 Darklings","floor":43.0,"turns":4.0},{"damage":58.0,"enemies":"Nemesis","floor":44.0,"turns":7.0},{"damage":58.0,"enemies":"Giant Head","floor":46.0,"turns":5.0},{"damage":46.0,"enemies":"2 Orb Walkers","floor":48.0,"turns":5.0},{"damage":31.0,"enemies":"Writhing Mass","floor":49.0,"turns":4.0},{"damage":130.0,"enemies":"DF_ARCHETYPE_ORBS","floor":50.0,"turns":7.0},{"damage":94.0,"enemies":"downfall:CharBossMerchant","floor":52.0,"turns":7.0},{"damage":113,"enemies":"downfall:NeowBoss","floor":55,"turns":7},{"damage":182,"enemies":"downfall:NeowBossFinal","floor":56,"turns":8}],"seed_played":"-6057256919534994096","potions_obtained":[{"floor":2.0,"key":"DuplicationPotion"},{"floor":3.0,"key":"champ:CounterPotion"},{"floor":14.0,"key":"LiquidBronze"},{"floor":16.0,"key":"SteroidPotion"},{"floor":20.0,"key":"SpeedPotion"},{"floor":22.0,"key":"Fire Potion"},{"floor":31.0,"key":"GamblersBrew"},{"floor":43.0,"key":"PowerPotion"},{"floor":46.0,"key":"Ancient Potion"},{"floor":48.0,"key":"Ancient Potion"}],"is_trial":false,"path_per_floor":["R","M","M","M","?","R","T","E","M","R","M","R","$","E","M","B",null,"R","M","?","?","M","R","T","?","R","E","M","R","$","M","M","B",null,"R","M","?","?","?","$","T","R","M","E","R","E","$","?","M","B",null,"E","$","R","B","B",null],"character_chosen":"THE_CHAMP","items_purchased":["champ:Improvising","Oddly Smooth Stone","OrangePellets","champ:DeathBlow","Guardian:BottledAnomaly","bronze:BronzeIdol","Pantograph","champ:ShieldWall","Finesse","Art of War","champ:EndlessRage","champ:AdrenalArmor","champ:Duel","Bottled Lightning","Panacea"],"campfire_rested":0,"item_purchase_floors":[13,13,30,40,40,40,40,40,47,53,53,53,53,53,53],"current_hp_per_floor":[90,90,90,90,71,71,71,50,48,48,48,48,48,58,56,56,100,100,95,93,93,94,94,94,76,86,87,88,88,89,87,88,54,117,117,117,117,117,109,108,108,108,105,104,104,105,105,106,107,86,125,113,113,113,124,95],"gold":48,"neow_bonus":"TRANSFORM_TWO_CARDS","is_daily":false,"chose_seed":false,"campfire_upgraded":11,"win_rate":0.0,"timestamp":1610895176,"path_taken":["R","M","M","M","?","R","T","E","M","R","M","R","$","E","M","BOSS","R","M","?","?","M","R","T","?","R","E","M","R","$","?","M","BOSS","R","M","?","?","?","$","T","R","?","E","R","E","$","?","M","BOSS","E","$","R","BOSS","BOSS"],"items_purchased_type":["Card","Relic","Relic","Card","Relic","Relic","Relic","Card","Card","Relic","Card","Card","Card","Relic","Card"],"build_version":"2020-12-22","purchased_purges":4,"victory":true,"max_hp_per_floor":[90,90,90,90,90,90,90,90,90,90,90,90,90,100,100,100,100,100,100,100,100,101,101,101,101,111,112,113,113,114,115,116,117,117,117,118,118,118,118,119,119,119,120,121,121,122,122,123,124,125,125,126,126,126,127,128],"relic_stats":{"SsserpentHead":400,"OrangePellets":[26],"FaceOfCleric":18,"counters":[31,150],"Pantograph":33,"Bronze Scales":[79],"Art of War":[5],"Letter Opener":[228],"Ginger":[22],"Orichalcum":[6],"Cursed Key":0,"obtain_stats":[{"Ice Cream":27,"champ:ChampionCrown":0,"GremlinMask":20,"downfall:HeartBlessingGreen":23,"Ginger":48,"Cursed Key":17,"SsserpentHead":20,"FaceOfCleric":20,"downfall:HeartBlessingBlue":26,"Pantograph":40,"downfall:CloakOfManyFaces":20,"Guardian:BottledAnomaly":40,"Pear":14,"downfall:HeartBlessingRed":45,"hexamod:Sixitude":8,"Oddly Smooth Stone":13,"Letter Opener":5,"Orichalcum":52,"bronze:BronzeIdol":40,"champ:GladiatorsBookOfMartialProwess":44,"OrangePellets":30,"SlaversCollar":34,"Bronze Scales":46,"CultistMask":20,"Art of War":53,"Bottled Lightning":53,"NlothsMask":20},{"Ice Cream":15,"champ:ChampionCrown":0,"GremlinMask":13,"downfall:HeartBlessingGreen":14,"Ginger":26,"Cursed Key":11,"SsserpentHead":13,"FaceOfCleric":13,"downfall:HeartBlessingBlue":14,"Pantograph":22,"downfall:CloakOfManyFaces":13,"Guardian:BottledAnomaly":22,"Pear":9,"downfall:HeartBlessingRed":24,"hexamod:Sixitude":5,"Oddly Smooth Stone":8,"Letter Opener":4,"Orichalcum":29,"bronze:BronzeIdol":22,"champ:GladiatorsBookOfMartialProwess":24,"OrangePellets":17,"SlaversCollar":20,"Bronze Scales":25,"CultistMask":13,"Art of War":29,"Bottled Lightning":29,"NlothsMask":13},{"Ice Cream":65,"champ:ChampionCrown":0,"GremlinMask":57,"downfall:HeartBlessingGreen":61,"Ginger":117,"Cursed Key":47,"SsserpentHead":57,"FaceOfCleric":57,"downfall:HeartBlessingBlue":61,"Pantograph":96,"downfall:CloakOfManyFaces":57,"Guardian:BottledAnomaly":96,"Pear":35,"downfall:HeartBlessingRed":107,"hexamod:Sixitude":18,"Oddly Smooth Stone":29,"Letter Opener":13,"Orichalcum":135,"bronze:BronzeIdol":96,"champ:GladiatorsBookOfMartialProwess":107,"OrangePellets":74,"SlaversCollar":88,"Bronze Scales":112,"CultistMask":57,"Art of War":135,"Bottled Lightning":135,"NlothsMask":57}]},"card_choices":[{"not_picked":["champ:PerfectedStrike","champ:StanceDance"],"picked":"champ:BringItOn","floor":2.0},{"not_picked":["champ:Shatter","champ:StanceDance"],"picked":"champ:BerserkerStyle","floor":3.0},{"not_picked":["champ:GutPunch","champ:ShieldSlam"],"picked":"champ:Endure","floor":4.0},{"not_picked":["champ:Circumvent","champ:StanceDance"],"picked":"champ:Backstep","floor":5.0},{"not_picked":["champ:GutPunch","champ:Circumvent"],"picked":"champ:EnragedBash","floor":8.0},{"not_picked":["champ:CalledShot","champ:PerfectedStrike"],"picked":"champ:SteelEdge","floor":9.0},{"not_picked":["champ:StanceDance","champ:Backstep"],"picked":"champ:PreciseThrust","floor":11.0},{"not_picked":["champ:CrownThrow","champ:CrookedStrike","champ:SwordSigil"],"picked":"SKIP","floor":13.0},{"not_picked":["champ:RapidStrikes","champ:BladeFlurry"],"picked":"champ:PreciseThrust","floor":14.0},{"not_picked":["champ:ViciousMockery","champ:PreciseThrust"],"picked":"champ:MurderStrike","floor":15.0},{"not_picked":["champ:SwordThrow","champ:HoldFirm"],"picked":"champ:GladiatorForm","floor":16.0},{"not_picked":["champ:Backstep+1","champ:FlashCut"],"picked":"champ:EnGarde+1","floor":19.0},{"not_picked":["champ:Haymaker","champ:StanceDance"],"picked":"champ:Backstep+1","floor":20.0},{"not_picked":["champ:BladeFlurry","champ:RisingSlash"],"picked":"champ:FanOfKnives+1","floor":22.0},{"not_picked":["champ:ShieldThrow","champ:CrownThrow","champ:FlashCut"],"picked":"SKIP","floor":27.0},{"not_picked":["champ:FlashCut","champ:Haymaker"],"picked":"champ:FaceSlap+1","floor":28.0},{"not_picked":["champ:Backstep","champ:Lariat"],"picked":"champ:ViciousMockery+1","floor":30.0},{"not_picked":["champ:DefensiveShout","champ:FlashCut","champ:EnragedBash+1"],"picked":"SKIP","floor":31.0},{"not_picked":["champ:PreciseThrust+1","champ:SkillfulDodge","champ:BerserkersShout"],"picked":"SKIP","floor":32.0},{"not_picked":["champ:TripleStrike","champ:HoldFirm"],"picked":"champ:DancingMaster","floor":33.0},{"not_picked":["champ:PerfectedStrike+1","champ:EnragedBash","champ:FanOfKnives+1"],"picked":"SKIP","floor":36.0},{"not_picked":["champ:FalseCounter+1","champ:DefensiveStyle"],"picked":"champ:EnGarde+1","floor":40.0},{"not_picked":["champ:FancyFootwork+1","champ:CrookedStrike","champ:ShieldSlam"],"picked":"SKIP","floor":43.0},{"not_picked":["champ:RapidStrikes","champ:Shatter","champ:StanceDance"],"picked":"SKIP","floor":44.0},{"not_picked":["champ:PerfectedStrike+1","champ:GutPunch+1"],"picked":"champ:Shatter+1","floor":46.0},{"not_picked":["champ:BringItOn+1","champ:EndlessRage"],"picked":"champ:RageSigil+1","floor":48.0},{"not_picked":["champ:SkillfulDodge","champ:DefensiveShout"],"picked":"champ:EndlessRage","floor":49.0},{"not_picked":["champ:DefensiveShout+1","champ:IronFortress+1"],"picked":"champ:CalledShot+1","floor":52.0}],"player_experience":3289142,"relics_obtained":[{"floor":5.0,"key":"Letter Opener"},{"floor":8.0,"key":"hexamod:Sixitude"},{"floor":14.0,"key":"Pear"},{"floor":20.0,"key":"downfall:CloakOfManyFaces"},{"floor":27.0,"key":"Ice Cream"},{"floor":44.0,"key":"champ:GladiatorsBookOfMartialProwess"},{"floor":46.0,"key":"Bronze Scales"},{"floor":48.0,"key":"Ginger"},{"floor":52.0,"key":"Orichalcum"}],"event_choices":[{"damage_healed":0.0,"max_hp_gain":0.0,"max_hp_loss":0.0,"gold_gain":0.0,"event_name":"betterNote:BetterNote","player_choice":"Ignored","floor":21.0,"gold_loss":0.0,"damage_taken":0.0,"cards_obtained":["Night Terror"]},{"cards_removed":["champ:PreciseThrust"],"damage_healed":0.0,"max_hp_gain":0.0,"max_hp_loss":0.0,"gold_gain":0.0,"event_name":"Falling","player_choice":"Removed Attack","floor":37.0,"gold_loss":0.0,"damage_taken":0.0},{"damage_healed":0.0,"max_hp_gain":0.0,"max_hp_loss":0.0,"gold_gain":0.0,"event_name":"Mysterious Sphere","player_choice":"Fight","floor":48.0,"gold_loss":0.0,"damage_taken":0.0}],"is_beta":false,"boss_relics":[{"not_picked":["SacredBark","Empty Cage"],"picked":"Cursed Key"},{"not_picked":["Fusion Hammer","Calling Bell"],"picked":"SlaversCollar"}],"items_purged_floors":[30,40,47,53],"is_endless":false,"potions_floor_spawned":[2,3,14,16,20,22,31,43,46,48,49,52],"ascension_level":1}}