{"host":"r51me5lv7t5xfjjt","time":1610859914,"event":{"mods":["BaseMod","Downfall","Hunter ¡‘»À","Minty Spire (QoL Compilation)","Spicy Shops","StSLib","TestMod","The Animator"],"gold_per_floor":[149,424,59,74,74,147,147,147],"floor_reached":7,"language":"ZHS","playtime":567,"items_purged":[],"score":99,"play_id":"7843d4cb-e928-4e97-8cae-2d9106a1e9d3","local_time":"20210117130514","daily_mods":["SealedDeck","Heirloom","Time Dilation","Flight","downfall:Lament"],"is_ascension_mode":false,"campfire_choices":[],"circlet_count":0,"master_deck":["Drunk Grant","Combo Recycle","Hunter Bow","Drunk Grant","Clone Minion","ByrdPetCall","Protect_Giant","Mana Growth","HealerPetCall","ByrdPetCall","Spirit Of Beast","Regret","GremlinNobPetCall"],"relics":["GiantSoulBox","NeowsBlessing","testmod-TestBox","testmod-TimeTraveler","Mango","testmod-Alchemist","Lantern","Golden Idol","Blood Vial"],"acts_visited":["Exordium"],"potions_floor_usage":[],"damage_taken":[{"damage":0,"enemies":"Jaw Worm","floor":1,"turns":1},{"damage":0,"enemies":"Cultist","floor":4,"turns":1},{"damage":1,"enemies":"Lagavulin","floor":6,"turns":1},{"damage":25,"enemies":"3 Sentries","floor":7,"turns":6}],"seed_played":"8257711973043799316","potions_obtained":[{"floor":1,"key":"Energy Potion"},{"floor":6,"key":"Dexterity Potion"}],"is_trial":true,"path_per_floor":["M","?","$","M","?","E","E"],"character_chosen":"Giant","items_purchased":["testmod-Alchemist","Lantern"],"campfire_rested":0,"item_purchase_floors":[3,3],"current_hp_per_floor":[79,79,79,79,60,64,63,63],"gold":147,"neow_bonus":"","is_daily":false,"chose_seed":false,"campfire_upgraded":0,"win_rate":0.0,"timestamp":1610859914,"path_taken":["M","?","$","?","?","E","E"],"items_purchased_type":["Relic","Relic"],"build_version":"2020-12-22","purchased_purges":0,"victory":false,"max_hp_per_floor":[79,79,79,79,79,84,84,84],"card_choices":[{"not_picked":["Death Prophecy","HPGrowth_Giant"],"picked":"Spirit Of Beast","floor":1},{"not_picked":["EagleSecond","Clone Minion","CultistForm"],"picked":"SKIP","floor":4},{"not_picked":["Hunter Bow","Clone Minion"],"picked":"GremlinNobPetCall","floor":6}],"player_experience":366394,"relics_obtained":[{"floor":6,"key":"Blood Vial"}],"event_choices":[{"damage_healed":0,"gold_gain":275,"player_choice":"Desecrate","damage_taken":0,"max_hp_gain":0,"max_hp_loss":0,"event_name":"Golden Shrine","floor":2,"gold_loss":0,"cards_obtained":["Regret"]},{"damage_healed":0,"gold_gain":0,"player_choice":"Take Damage","damage_taken":19,"relics_obtained":["Golden Idol"],"max_hp_gain":0,"max_hp_loss":0,"event_name":"Golden Idol","floor":5,"gold_loss":0}],"is_beta":false,"boss_relics":[],"items_purged_floors":[],"is_endless":true,"potions_floor_spawned":[1,6],"killed_by":"3 Sentries","ascension_level":0}}