{"host":"7z9izfsmsy4azoxx","time":1610884571,"event":{"mods":["AchievementEnabler","BaseMod","Colored Map","Custom Start","Hermit","Minty Spire (QoL Compilation)","Replay The Spire","StSLib","SuperFastMode"],"gold_per_floor":[564654570,564654582,564654595,564654607,564653869,564653901,564653901,564653913,564653940,564653940,564653265,564653276,564653276,564653276,564653276,564653348,564653348,564653360,564652391,564652401,564651928,564651943,564651943,564651943,564651943],"floor_reached":24,"language":"KOR","playtime":618,"items_purged":["Strike_G","Parasite","Regret","Strike_G"],"score":471,"play_id":"5d8e055d-6648-4c36-bac0-dc38b640f99f","local_time":"20210117205611","is_ascension_mode":true,"campfire_choices":[{"data":"ReplayTheSpireMod:Brewmster","floor":7,"key":"SMITH"},{"data":"Draining Mist","floor":15,"key":"SMITH"},{"data":"Toxin Wave","floor":23,"key":"SMITH"}],"circlet_count":0,"master_deck":["AscendersBane","Strike_G","Strike_G","Strike_G","Defend_G+1","Defend_G","Defend_G","Defend_G+1","Defend_G","Survivor","Neutralize","Riddle With Holes","Backflip","Deadly Poison","Dagger Spray","Dash","ReplayTheSpireMod:Brewmster+1","Draining Mist+1","PiercingWail","Noxious Fumes","Toxin Wave+1"],"relics":["Ring of the Serpent","Iron Hammer","ReplayTheSpireMod:ShopPack","Anchor","InkBottle","Garlic","Bag of Marbles","ReplayTheSpireMod:Lightbulb","Calipers","War Paint","Basket Of Snakes","TheAbacus","Membership Card","MealTicket","Mercury Hourglass"],"acts_visited":["Exordium","TheCity"],"potions_floor_usage":[6,6,6,8,8,8,16,16,16,16,16,16,16,18,18,18,18,20,22,22,22,24,24,24],"damage_taken":[{"damage":22,"enemies":"Jaw Worm","floor":1,"turns":8},{"damage":1,"enemies":"Small Slimes","floor":2,"turns":3},{"damage":10,"enemies":"2 Louse","floor":3,"turns":3},{"damage":39,"enemies":"Large Slime","floor":4,"turns":7},{"damage":26,"enemies":"Gremlin Nob","floor":6,"turns":5},{"damage":2,"enemies":"Exordium Wildlife","floor":8,"turns":4},{"damage":0,"enemies":"2 Fungi Beasts","floor":12,"turns":2},{"damage":18,"enemies":"Hexaghost","floor":16,"turns":8},{"damage":15,"enemies":"2 Thieves","floor":18,"turns":5},{"damage":0,"enemies":"Spheric Guardian","floor":20,"turns":3},{"damage":4,"enemies":"Centurion and Healer","floor":22,"turns":7},{"damage":31,"enemies":"Gremlin Leader","floor":24,"turns":5}],"seed_played":"-544137309975203506","potions_obtained":[{"floor":4,"key":"Block Potion"},{"floor":20,"key":"Adrenaline Potion"}],"is_trial":false,"path_per_floor":["M","M","M","M","$","E","R","M","T","?","$","M","?","T","R","B",null,"M","$","M","$","M","R","E"],"character_chosen":"THE_SILENT","items_purchased":["Iron Hammer","ReplayTheSpireMod:ShopPack","Anchor","Dash","Explosive Potion","Garlic","Bag of Marbles","PowerPotion","CunningPotion","War Paint","Basket Of Snakes","TheAbacus","Noxious Fumes","Toxin Wave","Membership Card","MealTicket","Mercury Hourglass"],"campfire_rested":0,"item_purchase_floors":[5,5,5,5,5,11,11,11,11,19,19,19,19,19,21,21,21],"current_hp_per_floor":[37,36,26,39,39,13,13,11,11,27,27,27,27,27,27,9,50,35,35,35,35,31,31,0,0],"gold":564651943,"neow_bonus":"RANDOM_COLORLESS","is_daily":false,"chose_seed":false,"campfire_upgraded":3,"win_rate":0.0,"timestamp":1610884571,"path_taken":["M","M","M","M","$","E","R","M","T","?","$","M","?","?","R","BOSS","M","$","M","$","M","R","E"],"items_purchased_type":["Relic","Relic","Relic","Card","Potion","Relic","Relic","Potion","Potion","Relic","Relic","Relic","Card","Card","Relic","Relic","Relic"],"build_version":"2020-12-22","purchased_purges":4,"victory":false,"max_hp_per_floor":[66,66,66,66,66,66,66,66,66,66,63,63,63,63,63,63,63,63,63,63,63,63,63,63,63],"card_choices":[{"not_picked":["Quick Slash","Toxin Wave"],"picked":"Riddle With Holes","floor":1},{"not_picked":["Well Laid Plans","Setup"],"picked":"Backflip","floor":2},{"not_picked":["Underhanded Strike","Footwork"],"picked":"Deadly Poison","floor":3},{"not_picked":["Leg Sweep","Slice"],"picked":"Dagger Spray","floor":4},{"not_picked":["Thinking Ahead","Chrysalis"],"picked":"ReplayTheSpireMod:Brewmster","floor":5},{"not_picked":["Dodge and Roll","Flying Knee","Fluid Movement"],"picked":"SKIP","floor":6},{"not_picked":["Outmaneuver","All Out Attack"],"picked":"Draining Mist","floor":8},{"not_picked":["Slice","Dodge and Roll"],"picked":"PiercingWail","floor":12},{"not_picked":["Setup","Slice","Poisoned Stab"],"picked":"SKIP","floor":18},{"not_picked":["Deadly Poison","Toxin Wave+1","ReplayTheSpireMod:Speed Training"],"picked":"SKIP","floor":20},{"not_picked":["Prepared","ReplayTheSpireMod:Speed Training","Dash"],"picked":"SKIP","floor":22}],"player_experience":529598,"relics_obtained":[{"floor":6,"key":"InkBottle"},{"floor":14,"key":"Calipers"}],"event_choices":[{"damage_healed":16,"gold_gain":0,"player_choice":"Healed and dodged fight","damage_taken":0,"max_hp_gain":0,"max_hp_loss":0,"event_name":"Mushrooms","floor":10,"gold_loss":0,"cards_obtained":["Parasite"]},{"damage_healed":0,"gold_gain":0,"player_choice":"Box","damage_taken":0,"relics_obtained":["ReplayTheSpireMod:Lightbulb"],"max_hp_gain":0,"max_hp_loss":0,"event_name":"Big Fish","floor":13,"gold_loss":0,"cards_obtained":["Regret"]}],"is_beta":false,"boss_relics":[{"not_picked":["Fusion Hammer","Busted Crown"],"picked":"Ring of the Serpent"}],"items_purged_floors":[5,11,19,21],"is_endless":false,"potions_floor_spawned":[4,12,20,22],"killed_by":"Gremlin Leader","ascension_level":20}}