{"host":"56d873i5r3uhle0q","time":1610854739,"event":{"mods":["100% Spire Juice","Act Like it!","Aspiration","BaseMod","Block Reminder","Conspire","Gensokyo","Hermit","Jedi Mod","Marisa????????","Marked Mod","Minty Spire (QoL Compilation)","Replay The Spire","StSLib","The Animator","The Bug Knight","The Cursed","The Jungle","The Marked","The Servant 0.9.4","everything is the same but u backflip on backflip","vexMod","??????REMEMod"],"gold_per_floor":[115,115,135,135,149,149,178,198,270,286,306,319,188,205,205,205,205],"floor_reached":16,"language":"ENG","playtime":1119,"items_purged":[],"score":106,"play_id":"33e8d818-7743-43d7-94b6-ede680700772","local_time":"20210116203859","is_ascension_mode":false,"campfire_choices":[{"data":"Havoc","floor":6,"key":"SMITH"},{"floor":15,"key":"REST"}],"circlet_count":0,"master_deck":["Strike_R","Strike_R","Strike_R","Strike_R","Strike_R","Defend_R","Defend_R","Defend_R","Defend_R","Bash","Havoc+1","Sentinel","Gensokyo:BlemishedSteel","Gensokyo:Shovel"],"relics":["Burning Blood","REME_ComplimentaryCards","NeowsBlessing","aspiration:Lifesprig","conspire:BottledYoYo"],"acts_visited":["Gensokyo:Gensokyo"],"potions_floor_usage":[16,16,16,16,16],"damage_taken":[{"damage":0.0,"enemies":"Gensokyo:3_Fairies","floor":1.0,"turns":1.0},{"damage":0.0,"enemies":"Gensokyo:Python","floor":3.0,"turns":1.0},{"damage":0,"enemies":"Gensokyo:Gryphon","floor":5,"turns":1},{"damage":27,"enemies":"Gensokyo:Aya","floor":7,"turns":7},{"damage":5,"enemies":"Gensokyo:2_Rabbits","floor":8,"turns":6},{"damage":12,"enemies":"Gensokyo:Gryphon_and_Rabbit","floor":10,"turns":4},{"damage":7,"enemies":"Gensokyo:3_Kodama","floor":11,"turns":6},{"damage":8,"enemies":"Gensokyo:2_Rabbits","floor":12,"turns":4},{"damage":13,"enemies":"Gensokyo:CorruptedTreant","floor":14,"turns":4},{"damage":125,"enemies":"Gensokyo:Kokoro","floor":16,"turns":13}],"seed_played":"7703885863939962026","potions_obtained":[{"floor":5,"key":"conspire:TimeTravelPotion"},{"floor":10,"key":"Explosive Potion"},{"floor":11,"key":"EntropicBrew"}],"is_trial":false,"path_per_floor":["M","$","M","?","M","R","E","M","T","M","M","M","COS","M","R","B"],"character_chosen":"IRONCLAD","items_purchased":[],"campfire_rested":1,"item_purchase_floors":[],"current_hp_per_floor":[80,80,80,80,80,80,59,60,60,54,53,51,51,44,68,0,0],"gold":205,"neow_bonus":"THREE_ENEMY_KILL","is_daily":false,"chose_seed":false,"campfire_upgraded":1,"win_rate":0.0,"timestamp":1610854739,"path_taken":["M","$","M","?","M","R","E","?","T","M","M","M","COS","M","R","BOSS"],"items_purchased_type":[],"build_version":"2020-12-22","purchased_purges":0,"victory":false,"max_hp_per_floor":[80,80,80,80,80,80,80,80,80,80,80,80,80,80,80,80,80],"card_choices":[{"not_picked":["True Grit","Clothesline"],"picked":"Havoc","floor":1.0},{"not_picked":["Run Through","jedi:MakeshiftSword","Thunderclap"],"picked":"SKIP","floor":3.0},{"not_picked":["Heavy Blade","Blood for Blood","Wild Strike"],"picked":"SKIP","floor":5},{"not_picked":["Ghostly Armor","Run Through","Massacre"],"picked":"SKIP","floor":7},{"not_picked":["Body Slam","Twin Strike","Sever Soul"],"picked":"SKIP","floor":8},{"not_picked":["Armaments","Run Through","Pummel"],"picked":"SKIP","floor":10},{"not_picked":["Warcry","Thunderclap"],"picked":"Sentinel","floor":11},{"not_picked":["Combust","Blood for Blood","ReplayTheSpireMod:Stacked"],"picked":"SKIP","floor":12},{"not_picked":["REME_Fury","jedi:fear","Replay:Undeath\u0027s Touch"],"picked":"SKIP","floor":14}],"player_experience":541009,"relics_obtained":[{"floor":7,"key":"aspiration:Lifesprig"},{"floor":9,"key":"conspire:BottledYoYo"}],"event_choices":[],"is_beta":false,"boss_relics":[],"items_purged_floors":[],"is_endless":false,"potions_floor_spawned":[5,10,11,12],"killed_by":"Gensokyo:Kokoro","ascension_level":0}}