{"host":"yvb207ks1sg3cxef","time":1610888243,"event":{"mods":["2.2 Compatiblity","BaseMod","Bestiary","Colored Powertips","Minty Spire (QoL Compilation)","Permanent Neow","Quick Restart","Relic Stats","StSLib"],"gold_per_floor":[112,37,37,55,55,87,115,115,168,168,182,182,182,214,214,214,214],"floor_reached":16,"language":"ENG","playtime":974,"items_purged":["Defend_P"],"score":170,"play_id":"e83a8d14-b70c-403b-a3e7-38ed62737bad","local_time":"20210117182723","is_ascension_mode":true,"campfire_choices":[{"data":"Study","floor":8.0,"key":"SMITH"},{"floor":10.0,"key":"REST"},{"data":"Perseverance","floor":13,"key":"SMITH"},{"data":"Tantrum","floor":15,"key":"SMITH"}],"circlet_count":0,"master_deck":["AscendersBane","Strike_P","Strike_P","Strike_P+1","Strike_P+1","Defend_P+1","Defend_P","Defend_P","Eruption+1","Vigilance","Perseverance+1","Study+1","Evaluate","Tantrum+1","LessonLearned"],"relics":["PureWater","Whetstone","Calipers","Odd Mushroom","Centennial Puzzle","Lantern","Dream Catcher"],"acts_visited":["Exordium"],"potions_floor_usage":[14,16],"damage_taken":[{"damage":0.0,"enemies":"Jaw Worm","floor":1.0,"turns":3.0},{"damage":0.0,"enemies":"2 Louse","floor":4.0,"turns":2.0},{"damage":21.0,"enemies":"3 Sentries","floor":6.0,"turns":9.0},{"damage":20.0,"enemies":"The Mushroom Lair","floor":7.0,"turns":5.0},{"damage":0,"enemies":"Small Slimes","floor":11,"turns":3},{"damage":1,"enemies":"Lagavulin","floor":14,"turns":7},{"damage":49,"enemies":"Hexaghost","floor":16,"turns":12}],"seed_played":"-5523115449289233237","potions_obtained":[{"floor":11,"key":"Weak Potion"},{"floor":14,"key":"Regen Potion"}],"is_trial":false,"path_per_floor":["M","$","?","M","?","E","?","R","T","R","M","?","R","E","R","B"],"character_chosen":"WATCHER","items_purchased":[],"campfire_rested":1,"item_purchase_floors":[],"current_hp_per_floor":[65,65,70,70,55,34,14,14,14,37,37,37,37,36,36,0,0],"gold":214,"neow_bonus":"RANDOM_COMMON_RELIC","is_daily":false,"chose_seed":false,"campfire_upgraded":3,"win_rate":0.0,"timestamp":1610888243,"path_taken":["M","$","?","M","?","E","?","R","T","R","M","?","R","E","R","BOSS"],"items_purchased_type":[],"build_version":"2020-12-22","purchased_purges":1,"victory":false,"max_hp_per_floor":[72,72,77,77,77,77,77,77,77,77,77,77,77,77,77,77,77],"relic_stats":{"Centennial Puzzle":[6],"Dream Catcher":0,"counters":[7,41],"Whetstone":["Strike_P","Strike_P"],"obtain_stats":[{"Centennial Puzzle":9,"Lantern":12,"Dream Catcher":14,"Calipers":6,"Whetstone":0,"PureWater":0,"Odd Mushroom":7},{"Centennial Puzzle":4,"Lantern":5,"Dream Catcher":6,"Calipers":3,"Whetstone":0,"PureWater":0,"Odd Mushroom":4},{"Centennial Puzzle":19,"Lantern":22,"Dream Catcher":29,"Calipers":14,"Whetstone":0,"PureWater":0,"Odd Mushroom":19}]},"card_choices":[{"not_picked":["FlurryOfBlows","BattleHymn"],"picked":"Perseverance","floor":1.0},{"not_picked":["Nirvana","JustLucky"],"picked":"Study","floor":4.0},{"not_picked":["Wireheading","Halt"],"picked":"Evaluate","floor":6.0},{"not_picked":["WindmillStrike","BowlingBash"],"picked":"Tantrum","floor":11},{"not_picked":["ClearTheMind","FollowUp"],"picked":"LessonLearned","floor":14}],"player_experience":373526,"relics_obtained":[{"floor":6.0,"key":"Calipers"},{"floor":7.0,"key":"Odd Mushroom"},{"floor":9.0,"key":"Centennial Puzzle"},{"floor":14,"key":"Dream Catcher"}],"event_choices":[{"damage_healed":0.0,"max_hp_gain":5.0,"max_hp_loss":0.0,"gold_gain":0.0,"event_name":"Big Fish","player_choice":"Donut","floor":3.0,"gold_loss":0.0,"damage_taken":0.0},{"damage_healed":0.0,"max_hp_gain":0.0,"max_hp_loss":0.0,"gold_gain":0.0,"event_name":"Shining Light","player_choice":"Entered Light","floor":5.0,"gold_loss":0.0,"damage_taken":15.0,"cards_upgraded":["Defend_P","Eruption"]},{"damage_healed":0.0,"max_hp_gain":0.0,"max_hp_loss":0.0,"gold_gain":0.0,"event_name":"Mushrooms","player_choice":"Fought Mushrooms","floor":7.0,"gold_loss":0.0,"damage_taken":0.0},{"damage_healed":0,"gold_gain":0,"player_choice":"Searched \u00272\u0027 times","damage_taken":0,"relics_obtained":["Lantern"],"max_hp_gain":0,"max_hp_loss":0,"event_name":"Dead Adventurer","floor":12,"gold_loss":0}],"is_beta":false,"boss_relics":[],"items_purged_floors":[2],"is_endless":false,"potions_floor_spawned":[11,14],"killed_by":"Hexaghost","ascension_level":12}}