{"host":"a3oe3gstxz77c7qu","time":1610895793,"event":{"mods":["2.2 Compatiblity","Act Like it!","Astrologer","BaseMod","Bestiary","Better Altar","Better Match","Better Note","Better Skull","Better Third Choice","Block Reminder","Curses Come First","Custom Start","Dark Map","Downfall","Fox Events","Friendly Minions","GifTheSpireLib","Hallownest","Hermit","Jorbs\u0027s Wanderer Trilogy","Lobotomy","LobotomyExtend","Marisa????????","Minty Spire (QoL Compilation)","Permanent Neow","Quick Restart","Relic Stats","StSLib","The Bug Knight","The Cursed","The Disciple","The Jungle","Uncapped","Unknown Chances","Wandering Minibosses"],"gold_per_floor":[99,99,99,9,29,76,76,76,76,76,110,126,26,46,66,161,161,161,173,8,8,20,47,73,83,111,111,111],"floor_reached":27,"language":"ENG","playtime":870,"items_purged":["downfall:Malfunctioning"],"score":249,"play_id":"804305b4-f0f1-4885-aca4-c23e5c88a14f","local_time":"20210117150313","is_ascension_mode":false,"campfire_choices":[{"floor":1,"key":"RECALL"},{"data":"bronze:FineTuning","floor":8,"key":"SMITH"},{"data":"bronze:Replicate","floor":13,"key":"SMITH"},{"data":"bronze:FineTuning","floor":18,"key":"SMITH"}],"circlet_count":0,"master_deck":["bronze:Strike","bronze:Strike+1","bronze:Strike","bronze:Strike","bronze:Defend+1","bronze:Defend","bronze:Defend+1","bronze:Defend","bronze:Replicate+1","bronze:Goto+1","bronze:Iterate+1","bronze:FineTuning+1","bronze:FineTuning+1","bronze:Return","bronze:WhirlingStrike+1","bronze:FineTuning+1","bronze:ForLoop+1"],"relics":["bronze:BronzeCore","MagicBullet_r","LetterFromLob","PreservedInsect","Eternal Feather","ShedSkin_r","LaetitiaHeart","InkBottle","downfall:HeartBlessingRed","SacredBark","Membership Card","Blue Candle","Nunchaku","Turnip"],"acts_visited":["Exordium","TheCity"],"potions_floor_usage":[16,20,23,25],"damage_taken":[{"damage":0,"enemies":"downfall:FleeingMerchant","floor":4,"turns":4},{"damage":0,"enemies":"Cultist","floor":5,"turns":2},{"damage":1,"enemies":"3 Sentries","floor":11,"turns":4},{"damage":0,"enemies":"2 Louse","floor":12,"turns":1},{"damage":6,"enemies":"Jaw Worm","floor":14,"turns":2},{"damage":2,"enemies":"Exordium Thugs","floor":15,"turns":3},{"damage":27,"enemies":"WA_ARCHETYPE_RETAIN","floor":16,"turns":4},{"damage":5,"enemies":"Chosen","floor":19,"turns":3},{"damage":7,"enemies":"downfall:FleeingMerchant","floor":20,"turns":4},{"damage":0,"enemies":"Spheric Guardian","floor":22,"turns":2},{"damage":13,"enemies":"Slavers","floor":23,"turns":5},{"damage":0,"enemies":"Snecko","floor":25,"turns":3},{"damage":15,"enemies":"HollowMod:Nosk","floor":26,"turns":4},{"damage":30,"enemies":"downfall:FleeingMerchant","floor":27,"turns":2}],"seed_played":"1914026456521641546","potions_obtained":[{"floor":5,"key":"LiquidBronze"},{"floor":12,"key":"Dexterity Potion"},{"floor":14,"key":"LiquidMemories"},{"floor":16,"key":"hexamod:SoulburnPotion"},{"floor":22,"key":"Strength Potion"},{"floor":23,"key":"Block Potion"}],"is_trial":false,"path_per_floor":["R","?","?","$","M","T","T","R","E","?","E","M","R","M","M","B",null,"R","M","$","?","M","E","T","M","E","$"],"character_chosen":"THE_AUTOMATON","items_purchased":["Membership Card"],"campfire_rested":0,"item_purchase_floors":[20],"current_hp_per_floor":[70,70,70,70,70,70,70,70,47,47,46,46,52,46,44,17,70,70,65,58,58,58,45,45,45,30,0,0],"gold":111,"neow_bonus":"UPGRADE_CARD","is_daily":false,"chose_seed":false,"campfire_upgraded":3,"win_rate":0.0,"timestamp":1610895793,"path_taken":["R","?","?","$","?","?","T","R","E","?","E","M","R","M","M","BOSS","R","M","$","?","M","E","T","?","E","$"],"items_purchased_type":["Relic"],"build_version":"2020-12-22","purchased_purges":1,"victory":false,"max_hp_per_floor":[70,70,70,70,70,70,70,70,70,70,70,70,70,70,70,70,70,70,70,70,70,70,70,70,70,70,70,70],"relic_stats":{"Nunchaku":[2],"counters":[14,43],"Blue Candle":[0],"Eternal Feather":6,"PreservedInsect":108,"Turnip":[0],"obtain_stats":[{"bronze:BronzeCore":0,"MagicBullet_r":2,"downfall:HeartBlessingRed":13,"SacredBark":17,"Blue Candle":23,"Eternal Feather":7,"PreservedInsect":6,"Nunchaku":24,"LaetitiaHeart":9,"Turnip":26,"LetterFromLob":5,"Membership Card":20,"ShedSkin_r":9,"InkBottle":11},{"bronze:BronzeCore":0,"MagicBullet_r":0,"downfall:HeartBlessingRed":4,"SacredBark":7,"Blue Candle":11,"Eternal Feather":2,"PreservedInsect":2,"Nunchaku":11,"LaetitiaHeart":2,"Turnip":13,"LetterFromLob":2,"Membership Card":9,"ShedSkin_r":2,"InkBottle":3},{"bronze:BronzeCore":0,"MagicBullet_r":0,"downfall:HeartBlessingRed":11,"SacredBark":20,"Blue Candle":34,"Eternal Feather":6,"PreservedInsect":6,"Nunchaku":34,"LaetitiaHeart":6,"Turnip":41,"LetterFromLob":6,"Membership Card":27,"ShedSkin_r":6,"InkBottle":10}],"InkBottle":[12]},"card_choices":[{"not_picked":["bronze:Backtrace","bronze:Shield"],"picked":"bronze:Iterate","floor":4},{"not_picked":["bronze:Terminator","bronze:Constructor"],"picked":"bronze:FineTuning","floor":5},{"not_picked":["bronze:WhirlingStrike","bronze:GetLatest","bronze:Overheat"],"picked":"SKIP","floor":11},{"not_picked":["bronze:Overheat","bronze:DelayedGuard","bronze:Deprecate"],"picked":"SKIP","floor":12},{"not_picked":["bronze:GetLatest","bronze:DarkDash"],"picked":"bronze:FineTuning","floor":14},{"not_picked":["bronze:CutThrough","bronze:BuggyMess"],"picked":"bronze:Return","floor":15},{"not_picked":["bronze:BuggyMess+1","bronze:Separator"],"picked":"bronze:WhirlingStrike+1","floor":19},{"not_picked":["bronze:Allocate","bronze:ClassDefault"],"picked":"bronze:FineTuning+1","floor":20},{"not_picked":["bronze:ForLoop","bronze:WhirlingStrike+1","bronze:ForceShield"],"picked":"SKIP","floor":22},{"not_picked":["bronze:Boost","bronze:Break","bronze:Repulsor"],"picked":"SKIP","floor":23},{"not_picked":["bronze:Turbo+1","bronze:Deprecate","bronze:Shield"],"picked":"SKIP","floor":25},{"not_picked":["bronze:Repair+1","bronze:AlphaBuild"],"picked":"bronze:ForLoop+1","floor":26}],"player_experience":1043859,"relics_obtained":[{"floor":5,"key":"LetterFromLob"},{"floor":6,"key":"PreservedInsect"},{"floor":7,"key":"Eternal Feather"},{"floor":11,"key":"InkBottle"},{"floor":23,"key":"Blue Candle"},{"floor":24,"key":"Nunchaku"},{"floor":26,"key":"Turnip"}],"event_choices":[{"damage_healed":0,"gold_gain":0,"player_choice":"Ignored","damage_taken":0,"max_hp_gain":0,"max_hp_loss":0,"event_name":"betterNote:BetterNote","floor":21,"gold_loss":0,"cards_obtained":["astrologer:DarkMatter"]}],"is_beta":false,"boss_relics":[{"not_picked":["Cursed Key","Runic Pyramid"],"picked":"SacredBark"}],"items_purged_floors":[4],"is_endless":false,"potions_floor_spawned":[5,12,14,16,22,23],"killed_by":"downfall:FleeingMerchant","ascension_level":0}}