{"host":"pjgcdp3h1plnbocs","time":1610895297,"event":{"mods":["AchievementEnabler","BaseMod","Colored Map","Highlight Path","Minty Spire (QoL Compilation)"],"gold_per_floor":[119,132,148,168,168,198,198,229,229,261,274,309,309,326,326,428,428,440,450,243,243,47,47,79,79,79,111,126,143,143,143],"floor_reached":30,"language":"ENG","playtime":1351,"items_purged":["Strike_B","Strike_B"],"score":315,"play_id":"a0ad7193-d9c0-462a-9562-d83212665aeb","local_time":"20210117155457","is_ascension_mode":true,"campfire_choices":[{"data":"Blizzard","floor":7,"key":"SMITH"},{"data":"Dualcast","floor":15,"key":"SMITH"},{"floor":23,"key":"RECALL"},{"data":"Echo Form","floor":25,"key":"SMITH"}],"circlet_count":0,"master_deck":["Strike_B","Defend_B","Defend_B","Defend_B","Defend_B","Zap","Dualcast+1","Blizzard+1","Glacier","Cold Snap","Coolheaded+1","Echo Form+1","Redo+1","Redo+1"],"relics":["Cracked Core","NeowsBlessing","Shuriken","Juzu Bracelet","Toxic Egg 2","Calipers","Smiling Mask","Black Star","Art of War","Membership Card","The Courier","Vajra","Bronze Scales","Sundial"],"acts_visited":["Exordium","TheCity"],"potions_floor_usage":[16,16,27,28,30,30],"damage_taken":[{"damage":0,"enemies":"Cultist","floor":1,"turns":1},{"damage":0,"enemies":"Small Slimes","floor":2,"turns":1},{"damage":0,"enemies":"Jaw Worm","floor":3,"turns":1},{"damage":3,"enemies":"Looter","floor":4,"turns":4},{"damage":6,"enemies":"Lagavulin","floor":6,"turns":13},{"damage":15,"enemies":"3 Sentries","floor":8,"turns":8},{"damage":6,"enemies":"Lagavulin","floor":10,"turns":9},{"damage":0,"enemies":"Large Slime","floor":11,"turns":6},{"damage":8,"enemies":"3 Sentries","floor":12,"turns":8},{"damage":3,"enemies":"Red Slaver","floor":14,"turns":4},{"damage":24,"enemies":"Hexaghost","floor":16,"turns":14},{"damage":10,"enemies":"3 Byrds","floor":18,"turns":6},{"damage":3,"enemies":"Chosen","floor":19,"turns":7},{"damage":27,"enemies":"Slavers","floor":24,"turns":5},{"damage":9,"enemies":"Gremlin Leader","floor":27,"turns":8},{"damage":11,"enemies":"Snake Plant","floor":28,"turns":5},{"damage":0,"enemies":"Snecko","floor":29,"turns":6},{"damage":16,"enemies":"Slavers","floor":30,"turns":1}],"seed_played":"-1166534264729937468","potions_obtained":[{"floor":2,"key":"SpeedPotion"},{"floor":3,"key":"SneckoOil"},{"floor":8,"key":"BlessingOfTheForge"},{"floor":16,"key":"Explosive Potion"},{"floor":24,"key":"AttackPotion"},{"floor":29,"key":"FocusPotion"}],"is_trial":false,"path_per_floor":["M","M","M","M","?","E","R","E","T","E","M","E","?","M","R","B",null,"M","M","$","?","$","R","E","R","T","E","M","M","E"],"character_chosen":"DEFECT","items_purchased":["Art of War","Membership Card"],"campfire_rested":0,"item_purchase_floors":[20,22],"current_hp_per_floor":[75,75,75,72,65,59,59,44,44,38,38,30,30,27,27,3,75,65,62,62,62,62,62,35,35,35,26,15,15,0,0],"gold":143,"neow_bonus":"THREE_ENEMY_KILL","is_daily":false,"chose_seed":false,"campfire_upgraded":3,"win_rate":0.0,"timestamp":1610895297,"path_taken":["M","M","M","M","?","E","R","E","T","E","M","E","?","M","R","BOSS","M","M","$","?","$","R","E","R","T","E","M","M","E"],"items_purchased_type":["Relic","Relic"],"build_version":"2020-12-22","purchased_purges":2,"victory":false,"max_hp_per_floor":[75,75,75,75,75,75,75,75,75,75,75,75,75,75,75,75,75,75,75,75,75,75,75,75,75,75,75,75,75,75,75],"card_choices":[{"not_picked":["Barrage","Steam Power"],"picked":"Blizzard","floor":1},{"not_picked":["Coolheaded","Streamline"],"picked":"Glacier","floor":2},{"not_picked":["Gash","Leap"],"picked":"Cold Snap","floor":3},{"not_picked":["Doom and Gloom","Consume","Rebound"],"picked":"SKIP","floor":4},{"not_picked":["Go for the Eyes","Leap","Streamline"],"picked":"SKIP","floor":6},{"not_picked":["Double Energy","Turbo","Stack"],"picked":"SKIP","floor":8},{"not_picked":["Steam+1","Rainbow+1","Beam Cell"],"picked":"SKIP","floor":10},{"not_picked":["Cold Snap","Steam Power+1"],"picked":"Coolheaded+1","floor":11},{"not_picked":["Gash","Go for the Eyes","Scrape"],"picked":"SKIP","floor":12},{"not_picked":["BootSequence+1","Genetic Algorithm+1","Aggregate+1"],"picked":"SKIP","floor":14},{"not_picked":["Amplify+1","Fission+1"],"picked":"Echo Form","floor":16},{"not_picked":["Undo+1","Sweeping Beam"],"picked":"Redo+1","floor":18},{"not_picked":["Glacier+1","Static Discharge","Barrage"],"picked":"SKIP","floor":19},{"not_picked":["Undo+1","Steam+1","Beam Cell"],"picked":"SKIP","floor":24},{"not_picked":["Aggregate+1","Leap+1","Compile Driver"],"picked":"SKIP","floor":27},{"not_picked":["Leap+1","Sweeping Beam+1"],"picked":"Redo+1","floor":28},{"not_picked":["Ball Lightning","Barrage","Self Repair+1"],"picked":"SKIP","floor":29}],"player_experience":176111,"relics_obtained":[{"floor":6,"key":"Shuriken"},{"floor":8,"key":"Juzu Bracelet"},{"floor":9,"key":"Toxic Egg 2"},{"floor":10,"key":"Calipers"},{"floor":12,"key":"Smiling Mask"},{"floor":24,"key":"The Courier"},{"floor":24,"key":"Vajra"},{"floor":27,"key":"Bronze Scales"},{"floor":27,"key":"Sundial"}],"event_choices":[{"cards_removed":["Strike_B"],"damage_healed":0,"gold_gain":0,"player_choice":"Card Removal","damage_taken":7,"max_hp_gain":0,"max_hp_loss":0,"event_name":"Golden Wing","floor":5,"gold_loss":0},{"damage_healed":0,"gold_gain":0,"player_choice":"Ignored","damage_taken":0,"max_hp_gain":0,"max_hp_loss":0,"event_name":"Liars Game","floor":13,"gold_loss":0},{"damage_healed":0,"gold_gain":0,"player_choice":"Ignored","damage_taken":0,"max_hp_gain":0,"max_hp_loss":0,"event_name":"Ghosts","floor":21,"gold_loss":0}],"is_beta":false,"boss_relics":[{"not_picked":["Coffee Dripper","Empty Cage"],"picked":"Black Star"}],"items_purged_floors":[20,22],"is_endless":false,"potions_floor_spawned":[2,3,8,16,24,29],"killed_by":"Slavers","ascension_level":1}}