{"host":"uimu98mr9zvwuo5s","time":1610896719,"event":{"mods":["Aspiration","BaseMod","BetterRewards","Conspire","Defective Defect","GifTheSpireLib","Gremlin Mod","Highlight Path","Hubris","Infinite Spire","Jedi Mod","Minty Spire (QoL Compilation)","Replay The Spire","Shop Mod","StSLib","Stuff the Spire","Uncapped"],"gold_per_floor":[118,136,136,136,154,154,154,7,7,7,7,21,21,36,36,140,140,152,168,183,183,199,199,127,159,159,178,178,193,219,219,219,324,324,337,247,267,282,300,335,335,251,251,282,282,60,78,97,97,197,197,204,219,219,228,328,329,339,339,387,403,403,407,407,422,422,510,510,521,524,524,541,544,544,544,494,519,519,514,514,250,268,268,353,353,362,358,78,78,81,81,97,97,97,97,97,78,78],"floor_reached":97,"language":"ENG","playtime":6387,"items_purged":["Strike_B","hubris:DoWhile","Zap","FTL","jedi:hex+1","Loop+1"],"score":1703,"play_id":"53f20579-0b5f-4fd3-940e-4303c9c03fe4","local_time":"20210117101839","is_ascension_mode":false,"campfire_choices":[{"data":"Chill","floor":6,"key":"SMITH"},{"data":"ReplayRNGCard","floor":11,"key":"SMITH"},{"data":"jedi:hex","floor":15,"key":"SMITH"},{"data":"Aggregate","floor":23,"key":"SMITH"},{"floor":32,"key":"DIG"},{"data":"Tempest","floor":41,"key":"SMITH"},{"floor":45,"key":"RECALL"},{"data":"StuffTheSpire:Plugnplay","floor":49,"key":"SMITH"},{"data":"Thunder Strike","floor":59,"key":"SMITH"},{"data":"StuffTheSpire:Synthwave","floor":64,"key":"SMITH"},{"floor":66,"key":"DIG"},{"data":"StuffTheSpire:Ambrosia","floor":75,"key":"SMITH"},{"data":"Double Energy","floor":80,"key":"SMITH"},{"data":"Static Discharge","floor":83,"key":"SMITH"},{"data":"conspire:Banana","floor":91,"key":"SMITH"},{"data":"Reboot","floor":95,"key":"SMITH"}],"circlet_count":0,"master_deck":["Chill+1","StuffTheSpire:Plugnplay+1","ReplayRNGCard+1","Echo Form","Aggregate+1","StuffTheSpire:Synthwave+1","Tempest+1","Static Discharge+1","infinitespire:FutureSight+1","Reboot+1","StuffTheSpire:Synthwave+1","Thunder Strike+1","Double Energy+1","StuffTheSpire:Ambrosia+1","StuffTheSpire:Ambrosia+1","Heatsinks+1","Aggregate","ReplayRNGCard+1","conspire:Banana+1"],"relics":["Cracked Core","MerchantsRug","jedi:matchstick","aspiration:BursterCore","Chameleon Ring","Meat on the Bone","Pandora\u0027s Box","Chemical X","jedi:bottledfury","Lizard Tail","Runic Dome","MealTicket","Frozen Egg 2","conspire:Flyswatter","infinitespire:SolderingIron","Empty Cage","Blue Doll","Prayer Wheel","StuffTheSpire:Barrel","ReplayFunnel","DollysMirror","ReplayTheSpireMod:Ninjato","Prayer Wheel","aspiration:FrozenJewel","infinitespire:Bottled Soul","Pantograph"],"acts_visited":["Exordium","TheCity","TheBeyond","Exordium","TheCity","TheBeyond"],"potions_floor_usage":[16,30,30],"damage_taken":[{"damage":0,"enemies":"2 Louse","floor":1,"turns":3},{"damage":1,"enemies":"Jaw Worm","floor":2,"turns":4},{"damage":0,"enemies":"Small Slimes","floor":5,"turns":3},{"damage":0,"enemies":"2 Fungi Beasts","floor":12,"turns":4},{"damage":0,"enemies":"Blue Slaver","floor":14,"turns":4},{"damage":36,"enemies":"Slime Boss","floor":16,"turns":11},{"damage":11,"enemies":"3 Byrds","floor":18,"turns":4},{"damage":16,"enemies":"2 Thieves","floor":19,"turns":3},{"damage":18,"enemies":"Shelled Parasite and Fungi","floor":20,"turns":4},{"damage":11,"enemies":"Snake Plant","floor":22,"turns":2},{"damage":8,"enemies":"Slavers","floor":25,"turns":5},{"damage":0,"enemies":"conspire:HollyBat","floor":27,"turns":7},{"damage":0,"enemies":"Centurion and Healer","floor":29,"turns":1},{"damage":8,"enemies":"Nightmare","floor":30,"turns":3},{"damage":0,"enemies":"Collector","floor":33,"turns":3},{"damage":0,"enemies":"3 Shapes","floor":35,"turns":3},{"damage":8,"enemies":"Orb Walker","floor":37,"turns":3},{"damage":22,"enemies":"Transient","floor":38,"turns":5},{"damage":0,"enemies":"3 Darklings","floor":39,"turns":3},{"damage":18,"enemies":"Nemesis","floor":40,"turns":3},{"damage":0,"enemies":"R_Hoarder","floor":44,"turns":3},{"damage":0,"enemies":"4 Shapes","floor":47,"turns":2},{"damage":3,"enemies":"Sphere and 2 Shapes","floor":48,"turns":3},{"damage":22,"enemies":"Donu and Deca","floor":50,"turns":4},{"damage":0,"enemies":"Cultist","floor":52,"turns":1},{"damage":0,"enemies":"Jaw Worm","floor":53,"turns":1},{"damage":6,"enemies":"2 Louse","floor":55,"turns":2},{"damage":0,"enemies":"Lots of Slimes","floor":57,"turns":2},{"damage":0,"enemies":"3 Louse","floor":58,"turns":1},{"damage":0,"enemies":"Gremlin Gang","floor":61,"turns":1},{"damage":0,"enemies":"Exordium Thugs","floor":63,"turns":2},{"damage":0,"enemies":"Large Slime","floor":65,"turns":2},{"damage":50,"enemies":"Hexaghost","floor":67,"turns":4},{"damage":40,"enemies":"2 Thieves","floor":69,"turns":2},{"damage":8,"enemies":"Shell Parasite","floor":70,"turns":2},{"damage":35,"enemies":"conspire:MimicChest","floor":72,"turns":3},{"damage":15,"enemies":"Centurion and Healer","floor":73,"turns":3},{"damage":26,"enemies":"Chosen and Byrds","floor":74,"turns":2},{"damage":0,"enemies":"Sentry and Sphere","floor":78,"turns":3},{"damage":0,"enemies":"3 Cultists","floor":79,"turns":4},{"damage":0,"enemies":"Gremlin Leader","floor":82,"turns":3},{"damage":24,"enemies":"Automaton","floor":84,"turns":4},{"damage":8,"enemies":"Orb Walker","floor":86,"turns":2},{"damage":5,"enemies":"3 Shapes","floor":87,"turns":4},{"damage":26,"enemies":"Sphere and 2 Shapes","floor":90,"turns":3},{"damage":40,"enemies":"Giant Head","floor":92,"turns":5},{"damage":166,"enemies":"Nemesis","floor":97,"turns":4}],"seed_played":"-911455679448446516","potions_obtained":[{"floor":12,"key":"DistilledChaos"},{"floor":16,"key":"LiquidMemories"},{"floor":18,"key":"FearPotion"},{"floor":20,"key":"jedi:coolantleak"},{"floor":25,"key":"AttackPotion"},{"floor":27,"key":"Explosive Potion"},{"floor":38,"key":"FearPotion"},{"floor":44,"key":"Toxic Potion"},{"floor":48,"key":"Flashbang"},{"floor":53,"key":"SteroidPotion"},{"floor":58,"key":"Toxic Potion"},{"floor":78,"key":"jedi:coolantleak"},{"floor":79,"key":"LifebloodPotion"},{"floor":84,"key":"BlessingOfTheForge"},{"floor":87,"key":"jedi:coolantleak"},{"floor":92,"key":"FairyPotion"}],"is_trial":false,"path_per_floor":["M","M","$","?","M","R","?","$","T","$","R","M","?","M","R","B",null,"M","M","M","?","M","R","$","E","T","M","AVR","M","NM","?","R","B",null,"M","?","M","M","M","E","R","$","T","E","R","$","M","M","R","B",null,"M","M","?","M","?","M","M","R","T","M","?","M","R","M","R","B",null,"M","M","?","?","M","M","R","$","T","M","M","R","$","E","R","B",null,"M","M","$","?","M","R","E","$","T","R","T","E"],"character_chosen":"DEFECT","items_purchased":["MerchantsRug","Loop+1","infinitespire:SolderingIron","DollysMirror","ReplayRNGCard+1","conspire:Banana"],"campfire_rested":0,"item_purchase_floors":[8,24,46,81,88,88],"current_hp_per_floor":[82,81,81,81,81,81,81,81,81,81,81,81,74,74,74,38,82,71,55,37,37,26,26,26,18,18,30,30,42,46,46,46,46,82,82,82,74,52,52,46,46,61,61,61,61,76,76,73,73,51,82,82,82,82,76,76,76,76,76,76,76,58,58,58,58,58,20,82,42,46,46,24,22,63,63,78,78,80,82,82,89,93,93,73,97,93,92,105,105,84,84,62,77,77,77,77,0,0],"gold":78,"neow_bonus":"TEN_PERCENT_HP_BONUS","is_daily":false,"chose_seed":false,"campfire_upgraded":13,"win_rate":0.0,"timestamp":1610896719,"path_taken":["M","M","$","?","M","R","?","$","T","?","R","M","?","M","R","BOSS","M","M","M","?","M","R","$","E","T","M","AVR","M","NM","?","R","BOSS","M","?","M","?","M","E","R","$","T","E","R","$","M","M","R","BOSS","M","M","?","?","?","M","M","R","T","?","?","M","R","M","R","BOSS","M","M","?","?","M","M","R","$","T","?","M","R","?","E","R","BOSS","M","M","$","?","M","R","E","?","T","R","?","E"],"items_purchased_type":["Relic","Card","Relic","Relic","Card","Card"],"build_version":"2020-12-22","purchased_purges":6,"victory":false,"max_hp_per_floor":[82,82,82,82,82,82,82,82,82,82,82,82,82,82,82,82,82,82,82,82,82,82,82,82,82,82,82,82,82,82,82,82,82,82,82,82,82,82,82,82,82,82,82,82,82,82,82,82,82,82,82,82,82,82,82,82,82,82,82,82,82,82,82,82,82,82,82,82,82,82,82,83,84,85,85,85,85,87,89,89,89,93,93,97,97,101,105,105,105,110,110,116,116,116,116,116,122,122],"card_choices":[{"not_picked":["Compile Driver","Coolheaded"],"picked":"Chill","floor":1},{"not_picked":["Double Energy","Stack"],"picked":"FTL","floor":2},{"not_picked":["Hologram","jedi:spotbugs"],"picked":"StuffTheSpire:Plugnplay","floor":5},{"not_picked":["jedi:BurstDark","Reprogram","StuffTheSpire:LoadUp"],"picked":"SKIP","floor":12},{"not_picked":["Cold Snap","Steam"],"picked":"jedi:hex","floor":14},{"not_picked":["Hyperbeam","ReplayTheSpireMod:Omega Cannon"],"picked":"Echo Form","floor":16},{"not_picked":["Sweeping Beam","Chaos","Hologram"],"picked":"SKIP","floor":18},{"not_picked":["Stack","Hologram"],"picked":"jedi:BurstFrost+1","floor":19},{"not_picked":["Barrage+1","BasicCrystalCard"],"picked":"Aggregate","floor":20},{"not_picked":["Panic Button+1","jedi:spotbugs+1","Barrage"],"picked":"SKIP","floor":22},{"not_picked":["Rainbow","jedi:markofdeath+1","Panic Button+1"],"picked":"SKIP","floor":25},{"not_picked":["Loop","Panic Button"],"picked":"conspire:SharedLibrary+1","floor":27},{"not_picked":["StuffTheSpire:LoadUp","jedi:BurstLightning","Go for the Eyes"],"picked":"SKIP","floor":29},{"not_picked":["Ball Lightning+1","Defragment","Gash"],"picked":"SKIP","floor":30},{"not_picked":["StuffTheSpire:LoadUp","Sweeping Beam","Ball Lightning"],"picked":"SKIP","floor":35},{"not_picked":["ReplaySolidLightProjector","Barrage","Coolheaded+1"],"picked":"SKIP","floor":37},{"not_picked":["jedi:BurstLightning+1","ReplayRNGCard","conspire:SharedLibrary+1"],"picked":"SKIP","floor":38},{"not_picked":["Beam Cell+1","Streamline+1","Sweeping Beam+1"],"picked":"SKIP","floor":39},{"not_picked":["Coolheaded+1","Panic Button","StuffTheSpire:LoadUp"],"picked":"SKIP","floor":40},{"not_picked":["Glacier","Self Repair+1","Streamline+1"],"picked":"SKIP","floor":44},{"not_picked":["Redo","Hyperbeam","StuffTheSpire:CleanHardDrive"],"picked":"SKIP","floor":47},{"not_picked":["Leap","jedi:hex","Ball Lightning"],"picked":"SKIP","floor":48},{"not_picked":["ReplayTheSpireMod:Fabricate Wheel","Echo Form+1"],"picked":"Reboot","floor":50},{"not_picked":["jedi:BurstFrost","Aggregate","Hologram"],"picked":"SKIP","floor":52},{"not_picked":["Force Field","StuffTheSpire:LoadUp"],"picked":"StuffTheSpire:Synthwave+1","floor":53},{"not_picked":["Undo","BasicCrystalCard","Lockon"],"picked":"SKIP","floor":55},{"not_picked":["Cold Snap","Steam","Conserve Battery"],"picked":"SKIP","floor":57},{"not_picked":["Gash","Go for the Eyes"],"picked":"Thunder Strike","floor":58},{"not_picked":["Streamline","Gash","BootSequence"],"picked":"SKIP","floor":61},{"not_picked":["Coolheaded","jedi:spotbugs","Beam Cell"],"picked":"SKIP","floor":63},{"not_picked":["Coolheaded","Static Discharge+1","Streamline"],"picked":"SKIP","floor":65},{"not_picked":["hubris:Prefetch","Creative AI+1"],"picked":"ReplayTheSpireMod:Fabricate Wheel","floor":67},{"not_picked":["Scrape","Redo","Panic Button"],"picked":"SKIP","floor":69},{"not_picked":["Go for the Eyes","Barrage"],"picked":"Double Energy","floor":70},{"not_picked":["StuffTheSpire:Vigor","StuffTheSpire:Harmony"],"picked":"StuffTheSpire:Ambrosia","floor":71},{"not_picked":["jedi:BurstLightning","Lockon+1","Streamline"],"picked":"SKIP","floor":73},{"not_picked":["Gash","Panic Button","Double Energy"],"picked":"SKIP","floor":73},{"not_picked":["StuffTheSpire:SnapShoot+1","Capacitor+1","jedi:BurstFrost"],"picked":"SKIP","floor":74},{"not_picked":["Skim+1","Scrape","conspire:SharedLibrary+1"],"picked":"SKIP","floor":74},{"not_picked":["StuffTheSpire:Coldhearted","jedi:BurstFrost","Scrape"],"picked":"SKIP","floor":78},{"not_picked":["BootSequence+1","Hologram","Time Bomb"],"picked":"SKIP","floor":78},{"not_picked":["Glacier","BasicCrystalCard","Cold Snap"],"picked":"SKIP","floor":79},{"not_picked":["Go for the Eyes+1","ReplayGash+1","Darkness+1"],"picked":"SKIP","floor":79},{"not_picked":["Hello World+1","White Noise","StuffTheSpire:CleanHardDrive"],"picked":"SKIP","floor":82},{"not_picked":["StuffTheSpire:EventHorizon","jedi:studyfrost"],"picked":"ReplayTheSpireMod:Fabricate Wheel","floor":84},{"not_picked":["StuffTheSpire:GlassShard+1","Beam Cell","Ball Lightning"],"picked":"SKIP","floor":86},{"not_picked":["Turbo+1","aspiration:Polymerization+1","Redo+1"],"picked":"SKIP","floor":86},{"not_picked":["Hyperbeam","Doom and Gloom+1"],"picked":"Heatsinks+1","floor":87},{"not_picked":["Skim+1","Turbo+1"],"picked":"Aggregate","floor":87},{"not_picked":["Ball Lightning","ReplayTheSpireMod:Repulse","Streamline"],"picked":"SKIP","floor":87},{"not_picked":["Steam","Gash+1","Stack"],"picked":"SKIP","floor":90},{"not_picked":["Steam","Barrage","Panic Button+1"],"picked":"SKIP","floor":90},{"not_picked":["StuffTheSpire:Plugnplay","Coolheaded+1","Cold Snap"],"picked":"SKIP","floor":90},{"not_picked":["Go for the Eyes+1","Rainbow","jedi:reiji"],"picked":"SKIP","floor":92}],"player_experience":199139,"relics_obtained":[{"floor":9,"key":"jedi:matchstick"},{"floor":25,"key":"Chameleon Ring"},{"floor":26,"key":"Meat on the Bone"},{"floor":30,"key":"jedi:bottledfury"},{"floor":32,"key":"Lizard Tail"},{"floor":40,"key":"MealTicket"},{"floor":43,"key":"Frozen Egg 2"},{"floor":44,"key":"conspire:Flyswatter"},{"floor":66,"key":"Blue Doll"},{"floor":72,"key":"StuffTheSpire:Barrel"},{"floor":77,"key":"ReplayFunnel"},{"floor":82,"key":"ReplayTheSpireMod:Ninjato"},{"floor":92,"key":"aspiration:FrozenJewel"},{"floor":94,"key":"infinitespire:Bottled Soul"},{"floor":96,"key":"Pantograph"}],"event_choices":[{"damage_healed":0,"gold_gain":0,"cards_transformed":["Strike_B"],"player_choice":"Change","damage_taken":0,"max_hp_gain":0,"max_hp_loss":0,"event_name":"Living Wall","floor":7,"gold_loss":0,"cards_obtained":["ReplayRNGCard"]},{"cards_removed":["Strike_B"],"damage_healed":0,"gold_gain":0,"player_choice":"Card Removal","damage_taken":7,"max_hp_gain":0,"max_hp_loss":0,"event_name":"Golden Wing","floor":13,"gold_loss":0},{"damage_healed":0,"gold_gain":0,"player_choice":"Ignored","damage_taken":0,"max_hp_gain":0,"max_hp_loss":0,"event_name":"The Mausoleum","floor":21,"gold_loss":0},{"cards_removed":["Dualcast"],"damage_healed":0,"gold_gain":0,"player_choice":"Elegance","damage_taken":0,"max_hp_gain":0,"max_hp_loss":0,"event_name":"Back to Basics","floor":31,"gold_loss":0},{"cards_removed":["jedi:BurstFrost"],"damage_healed":0,"gold_gain":0,"player_choice":"Upgrade and Remove","damage_taken":0,"max_hp_gain":0,"max_hp_loss":0,"event_name":"Designer","floor":36,"gold_loss":90,"cards_upgraded":["infinitespire:FutureSight"]},{"damage_healed":0,"gold_gain":0,"player_choice":"Ignored","damage_taken":0,"max_hp_gain":0,"max_hp_loss":0,"event_name":"Transmorgrifier","floor":54,"gold_loss":0},{"damage_healed":0,"gold_gain":100,"player_choice":"Pray","damage_taken":0,"max_hp_gain":0,"max_hp_loss":0,"event_name":"Golden Shrine","floor":56,"gold_loss":0},{"damage_healed":0,"gold_gain":0,"player_choice":"Success","damage_taken":18,"relics_obtained":["Bronze Scales"],"max_hp_gain":0,"max_hp_loss":0,"event_name":"Scrap Ooze","floor":62,"gold_loss":0}],"is_beta":false,"boss_relics":[{"not_picked":["ReplayTheSpireMod:SealedPack","hubris:HollowSoul"],"picked":"aspiration:BursterCore"},{"not_picked":["conspire:RunicOctahedron","aspiration:WatcherSkillbook"],"picked":"Runic Dome"},{"not_picked":["Fusion Hammer","aspiration:IroncladSkillbook"],"picked":"Empty Cage"},{"not_picked":["Astrolabe","conspire:RunicOctahedron","hubris:TerracottaHorce"]},{"not_picked":["infinitespire:Cupcake","conspire:SeveredTorchhead","Replay:Ancient Bell"]}],"items_purged_floors":[24,28,42,76,81,88],"is_endless":true,"potions_floor_spawned":[12,16,18,20,25,27,38,44,48,53,58,61,70,74,78,79,84,87,92],"killed_by":"Nemesis","ascension_level":0}}