{"host":"tl3n8idhzo2mohle","time":1610857730,"event":{"mods":["BaseMod","Colored Powertips","Downfall","Good Game Mod","Minty Spire (QoL Compilation)","StSLib","Waifu the Spire","noobMod"],"gold_per_floor":[99,99,20,20,30,15,86,86,103,119,145,165,65,65,80,178,178,78,89,189,208,228,243,270,285,296,196,24,41,221,221,221,221],"floor_reached":31,"language":"ZHS","playtime":1973,"items_purged":["Guardian:Strike_Guardian"],"score":289,"play_id":"21f73286-1476-4fdd-8d76-75aaa85a0a71","local_time":"20210117122850","is_ascension_mode":false,"campfire_choices":[{"floor":1,"key":"RECALL"},{"data":"Feed","floor":8,"key":"SMITH"},{"data":"Guardian:Reroute","floor":13,"key":"SMITH"},{"data":"Guardian:GemFinder","floor":18,"key":"SMITH"},{"data":"Guardian:VentSteam","floor":27,"key":"SMITH"}],"circlet_count":0,"master_deck":["Guardian:Strike_Guardian+1","Guardian:Strike_Guardian","Guardian:Strike_Guardian","Guardian:Defend_Guardian","Guardian:Defend_Guardian","Guardian:Defend_Guardian","Guardian:Defend_Guardian","Guardian:CurlUp","Guardian:TwinSlam","Guardian:DecasProtection","Feed+1","Guardian:VentSteam+1","Guardian:PrimingBeam+1","Guardian:GuardianWhirl","Guardian:PolyBeam","Guardian:Reroute+1","Guardian:Planning","Guardian:GemFinder+1","Guardian:ChargeCore","Guardian:Gem_Red","Guardian:Suspension","Guardian:Gem_Red","Guardian:Gem_Red","Guardian:Incinerate","Guardian:CrystalBeam","Guardian:TemporalStrike","Guardian:ExploitGems"],"relics":["Guardian:ModeShifter","REME:ComplimentaryCards","ice","downfall:HeartsMalice","Guardian:PickAxe","Slimebound:PreparedRelic","downfall:HeartBlessingRed","expansioncontent:StudyCardRelic","downfall:HeartBlessingGreen","Whetstone","downfall:HeartBlessingBlue","Membership Card","bronze:BronzeIdol"],"acts_visited":["Exordium","TheCity"],"potions_floor_usage":[],"damage_taken":[{"damage":0,"enemies":"Jaw Worm","floor":2,"turns":1},{"damage":0,"enemies":"downfall:FleeingMerchant","floor":3,"turns":1},{"damage":0,"enemies":"downfall:FleeingMerchant","floor":4,"turns":1},{"damage":16,"enemies":"2 Louse","floor":5,"turns":5},{"damage":5,"enemies":"downfall:FleeingMerchant","floor":6,"turns":4},{"damage":6,"enemies":"Cultist","floor":9,"turns":4},{"damage":20,"enemies":"Exordium Thugs","floor":10,"turns":5},{"damage":36,"enemies":"Lagavulin","floor":11,"turns":7},{"damage":8,"enemies":"3 Louse","floor":12,"turns":3},{"damage":0,"enemies":"Large Slime","floor":15,"turns":2},{"damage":7,"enemies":"SI_SHIV_ARCHETYPE","floor":16,"turns":5},{"damage":0,"enemies":"Chosen","floor":19,"turns":2},{"damage":20,"enemies":"Shell Parasite","floor":21,"turns":3},{"damage":3,"enemies":"3 Cultists","floor":22,"turns":4},{"damage":20,"enemies":"Centurion and Healer","floor":23,"turns":3},{"damage":16,"enemies":"Sentry and Sphere","floor":25,"turns":5},{"damage":15,"enemies":"Snake Plant","floor":26,"turns":3},{"damage":0,"enemies":"downfall:FleeingMerchant","floor":28,"turns":4},{"damage":6,"enemies":"Snecko","floor":29,"turns":3},{"damage":20,"enemies":"downfall:FleeingMerchant","floor":30,"turns":4}],"seed_played":"-724878419717226991","potions_obtained":[{"floor":5,"key":"EssenceOfSteel"},{"floor":9,"key":"DistilledChaos"},{"floor":10,"key":"Regen Potion"}],"is_trial":false,"path_per_floor":["R","M","$","?","M","$","T","R","M","M","E","M","R","?","M","B",null,"R","M","?","M","M","M","T","M","M","R","$","M","$","?"],"character_chosen":"GUARDIAN","items_purchased":["Guardian:DecasProtection","Guardian:Gem_Lightblue","Membership Card","Guardian:ExploitGems","bronze:BronzeIdol"],"campfire_rested":0,"item_purchase_floors":[3,3,28,30,30],"current_hp_per_floor":[80,80,80,80,64,59,59,59,57,41,5,90,90,90,90,83,102,102,102,102,82,83,67,67,55,40,50,50,44,28,0,0,0],"gold":221,"neow_bonus":"THREE_ENEMY_KILL","is_daily":false,"chose_seed":false,"campfire_upgraded":4,"win_rate":0.0,"timestamp":1610857730,"path_taken":["R","M","$","?","M","$","T","R","M","M","E","M","R","?","M","BOSS","R","M","?","M","M","M","T","M","M","R","?","?","$","?"],"items_purchased_type":["Card","Card","Relic","Card","Relic"],"build_version":"2020-12-22","purchased_purges":1,"victory":false,"max_hp_per_floor":[80,80,80,80,80,80,80,80,84,88,88,94,94,94,94,102,102,102,104,104,107,115,121,121,129,133,143,148,149,158,163,163,163],"card_choices":[{"not_picked":["Guardian:TemporalStrike","Guardian:Gem_Cyan"],"picked":"Guardian:Gem_Green","floor":2},{"not_picked":["Guardian:PiercingHide","Guardian:TimeCapacitor"],"picked":"Guardian:Gem_Red","floor":3},{"not_picked":["Guardian:Gem_Green","Guardian:SentryBeam"],"picked":"Guardian:VentSteam","floor":5},{"not_picked":["Guardian:RevengeProtocol","Guardian:Reroute"],"picked":"Guardian:PrimingBeam","floor":6},{"not_picked":["Guardian:Gem_Green","Guardian:Planning"],"picked":"Guardian:Gem_Blue","floor":9},{"not_picked":["Guardian:Suspension","Guardian:PrimingBeam"],"picked":"Guardian:GuardianWhirl","floor":10},{"not_picked":["Guardian:Gem_Green","Guardian:StasisStrike"],"picked":"Guardian:PolyBeam","floor":11},{"not_picked":["Guardian:Gem_Lightblue","Guardian:CrystalBeam"],"picked":"Guardian:Reroute","floor":12},{"not_picked":["Guardian:Clone","Guardian:Gem_Crimson"],"picked":"Guardian:Planning","floor":15},{"not_picked":["Guardian:TimeSifter","Guardian:StasisStrike"],"picked":"Guardian:GemFinder","floor":16},{"not_picked":["Guardian:RollAttack","Guardian:Reroute"],"picked":"Guardian:ChargeCore","floor":19},{"not_picked":["Guardian:Gem_Green","Guardian:Gem_Lightblue"],"picked":"Guardian:Gem_Red","floor":21},{"not_picked":["Guardian:RollAttack+1","Guardian:Clone"],"picked":"Guardian:Suspension","floor":21},{"not_picked":["Guardian:Gem_Lightblue","Guardian:Gem_Green"],"picked":"Guardian:Gem_Red","floor":22},{"not_picked":["Guardian:ShieldSpikes","Guardian:BronzeOrb+1"],"picked":"Guardian:Gem_Purple","floor":22},{"not_picked":["Guardian:ShieldCharger","Guardian:Reroute+1"],"picked":"Guardian:Gem_Crimson","floor":23},{"not_picked":["Guardian:Gem_Green","Guardian:Gem_Lightblue"],"picked":"Guardian:Gem_Red","floor":25},{"not_picked":["Guardian:PrimingBeam","Guardian:PiercingHide","Guardian:Gem_Red"],"picked":"SKIP","floor":25},{"not_picked":["Guardian:Gem_Red","Guardian:Gem_Lightblue"],"picked":"Guardian:Gem_Cyan","floor":26},{"not_picked":["Guardian:PolyBeam+1","Guardian:Gem_Cyan"],"picked":"Guardian:Incinerate","floor":26},{"not_picked":["Guardian:Reroute+1","Guardian:BronzeOrb"],"picked":"Guardian:CrystalBeam","floor":28},{"not_picked":["Guardian:ConstructionForm","Guardian:FuturePlans"],"picked":"Guardian:TemporalStrike","floor":29},{"not_picked":["Guardian:Planning","Guardian:Gem_Green","Guardian:RefractedBeam"],"picked":"SKIP","floor":30}],"player_experience":42842,"relics_obtained":[{"floor":11,"key":"Slimebound:PreparedRelic"},{"floor":24,"key":"Whetstone"}],"event_choices":[],"is_beta":false,"boss_relics":[{"not_picked":["SlaversCollar","Cursed Key"],"picked":"expansioncontent:StudyCardRelic"}],"items_purged_floors":[30],"is_endless":false,"potions_floor_spawned":[4,5,9,10,22,25,26],"ascension_level":0}}