{"host":"11728qvdvolffudn","time":1610902192,"event":{"mods":["BaseMod","Block Reminder","Colored Powertips","Curses Come First","Custom Start","Displayed Cursed Tome","Highlight Path","Minty Spire (QoL Compilation)","Permanent Neow","Quick Restart","Rare Cards Sparkle","Relic Stats","StSLib"],"gold_per_floor":[115,115,129,129,141,141,141,167,194,41,54,54,67,84,84,84,84],"floor_reached":16,"language":"ENG","playtime":1065,"items_purged":["Strike_R"],"score":102,"play_id":"fab018be-1f48-42f7-8f9d-febe45bf4685","local_time":"20210117164952","is_ascension_mode":false,"campfire_choices":[{"data":"Flex","floor":6,"key":"SMITH"},{"floor":15,"key":"REST"}],"circlet_count":0,"master_deck":["Strike_R","Strike_R","Strike_R","Defend_R+1","Defend_R+1","Defend_R","Defend_R","Bash","Demon Form+1","Flex+1","Regret","Rampage","Ghostly Armor","Shrug It Off","Shrug It Off"],"relics":["Burning Blood","War Paint","Darkstone Periapt","Potion Belt"],"acts_visited":["Exordium"],"potions_floor_usage":[16],"damage_taken":[{"damage":5,"enemies":"Small Slimes","floor":1,"turns":5},{"damage":1,"enemies":"Cultist","floor":3,"turns":3},{"damage":6,"enemies":"Jaw Worm","floor":5,"turns":3},{"damage":39,"enemies":"3 Sentries","floor":8,"turns":9},{"damage":18,"enemies":"Large Slime","floor":11,"turns":5},{"damage":16,"enemies":"Gremlin Gang","floor":13,"turns":8},{"damage":15,"enemies":"Looter","floor":14,"turns":5},{"damage":59,"enemies":"The Guardian","floor":16,"turns":8}],"seed_played":"-2406888914335063900","potions_obtained":[{"floor":3,"key":"BloodPotion"},{"floor":5,"key":"Explosive Potion"},{"floor":14,"key":"Dexterity Potion"}],"is_trial":false,"path_per_floor":["M","?","M","$","M","R","?","E","T","$","M","?","M","M","R","B"],"character_chosen":"IRONCLAD","items_purchased":["Rampage"],"campfire_rested":1,"item_purchase_floors":[10],"current_hp_per_floor":[80,80,80,80,80,80,80,47,47,47,35,35,25,16,40,0,0],"gold":84,"neow_bonus":"TRANSFORM_CARD","is_daily":false,"chose_seed":false,"campfire_upgraded":1,"win_rate":0.0,"timestamp":1610902192,"path_taken":["M","?","M","$","?","R","?","E","T","$","M","?","M","?","R","BOSS"],"items_purchased_type":["Card"],"build_version":"2020-12-22","purchased_purges":1,"victory":false,"max_hp_per_floor":[80,80,80,80,80,80,80,80,80,80,80,80,80,80,80,80,80],"relic_stats":{"Darkstone Periapt":0,"counters":[8,46],"War Paint":["Defend_R","Defend_R"],"obtain_stats":[{"Darkstone Periapt":8,"Potion Belt":9,"War Paint":7,"Burning Blood":0},{"Darkstone Periapt":4,"Potion Belt":4,"War Paint":3,"Burning Blood":0},{"Darkstone Periapt":20,"Potion Belt":20,"War Paint":11,"Burning Blood":0}],"Burning Blood":36},"card_choices":[{"not_picked":["Evolve","Feel No Pain"],"picked":"Flex","floor":1},{"not_picked":["Flame Barrier","Rupture","True Grit"],"picked":"SKIP","floor":3},{"not_picked":["Bloodletting","Rage","Sentinel"],"picked":"SKIP","floor":5},{"not_picked":["Dual Wield","Searing Blow","Fire Breathing"],"picked":"SKIP","floor":8},{"not_picked":["Uppercut","Entrench"],"picked":"Ghostly Armor","floor":11},{"not_picked":["Reckless Charge","Anger"],"picked":"Shrug It Off","floor":13},{"not_picked":["Warcry","Fire Breathing"],"picked":"Shrug It Off","floor":14}],"player_experience":138105,"relics_obtained":[{"floor":8,"key":"Darkstone Periapt"},{"floor":9,"key":"Potion Belt"}],"event_choices":[{"damage_healed":0,"gold_gain":0,"player_choice":"Upgraded","damage_taken":0,"max_hp_gain":0,"max_hp_loss":0,"event_name":"Upgrade Shrine","floor":2,"gold_loss":0,"cards_upgraded":["Demon Form"]},{"damage_healed":0,"gold_gain":0,"player_choice":"Box","damage_taken":0,"relics_obtained":["War Paint"],"max_hp_gain":0,"max_hp_loss":0,"event_name":"Big Fish","floor":7,"gold_loss":0,"cards_obtained":["Regret"]},{"damage_healed":0,"gold_gain":0,"player_choice":"0 cards matched","damage_taken":0,"max_hp_gain":0,"max_hp_loss":0,"event_name":"Match and Keep!","floor":12,"gold_loss":0,"cards_obtained":[]}],"is_beta":false,"boss_relics":[],"items_purged_floors":[10],"is_endless":false,"potions_floor_spawned":[3,5,14],"killed_by":"The Guardian","ascension_level":0}}