{"host":"ykruzxakfolvqoa7","time":1610845083,"event":{"mods":["Act Like it!","BaseMod","Colored Powertips","Downfall","Elementarium","Hubris","Ironclad Rager","Menagerie","Mimic Mod","Minty Spire (QoL Compilation)","Spicy Shops","Spikes Relics","StSLib","Swap Starting Deck Mod","Wandering Minibosses"],"gold_per_floor":[115,133,149,169,188,188,202,202,236,236,256,269,282,313,313,417,417,433,443,453,468,487,487,503,503,552,552,552,326,326,361,361,464,464,484,501,501,501,501],"floor_reached":38,"language":"ENG","playtime":11127,"items_purged":["Elementarium:StickyTar"],"score":392,"play_id":"d521e65b-8617-4021-8f39-e02c6cbdbe96","local_time":"20210117005803","is_ascension_mode":false,"campfire_choices":[{"data":"Poisoned Stab","floor":6.0,"key":"SMITH"},{"floor":8.0,"key":"REST"},{"data":"ICR:Dodge","floor":10.0,"key":"SMITH"},{"floor":15.0,"key":"REST"},{"floor":23,"key":"REST"},{"floor":27,"key":"REST"},{"data":"Noxious Fumes","floor":30,"key":"SMITH"},{"floor":32,"key":"REST"}],"circlet_count":0,"master_deck":["Survivor","Neutralize","ICR:VenomStrike+1","ICR:VenomStrike","ICR:VenomStrike","ICR:VenomStrike","ICR:VenomStrike","ICR:Dodge+1","ICR:Dodge","ICR:Dodge","ICR:Dodge","ICR:Dodge","Caltrops","Poisoned Stab+1","Noxious Fumes+1","Deadly Poison","Noxious Fumes","Prepared","CurseOfTheBell"],"relics":["Ring of the Serpent","Blood Vial","Gambling Chip","hubris:Icosahedron","Omamori","Oddly Smooth Stone","Art of War","Elementarium:ElementariumTrophy","Calling Bell","MiniBlackHole","hubris:MysteriousPyramids","Shovel","hubris:Towel"],"acts_visited":["Exordium","Menagerie:Menagerie","TheBeyond"],"potions_floor_usage":[20,21,22,22,33],"damage_taken":[{"damage":5.0,"enemies":"Menagerie:WhisperingWraith","floor":1.0,"turns":6.0},{"damage":0.0,"enemies":"Menagerie:StygianBoar","floor":2.0,"turns":4.0},{"damage":0.0,"enemies":"Menagerie:2_RABBITS","floor":3.0,"turns":4.0},{"damage":8.0,"enemies":"Menagerie:EntropyWarlock","floor":5.0,"turns":4.0},{"damage":5.0,"enemies":"Menagerie:MENAGERIE_WILDLIFE","floor":7.0,"turns":3.0},{"damage":1.0,"enemies":"Menagerie:Hexasnake","floor":9.0,"turns":5.0},{"damage":0.0,"enemies":"Menagerie:Hexasnake","floor":11.0,"turns":4.0},{"damage":0.0,"enemies":"Menagerie:DREAD_MOTH_AND_GRAFTED_WORMS","floor":12.0,"turns":4.0},{"damage":0.0,"enemies":"Menagerie:MENAGERIE_WILDLIFE","floor":13.0,"turns":4.0},{"damage":13.0,"enemies":"Lagavulin","floor":14.0,"turns":6.0},{"damage":16.0,"enemies":"Menagerie:AVATARS","floor":16.0,"turns":7.0},{"damage":3,"enemies":"Elementarium:2_ELEMENTALS","floor":18,"turns":5},{"damage":2,"enemies":"Elementarium:MUD_AND_TAR_GOLEMS","floor":19,"turns":4},{"damage":16,"enemies":"Elementarium:VoidBeast","floor":20,"turns":5},{"damage":3,"enemies":"Elementarium:VOID_CORRUPTION_AND_ORB_OF_FIRE","floor":21,"turns":6},{"damage":2,"enemies":"Elementarium:STONE_GOLEMS","floor":22,"turns":4},{"damage":42,"enemies":"Elementarium:Hydrostalker","floor":24,"turns":7},{"damage":18,"enemies":"Elementarium:WarGolem","floor":31,"turns":7},{"damage":28,"enemies":"Elementarium:PHOENIXES","floor":33,"turns":12},{"damage":42,"enemies":"3 Shapes","floor":35,"turns":5},{"damage":7,"enemies":"3 Darklings","floor":36,"turns":6},{"damage":34,"enemies":"Spire Growth","floor":38,"turns":5}],"seed_played":"1197296611898903029","potions_obtained":[{"floor":1.0,"key":"Poison Potion"},{"floor":3.0,"key":"GhostInAJar"},{"floor":12.0,"key":"bronze:BurnAndBuffPotion"},{"floor":13.0,"key":"sneckomod:MuddlingPotion"},{"floor":16.0,"key":"DuplicationPotion"},{"floor":18,"key":"BlessingOfTheForge"},{"floor":20,"key":"LiquidMemories"},{"floor":31,"key":"DuplicationPotion"},{"floor":36,"key":"Explosive Potion"}],"is_trial":false,"path_per_floor":["M","M","M","?","M","R","M","R","MIM","R","M","M","M","?","R","B",null,"M","M","M","M","M","R","M","?","T","R","?","$","R","E","R","B",null,"M","M","?","M"],"character_chosen":"THE_SILENT","items_purchased":["Oddly Smooth Stone"],"campfire_rested":5,"item_purchase_floors":[29],"current_hp_per_floor":[65,65,65,65,57,57,52,70,69,69,70,70,70,57,70,54,70,67,67,53,52,52,70,28,28,28,49,70,70,70,52,70,42,70,28,23,23,0,0],"gold":501,"neow_bonus":"SILENT_POISONER","is_daily":false,"chose_seed":false,"campfire_upgraded":3,"win_rate":0.0,"timestamp":1610845083,"path_taken":["M","M","?","?","M","R","M","R","MIM","R","M","M","M","?","R","BOSS","M","M","M","M","M","R","M","?","T","R","?","$","R","E","R","BOSS","M","M","?","M"],"items_purchased_type":["Relic"],"build_version":"2020-12-22","purchased_purges":1,"victory":false,"max_hp_per_floor":[70,70,70,70,70,70,70,70,70,70,70,70,70,70,70,70,70,70,70,70,70,70,70,70,70,70,70,70,70,70,70,70,70,70,70,70,70,70,70],"card_choices":[{"not_picked":["All Out Attack","Leg Sweep","Slice"],"picked":"SKIP","floor":1.0},{"not_picked":["Choke","Blade Dance"],"picked":"Caltrops","floor":2.0},{"not_picked":["Riddle With Holes","Eviscerate","hubris:Counter"],"picked":"SKIP","floor":3.0},{"not_picked":["Underhanded Strike","Eviscerate"],"picked":"Poisoned Stab","floor":5.0},{"not_picked":["Bane","Endless Agony","Underhanded Strike"],"picked":"SKIP","floor":7.0},{"not_picked":["A Thousand Cuts","Backflip"],"picked":"Noxious Fumes","floor":11.0},{"not_picked":["Sucker Punch","Endless Agony","Masterful Stab"],"picked":"SKIP","floor":12.0},{"not_picked":["Setup","Flying Knee","Eviscerate"],"picked":"SKIP","floor":13.0},{"not_picked":["Acrobatics","Flechettes"],"picked":"Deadly Poison","floor":14.0},{"not_picked":["Slice","Deflect","Flying Knee"],"picked":"SKIP","floor":18},{"not_picked":["Dodge and Roll+1","Skewer","Slice+1"],"picked":"SKIP","floor":19},{"not_picked":["Footwork","ICR:Cloudkill"],"picked":"Noxious Fumes","floor":20},{"not_picked":["Underhanded Strike+1","Phantasmal Killer"],"picked":"Prepared","floor":21},{"not_picked":["Dagger Spray","Distraction","Blur"],"picked":"SKIP","floor":22},{"not_picked":["Flying Knee","Footwork+1","Dagger Throw+1"],"picked":"SKIP","floor":24},{"not_picked":["Finisher+1","Dodge and Roll","Glass Knife"],"picked":"SKIP","floor":31},{"not_picked":["Infinite Blades","Outmaneuver","Dagger Throw+1"],"picked":"SKIP","floor":35},{"not_picked":["Heel Hook","Backflip","Acrobatics+1"],"picked":"SKIP","floor":36}],"player_experience":383376,"relics_obtained":[{"floor":9.0,"key":"Blood Vial"},{"floor":14.0,"key":"Gambling Chip"},{"floor":26,"key":"Omamori"},{"floor":31,"key":"Art of War"},{"floor":34,"key":"MiniBlackHole"},{"floor":34,"key":"hubris:MysteriousPyramids"},{"floor":34,"key":"Shovel"}],"event_choices":[{"damage_healed":0.0,"max_hp_gain":0.0,"max_hp_loss":0.0,"gold_gain":20.0,"event_name":"Menagerie:CloudVision","player_choice":"Cunning","floor":4.0,"gold_loss":0.0,"damage_taken":0.0,"cards_upgraded":["ICR:VenomStrike"]},{"damage_healed":0.0,"max_hp_gain":0.0,"max_hp_loss":0.0,"gold_gain":0.0,"event_name":"Menagerie:StasisChamber","player_choice":"Release","floor":14.0,"gold_loss":0.0,"damage_taken":0.0},{"damage_healed":25,"gold_gain":0,"player_choice":"Drink","damage_taken":0,"max_hp_gain":0,"max_hp_loss":0,"event_name":"Elementarium:StickySituation","floor":28,"gold_loss":0,"cards_obtained":["Elementarium:StickyTar"]}],"is_beta":false,"boss_relics":[{"not_picked":["hubris:RunicObelisk","WristBlade"],"picked":"Ring of the Serpent"},{"not_picked":["Coffee Dripper","CosmicIsotope"],"picked":"Calling Bell"}],"items_purged_floors":[29],"is_endless":false,"potions_floor_spawned":[1,3,12,13,16,18,19,20,31,36],"killed_by":"Spire Growth","ascension_level":0}}