{"host":"s8ccp9jw4vzp58l1","time":1610857435,"event":{"mods":["BaseMod","Colored Map","Colored Powertips","Minty Spire (QoL Compilation)","Relic Stats"],"gold_per_floor":[110,122,135,148,160,160,178,205,230,230,330,350,383,396,396,501,501,519,519,429,403,417,417,428,438,438,438,449,334,345,361,361,457,457,472,483,495,511,65,65,82,82,109,123,48,60,78,11,11,11,11],"floor_reached":50,"language":"ENG","playtime":26954,"items_purged":["Strike_R"],"score":518,"play_id":"d298e378-2df3-425c-a236-e4f2766ca2fb","local_time":"20210116222355","is_ascension_mode":false,"campfire_choices":[{"data":"Armaments","floor":6,"key":"SMITH"},{"floor":10,"key":"REST"},{"floor":15,"key":"RECALL"},{"floor":23,"key":"REST"},{"floor":27,"key":"REST"},{"floor":32,"key":"REST"},{"floor":40,"key":"REST"},{"floor":42,"key":"REST"},{"floor":49,"key":"REST"}],"circlet_count":0,"master_deck":["Strike_R","Strike_R","Strike_R","Defend_R","Defend_R","Defend_R","Defend_R","Bash","Twin Strike+1","Headbutt","Anger","Armaments+1","Impervious","Shrug It Off","Fire Breathing","Pommel Strike","Clothesline","Barricade","Carnage+1","Pommel Strike","Iron Wave+1","Pommel Strike+1","Shrug It Off+1","Inflame","Cleave","Dramatic Entrance","Iron Wave","Immolate","Cleave","Perfected Strike+1","Sword Boomerang+1","Pommel Strike+1","Sadistic Nature","Spot Weakness","Iron Wave+1","Parasite","Clash","Ghostly Armor","Inflame"],"relics":["Black Blood","Pen Nib","Ornamental Fan","PreservedInsect","Nunchaku","Fusion Hammer","TheAbacus","Lantern","Blood Vial"],"acts_visited":["Exordium","TheCity","TheBeyond"],"potions_floor_usage":[16,16,16,28,30,33,33,36,37,38,41,41,50],"damage_taken":[{"damage":13,"enemies":"Jaw Worm","floor":1,"turns":5},{"damage":1,"enemies":"Cultist","floor":2,"turns":4},{"damage":2,"enemies":"2 Louse","floor":3,"turns":3},{"damage":19,"enemies":"Exordium Thugs","floor":4,"turns":5},{"damage":5,"enemies":"Looter","floor":5,"turns":3},{"damage":4,"enemies":"Blue Slaver","floor":7,"turns":4},{"damage":19,"enemies":"Lagavulin","floor":8,"turns":7},{"damage":0,"enemies":"2 Fungi Beasts","floor":12,"turns":2},{"damage":7,"enemies":"Gremlin Nob","floor":13,"turns":5},{"damage":11,"enemies":"Gremlin Gang","floor":14,"turns":6},{"damage":43,"enemies":"The Guardian","floor":16,"turns":12},{"damage":33,"enemies":"Spheric Guardian","floor":18,"turns":7},{"damage":34,"enemies":"2 Thieves","floor":21,"turns":5},{"damage":13,"enemies":"Snake Plant","floor":22,"turns":6},{"damage":4,"enemies":"Centurion and Healer","floor":24,"turns":7},{"damage":29,"enemies":"Cultist and Chosen","floor":25,"turns":7},{"damage":8,"enemies":"Snake Plant","floor":28,"turns":5},{"damage":13,"enemies":"Sentry and Sphere","floor":30,"turns":8},{"damage":43,"enemies":"Shelled Parasite and Fungi","floor":31,"turns":8},{"damage":48,"enemies":"Automaton","floor":33,"turns":12},{"damage":2,"enemies":"3 Shapes","floor":35,"turns":3},{"damage":27,"enemies":"3 Darklings","floor":36,"turns":6},{"damage":25,"enemies":"Transient","floor":37,"turns":5},{"damage":33,"enemies":"Maw","floor":38,"turns":9},{"damage":12,"enemies":"Jaw Worm Horde","floor":41,"turns":4},{"damage":10,"enemies":"3 Darklings","floor":44,"turns":6},{"damage":37,"enemies":"Writhing Mass","floor":46,"turns":6},{"damage":28,"enemies":"Jaw Worm Horde","floor":47,"turns":4},{"damage":74,"enemies":"Time Eater","floor":50,"turns":8}],"seed_played":"6213195996938909542","potions_obtained":[{"floor":3,"key":"Explosive Potion"},{"floor":5,"key":"Block Potion"},{"floor":12,"key":"BloodPotion"},{"floor":21,"key":"Explosive Potion"},{"floor":24,"key":"Energy Potion"},{"floor":28,"key":"EssenceOfSteel"},{"floor":31,"key":"AttackPotion"},{"floor":33,"key":"AttackPotion"},{"floor":36,"key":"FearPotion"},{"floor":37,"key":"SkillPotion"},{"floor":38,"key":"LiquidMemories"},{"floor":47,"key":"SkillPotion"}],"is_trial":false,"path_per_floor":["M","M","M","M","M","R","M","E","T","R","?","M","E","M","R","B",null,"M","?","?","M","M","R","M","M","T","R","M","$","M","M","R","B",null,"M","M","M","M","$","R","M","R","T","M","?","M","M","$","R","B"],"character_chosen":"IRONCLAD","items_purchased":["Cleave","Dramatic Entrance","TheAbacus","Explosive Potion","Sadistic Nature","Inflame"],"campfire_rested":7,"item_purchase_floors":[29,29,39,39,39,48],"current_hp_per_floor":[73,78,80,67,68,68,70,57,57,80,80,80,79,74,74,53,80,59,59,59,37,36,60,68,51,51,75,79,79,78,47,71,35,80,80,65,52,31,31,55,55,79,79,80,80,55,41,41,65,0,0],"gold":11,"neow_bonus":"RANDOM_COMMON_RELIC","is_daily":false,"chose_seed":false,"campfire_upgraded":1,"win_rate":0.0,"timestamp":1610857435,"path_taken":["M","M","M","M","M","R","M","E","T","R","?","M","E","M","R","BOSS","M","?","?","M","?","R","M","M","T","R","M","$","M","M","R","BOSS","M","M","M","M","$","R","?","R","T","M","?","M","M","?","R","BOSS"],"items_purchased_type":["Card","Card","Relic","Potion","Card","Card"],"build_version":"2020-12-22","purchased_purges":1,"victory":false,"max_hp_per_floor":[80,80,80,80,80,80,80,80,80,80,80,80,80,80,80,80,80,80,80,80,80,80,80,80,80,80,80,80,80,80,80,80,80,80,80,80,80,80,80,80,80,80,80,80,80,80,80,80,80,80,80],"relic_stats":{"Blood Vial":4,"Nunchaku":[28],"TheAbacus":[18],"counters":[29,172],"Ornamental Fan":[212],"Black Blood":251,"Pen Nib":[35],"PreservedInsect":21,"obtain_stats":[{"Blood Vial":45,"Nunchaku":13,"Lantern":43,"TheAbacus":39,"Ornamental Fan":8,"Black Blood":17,"Pen Nib":0,"PreservedInsect":9,"Fusion Hammer":34,"Burning Blood":0},{"Blood Vial":26,"Nunchaku":9,"Lantern":25,"TheAbacus":24,"Ornamental Fan":7,"Black Blood":11,"Pen Nib":0,"PreservedInsect":7,"Fusion Hammer":20,"Burning Blood":0},{"Blood Vial":154,"Nunchaku":38,"Lantern":148,"TheAbacus":144,"Ornamental Fan":31,"Black Blood":56,"Pen Nib":0,"PreservedInsect":31,"Fusion Hammer":121,"Burning Blood":0}]},"card_choices":[{"not_picked":["Wild Strike","Dropkick"],"picked":"Twin Strike","floor":1},{"not_picked":["Clash","Sword Boomerang","Twin Strike"],"picked":"SKIP","floor":2},{"not_picked":["Hemokinesis","Rage"],"picked":"Headbutt","floor":3},{"not_picked":["Wild Strike","Clash"],"picked":"Anger","floor":4},{"not_picked":["Evolve","Flex"],"picked":"Armaments","floor":5},{"not_picked":["Dropkick","Evolve"],"picked":"Impervious","floor":7},{"not_picked":["Power Through","Body Slam"],"picked":"Shrug It Off","floor":8},{"not_picked":["Iron Wave","Thunderclap"],"picked":"Fire Breathing","floor":12},{"not_picked":["Brutality","Combust"],"picked":"Pommel Strike","floor":13},{"not_picked":["Warcry","Burning Pact"],"picked":"Clothesline","floor":14},{"not_picked":["Impervious","Juggernaut"],"picked":"Barricade","floor":16},{"not_picked":["Headbutt","Thunderclap"],"picked":"Carnage+1","floor":18},{"not_picked":["Havoc+1","Sword Boomerang+1"],"picked":"Pommel Strike","floor":21},{"not_picked":["Headbutt+1","Body Slam"],"picked":"Iron Wave+1","floor":22},{"not_picked":["Fire Breathing","Shrug It Off"],"picked":"Pommel Strike+1","floor":24},{"not_picked":["Heavy Blade+1","Armaments+1"],"picked":"Shrug It Off+1","floor":25},{"not_picked":["Warcry+1","Demon Form"],"picked":"Inflame","floor":28},{"not_picked":["Heavy Blade","Intimidate"],"picked":"Iron Wave","floor":30},{"not_picked":["Heavy Blade","True Grit","Havoc"],"picked":"SKIP","floor":31},{"not_picked":["Corruption","Offering"],"picked":"Immolate","floor":33},{"not_picked":["Sever Soul+1","Pummel"],"picked":"Cleave","floor":35},{"not_picked":["Reckless Charge","Headbutt"],"picked":"Perfected Strike+1","floor":36},{"not_picked":["Warcry","Heavy Blade"],"picked":"Sword Boomerang+1","floor":37},{"not_picked":["Whirlwind+1","Armaments"],"picked":"Pommel Strike+1","floor":38},{"not_picked":["Heavy Blade","Sword Boomerang"],"picked":"Spot Weakness","floor":41},{"not_picked":["Twin Strike","True Grit"],"picked":"Iron Wave+1","floor":44},{"not_picked":["Feel No Pain","Twin Strike"],"picked":"Clash","floor":46},{"not_picked":["Searing Blow+1","Havoc+1"],"picked":"Ghostly Armor","floor":47}],"player_experience":90161,"relics_obtained":[{"floor":8,"key":"Ornamental Fan"},{"floor":9,"key":"PreservedInsect"},{"floor":13,"key":"Nunchaku"},{"floor":43,"key":"Lantern"}],"event_choices":[{"damage_healed":0,"gold_gain":100,"player_choice":"Pray","damage_taken":0,"max_hp_gain":0,"max_hp_loss":0,"event_name":"Golden Shrine","floor":11,"gold_loss":0},{"damage_healed":0,"gold_gain":0,"player_choice":"Ignored","damage_taken":0,"max_hp_gain":0,"max_hp_loss":0,"event_name":"Vampires","floor":19,"gold_loss":0},{"cards_removed":["Strike_R"],"damage_healed":0,"gold_gain":0,"player_choice":"Upgrade and Remove","damage_taken":0,"max_hp_gain":0,"max_hp_loss":0,"event_name":"Designer","floor":20,"gold_loss":90,"cards_upgraded":["Twin Strike"]},{"damage_healed":0,"gold_gain":0,"player_choice":"Paid Gold","damage_taken":0,"relics_obtained":["Blood Vial"],"max_hp_gain":0,"max_hp_loss":0,"event_name":"WeMeetAgain","floor":45,"gold_loss":75}],"is_beta":false,"boss_relics":[{"not_picked":["Astrolabe","Philosopher\u0027s Stone"],"picked":"Black Blood"},{"not_picked":["Coffee Dripper","Mark of Pain"],"picked":"Fusion Hammer"}],"items_purged_floors":[39],"is_endless":false,"potions_floor_spawned":[3,5,12,13,21,24,28,31,33,36,37,38,47],"killed_by":"Time Eater","ascension_level":0}}