{"host":"s2ap0bnrs90y0f0j","time":1610852306,"event":{"mods":["BaseMod","Minty Spire (QoL Compilation)","StSLib","TheBandit"],"gold_per_floor":[115,19,34,34,49,49,69,69,69,100,100,46,81,81,81,185,185,204,214,139,139,158,185,11,45,45,144,144,169,169,195,195,299,299,311,50,66,66,66,66,77,95,95,127,143,175,104,114,114,114],"floor_reached":51,"language":"ENG","playtime":2504,"items_purged":["wariomod:Defend","wariomod:Defend"],"score":988,"play_id":"a26f4bed-e9e9-465f-bf2c-359d02097117","local_time":"20210116215826","is_ascension_mode":true,"campfire_choices":[{"data":"wariomod:MassiveParty","floor":6,"key":"SMITH"},{"data":"wariomod:SilenceBombs","floor":8,"key":"SMITH"},{"data":"wariomod:Step","floor":11,"key":"SMITH"},{"data":"wariomod:BoomBoom","floor":15,"key":"SMITH"},{"data":"wariomod:SpacialMastery","floor":28,"key":"SMITH"},{"floor":32,"key":"REST"},{"data":"wariomod:KeyFinisher","floor":40,"key":"SMITH"},{"floor":49,"key":"REST"}],"circlet_count":0,"master_deck":["wariomod:Strike","wariomod:Strike","wariomod:Strike","wariomod:Defend","wariomod:Defend","wariomod:Step+1","wariomod:Leap","wariomod:MassiveParty+1","wariomod:HappyHit","wariomod:SilenceBombs+1","wariomod:Bombshield","wariomod:EndlessBlast","wariomod:BoomBoom+1","wariomod:SpacialMastery+1","wariomod:ChargeForth","wariomod:EndlessBlast","wariomod:MassiveParty","wariomod:HappyHit","wariomod:DoubleDash+1","wariomod:KeyFinisher+1","wariomod:DeepDig+1","wariomod:KeyFinisher","wariomod:BoomForm","wariomod:Bombshield+1"],"relics":["wariomod:TheHat","Letter Opener","HornCleat","Shuriken","Strawberry","InkBottle","SacredBark","Blood Vial","Ornamental Fan","Mercury Hourglass","Bronze Scales","Regal Pillow","SlaversCollar","Gremlin Horn","Eternal Feather","Bottled Flame","Bird Faced Urn"],"acts_visited":["Exordium","TheCity","TheBeyond"],"potions_floor_usage":[18,23,33,33,35,46],"damage_taken":[{"damage":1,"enemies":"2 Louse","floor":1,"turns":2},{"damage":4,"enemies":"Jaw Worm","floor":3,"turns":3},{"damage":4,"enemies":"Small Slimes","floor":5,"turns":2},{"damage":0,"enemies":"Exordium Thugs","floor":7,"turns":3},{"damage":0,"enemies":"3 Sentries","floor":10,"turns":3},{"damage":0,"enemies":"Lagavulin","floor":13,"turns":3},{"damage":10,"enemies":"Hexaghost","floor":16,"turns":7},{"damage":11,"enemies":"Spheric Guardian","floor":18,"turns":5},{"damage":0,"enemies":"Chosen","floor":19,"turns":4},{"damage":14,"enemies":"Shelled Parasite and Fungi","floor":22,"turns":4},{"damage":30,"enemies":"Book of Stabbing","floor":23,"turns":4},{"damage":12,"enemies":"Gremlin Leader","floor":25,"turns":4},{"damage":0,"enemies":"Slavers","floor":29,"turns":2},{"damage":7,"enemies":"Book of Stabbing","floor":31,"turns":3},{"damage":52,"enemies":"Collector","floor":33,"turns":8},{"damage":20,"enemies":"Orb Walker","floor":35,"turns":4},{"damage":0,"enemies":"3 Shapes","floor":37,"turns":2},{"damage":0,"enemies":"Jaw Worm Horde","floor":41,"turns":1},{"damage":3,"enemies":"Sphere and 2 Shapes","floor":42,"turns":3},{"damage":26,"enemies":"Giant Head","floor":44,"turns":6},{"damage":6,"enemies":"Writhing Mass","floor":45,"turns":4},{"damage":31,"enemies":"Reptomancer","floor":46,"turns":4},{"damage":10,"enemies":"Jaw Worm Horde","floor":48,"turns":2},{"damage":27,"enemies":"Donu and Deca","floor":50,"turns":5}],"seed_played":"-7863181944551341318","potions_obtained":[{"floor":3,"key":"Fire Potion"},{"floor":13,"key":"SkillPotion"},{"floor":16,"key":"Explosive Potion"},{"floor":18,"key":"Fruit Juice"},{"floor":25,"key":"GamblersBrew"},{"floor":31,"key":"BlessingOfTheForge"},{"floor":42,"key":"Energy Potion"},{"floor":46,"key":"SpeedPotion"}],"is_trial":false,"path_per_floor":["M","$","M","?","M","R","M","R","T","E","R","$","E","T","R","B",null,"M","M","$","?","M","E","$","E","T","?","R","E","?","E","R","B",null,"M","$","M","?","?","R","M","M","T","E","M","E","$","M","R","B",null],"character_chosen":"THE_BANDIT","items_purchased":["wariomod:SilenceBombs","wariomod:Bombshield","wariomod:BoomBoom","wariomod:HappyHit","Gremlin Horn","wariomod:BoomForm"],"campfire_rested":2,"item_purchase_floors":[2,2,12,24,36,47],"current_hp_per_floor":[79,79,75,72,68,68,68,68,68,68,68,68,75,75,75,65,87,86,86,86,86,72,42,42,32,32,32,32,34,34,29,73,23,97,77,77,79,79,79,79,81,80,80,56,52,23,23,15,69,48],"gold":114,"neow_bonus":"ONE_RANDOM_RARE_CARD","is_daily":false,"chose_seed":false,"campfire_upgraded":6,"win_rate":0.0,"timestamp":1610852306,"path_taken":["M","$","M","?","M","R","M","R","T","E","R","$","E","?","R","BOSS","M","M","$","?","M","E","?","E","T","?","R","E","?","E","R","BOSS","M","$","M","?","?","R","?","M","T","E","M","E","?","M","R","BOSS"],"items_purchased_type":["Card","Card","Card","Card","Relic","Card"],"build_version":"2020-12-22","purchased_purges":2,"victory":true,"max_hp_per_floor":[80,80,80,80,80,80,80,80,80,80,80,80,87,87,87,87,87,97,97,97,97,97,97,97,97,97,97,97,97,97,97,97,97,97,97,97,97,92,92,92,92,92,92,92,92,92,92,92,92,92],"card_choices":[{"not_picked":["wariomod:BlastDash","wariomod:SelfImprison"],"picked":"wariomod:HappyHit","floor":1},{"not_picked":["wariomod:Leapslam","wariomod:BumRush"],"picked":"wariomod:EndlessBlast","floor":3},{"not_picked":["wariomod:Smackflip","wariomod:f","wariomod:Immortalize"],"picked":"SKIP","floor":5},{"not_picked":["wariomod:Leapslam","wariomod:GreaterGuard","wariomod:SpikeSlash"],"picked":"SKIP","floor":7},{"not_picked":["wariomod:Game","wariomod:SmackSlam","wariomod:TreasureDig"],"picked":"SKIP","floor":10},{"not_picked":["wariomod:SmallSprint","wariomod:DoubleDip","wariomod:Goblast"],"picked":"SKIP","floor":13},{"not_picked":["wariomod:PoisonBombs","wariomod:VeryLongJump"],"picked":"wariomod:SpacialMastery","floor":16},{"not_picked":["wariomod:DoubleDash","wariomod:DonateDraw"],"picked":"wariomod:ChargeForth","floor":18},{"not_picked":["wariomod:BlastDash","wariomod:DonateDraw","wariomod:PayItForwards"],"picked":"SKIP","floor":19},{"not_picked":["wariomod:DisarmingMoves","wariomod:Hopshield"],"picked":"wariomod:EndlessBlast","floor":22},{"not_picked":["wariomod:ThatsNotAll","wariomod:BodyBlock+1"],"picked":"wariomod:MassiveParty","floor":23},{"not_picked":["wariomod:SmallSprint","wariomod:SpikeSlash+1"],"picked":"wariomod:DoubleDash+1","floor":25},{"not_picked":["wariomod:MassiveParty","wariomod:BlastDash+1"],"picked":"wariomod:KeyFinisher","floor":29},{"not_picked":["wariomod:SmallSprint","wariomod:BodyBlock"],"picked":"wariomod:DeepDig+1","floor":31},{"not_picked":["wariomod:GodlyGift","wariomod:SpacialMastery"],"picked":"wariomod:KeyFinisher","floor":33},{"not_picked":["wariomod:f+1","wariomod:DropBash+1","wariomod:Goblast"],"picked":"SKIP","floor":35},{"not_picked":["wariomod:ThatsNotAll+1","wariomod:Game+1"],"picked":"wariomod:Boomsmack+1","floor":37},{"not_picked":["wariomod:BigUpgrade+1","wariomod:PayItForwards+1","wariomod:DanceDash+1"],"picked":"SKIP","floor":41},{"not_picked":["wariomod:Leapslam","wariomod:Boomsmack+1","wariomod:Hopshield+1"],"picked":"SKIP","floor":42},{"not_picked":["wariomod:GreaterGuard+1","wariomod:GoAgain","wariomod:Boomsmack+1"],"picked":"SKIP","floor":44},{"not_picked":["wariomod:DropBash+1","wariomod:SimpleShield","wariomod:SmackSlam"],"picked":"SKIP","floor":45},{"not_picked":["wariomod:Bombtime","wariomod:ChargeForth","wariomod:GodlyGift"],"picked":"SKIP","floor":46},{"not_picked":["wariomod:TheGrandJourney","wariomod:AwfulLook"],"picked":"wariomod:Bombshield+1","floor":48}],"player_experience":493222,"relics_obtained":[{"floor":9,"key":"HornCleat"},{"floor":10,"key":"Shuriken"},{"floor":13,"key":"Strawberry"},{"floor":14,"key":"InkBottle"},{"floor":23,"key":"Blood Vial"},{"floor":25,"key":"Ornamental Fan"},{"floor":26,"key":"Mercury Hourglass"},{"floor":29,"key":"Bronze Scales"},{"floor":31,"key":"Regal Pillow"},{"floor":43,"key":"Eternal Feather"},{"floor":44,"key":"Bottled Flame"},{"floor":46,"key":"Bird Faced Urn"}],"event_choices":[{"damage_healed":0,"gold_gain":0,"player_choice":"Success","damage_taken":3,"relics_obtained":["Letter Opener"],"max_hp_gain":0,"max_hp_loss":0,"event_name":"Scrap Ooze","floor":4,"gold_loss":0},{"cards_removed":["wariomod:Strike"],"damage_healed":0,"gold_gain":0,"player_choice":"Purged","damage_taken":0,"max_hp_gain":0,"max_hp_loss":0,"event_name":"Purifier","floor":21,"gold_loss":0},{"damage_healed":0,"gold_gain":99,"player_choice":"Stole From Cult","damage_taken":0,"max_hp_gain":0,"max_hp_loss":0,"event_name":"Nest","floor":27,"gold_loss":0},{"damage_healed":0,"gold_gain":0,"player_choice":"0 cards matched","damage_taken":0,"max_hp_gain":0,"max_hp_loss":0,"event_name":"Match and Keep!","floor":30,"gold_loss":0,"cards_obtained":[]},{"damage_healed":0,"gold_gain":0,"player_choice":"Max HP","damage_taken":0,"max_hp_gain":0,"max_hp_loss":5,"event_name":"Winding Halls","floor":38,"gold_loss":0},{"cards_removed":["wariomod:Boomsmack"],"damage_healed":0,"gold_gain":0,"player_choice":"Removed Attack","damage_taken":0,"max_hp_gain":0,"max_hp_loss":0,"event_name":"Falling","floor":39,"gold_loss":0}],"is_beta":false,"boss_relics":[{"not_picked":["Snecko Eye","Pandora\u0027s Box"],"picked":"SacredBark"},{"not_picked":["Velvet Choker","Coffee Dripper"],"picked":"SlaversCollar"}],"items_purged_floors":[20,24],"is_endless":false,"potions_floor_spawned":[3,13,16,18,25,31,42,46],"ascension_level":3}}