{"host":"bydnmyvf669xu6ab","time":1610844436,"event":{"mods":["BaseMod","BetterRewards","Colored Map","Highlight Path","Minty Spire (QoL Compilation)","Poor People Problems","Rare Cards Sparkle","Relic Stats","Shop Mod","Spikes Relics","StSLib","SuperFastMode"],"gold_per_floor":[111,111,286,286,304,304,332,332,332,357,382,421,440,82,82,207,207,228,228,261,285,303,339,353,353,353,353,377,377,52,77,77,201,201,221,221,234,258,277,277,318,339,364,364,389,423,423,423,423,423,423,423,19,57,57],"floor_reached":56,"language":"ENG","playtime":3512,"items_purged":["Injury"],"score":1638,"play_id":"ad8f369e-e688-4aa5-a5fc-e9e909abca4c","local_time":"20210116164716","is_ascension_mode":true,"campfire_choices":[{"data":"Feed","floor":6,"key":"SMITH"},{"data":"Enlightenment","floor":8,"key":"SMITH"},{"data":"Spot Weakness","floor":15,"key":"SMITH"},{"floor":25,"key":"RECALL"},{"floor":29,"key":"REST"},{"floor":32,"key":"REST"},{"floor":40,"key":"REST"},{"floor":44,"key":"REST"},{"floor":47,"key":"REST"},{"floor":49,"key":"REST"},{"floor":52,"key":"REST"}],"circlet_count":0,"master_deck":["Strike_R","Strike_R","Strike_R","Strike_R","Strike_R","Defend_R","Defend_R","Defend_R+1","Defend_R+1","Bash","Feed+1","Enlightenment+1","Metallicize","Cleave","Doubt","Iron Wave","Cleave","Fire Breathing","Headbutt","Spot Weakness+1","Inflame","Juggernaut","Offering","Exhume","Pummel+1","Entrench","Battle Trance","Headbutt","Flex+1","Armaments","Headbutt+1","Shrug It Off+1","Limit Break","Bandage Up","Limit Break","Spot Weakness","Reaper","Body Slam","Flex+1","True Grit+1","Offering","Inflame+1","Bloodletting+1","Rampage+1","Shrug It Off+1","Shrug It Off+1","Invigoration+1","Flame Barrier+1","Sharp Hide","Offering"],"relics":["Burning Blood","HornCleat","Matryoshka","Dream Catcher","Golden Idol","Odd Mushroom","Regal Pillow","Pantograph","Boot","War Paint","Fusion Hammer","ShockBauble","Red Mask","The Courier","Orichalcum","Self Forming Clay","Potion Belt","Philosopher\u0027s Stone","SnailShell","MealTicket","PreservedInsect","Magic Flower","ZombieTooth"],"acts_visited":["Exordium","TheCity","TheBeyond","TheEnding"],"potions_floor_usage":[10,18,18,22,35,46,50,55,55,55,55],"damage_taken":[{"damage":0,"enemies":"Small Slimes","floor":1,"turns":3},{"damage":12,"enemies":"2 Louse","floor":5,"turns":2},{"damage":8,"enemies":"The Mushroom Lair","floor":7,"turns":4},{"damage":0,"enemies":"Jaw Worm","floor":10,"turns":1},{"damage":7,"enemies":"Looter","floor":11,"turns":5},{"damage":8,"enemies":"3 Sentries","floor":12,"turns":5},{"damage":2,"enemies":"Blue Slaver","floor":13,"turns":4},{"damage":58,"enemies":"The Guardian","floor":16,"turns":10},{"damage":11,"enemies":"3 Byrds","floor":18,"turns":3},{"damage":13,"enemies":"Masked Bandits","floor":20,"turns":4},{"damage":12,"enemies":"2 Thieves","floor":21,"turns":3},{"damage":12,"enemies":"3 Cultists","floor":22,"turns":5},{"damage":40,"enemies":"Book of Stabbing","floor":23,"turns":6},{"damage":18,"enemies":"Snake Plant","floor":24,"turns":2},{"damage":6,"enemies":"Chosen and Byrds","floor":28,"turns":4},{"damage":16,"enemies":"Cultist and Chosen","floor":31,"turns":5},{"damage":60,"enemies":"Collector","floor":33,"turns":7},{"damage":30,"enemies":"3 Darklings","floor":35,"turns":5},{"damage":24,"enemies":"Orb Walker","floor":37,"turns":5},{"damage":32,"enemies":"Spire Growth","floor":38,"turns":5},{"damage":18,"enemies":"Writhing Mass","floor":39,"turns":4},{"damage":90,"enemies":"Giant Head","floor":41,"turns":9},{"damage":41,"enemies":"Maw","floor":42,"turns":7},{"damage":19,"enemies":"Sphere and 2 Shapes","floor":45,"turns":5},{"damage":29,"enemies":"Reptomancer","floor":46,"turns":6},{"damage":77,"enemies":"Awakened One","floor":50,"turns":9},{"damage":44,"enemies":"Shield and Spear","floor":54,"turns":5},{"damage":117,"enemies":"The Heart","floor":55,"turns":8}],"seed_played":"-2779584860978464642","potions_obtained":[{"floor":5,"key":"LiquidMemories"},{"floor":10,"key":"SteroidPotion"},{"floor":12,"key":"Swift Potion"},{"floor":13,"key":"Ancient Potion"},{"floor":18,"key":"SteroidPotion"},{"floor":21,"key":"ColorlessPotion"},{"floor":22,"key":"CultistPotion"},{"floor":37,"key":"ColorlessPotion"},{"floor":38,"key":"DuplicationPotion"},{"floor":45,"key":"Fruit Juice"},{"floor":46,"key":"Ancient Potion"}],"is_trial":false,"path_per_floor":["M","?","?","?","M","R","?","R","T","M","M","E","M","$","R","B",null,"M","?","?","M","M","E","M","R","T","T","M","R","$","M","R","B",null,"M","?","M","M","M","R","E","M","T","R","M","E","R","T","R","B",null,"R","$","E","B",null],"character_chosen":"IRONCLAD","items_purchased":["HornCleat","Feed","Enlightenment","Matryoshka","Metallicize","Dream Catcher","Juggernaut","War Paint","Offering","Limit Break","Potion Belt","Bandage Up","Sharp Hide","ZombieTooth","BlessingOfTheForge"],"campfire_rested":7,"item_purchase_floors":[0,0,0,0,0,0,14,14,14,30,30,30,53,53,53],"current_hp_per_floor":[52,57,57,57,51,51,53,53,53,63,62,64,72,72,72,45,104,107,107,104,98,96,62,54,54,54,54,54,106,106,100,124,74,124,126,126,108,86,89,128,72,45,45,100,91,125,145,145,145,138,149,149,149,149,149],"gold":57,"neow_bonus":"","is_daily":false,"chose_seed":false,"campfire_upgraded":3,"win_rate":0.0,"timestamp":1610844436,"path_taken":["M","?","?","?","M","R","?","R","T","M","M","E","M","?","R","BOSS","M","?","?","M","M","E","M","R","T","?","?","R","?","M","R","BOSS","M","?","M","M","?","R","E","M","T","R","M","E","R","?","R","BOSS","R","$","E","BOSS"],"items_purchased_type":["Relic","Card","Card","Relic","Card","Relic","Card","Relic","Card","Card","Relic","Card","Card","Relic","Potion"],"build_version":"2020-12-22","purchased_purges":1,"victory":true,"max_hp_per_floor":[83,88,88,88,88,88,92,92,92,96,96,100,104,104,104,104,104,112,112,116,116,120,120,124,124,124,124,124,124,124,124,124,124,124,128,128,128,128,128,128,132,136,136,136,136,145,145,145,145,149,149,149,149,149,149],"relic_stats":{"Regal Pillow":31,"counters":[270,1312],"Golden Idol":220,"Self Forming Clay":[216],"Magic Flower":[40],"PreservedInsect":68,"War Paint":["Defend_R","Defend_R"],"Orichalcum":[6],"Boot":[46],"Burning Blood":1497,"Dream Catcher":8,"Pantograph":25,"MealTicket":0,"obtain_stats":[{"infinitespire:BottledMercury":29,"Ginger":10,"Whetstone":26,"Bottled Tornado":6,"Boot":54,"Blood Vial":20,"ZombieTooth":53,"Sundial":24,"MealTicket":41,"infinitespire:Golems Mask":25,"Fusion Hammer":17,"Kunai":0,"MerchantsRug":8,"GiantMaggot":9,"Blue Candle":41,"Velvet Choker":17,"Eternal Feather":44,"Pen Nib":8,"infinitespire:Lychee Nut":26,"Bird Faced Urn":23,"MutagenicStrength":20,"Pandora\u0027s Box":17,"Mark of Pain":17,"infinitespire:PuzzleCube":26,"Unceasing Top":14,"Regal Pillow":0,"Lantern":28,"Torii":27,"Magic Flower":48,"Bag of Preparation":0,"HeavenlyBonsai":24,"Cursed Key":34,"Burning Blood":0,"Matryoshka":0,"Toolbox":24,"Chemical X":0,"InkBottle":0,"Paper Frog":42,"Potion Belt":38,"Self Forming Clay":12,"Golden Idol":3,"Thread and Needle":39,"infinitespire:Joker Card":8,"PreservedInsect":0,"The Courier":23,"Omamori":12,"infinitespire:CheckeredPen":9,"infinitespire:Lucky Rock":9,"Busted Crown":34,"SpikesRelics:DaevaFist":7,"Art of War":11,"Bottled Lightning":43,"Toy Ornithopter":23,"infinitespire:Midas Blood":13,"ShockBauble":19,"Nilry\u0027s Codex":30,"Vajra":26,"Sozu":17,"Lizard Tail":28,"Centennial Puzzle":30,"HornCleat":26,"DollysMirror":28,"Strawberry":31,"Prayer Wheel":0,"Philosopher\u0027s Stone":17,"Toxic Egg 2":0,"LugNut":2,"Happy Flower":23,"Dead Branch":0,"Letter Opener":0,"War Paint":0,"Question Card":11,"Bottled Flame":41,"Shuriken":19,"Bronze Scales":22,"Molten Egg 2":0,"Black Star":17,"CosmicIsotope":17,"Darkstone Periapt":11,"SnailShell":43,"Black Blood":34,"BrokenLever":12,"Incense Burner":38,"Juzu Bracelet":0,"PrismaticShard":0,"ClockworkSouvenir":20,"HailfireSword":17,"Nunchaku":7,"Dream Catcher":13,"Mummified Hand":0,"Gambling Chip":40,"Pantograph":0,"MiniBlackHole":8,"RollingBoulder":13,"Red Mask":42,"Red Skull":10,"infinitespire:FocusingShard":43,"Orichalcum":14,"Odd Mushroom":7,"White Beast Statue":14,"Mercury Hourglass":10,"Sandwich":34,"CaptainsWheel":29,"infinitespire:WardingShard":46,"infinitespire:Satchel":44,"GolemAmulet":46,"Bag of Marbles":26,"Membership Card":0},{"infinitespire:BottledMercury":100,"Ginger":31,"Whetstone":201,"Bottled Tornado":191,"Boot":82,"Blood Vial":115,"ZombieTooth":268,"Sundial":159,"MealTicket":57,"infinitespire:Golems Mask":71,"Fusion Hammer":9,"Kunai":83,"MerchantsRug":5,"GiantMaggot":167,"Blue Candle":77,"Velvet Choker":91,"Eternal Feather":184,"Pen Nib":5,"infinitespire:Lychee Nut":15,"Bird Faced Urn":13,"MutagenicStrength":139,"Pandora\u0027s Box":114,"Mark of Pain":46,"infinitespire:PuzzleCube":49,"Unceasing Top":126,"Regal Pillow":83,"Lantern":142,"Torii":201,"Magic Flower":267,"Bag of Preparation":83,"HeavenlyBonsai":37,"Cursed Key":53,"Burning Blood":0,"Matryoshka":61,"Toolbox":229,"Chemical X":61,"InkBottle":83,"Paper Frog":57,"Potion Belt":21,"Self Forming Clay":194,"Golden Idol":219,"Thread and Needle":56,"infinitespire:Joker Card":42,"PreservedInsect":83,"The Courier":255,"Omamori":6,"infinitespire:CheckeredPen":30,"infinitespire:Lucky Rock":87,"Busted Crown":73,"SpikesRelics:DaevaFist":42,"Art of War":44,"Bottled Lightning":210,"Toy Ornithopter":70,"infinitespire:Midas Blood":90,"ShockBauble":251,"Nilry\u0027s Codex":100,"Vajra":142,"Sozu":68,"Lizard Tail":160,"Centennial Puzzle":232,"HornCleat":71,"DollysMirror":50,"Strawberry":52,"Prayer Wheel":130,"Philosopher\u0027s Stone":195,"Toxic Egg 2":0,"LugNut":28,"Happy Flower":96,"Dead Branch":0,"Letter Opener":27,"War Paint":0,"Question Card":111,"Bottled Flame":183,"Shuriken":10,"Bronze Scales":69,"Molten Egg 2":61,"Black Star":138,"CosmicIsotope":226,"Darkstone Periapt":31,"SnailShell":25,"Black Blood":19,"BrokenLever":65,"Incense Burner":56,"Juzu Bracelet":147,"PrismaticShard":27,"ClockworkSouvenir":35,"HailfireSword":33,"Nunchaku":134,"Dream Catcher":224,"Mummified Hand":211,"Gambling Chip":23,"Pantograph":27,"MiniBlackHole":216,"RollingBoulder":66,"Red Mask":77,"Red Skull":135,"infinitespire:FocusingShard":77,"Orichalcum":170,"Odd Mushroom":245,"White Beast Statue":217,"Mercury Hourglass":124,"Sandwich":102,"CaptainsWheel":161,"infinitespire:WardingShard":26,"infinitespire:Satchel":78,"GolemAmulet":79,"Bag of Marbles":175,"Membership Card":0},{"infinitespire:BottledMercury":388,"Ginger":129,"Whetstone":908,"Bottled Tornado":850,"Boot":332,"Blood Vial":461,"ZombieTooth":1299,"Sundial":700,"MealTicket":249,"infinitespire:Golems Mask":296,"Fusion Hammer":34,"Kunai":340,"MerchantsRug":17,"GiantMaggot":733,"Blue Candle":313,"Velvet Choker":365,"Eternal Feather":813,"Pen Nib":17,"infinitespire:Lychee Nut":54,"Bird Faced Urn":48,"MutagenicStrength":599,"Pandora\u0027s Box":456,"Mark of Pain":199,"infinitespire:PuzzleCube":210,"Unceasing Top":523,"Regal Pillow":340,"Lantern":611,"Torii":908,"Magic Flower":1290,"Bag of Preparation":340,"HeavenlyBonsai":154,"Cursed Key":231,"Burning Blood":0,"Matryoshka":268,"Toolbox":1078,"Chemical X":268,"InkBottle":340,"Paper Frog":249,"Potion Belt":84,"Self Forming Clay":862,"Golden Idol":1017,"Thread and Needle":242,"infinitespire:Joker Card":180,"PreservedInsect":340,"The Courier":1226,"Omamori":21,"infinitespire:CheckeredPen":123,"infinitespire:Lucky Rock":351,"Busted Crown":304,"SpikesRelics:DaevaFist":180,"Art of War":188,"Bottled Lightning":965,"Toy Ornithopter":294,"infinitespire:Midas Blood":361,"ShockBauble":1208,"Nilry\u0027s Codex":388,"Vajra":611,"Sozu":289,"Lizard Tail":701,"Centennial Puzzle":1109,"HornCleat":296,"DollysMirror":215,"Strawberry":223,"Prayer Wheel":549,"Philosopher\u0027s Stone":869,"Toxic Egg 2":0,"LugNut":114,"Happy Flower":376,"Dead Branch":0,"Letter Opener":111,"War Paint":0,"Question Card":439,"Bottled Flame":810,"Shuriken":36,"Bronze Scales":290,"Molten Egg 2":268,"Black Star":592,"CosmicIsotope":1056,"Darkstone Periapt":129,"SnailShell":102,"Black Blood":75,"BrokenLever":278,"Incense Burner":242,"Juzu Bracelet":650,"PrismaticShard":111,"ClockworkSouvenir":146,"HailfireSword":139,"Nunchaku":570,"Dream Catcher":1041,"Mummified Hand":970,"Gambling Chip":93,"Pantograph":111,"MiniBlackHole":997,"RollingBoulder":281,"Red Mask":313,"Red Skull":575,"infinitespire:FocusingShard":313,"Orichalcum":748,"Odd Mushroom":1180,"White Beast Statue":1004,"Mercury Hourglass":514,"Sandwich":401,"CaptainsWheel":709,"infinitespire:WardingShard":107,"infinitespire:Satchel":318,"GolemAmulet":321,"Bag of Marbles":775,"Membership Card":0}]},"card_choices":[{"not_picked":["Havoc","Iron Wave"],"picked":"Cleave","floor":1},{"not_picked":["Dropkick","Seeing Red"],"picked":"Iron Wave","floor":5},{"not_picked":["Fiend Fire","Iron Wave"],"picked":"Cleave","floor":7},{"not_picked":["Clash","Reckless Charge"],"picked":"Fire Breathing","floor":10},{"not_picked":["Sword Boomerang","Clothesline"],"picked":"Headbutt","floor":11},{"not_picked":["Shrug It Off","Searing Blow"],"picked":"Spot Weakness","floor":12},{"not_picked":["Clothesline","Twin Strike"],"picked":"Inflame","floor":13},{"not_picked":["Offering","Brutality"],"picked":"Exhume","floor":16},{"not_picked":["Combust+1","Clothesline"],"picked":"Pummel+1","floor":18},{"not_picked":["Iron Wave","Perfected Strike"],"picked":"Entrench","floor":20},{"not_picked":["Fire Breathing","Flex"],"picked":"Battle Trance","floor":21},{"not_picked":["Second Wind+1","Warcry"],"picked":"Headbutt","floor":22},{"not_picked":["Uppercut","Fire Breathing+1"],"picked":"Flex+1","floor":23},{"not_picked":["Heavy Blade","Rampage"],"picked":"Armaments","floor":24},{"not_picked":["Wild Strike+1","Blood for Blood"],"picked":"Headbutt+1","floor":28},{"not_picked":["Armaments","Twin Strike"],"picked":"Shrug It Off+1","floor":29},{"not_picked":["Clash","Heavy Blade+1"],"picked":"Limit Break","floor":31},{"not_picked":["Thunderclap","Anger"],"picked":"Spot Weakness","floor":32},{"not_picked":["Impervious","Corruption"],"picked":"Reaper","floor":33},{"not_picked":["Whirlwind","Iron Wave"],"picked":"Body Slam","floor":35},{"not_picked":["Clash","Cleave"],"picked":"Flex+1","floor":37},{"not_picked":["Sword Boomerang","Clash"],"picked":"True Grit+1","floor":38},{"not_picked":["Clash+1","Havoc+1"],"picked":"Offering","floor":39},{"not_picked":["Flame Barrier+1","Corruption"],"picked":"Inflame+1","floor":41},{"not_picked":["Wild Strike+1","Clash+1"],"picked":"Bloodletting+1","floor":42},{"not_picked":["Warcry+1","Iron Wave"],"picked":"Rampage+1","floor":44},{"not_picked":["Sword Boomerang","Sever Soul+1"],"picked":"Shrug It Off+1","floor":45},{"not_picked":["Anger","Sever Soul","Flex"],"picked":"SKIP","floor":46},{"not_picked":["Clothesline+1","Iron Wave"],"picked":"Shrug It Off+1","floor":47},{"not_picked":["Infernal Blade+1","Cleave"],"picked":"Invigoration+1","floor":49},{"not_picked":["Havoc","Pummel"],"picked":"Flame Barrier+1","floor":52},{"not_picked":["Wild Strike","Thunderclap+1"],"picked":"Offering","floor":54}],"player_experience":2251268,"relics_obtained":[{"floor":7,"key":"Odd Mushroom"},{"floor":9,"key":"Regal Pillow"},{"floor":9,"key":"Pantograph"},{"floor":12,"key":"Boot"},{"floor":20,"key":"Red Mask"},{"floor":23,"key":"The Courier"},{"floor":26,"key":"Orichalcum"},{"floor":27,"key":"Self Forming Clay"},{"floor":41,"key":"SnailShell"},{"floor":43,"key":"MealTicket"},{"floor":46,"key":"PreservedInsect"},{"floor":48,"key":"Magic Flower"}],"event_choices":[{"damage_healed":0,"gold_gain":0,"player_choice":"Donut","damage_taken":0,"max_hp_gain":5,"max_hp_loss":0,"event_name":"Big Fish","floor":2,"gold_loss":0},{"damage_healed":0,"gold_gain":175,"player_choice":"AGREE","damage_taken":0,"max_hp_gain":0,"max_hp_loss":0,"event_name":"Liars Game","floor":3,"gold_loss":0,"cards_obtained":["Doubt"]},{"damage_healed":0,"gold_gain":0,"player_choice":"Take Wound","damage_taken":0,"relics_obtained":["Golden Idol"],"max_hp_gain":0,"max_hp_loss":0,"event_name":"Golden Idol","floor":4,"gold_loss":0,"cards_obtained":["Injury"]},{"damage_healed":0,"gold_gain":0,"player_choice":"Fought Mushrooms","damage_taken":0,"max_hp_gain":0,"max_hp_loss":0,"event_name":"Mushrooms","floor":7,"gold_loss":0},{"damage_healed":0,"gold_gain":0,"player_choice":"Opened","damage_taken":0,"relics_obtained":["ShockBauble"],"max_hp_gain":0,"max_hp_loss":0,"event_name":"The Mausoleum","floor":19,"gold_loss":0},{"damage_healed":0,"gold_gain":0,"player_choice":"Fought Bandits","damage_taken":0,"max_hp_gain":0,"max_hp_loss":0,"event_name":"Masked Bandits","floor":20,"gold_loss":0},{"damage_healed":0,"gold_gain":0,"player_choice":"Ignored","damage_taken":0,"max_hp_gain":0,"max_hp_loss":0,"event_name":"SecretPortal","floor":36,"gold_loss":0}],"is_beta":false,"boss_relics":[{"not_picked":["Sandwich","Runic Cube"],"picked":"Fusion Hammer"},{"not_picked":["Runic Pyramid","Busted Crown"],"picked":"Philosopher\u0027s Stone"}],"items_purged_floors":[53],"is_endless":false,"potions_floor_spawned":[5,10,12,13,16,18,21,22,28,37,38,45,46,54],"ascension_level":1}}