{"host":"wha9hktbkslqvblg","time":1610854976,"event":{"mods":["BaseMod","Colored Map","Minty Spire (QoL Compilation)","Relic Stats","SuperFastMode","everything is the same but u backflip on backflip"],"gold_per_floor":[114,133,133,133,133,161,161,1,25,41,56,90,90,123,123,195,195,214,232,232,232,232],"floor_reached":21,"language":"KOR","playtime":418,"items_purged":["Strike_B"],"score":444,"play_id":"98be15af-389a-4096-a970-9ded394419d6","local_time":"20210117124256","is_ascension_mode":true,"campfire_choices":[{"data":"Zap","floor":7,"key":"SMITH"},{"floor":15,"key":"REST"}],"circlet_count":0,"master_deck":["AscendersBane","Strike_B","Strike_B","Defend_B+1","Defend_B","Zap+1","Dualcast+1","Cold Snap","Gash","Skim+1","Defragment","Defragment","Go for the Eyes","Hologram","Gash","Core Surge","Coolheaded+1","Darkness","Conserve Battery"],"relics":["Cracked Core","NeowsBlessing","Dream Catcher","Toy Ornithopter","Regal Pillow","Strawberry","Inserter"],"acts_visited":["Exordium","TheCity"],"potions_floor_usage":[12,12,16],"damage_taken":[{"damage":0,"enemies":"Small Slimes","floor":1,"turns":1},{"damage":0,"enemies":"2 Louse","floor":2,"turns":1},{"damage":0,"enemies":"3 Sentries","floor":6,"turns":1},{"damage":0,"enemies":"Cultist","floor":10,"turns":3},{"damage":7,"enemies":"3 Louse","floor":11,"turns":3},{"damage":8,"enemies":"Gremlin Nob","floor":12,"turns":3},{"damage":12,"enemies":"Lagavulin","floor":14,"turns":5},{"damage":23,"enemies":"Hexaghost","floor":16,"turns":10},{"damage":54,"enemies":"3 Byrds","floor":18,"turns":6},{"damage":14,"enemies":"Chosen","floor":19,"turns":5},{"damage":0,"enemies":"Snake Plant","floor":21,"turns":1}],"seed_played":"241994439130392125","potions_obtained":[{"floor":10,"key":"Explosive Potion"},{"floor":11,"key":"GamblersBrew"},{"floor":12,"key":"LiquidMemories"}],"is_trial":false,"path_per_floor":["M","M","?","?","?","E","R","$","T","M","M","E","?","E","R","B",null,"M","M","?","M"],"character_chosen":"DEFECT","items_purchased":["Skim"],"campfire_rested":1,"item_purchase_floors":[8],"current_hp_per_floor":[64,64,57,62,62,62,62,62,62,62,55,57,34,29,68,50,75,21,7,7,7,7],"gold":232,"neow_bonus":"THREE_ENEMY_KILL","is_daily":false,"chose_seed":false,"campfire_upgraded":1,"win_rate":0.0,"timestamp":1610854976,"path_taken":["M","M","?","?","?","E","R","$","T","?","M","E","?","E","R","BOSS","M","M","?","M"],"items_purchased_type":["Card"],"build_version":"2020-12-22","purchased_purges":1,"victory":false,"max_hp_per_floor":[71,71,71,76,76,76,76,76,76,76,76,76,76,83,83,83,83,83,83,83,83,83],"relic_stats":{"Dream Catcher":1,"Regal Pillow":15,"Inserter":[6],"counters":[11,39],"obtain_stats":[{"Dream Catcher":6,"Regal Pillow":12,"Inserter":17,"NeowsBlessing":0,"Strawberry":14,"Cracked Core":0,"Toy Ornithopter":9},{"Dream Catcher":3,"Regal Pillow":6,"Inserter":8,"NeowsBlessing":0,"Strawberry":7,"Cracked Core":0,"Toy Ornithopter":3},{"Dream Catcher":3,"Regal Pillow":12,"Inserter":27,"NeowsBlessing":0,"Strawberry":17,"Cracked Core":0,"Toy Ornithopter":3}],"Toy Ornithopter":15},"card_choices":[{"not_picked":["Stack","Heatsinks"],"picked":"Cold Snap","floor":1},{"not_picked":["Conserve Battery","Reinforced Body"],"picked":"Gash","floor":2},{"not_picked":["Undo","Turbo","Steam"],"picked":"SKIP","floor":6},{"not_picked":["Loop","Streamline"],"picked":"Defragment","floor":10},{"not_picked":["Meteor Strike","Hologram"],"picked":"Defragment","floor":11},{"not_picked":["Stack","Barrage"],"picked":"Go for the Eyes","floor":12},{"not_picked":["Compile Driver","Fusion"],"picked":"Hologram","floor":14},{"not_picked":["Steam","Self Repair"],"picked":"Gash","floor":15},{"not_picked":["Hyperbeam","Rainbow"],"picked":"Core Surge","floor":16},{"not_picked":["Leap","Hologram"],"picked":"Coolheaded+1","floor":18},{"not_picked":["Defragment","Go for the Eyes","Ball Lightning"],"picked":"SKIP","floor":19}],"player_experience":977963,"relics_obtained":[{"floor":6,"key":"Dream Catcher"},{"floor":9,"key":"Toy Ornithopter"},{"floor":12,"key":"Regal Pillow"},{"floor":14,"key":"Strawberry"}],"event_choices":[{"cards_removed":["Defend_B"],"damage_healed":0,"gold_gain":0,"player_choice":"Card Removal","damage_taken":7,"max_hp_gain":0,"max_hp_loss":0,"event_name":"Golden Wing","floor":3,"gold_loss":0},{"damage_healed":0,"gold_gain":0,"player_choice":"Donut","damage_taken":0,"max_hp_gain":5,"max_hp_loss":0,"event_name":"Big Fish","floor":4,"gold_loss":0},{"damage_healed":0,"gold_gain":0,"player_choice":"Upgraded","damage_taken":0,"max_hp_gain":0,"max_hp_loss":0,"event_name":"Upgrade Shrine","floor":5,"gold_loss":0,"cards_upgraded":["Dualcast"]},{"damage_healed":0,"gold_gain":0,"player_choice":"Entered Light","damage_taken":23,"max_hp_gain":0,"max_hp_loss":0,"event_name":"Shining Light","floor":13,"gold_loss":0,"cards_upgraded":["Skim","Defend_B"]},{"damage_healed":0,"gold_gain":0,"cards_transformed":["Strike_B","Defend_B"],"player_choice":"Became Test Subject","damage_taken":0,"max_hp_gain":0,"max_hp_loss":0,"event_name":"Drug Dealer","floor":20,"gold_loss":0,"cards_obtained":["Darkness","Conserve Battery"]}],"is_beta":false,"boss_relics":[{"not_picked":["Philosopher\u0027s Stone","Calling Bell"],"picked":"Inserter"}],"items_purged_floors":[8],"is_endless":false,"potions_floor_spawned":[10,11,12],"killed_by":"Snake Plant","ascension_level":20}}