{"host":"egwexuw5uvnxf11j","time":1610866893,"event":{"mods":["2.2 Compatiblity","Aspiration","BaseMod","Better Altar","Better Note","Better Sensory Stone","Better Third Choice","Displayed Cursed Tome","Downfall","Hermit","Key Reminder","Koishi","Marisa????????","Minty Spire (QoL Compilation)","Quick Restart","Shade Mod","Spicy Shops","StSLib","The Construct","The Cursed","The Hierophant","The Runesmith","The Senshi","The Servant 0.9.4","Transform Curses"],"gold_per_floor":[209,226,38,38,38,38,63,63,87,97,113,132,146,321,321,425,425,441,441,414,434,453,453,453,453,453,47,47,73,73,86,86,183,183,198,214,214,214,214],"floor_reached":38,"language":"ENG","playtime":2251,"items_purged":["Shame"],"score":376,"play_id":"03220eda-a150-482e-9f7d-3ec76a683379","local_time":"20210117020133","is_ascension_mode":false,"campfire_choices":[{"data":"Runesmith:PoweredAnvil","floor":6,"key":"SMITH"},{"floor":8,"key":"REST"},{"floor":15,"key":"REST"},{"floor":23,"key":"REST"},{"floor":28,"key":"REST"},{"floor":32,"key":"REST"}],"circlet_count":0,"master_deck":["Runesmith:Strike_RS","Runesmith:Strike_RS","Runesmith:Strike_RS","Runesmith:Strike_RS","Runesmith:Defend_RS","Runesmith:Defend_RS","Runesmith:Defend_RS","Runesmith:Defend_RS","Runesmith:CraftFirestone","Runesmith:Fortify","Runesmith:StaticCage","Runesmith:CraftProtectio","Runesmith:PoweredAnvil+1","Runesmith:Reinforce+1","Runesmith:PerfectChisel","Runesmith:Refine+1","Runesmith:HammerThrow","Runesmith:CraftVitae+1","Runesmith:CreatorForm","Runesmith:CraftMagma+1","Runesmith:EarthShield+1","Runesmith:GoWithTheFlow","Runesmith:HeatedChisel","Runesmith:HammerThrow","Runesmith:Terraform+1","Runesmith:FieryHammer","Runesmith:CraftMedicinae+1","Runesmith:CraftObretio+1","Runesmith:CreatorForm+1","Runesmith:Permafrost+1","Runesmith:Repurpose+1"],"relics":["Runesmith:CoreCrystal","aspiration:HummingbirdHeart","Toxic Egg 2","StrikeDummy","keyreminder:keyreminder","Regal Pillow","Membership Card","Mercury Hourglass","Blood Vial","Mummified Hand","Black Star"],"acts_visited":["Exordium","TheCity","TheBeyond"],"potions_floor_usage":[22,36],"damage_taken":[{"damage":2.0,"enemies":"Jaw Worm","floor":1.0,"turns":3.0},{"damage":0,"enemies":"Small Slimes","floor":2,"turns":3},{"damage":13,"enemies":"Lagavulin","floor":7,"turns":7},{"damage":3,"enemies":"Cultist","floor":10,"turns":3},{"damage":4,"enemies":"Red Slaver","floor":11,"turns":3},{"damage":10,"enemies":"Exordium Thugs","floor":12,"turns":3},{"damage":2,"enemies":"3 Louse","floor":13,"turns":2},{"damage":29,"enemies":"Slime Boss","floor":16,"turns":12},{"damage":33,"enemies":"Spheric Guardian","floor":18,"turns":6},{"damage":12,"enemies":"2 Thieves","floor":20,"turns":5},{"damage":19,"enemies":"Snake Plant","floor":21,"turns":7},{"damage":27,"enemies":"Snecko","floor":22,"turns":6},{"damage":17,"enemies":"Cultist and Chosen","floor":31,"turns":8},{"damage":33,"enemies":"Automaton","floor":33,"turns":13},{"damage":29,"enemies":"Orb Walker","floor":35,"turns":5},{"damage":39,"enemies":"3 Darklings","floor":36,"turns":8},{"damage":8,"enemies":"Writhing Mass","floor":38,"turns":3}],"seed_played":"-6558844170558821867","potions_obtained":[{"floor":2,"key":"FairyPotion"},{"floor":7,"key":"Dexterity Potion"},{"floor":11,"key":"FearPotion"},{"floor":16,"key":"Strength Potion"},{"floor":31,"key":"FearPotion"},{"floor":33,"key":"LiquidBronze"},{"floor":35,"key":"EntropicBrew"}],"is_trial":false,"path_per_floor":["M","M","$","?","$","R","E","R","T","M","M","M","M","?","R","B",null,"M","?","M","M","M","R","?","?","T","$","R","T","T","M","R","B",null,"M","M","?","M"],"character_chosen":"RUNESMITH_CLASS","items_purchased":["aspiration:HummingbirdHeart","Runesmith:PoweredAnvil","Membership Card","Runesmith:FieryHammer","Runesmith:CraftMedicinae+1","Mercury Hourglass"],"campfire_rested":5,"item_purchase_floors":[3,3,27,27,27,27],"current_hp_per_floor":[68,68,68,68,68,68,55,70,70,67,63,53,51,51,70,41,70,37,37,25,6,11,47,47,47,47,47,70,70,70,56,70,50,70,43,6,6,0,0],"gold":214,"neow_bonus":"HUNDRED_GOLD","is_daily":false,"chose_seed":false,"campfire_upgraded":1,"win_rate":0.0,"timestamp":1610866893,"path_taken":["M","M","$","?","$","R","E","R","T","M","M","M","M","?","R","BOSS","M","?","M","M","?","R","?","?","T","$","R","?","?","M","R","BOSS","M","?","?","?"],"items_purchased_type":["Relic","Card","Relic","Card","Card","Relic"],"build_version":"2020-12-22","purchased_purges":1,"victory":false,"max_hp_per_floor":[70,70,70,70,70,70,70,70,70,70,70,70,70,70,70,70,70,70,70,70,70,70,70,70,70,70,70,70,70,70,70,70,70,70,70,70,70,70,70],"card_choices":[{"not_picked":["Runesmith:ChiselStab","Runesmith:Electrocute"],"picked":"Runesmith:StaticCage","floor":1.0},{"not_picked":["Runesmith:StaticCage","Runesmith:ChiselStab"],"picked":"Runesmith:CraftProtectio","floor":2},{"not_picked":["Runesmith:UnstableHammer","Runesmith:Augment+1"],"picked":"Runesmith:Reinforce+1","floor":7},{"not_picked":["Runesmith:Repurpose+1","Runesmith:GenerateForcefield+1"],"picked":"Runesmith:PerfectChisel","floor":10},{"not_picked":["Runesmith:ShiftingStrike","Runesmith:CraftProtectio+1"],"picked":"Runesmith:Refine+1","floor":11},{"not_picked":["Runesmith:HeatExchange","Runesmith:WhiteBalance"],"picked":"Runesmith:HammerThrow","floor":12},{"not_picked":["Runesmith:Permafrost","Runesmith:HeatedChisel"],"picked":"Runesmith:CraftVitae+1","floor":13},{"not_picked":["Runesmith:GrandSlam","Runesmith:LastStand+1"],"picked":"Runesmith:CreatorForm","floor":16},{"not_picked":["Runesmith:Retool+1","Runesmith:Repurpose+1"],"picked":"Runesmith:CraftMagma+1","floor":18},{"not_picked":["Runesmith:Attraction+1","Runesmith:FrozenChisel"],"picked":"Runesmith:EarthShield+1","floor":20},{"not_picked":["Runesmith:Repurpose+1","Runesmith:EarthShield+1"],"picked":"Runesmith:GoWithTheFlow","floor":21},{"not_picked":["Runesmith:Accelerate+1","Runesmith:StaticCage+1"],"picked":"Runesmith:HeatedChisel","floor":22},{"not_picked":["Runesmith:HeatExchange","Runesmith:Superposition"],"picked":"Runesmith:CraftObretio+1","floor":31},{"not_picked":["Runesmith:Duplicate+1","Runesmith:CraftMedicinae+1"],"picked":"Runesmith:CreatorForm","floor":33},{"not_picked":["Runesmith:CraftObretio+1","Runesmith:Overpower"],"picked":"Runesmith:Permafrost+1","floor":35},{"not_picked":["Runesmith:NegativeSpace+1","Runesmith:EnergizedChisel"],"picked":"Runesmith:Repurpose+1","floor":36}],"player_experience":2238182,"relics_obtained":[{"floor":7,"key":"StrikeDummy"},{"floor":9,"key":"Regal Pillow"},{"floor":29,"key":"Blood Vial"},{"floor":30,"key":"Mummified Hand"}],"event_choices":[{"damage_healed":0,"gold_gain":175,"player_choice":"AGREE","damage_taken":146,"max_hp_gain":0,"max_hp_loss":0,"event_name":"betterThird:BetterSerpent","floor":14,"gold_loss":0},{"cards_removed":["Runesmith:Refine"],"damage_healed":0,"gold_gain":0,"player_choice":"Give","damage_taken":0,"max_hp_gain":0,"max_hp_loss":0,"event_name":"betterNote:BetterNote","floor":19,"gold_loss":0,"cards_obtained":["None"]},{"damage_healed":0,"gold_gain":0,"cards_transformed":["Injury","Doubt"],"player_choice":"Became Test Subject","damage_taken":0,"max_hp_gain":0,"max_hp_loss":0,"event_name":"Drug Dealer","floor":24,"gold_loss":0,"cards_obtained":["Runesmith:HammerThrow","Runesmith:Terraform"]},{"damage_healed":0,"gold_gain":0,"player_choice":"Upgraded","damage_taken":0,"max_hp_gain":0,"max_hp_loss":0,"event_name":"Upgrade Shrine","floor":37,"gold_loss":0,"cards_upgraded":["Runesmith:CreatorForm"]}],"is_beta":false,"boss_relics":[{"not_picked":["aspiration:DefectSkillbook","Runic Dome"],"picked":"Runesmith:CoreCrystal"},{"not_picked":["aspiration:FutureDiary","aspiration:IroncladSkillbook"],"picked":"Black Star"}],"items_purged_floors":[27],"is_endless":false,"potions_floor_spawned":[2,7,11,16,20,31,33,35],"killed_by":"Writhing Mass","ascension_level":0}}