{"host":"04hh9gplt9wkfmr1","time":1610884055,"event":{"mods":["AchievementEnabler","BaseMod","Colored Map","KOR Keyword Fix","Minty Spire (QoL Compilation)","Rare Cards Sparkle","SuperFastMode"],"gold_per_floor":[110,125,140,150,169,201,201,215,242,270,270,300,300,331,331,428,428,428,353,353,353,353,353,353,353,353,353,353],"floor_reached":27,"language":"KOR","playtime":822,"items_purged":[],"score":383,"play_id":"2dbd05f1-0d85-4137-8552-8a87f7ed6a09","local_time":"20210117204735","is_ascension_mode":true,"campfire_choices":[{"data":"Buffer","floor":7.0,"key":"SMITH"},{"data":"Chaos","floor":13.0,"key":"SMITH"},{"data":"Defragment","floor":15.0,"key":"SMITH"},{"data":"Capacitor","floor":24,"key":"SMITH"}],"circlet_count":0,"master_deck":["Strike_B","Strike_B","Strike_B","Strike_B","Defend_B","Defend_B","Defend_B","Defend_B","Zap","Dualcast","Seek","Chaos+1","Ball Lightning","Melter","Buffer+1","Glacier","Defragment","Capacitor","Biased Cognition","Conserve Battery","Zap","Bandage Up","Defragment+1","Rainbow","Force Field","Static Discharge","Writhe","Capacitor+1","Cold Snap"],"relics":["Cracked Core","Torii","Vajra","Pantograph","Smiling Mask","Strawberry","Ectoplasm","Gremlin Horn","Emotion Chip","Ancient Tea Set","HornCleat","Nunchaku"],"acts_visited":["Exordium","TheCity"],"potions_floor_usage":[27,27],"damage_taken":[{"damage":0.0,"enemies":"Small Slimes","floor":1.0,"turns":2.0},{"damage":0.0,"enemies":"Cultist","floor":2.0,"turns":2.0},{"damage":3.0,"enemies":"2 Louse","floor":3.0,"turns":3.0},{"damage":4.0,"enemies":"2 Fungi Beasts","floor":4.0,"turns":3.0},{"damage":5.0,"enemies":"Gremlin Gang","floor":5.0,"turns":3.0},{"damage":14.0,"enemies":"Gremlin Nob","floor":6.0,"turns":4.0},{"damage":9.0,"enemies":"Exordium Thugs","floor":8.0,"turns":4.0},{"damage":11.0,"enemies":"3 Sentries","floor":10.0,"turns":7.0},{"damage":0.0,"enemies":"Lagavulin","floor":12.0,"turns":6.0},{"damage":0.0,"enemies":"Gremlin Nob","floor":14.0,"turns":4.0},{"damage":28.0,"enemies":"The Guardian","floor":16.0,"turns":8.0},{"damage":7.0,"enemies":"Chosen","floor":18.0,"turns":5.0},{"damage":6.0,"enemies":"2 Thieves","floor":19.0,"turns":4.0},{"damage":0,"enemies":"Cultist and Chosen","floor":20,"turns":8},{"damage":13,"enemies":"Gremlin Leader","floor":23,"turns":6},{"damage":51,"enemies":"Book of Stabbing","floor":25,"turns":5},{"damage":31,"enemies":"Gremlin Leader","floor":27,"turns":3}],"seed_played":"6386838936102842569","potions_obtained":[{"floor":2.0,"key":"GamblersBrew"},{"floor":3.0,"key":"DistilledChaos"},{"floor":4.0,"key":"Block Potion"},{"floor":5.0,"key":"SteroidPotion"},{"floor":16.0,"key":"Energy Potion"},{"floor":23,"key":"Weak Potion"},{"floor":25,"key":"Weak Potion"}],"is_trial":false,"path_per_floor":["M","M","M","M","M","E","R","M","T","E","?","E","R","E","R","B",null,"M","M","M","T","?","E","R","E","T","E"],"character_chosen":"DEFECT","items_purchased":[],"campfire_rested":0,"item_purchase_floors":[],"current_hp_per_floor":[75,75,72,68,63,49,49,40,40,29,29,33,33,44,44,45,82,79,77,81,81,81,72,72,25,25,0,0],"gold":353,"neow_bonus":"ONE_RANDOM_RARE_CARD","is_daily":false,"chose_seed":false,"campfire_upgraded":4,"win_rate":0.0,"timestamp":1610884055,"path_taken":["M","M","M","M","M","E","R","M","T","E","?","E","R","E","R","BOSS","M","?","M","?","?","E","R","E","T","E"],"items_purchased_type":[],"build_version":"2020-12-22","purchased_purges":0,"victory":false,"max_hp_per_floor":[75,75,75,75,75,75,75,75,75,75,75,75,75,82,82,82,82,82,82,82,82,82,82,82,82,82,82,82],"card_choices":[{"not_picked":["Sweeping Beam","Hologram"],"picked":"Chaos","floor":1.0},{"not_picked":["Beam Cell","Cold Snap"],"picked":"Ball Lightning","floor":2.0},{"not_picked":["Coolheaded","Blizzard","Go for the Eyes"],"picked":"SKIP","floor":3.0},{"not_picked":["Conserve Battery","Gash"],"picked":"Melter","floor":4.0},{"not_picked":["Auto Shields","Compile Driver","Barrage"],"picked":"SKIP","floor":5.0},{"not_picked":["Beam Cell","All For One"],"picked":"Buffer","floor":6.0},{"not_picked":["Undo","Sweeping Beam"],"picked":"Glacier","floor":8.0},{"not_picked":["Gash","Darkness"],"picked":"Defragment","floor":10.0},{"not_picked":["Beam Cell","Redo","Steam"],"picked":"SKIP","floor":12.0},{"not_picked":["Reinforced Body","Blizzard"],"picked":"Defragment","floor":14.0},{"not_picked":["Machine Learning","Creative AI"],"picked":"Rainbow","floor":16.0},{"not_picked":["Compile Driver","Sweeping Beam","Turbo"],"picked":"SKIP","floor":18.0},{"not_picked":["Cold Snap","Streamline"],"picked":"Force Field","floor":19},{"not_picked":["Darkness","Conserve Battery"],"picked":"Static Discharge","floor":20},{"not_picked":["Auto Shields","Hologram"],"picked":"Capacitor","floor":23},{"not_picked":["Sunder","Sweeping Beam"],"picked":"Cold Snap","floor":25}],"player_experience":44958,"relics_obtained":[{"floor":6.0,"key":"Torii"},{"floor":9.0,"key":"Vajra"},{"floor":10.0,"key":"Pantograph"},{"floor":12.0,"key":"Smiling Mask"},{"floor":14.0,"key":"Strawberry"},{"floor":21,"key":"Gremlin Horn"},{"floor":23,"key":"Ancient Tea Set"},{"floor":25,"key":"HornCleat"},{"floor":26,"key":"Nunchaku"}],"event_choices":[{"damage_healed":0.0,"max_hp_gain":0.0,"max_hp_loss":0.0,"gold_gain":0.0,"event_name":"Match and Keep!","player_choice":"5 cards matched","floor":11.0,"gold_loss":0.0,"damage_taken":0.0,"cards_obtained":["Capacitor","Biased Cognition","Conserve Battery","Zap","Bandage Up"]},{"damage_healed":0,"gold_gain":0,"player_choice":"Opened","damage_taken":0,"relics_obtained":["Emotion Chip"],"max_hp_gain":0,"max_hp_loss":0,"event_name":"The Mausoleum","floor":22,"gold_loss":0,"cards_obtained":["Writhe"]}],"is_beta":false,"boss_relics":[{"not_picked":["Calling Bell","Pandora\u0027s Box"],"picked":"Ectoplasm"}],"items_purged_floors":[],"is_endless":false,"potions_floor_spawned":[2,3,4,5,16,23,25],"killed_by":"Gremlin Leader","ascension_level":3}}