{"host":"g2yp6paluzgljz05","time":1610895918,"event":{"mods":["BaseMod","Bestiary","Colored Powertips","DeckTracker","Highlight Path","Minty Spire (QoL Compilation)","Quick Restart"],"gold_per_floor":[118,136,151,76,89,89,120,143,155,242,254,90,90,90],"floor_reached":13,"language":"ENG","playtime":456,"items_purged":["Strike_R","Strike_R"],"score":102,"play_id":"6ad69003-8329-47c8-865b-01c5479776fd","local_time":"20210118020518","is_ascension_mode":true,"campfire_choices":[{"data":"Shockwave","floor":6,"key":"SMITH"}],"circlet_count":0,"master_deck":["Strike_R","Strike_R","Strike_R","Defend_R","Defend_R","Defend_R","Defend_R","Bash","Flex","Fire Breathing","Shockwave+1","True Grit","Inflame"],"relics":["Burning Blood","NeowsBlessing","MawBank","Vajra","Golden Idol"],"acts_visited":["Exordium"],"potions_floor_usage":[13,13,13],"damage_taken":[{"damage":0,"enemies":"2 Louse","floor":1,"turns":1},{"damage":0,"enemies":"Small Slimes","floor":2,"turns":1},{"damage":0,"enemies":"Jaw Worm","floor":3,"turns":1},{"damage":11,"enemies":"2 Fungi Beasts","floor":5,"turns":4},{"damage":53,"enemies":"Lagavulin","floor":7,"turns":7},{"damage":14,"enemies":"Blue Slaver","floor":8,"turns":6},{"damage":18,"enemies":"Gremlin Nob","floor":13,"turns":3}],"seed_played":"-5876445364854358723","potions_obtained":[{"floor":2,"key":"PowerPotion"},{"floor":5,"key":"Explosive Potion"},{"floor":7,"key":"SteroidPotion"}],"is_trial":false,"path_per_floor":["M","M","M","$","M","R","E","M","T","?","?","$","E"],"character_chosen":"IRONCLAD","items_purchased":["Inflame"],"campfire_rested":0,"item_purchase_floors":[12],"current_hp_per_floor":[80,80,80,80,75,75,28,20,20,9,9,9,0,0],"gold":90,"neow_bonus":"THREE_ENEMY_KILL","is_daily":false,"chose_seed":false,"campfire_upgraded":1,"win_rate":0.0,"timestamp":1610895918,"path_taken":["M","M","M","$","M","R","E","M","T","?","?","$","E"],"items_purchased_type":["Card"],"build_version":"2020-12-22","purchased_purges":2,"victory":false,"max_hp_per_floor":[80,80,80,80,80,80,80,80,80,80,74,74,74,74],"card_choices":[{"not_picked":["Armaments","Warcry"],"picked":"Flex","floor":1},{"not_picked":["Havoc","Entrench"],"picked":"Fire Breathing","floor":2},{"not_picked":["Feel No Pain","Flex"],"picked":"Shockwave","floor":3},{"not_picked":["Feel No Pain","Armaments","Heavy Blade"],"picked":"SKIP","floor":5},{"not_picked":["Clash","Body Slam"],"picked":"True Grit","floor":7},{"not_picked":["Warcry","Cleave","Feel No Pain"],"picked":"SKIP","floor":8}],"player_experience":207949,"relics_obtained":[{"floor":7,"key":"MawBank"},{"floor":9,"key":"Vajra"}],"event_choices":[{"damage_healed":0,"gold_gain":75,"player_choice":"Gather Gold","damage_taken":11,"max_hp_gain":0,"max_hp_loss":0,"event_name":"World of Goop","floor":10,"gold_loss":0},{"damage_healed":0,"gold_gain":0,"player_choice":"Lose Max HP","damage_taken":0,"relics_obtained":["Golden Idol"],"max_hp_gain":0,"max_hp_loss":6,"event_name":"Golden Idol","floor":11,"gold_loss":0}],"is_beta":false,"boss_relics":[],"items_purged_floors":[4,12],"is_endless":false,"potions_floor_spawned":[2,5,7],"killed_by":"Gremlin Nob","ascension_level":4}}