{"host":"7tvb1em0d2fx72q7","time":1610864174,"event":{"mods":["BaseMod","Challenge The Spire","Minty Spire (QoL Compilation)","StSLib","everything is the same but u backflip on backflip"],"gold_per_floor":[111,3,13,27,46,79,79,96,147,147,189,189,212,235,235,316,316,335,360,373,101,101,101],"floor_reached":22,"language":"ENG","playtime":1346,"items_purged":["Strike_R"],"score":400,"play_id":"b9f0748b-a535-4187-ae87-2dda19ce8295","local_time":"20210117011614","is_ascension_mode":true,"campfire_choices":[{"data":"Immolate","floor":7,"key":"SMITH"},{"floor":10,"key":"REST"},{"data":"True Grit","floor":12,"key":"SMITH"},{"data":"Inflame","floor":15,"key":"SMITH"}],"circlet_count":0,"master_deck":["AscendersBane","Strike_R","Strike_R","Strike_R","Strike_R","Defend_R","Defend_R","Defend_R","Defend_R","Bash","Metallicize","Heavy Blade","Sever Soul","Shrug It Off","True Grit+1","Immolate+1","Thunderclap","Pummel","Headbutt","Inflame+1","Demon Form","Pommel Strike","Whirlwind","Metallicize"],"relics":["Burning Blood","Ancient Tea Set","CeramicFish","Sundial","Mark of Pain","Anchor"],"acts_visited":["Exordium","TheCity"],"potions_floor_usage":[4,5,6,16],"damage_taken":[{"damage":1,"enemies":"Cultist","floor":1,"turns":3},{"damage":1,"enemies":"2 Louse","floor":3,"turns":3},{"damage":2,"enemies":"Jaw Worm","floor":4,"turns":3},{"damage":17,"enemies":"Exordium Wildlife","floor":5,"turns":4},{"damage":61,"enemies":"Lagavulin","floor":6,"turns":11},{"damage":0,"enemies":"Exordium Thugs","floor":8,"turns":3},{"damage":26,"enemies":"Gremlin Nob","floor":11,"turns":4},{"damage":0,"enemies":"2 Fungi Beasts","floor":13,"turns":3},{"damage":10,"enemies":"Blue Slaver","floor":14,"turns":4},{"damage":37,"enemies":"Slime Boss","floor":16,"turns":7},{"damage":19,"enemies":"2 Thieves","floor":18,"turns":4},{"damage":21,"enemies":"3 Byrds","floor":19,"turns":3},{"damage":47,"enemies":"Snecko","floor":20,"turns":6},{"damage":35,"enemies":"Cultist and Chosen","floor":22,"turns":3}],"seed_played":"9119697922017939556","potions_obtained":[{"floor":1,"key":"Fire Potion"},{"floor":4,"key":"Dexterity Potion"},{"floor":11,"key":"BloodPotion"},{"floor":13,"key":"FairyPotion"}],"is_trial":false,"path_per_floor":["M","$","M","M","M","E","R","M","T","R","E","R","M","M","R","B",null,"M","M","M","$","M"],"character_chosen":"IRONCLAD","items_purchased":["Heavy Blade","Explosive Potion","Metallicize","Anchor"],"campfire_rested":1,"item_purchase_floors":[2,2,21,21],"current_hp_per_floor":[80,80,82,82,71,16,16,22,22,46,26,26,32,28,28,13,65,52,37,30,30,0,0],"gold":101,"neow_bonus":"TEN_PERCENT_HP_BONUS","is_daily":false,"chose_seed":false,"campfire_upgraded":3,"win_rate":0.0,"timestamp":1610864174,"path_taken":["M","?","M","M","M","E","R","?","T","R","E","R","M","M","R","BOSS","M","M","M","$","M"],"items_purchased_type":["Card","Potion","Card","Relic"],"build_version":"2020-12-22","purchased_purges":1,"victory":false,"max_hp_per_floor":[82,82,82,82,82,82,82,82,82,82,82,82,82,82,82,82,82,82,82,82,82,82,82],"card_choices":[{"not_picked":["Armaments","Shockwave"],"picked":"Metallicize","floor":1},{"not_picked":["Warcry","Headbutt"],"picked":"Sever Soul","floor":3},{"not_picked":["Warcry","Body Slam"],"picked":"Shrug It Off","floor":4},{"not_picked":["Clothesline","Anger"],"picked":"True Grit","floor":5},{"not_picked":["Dual Wield","Shrug It Off"],"picked":"Immolate","floor":6},{"not_picked":["Body Slam","Hemokinesis"],"picked":"Thunderclap","floor":8},{"not_picked":["Blood for Blood","Feel No Pain"],"picked":"Pummel","floor":11},{"not_picked":["Carnage","Armaments"],"picked":"Headbutt","floor":13},{"not_picked":["Sword Boomerang","Headbutt"],"picked":"Inflame","floor":14},{"not_picked":["Corruption","Exhume"],"picked":"Demon Form","floor":16},{"not_picked":["Blood for Blood","Cleave"],"picked":"Pommel Strike","floor":18},{"not_picked":["Havoc","Uppercut"],"picked":"Whirlwind","floor":19},{"not_picked":["Headbutt","Flex","Iron Wave"],"picked":"SKIP","floor":20}],"player_experience":1929949,"relics_obtained":[{"floor":6,"key":"Ancient Tea Set"},{"floor":9,"key":"CeramicFish"},{"floor":11,"key":"Sundial"}],"event_choices":[],"is_beta":false,"boss_relics":[{"not_picked":["Ectoplasm","SlaversCollar"],"picked":"Mark of Pain"}],"items_purged_floors":[21],"is_endless":false,"potions_floor_spawned":[1,4,11,13],"killed_by":"Cultist and Chosen","ascension_level":20}}