{"host":"fworv1gvvajf3x0f","time":1610865334,"event":{"mods":["AchievementEnabler","Aspiration","BaseMod","Better Match","Better Note","Better Sensory Stone","Better Vampires","Colored Map","Colored Powertips","Displayed Cursed Tome","Good Game Mod","Highlight Path","Infinite Spire","Minty Spire (QoL Compilation)","Poor People Problems","Relic Stats","Replay The Spire","StSLib"],"gold_per_floor":[116,132,145,145,161,161,180,0,23,23,35,35,49,59,59,161,161,180,191,191,116,126,159,159,179,179,192,206,206,238,238,238,342,342,355,355,35,55,67,99,99,134,134,134,134],"floor_reached":44,"language":"ZHS","playtime":4478,"items_purged":["Defend_G","Strike_G"],"score":636,"play_id":"cdb0b07f-6e38-4bda-9af0-4e2b4eeccf4b","local_time":"20210117143534","is_ascension_mode":true,"campfire_choices":[{"data":"Panache","floor":6.0,"key":"SMITH"},{"data":"Acrobatics","floor":12.0,"key":"SMITH"},{"data":"Strike_G","floor":15.0,"key":"PURGE"},{"data":"Panache","floor":24.0,"key":"SMITH"},{"data":"Distraction","floor":29.0,"key":"SMITH"},{"data":"ReplayTheSpireMod:Scrap Shanks","floor":32.0,"key":"SMITH"},{"data":"Envenom","floor":41.0,"key":"SMITH"}],"circlet_count":0,"master_deck":["Strike_G","Strike_G","Strike_G","Defend_G+1","Defend_G+1","Defend_G+1","Survivor","Neutralize","Panache+1","Outmaneuver","ReplayTheSpireMod:Scrap Shanks+1","Acrobatics+1","Reflex","Finisher","Panache+1","Underhanded Strike","Grand Finale","Setup+1","ReplayTheSpireMod:Speed Training","ReplayTheSpireMod:The Works","Distraction+1","Replay:Bag of Tricks","Flash of Steel","Sadistic Nature","Envenom+1","Infinite Blades","Headbutt+1"],"relics":["Ring of the Snake","REME:ComplimentaryCards","NeowsBlessing","infinitespire:PuzzleCube","ReplayTheSpireMod:TigerMarble","Spirit Poop","Snecko Scales","Mango","Bottled Tornado","Bottled Lightning","Blue Candle","aspiration:FutureDiary","HornCleat","aspiration:SeaSaltIceCream","aspiration:Nostalgia","Replay:M_SmolderingBlood","Replay:Bottled Eggs","Art of War","ReplayTheSpireMod:Ninjato"],"acts_visited":["Exordium","TheCity","TheBeyond"],"potions_floor_usage":[],"damage_taken":[{"damage":0.0,"enemies":"Jaw Worm","floor":1.0,"turns":1.0},{"damage":0.0,"enemies":"Small Slimes","floor":2.0,"turns":1.0},{"damage":0.0,"enemies":"Cultist","floor":3.0,"turns":1.0},{"damage":12.0,"enemies":"2 Fungi Beasts","floor":5.0,"turns":6.0},{"damage":1.0,"enemies":"3 Louse","floor":7.0,"turns":3.0},{"damage":8.0,"enemies":"Large Slime","floor":11.0,"turns":3.0},{"damage":4.0,"enemies":"Red Slaver","floor":13.0,"turns":2.0},{"damage":0.0,"enemies":"Gremlin Gang","floor":14.0,"turns":1.0},{"damage":18.0,"enemies":"Hexaghost","floor":16.0,"turns":5.0},{"damage":3.0,"enemies":"Chosen","floor":18.0,"turns":2.0},{"damage":0.0,"enemies":"Spheric Guardian","floor":19.0,"turns":2.0},{"damage":1.0,"enemies":"Shelled Parasite and Fungi","floor":22.0,"turns":2.0},{"damage":0.0,"enemies":"Slavers","floor":23.0,"turns":1.0},{"damage":0.0,"enemies":"Centurion and Healer","floor":25.0,"turns":1.0},{"damage":0.0,"enemies":"Sentry and Sphere","floor":27.0,"turns":2.0},{"damage":2.0,"enemies":"Chosen and Byrds","floor":28.0,"turns":2.0},{"damage":0.0,"enemies":"Gremlin Leader","floor":30.0,"turns":2.0},{"damage":9.0,"enemies":"Champ","floor":33.0,"turns":4.0},{"damage":5.0,"enemies":"Orb Walker","floor":35.0,"turns":2.0},{"damage":10.0,"enemies":"3 Darklings","floor":38.0,"turns":2.0},{"damage":0.0,"enemies":"Writhing Mass","floor":39.0,"turns":2.0},{"damage":9.0,"enemies":"R_Hoarder","floor":40.0,"turns":4.0},{"damage":9.0,"enemies":"Giant Head","floor":42.0,"turns":3.0},{"damage":51,"enemies":"Nightmare","floor":44,"turns":4}],"seed_played":"1582730639401957150","potions_obtained":[{"floor":2.0,"key":"Energy Potion"},{"floor":3.0,"key":"LiquidMemories"},{"floor":5.0,"key":"Venom Potion"},{"floor":11.0,"key":"Languid Potion"},{"floor":16.0,"key":"LiquidMemories"},{"floor":23.0,"key":"SpeedPotion"},{"floor":30.0,"key":"Explosive Potion"},{"floor":33.0,"key":"SpeedPotion"},{"floor":38.0,"key":"Energy Potion"},{"floor":39.0,"key":"FearPotion"},{"floor":40.0,"key":"Block Potion"}],"is_trial":false,"path_per_floor":["M","M","M","?","M","R","M","$","T","?","M","R","M","M","R_BF","B",null,"M","M","AVR","?","M","E","R","M","T","M","M","R","E","?","R","B",null,"M","?","$","M","M","E","R","E","T","NM"],"character_chosen":"THE_SILENT","items_purchased":["Panache","aspiration:SeaSaltIceCream"],"campfire_rested":0,"item_purchase_floors":[8,37],"current_hp_per_floor":[70,70,70,70,58,58,57,57,57,57,49,49,45,45,45,27,70,67,67,81,81,80,80,80,80,80,80,78,78,78,78,78,69,84,79,79,79,69,69,60,60,51,51,0,0],"gold":134,"neow_bonus":"THREE_ENEMY_KILL","is_daily":false,"chose_seed":false,"campfire_upgraded":6,"win_rate":0.0,"timestamp":1610865334,"path_taken":["M","M","M","?","M","R","M","$","T","?","?","R","M","M","R_BF","BOSS","M","M","AVR","?","M","E","R","M","T","M","M","R","E","?","R","BOSS","M","?","$","?","?","E","R","E","T","NM"],"items_purchased_type":["Card","Relic"],"build_version":"2020-12-22","purchased_purges":2,"victory":false,"max_hp_per_floor":[70,70,70,70,70,70,70,70,70,70,70,70,70,70,70,70,70,70,70,84,84,84,84,84,84,84,84,84,84,84,84,84,84,84,84,84,84,84,84,84,84,84,84,84,84],"relic_stats":{"counters":[24,58],"Blue Candle":[0],"Art of War":[0],"obtain_stats":[{"ReplayTheSpireMod:Ninjato":43,"NeowsBlessing":0,"aspiration:Nostalgia":37,"Blue Candle":30,"Spirit Poop":10,"Mango":20,"aspiration:SeaSaltIceCream":37,"Bottled Tornado":23,"REME:ComplimentaryCards":0,"HornCleat":36,"Snecko Scales":17,"Replay:M_SmolderingBlood":37,"ReplayTheSpireMod:TigerMarble":9,"Art of War":42,"Bottled Lightning":26,"aspiration:FutureDiary":34,"Replay:Bottled Eggs":40,"infinitespire:PuzzleCube":4,"Ring of the Snake":0},{"ReplayTheSpireMod:Ninjato":23,"NeowsBlessing":0,"aspiration:Nostalgia":19,"Blue Candle":17,"Spirit Poop":5,"Mango":11,"aspiration:SeaSaltIceCream":19,"Bottled Tornado":13,"REME:ComplimentaryCards":0,"HornCleat":19,"Snecko Scales":9,"Replay:M_SmolderingBlood":19,"ReplayTheSpireMod:TigerMarble":5,"Art of War":23,"Bottled Lightning":14,"aspiration:FutureDiary":18,"Replay:Bottled Eggs":22,"infinitespire:PuzzleCube":3,"Ring of the Snake":0},{"ReplayTheSpireMod:Ninjato":54,"NeowsBlessing":0,"aspiration:Nostalgia":43,"Blue Candle":37,"Spirit Poop":12,"Mango":27,"aspiration:SeaSaltIceCream":43,"Bottled Tornado":30,"REME:ComplimentaryCards":0,"HornCleat":43,"Snecko Scales":23,"Replay:M_SmolderingBlood":43,"ReplayTheSpireMod:TigerMarble":12,"Art of War":54,"Bottled Lightning":31,"aspiration:FutureDiary":41,"Replay:Bottled Eggs":51,"infinitespire:PuzzleCube":3,"Ring of the Snake":0}],"Ring of the Snake":[48]},"card_choices":[{"not_picked":["Deadly Poison","Dagger Throw"],"picked":"Outmaneuver","floor":1.0},{"not_picked":["Bane","Finisher"],"picked":"ReplayTheSpireMod:Scrap Shanks","floor":2.0},{"not_picked":["Toxin Wave","Slice"],"picked":"Acrobatics","floor":3.0},{"not_picked":["aspiration:Lunge","Acrobatics"],"picked":"Reflex","floor":5.0},{"not_picked":["Sucker Punch","Dagger Spray"],"picked":"Finisher","floor":7.0},{"not_picked":["Skewer","Quick Slash","Bane"],"picked":"SKIP","floor":11.0},{"not_picked":["Dash","Slice"],"picked":"Underhanded Strike","floor":13.0},{"not_picked":["Dodge and Roll","Dagger Throw","Choke"],"picked":"SKIP","floor":14.0},{"not_picked":["Malaise","aspiration:Lunge"],"picked":"Grand Finale","floor":16.0},{"not_picked":["Deadly Poison","Bane","Dagger Throw"],"picked":"SKIP","floor":18.0},{"not_picked":["Deadly Poison","Outmaneuver"],"picked":"Setup+1","floor":19.0},{"not_picked":["Outmaneuver","Hidden Blade"],"picked":"ReplayTheSpireMod:Speed Training","floor":22.0},{"not_picked":["Dagger Throw","Underhanded Strike+1","Outmaneuver"],"picked":"SKIP","floor":23.0},{"not_picked":["Flechettes+1","Distraction"],"picked":"ReplayTheSpireMod:The Works","floor":25.0},{"not_picked":["Cloak And Dagger","Deadly Poison+1","Quick Slash"],"picked":"SKIP","floor":27.0},{"not_picked":["Bane+1","Deflect+1"],"picked":"Distraction","floor":28.0},{"not_picked":["Underhanded Strike+1","Dodge and Roll"],"picked":"Replay:Bag of Tricks","floor":30.0},{"not_picked":["Poisoned Strike","Replay:BasicMightCard"],"picked":"Flash of Steel","floor":31.0},{"not_picked":["Enlightenment","Dramatic Entrance"],"picked":"Sadistic Nature","floor":31.0},{"not_picked":["A Thousand Cuts","Adrenaline"],"picked":"Envenom","floor":33.0},{"not_picked":["Flechettes+1","Skewer+1","Dodge and Roll"],"picked":"SKIP","floor":35.0},{"not_picked":["Deflect","Dodge and Roll","All Out Attack+1"],"picked":"SKIP","floor":38.0},{"not_picked":["Deflect","Underhanded Strike+1"],"picked":"Infinite Blades","floor":39.0},{"not_picked":["Clash","Sucker Punch"],"picked":"Headbutt+1","floor":40.0},{"not_picked":["Die Die Die","Cloak And Dagger+1","Deflect"],"picked":"SKIP","floor":42.0}],"player_experience":238497,"relics_obtained":[{"floor":9.0,"key":"ReplayTheSpireMod:TigerMarble"},{"floor":23.0,"key":"Bottled Tornado"},{"floor":26.0,"key":"Bottled Lightning"},{"floor":30.0,"key":"Blue Candle"},{"floor":40.0,"key":"Replay:Bottled Eggs"},{"floor":42.0,"key":"Art of War"},{"floor":43.0,"key":"ReplayTheSpireMod:Ninjato"}],"event_choices":[{"damage_healed":0.0,"max_hp_gain":0.0,"max_hp_loss":0.0,"gold_gain":0.0,"event_name":"Big Fish","player_choice":"Box","floor":4.0,"gold_loss":0.0,"damage_taken":0.0,"relics_obtained":["infinitespire:PuzzleCube"],"cards_obtained":["Regret"]},{"cards_removed":["Regret"],"damage_healed":0.0,"max_hp_gain":0.0,"max_hp_loss":0.0,"gold_gain":0.0,"event_name":"Bonfire Elementals","player_choice":"Offered Curse","floor":10.0,"gold_loss":0.0,"damage_taken":0.0,"relics_obtained":["Spirit Poop"]},{"cards_removed":["Defend_G"],"damage_healed":0.0,"max_hp_gain":0.0,"max_hp_loss":0.0,"gold_gain":0.0,"event_name":"Beggar","player_choice":"Gave Gold","floor":21.0,"gold_loss":75.0,"damage_taken":0.0},{"damage_healed":0.0,"max_hp_gain":0.0,"max_hp_loss":0.0,"gold_gain":2.0,"event_name":"betterStone:BetterStone","player_choice":"1","floor":31.0,"gold_loss":0.0,"damage_taken":0.0},{"damage_healed":0.0,"max_hp_gain":0.0,"max_hp_loss":0.0,"gold_gain":0.0,"event_name":"WeMeetAgain","player_choice":"Gave Potion","floor":36.0,"gold_loss":0.0,"damage_taken":0.0,"relics_obtained":["HornCleat"]}],"is_beta":false,"boss_relics":[{"not_picked":["aspiration:PoetsPen","Black Star"],"picked":"Snecko Scales"},{"not_picked":["aspiration:SecretTechniqueScroll","Sozu"],"picked":"aspiration:FutureDiary"}],"items_purged_floors":[20,37],"is_endless":false,"potions_floor_spawned":[2,3,5,11,16,18,23,30,33,38,39,40],"killed_by":"Nightmare","ascension_level":3}}