{"host":"v54ek091sdz7ha6h","time":1610916269,"event":{"mods":["BaseMod","Better Vampires","Colored Map","Colored Powertips","Custom Start","DeckTracker","Highlight Path","KOR Keyword Fix","Minty Spire (QoL Compilation)","Rare Cards Sparkle","Relic Stats","StSLib","SuperFastMode","everything is the same but u backflip on backflip","slay the spire mod where everything is the same but ironclad has a cowboy hat"],"gold_per_floor":[112,112,125,125,200,232,251,269,269,1,28,28,46,46,46,120,120,133,143,83,99,110,110,110,110],"floor_reached":24,"language":"KOR","playtime":460,"items_purged":["Defend_R"],"score":466,"play_id":"a7a4f6d3-13c7-467a-b2d4-a6b5d0b7d096","local_time":"20210118054429","is_ascension_mode":true,"campfire_choices":[{"data":"Panache","floor":12.0,"key":"SMITH"},{"data":"Bash","floor":15.0,"key":"SMITH"},{"floor":23,"key":"REST"}],"circlet_count":0,"master_deck":["AscendersBane","Strike_R","Strike_R","Defend_R","Defend_R","Bash+1","Dropkick","Dropkick","Panache+1","Warcry","Dropkick","Double Tap","True Grit+1","Sentinel"],"relics":["Burning Blood","NeowsBlessing","Mercury Hourglass","Sundial","Question Card","Bottled Tornado","Empty Cage","Singing Bowl"],"acts_visited":["Exordium","TheCity"],"potions_floor_usage":[16,22],"damage_taken":[{"damage":0.0,"enemies":"2 Louse","floor":1.0,"turns":1.0},{"damage":0.0,"enemies":"Small Slimes","floor":3.0,"turns":1.0},{"damage":0.0,"enemies":"Gremlin Nob","floor":6.0,"turns":1.0},{"damage":0.0,"enemies":"Cultist","floor":7.0,"turns":2.0},{"damage":10.0,"enemies":"Lots of Slimes","floor":8.0,"turns":3.0},{"damage":25.0,"enemies":"Lagavulin","floor":11.0,"turns":7.0},{"damage":19.0,"enemies":"Blue Slaver","floor":13.0,"turns":4.0},{"damage":20,"enemies":"Hexaghost","floor":16,"turns":7},{"damage":7,"enemies":"3 Byrds","floor":18,"turns":3},{"damage":33,"enemies":"Shell Parasite","floor":19,"turns":3},{"damage":29,"enemies":"Centurion and Healer","floor":21,"turns":3},{"damage":20,"enemies":"Snake Plant","floor":22,"turns":4},{"damage":46,"enemies":"Book of Stabbing","floor":24,"turns":4}],"seed_played":"-6971103315349767997","potions_obtained":[{"floor":1.0,"key":"BlessingOfTheForge"},{"floor":13.0,"key":"Energy Potion"},{"floor":16,"key":"DuplicationPotion"},{"floor":19,"key":"FairyPotion"}],"is_trial":false,"path_per_floor":["M","?","M","?","?","E","M","M","T","$","E","R","M","?","R","B",null,"M","M","?","M","M","R","E"],"character_chosen":"IRONCLAD","items_purchased":["Panache"],"campfire_rested":1,"item_purchase_floors":[10],"current_hp_per_floor":[74,74,75,57,46,52,58,54,54,54,35,35,22,22,22,8,58,57,30,30,7,19,41,0,0],"gold":110,"neow_bonus":"THREE_ENEMY_KILL","is_daily":false,"chose_seed":false,"campfire_upgraded":2,"win_rate":0.0,"timestamp":1610916269,"path_taken":["M","?","M","?","?","E","M","M","T","$","E","R","M","?","R","BOSS","M","M","?","M","?","R","E"],"items_purchased_type":["Card"],"build_version":"2020-12-22","purchased_purges":1,"victory":false,"max_hp_per_floor":[75,75,75,75,75,75,75,75,75,75,75,75,75,75,75,75,75,75,75,75,75,75,75,75,75],"relic_stats":{"Singing Bowl":0,"counters":[13,42],"Sundial":[12],"Question Card":7,"obtain_stats":[{"NeowsBlessing":0,"Singing Bowl":20,"Sundial":6,"Bottled Tornado":11,"Question Card":9,"Empty Cage":17,"Burning Blood":0,"Mercury Hourglass":4},{"NeowsBlessing":0,"Singing Bowl":10,"Sundial":3,"Bottled Tornado":6,"Question Card":5,"Empty Cage":8,"Burning Blood":0,"Mercury Hourglass":2},{"NeowsBlessing":0,"Singing Bowl":31,"Sundial":3,"Bottled Tornado":15,"Question Card":8,"Empty Cage":25,"Burning Blood":0,"Mercury Hourglass":2}],"Burning Blood":67,"Mercury Hourglass":[129]},"card_choices":[{"not_picked":["Havoc","Twin Strike"],"picked":"Dropkick","floor":1.0},{"not_picked":["Searing Blow","Thunderclap"],"picked":"Dropkick","floor":3.0},{"not_picked":["Reaper","Perfected Strike","Heavy Blade"],"picked":"SKIP","floor":6.0},{"not_picked":["Armaments","Heavy Blade","Dual Wield"],"picked":"SKIP","floor":7.0},{"not_picked":["Entrench","Headbutt","Armaments"],"picked":"SKIP","floor":8.0},{"not_picked":["Thunderclap","Pommel Strike","Wild Strike"],"picked":"Warcry","floor":11.0},{"not_picked":["Havoc","Clothesline","Carnage"],"picked":"Dropkick","floor":13.0},{"not_picked":["Juggernaut","Exhume","Brutality"],"picked":"Double Tap","floor":16},{"not_picked":["Wild Strike","Battle Trance","Flex+1","Clash"],"picked":"SKIP","floor":18},{"not_picked":["Clash","Anger","Armaments","Iron Wave"],"picked":"SKIP","floor":19},{"not_picked":["Anger","Flex","Armaments"],"picked":"True Grit+1","floor":21},{"not_picked":["Flame Barrier+1","Twin Strike","True Grit+1"],"picked":"Sentinel","floor":22}],"player_experience":1456146,"relics_obtained":[{"floor":6.0,"key":"Sundial"},{"floor":9.0,"key":"Question Card"},{"floor":11.0,"key":"Bottled Tornado"}],"event_choices":[{"cards_removed":["Strike_R"],"damage_healed":0.0,"max_hp_gain":0.0,"max_hp_loss":0.0,"gold_gain":0.0,"event_name":"Living Wall","player_choice":"Forget","floor":2.0,"gold_loss":0.0,"damage_taken":0.0},{"damage_healed":0.0,"max_hp_gain":0.0,"max_hp_loss":0.0,"gold_gain":0.0,"event_name":"Scrap Ooze","player_choice":"Success","floor":4.0,"gold_loss":0.0,"damage_taken":18.0,"relics_obtained":["Mercury Hourglass"]},{"damage_healed":0.0,"max_hp_gain":0.0,"max_hp_loss":0.0,"gold_gain":75.0,"event_name":"World of Goop","player_choice":"Gather Gold","floor":5.0,"gold_loss":0.0,"damage_taken":11.0},{"cards_removed":["Strike_R"],"damage_healed":0.0,"max_hp_gain":0.0,"max_hp_loss":0.0,"gold_gain":0.0,"event_name":"Purifier","player_choice":"Purged","floor":14.0,"gold_loss":0.0,"damage_taken":0.0},{"damage_healed":0,"gold_gain":0,"player_choice":"Paid Gold","damage_taken":0,"relics_obtained":["Singing Bowl"],"max_hp_gain":0,"max_hp_loss":0,"event_name":"WeMeetAgain","floor":20,"gold_loss":60}],"is_beta":false,"boss_relics":[{"not_picked":["SlaversCollar","Runic Cube"],"picked":"Empty Cage"}],"items_purged_floors":[10],"is_endless":false,"potions_floor_spawned":[1,13,16,19],"killed_by":"Book of Stabbing","ascension_level":20}}