{"host":"dl7h25vjpuplx29g","time":1610858022,"event":{"mods":["BaseMod","Colored Map","Minty Spire (QoL Compilation)","StSLib"],"gold_per_floor":[215,215,227,237,65,65,94,94,118,118,145,145,145,161,161,161,161],"floor_reached":16,"language":"JPN","playtime":898,"items_purged":[],"score":176,"play_id":"6f764977-90fc-4be6-8cb3-b58f5447ce31","local_time":"20210117133342","is_ascension_mode":true,"campfire_choices":[{"data":"Dualcast","floor":6.0,"key":"SMITH"},{"data":"Turbo","floor":8,"key":"SMITH"},{"data":"Zap","floor":10,"key":"SMITH"},{"floor":13,"key":"REST"},{"data":"Recycle","floor":15,"key":"SMITH"}],"circlet_count":0,"master_deck":["AscendersBane","Strike_B","Strike_B","Strike_B","Strike_B","Defend_B","Defend_B","Defend_B","Defend_B","Zap+1","Dualcast+1","Conserve Battery","Turbo+1","Biased Cognition","Melter","Self Repair","Recycle+1"],"relics":["Cracked Core","Runic Capacitor","Bag of Marbles","Oddly Smooth Stone","Odd Mushroom","Ancient Tea Set"],"acts_visited":["Exordium"],"potions_floor_usage":[7],"damage_taken":[{"damage":1.0,"enemies":"Small Slimes","floor":1.0,"turns":3.0},{"damage":0.0,"enemies":"Cultist","floor":3.0,"turns":4.0},{"damage":2.0,"enemies":"2 Louse","floor":4.0,"turns":2.0},{"damage":8,"enemies":"Lagavulin","floor":7,"turns":6},{"damage":18,"enemies":"The Mushroom Lair","floor":11,"turns":4},{"damage":5,"enemies":"Exordium Thugs","floor":14,"turns":3},{"damage":33,"enemies":"The Guardian","floor":16,"turns":6}],"seed_played":"9199145040621748730","potions_obtained":[{"floor":2.0,"key":"EssenceOfDarkness"},{"floor":2.0,"key":"FocusPotion"},{"floor":7,"key":"Dexterity Potion"}],"is_trial":false,"path_per_floor":["M","?","M","M","$","R","E","R","T","R","?","?","R","M","R","B"],"character_chosen":"DEFECT","items_purchased":["Runic Capacitor"],"campfire_rested":1,"item_purchase_floors":[5],"current_hp_per_floor":[63,63,63,61,61,61,53,53,53,53,35,9,30,32,32,0,0],"gold":161,"neow_bonus":"HUNDRED_GOLD","is_daily":false,"chose_seed":false,"campfire_upgraded":4,"win_rate":0.0,"timestamp":1610858022,"path_taken":["M","?","?","M","$","R","E","R","T","R","?","?","R","M","R","BOSS"],"items_purchased_type":["Relic"],"build_version":"2020-12-22","purchased_purges":0,"victory":false,"max_hp_per_floor":[71,71,71,71,71,71,71,71,71,71,71,71,71,71,71,71,71],"card_choices":[{"not_picked":["Gash","Steam"],"picked":"Conserve Battery","floor":1.0},{"not_picked":["Steam","Leap"],"picked":"Turbo","floor":3.0},{"not_picked":["Blizzard","Melter"],"picked":"Biased Cognition","floor":4.0},{"not_picked":["Hello World","Compile Driver"],"picked":"Melter","floor":7},{"not_picked":["Storm","Gash"],"picked":"Self Repair","floor":11},{"not_picked":["Beam Cell","BootSequence"],"picked":"Recycle","floor":14}],"player_experience":1631592,"relics_obtained":[{"floor":7,"key":"Bag of Marbles"},{"floor":9,"key":"Oddly Smooth Stone"},{"floor":11,"key":"Odd Mushroom"}],"event_choices":[{"damage_healed":0.0,"max_hp_gain":0.0,"max_hp_loss":0.0,"gold_gain":0.0,"event_name":"Lab","player_choice":"Got Potions","floor":2.0,"gold_loss":0.0,"damage_taken":0.0},{"damage_healed":0,"gold_gain":0,"player_choice":"Fought Mushrooms","damage_taken":0,"max_hp_gain":0,"max_hp_loss":0,"event_name":"Mushrooms","floor":11,"gold_loss":0},{"damage_healed":0,"gold_gain":0,"player_choice":"Success","damage_taken":26,"relics_obtained":["Ancient Tea Set"],"max_hp_gain":0,"max_hp_loss":0,"event_name":"Scrap Ooze","floor":12,"gold_loss":0}],"is_beta":false,"boss_relics":[],"items_purged_floors":[],"is_endless":false,"potions_floor_spawned":[3,7,11],"killed_by":"The Guardian","ascension_level":16}}