{"host":"CK","time":1610853010,"event":{"mods":["2.2 Compatiblity","BaseMod","Bestiary","Block Reminder","Colored Powertips","DeckTracker","Displayed Cursed Tome","Minty Spire (QoL Compilation)","Permanent Neow","Slay-I","Unknown Chances"],"gold_per_floor":[119,134,146,156,81,81,96,96,96,96,96,113,124,24,24,102,102,115,129,158,169,169,169],"floor_reached":22,"language":"ENG","playtime":1497,"items_purged":["Strike_B","Strike_B"],"score":426,"play_id":"2da3dc1e-9213-44bb-bf5a-d8684567fb05","local_time":"20210116191010","is_ascension_mode":true,"campfire_choices":[{"data":"Zap","floor":6,"key":"SMITH"},{"data":"Dualcast","floor":8,"key":"SMITH"},{"data":"Leap","floor":10,"key":"SMITH"},{"data":"Ball Lightning","floor":15,"key":"SMITH"}],"circlet_count":0,"master_deck":["AscendersBane","Strike_B","Defend_B","Defend_B","Defend_B","Zap+1","Dualcast+1","Ball Lightning+1","Glacier","Cold Snap","Leap+1","FTL","Biased Cognition","Glacier","Cold Snap"],"relics":["Cracked Core","White Beast Statue","Runic Dome","Red Mask"],"acts_visited":["Exordium","TheCity"],"potions_floor_usage":[2,4,21],"damage_taken":[{"damage":4,"enemies":"2 Louse","floor":1,"turns":3},{"damage":12,"enemies":"Jaw Worm","floor":2,"turns":3},{"damage":3,"enemies":"Small Slimes","floor":3,"turns":3},{"damage":5,"enemies":"Gremlin Gang","floor":4,"turns":2},{"damage":2,"enemies":"2 Fungi Beasts","floor":7,"turns":3},{"damage":3,"enemies":"Red Slaver","floor":12,"turns":3},{"damage":0,"enemies":"Looter","floor":13,"turns":2},{"damage":0,"enemies":"The Guardian","floor":16,"turns":13},{"damage":7,"enemies":"3 Byrds","floor":18,"turns":4},{"damage":9,"enemies":"Shell Parasite","floor":19,"turns":5},{"damage":7,"enemies":"Masked Bandits","floor":20,"turns":7},{"damage":22,"enemies":"Centurion and Healer","floor":21,"turns":17},{"damage":18,"enemies":"Cultist and Chosen","floor":22,"turns":3}],"seed_played":"159688217937251587","potions_obtained":[{"floor":1,"key":"SkillPotion"},{"floor":3,"key":"AttackPotion"},{"floor":7,"key":"DuplicationPotion"},{"floor":12,"key":"DuplicationPotion"},{"floor":21,"key":"ColorlessPotion"}],"is_trial":false,"path_per_floor":["M","M","M","M","$","R","M","R","T","R","?","M","M","$","R","B",null,"M","M","?","M","M"],"character_chosen":"DEFECT","items_purchased":[],"campfire_rested":0,"item_purchase_floors":[],"current_hp_per_floor":[60,48,45,40,40,40,38,38,38,38,38,35,35,35,35,35,57,50,41,34,12,0,0],"gold":169,"neow_bonus":"REMOVE_TWO","is_daily":false,"chose_seed":false,"campfire_upgraded":4,"win_rate":0.0,"timestamp":1610853010,"path_taken":["M","M","M","M","$","R","M","R","T","R","?","M","M","$","R","BOSS","M","M","?","M","M"],"items_purchased_type":[],"build_version":"2020-12-18","purchased_purges":2,"victory":false,"max_hp_per_floor":[64,64,64,64,64,64,64,64,64,64,64,64,64,64,64,64,64,64,64,64,64,64,64],"card_choices":[{"not_picked":["Lockon","Self Repair"],"picked":"Ball Lightning","floor":1},{"not_picked":["Steam","Sweeping Beam"],"picked":"Glacier","floor":2},{"not_picked":["Hologram","Beam Cell","Chill"],"picked":"SKIP","floor":3},{"not_picked":["BootSequence","Machine Learning"],"picked":"Cold Snap","floor":4},{"not_picked":["Sweeping Beam","Redo"],"picked":"Leap","floor":7},{"not_picked":["Chaos","Coolheaded"],"picked":"FTL","floor":12},{"not_picked":["Beam Cell","Cold Snap","Sweeping Beam"],"picked":"SKIP","floor":13},{"not_picked":["Hyperbeam","Core Surge"],"picked":"Biased Cognition","floor":16},{"not_picked":["Scrape","Storm","Skim"],"picked":"SKIP","floor":18},{"not_picked":["Streamline+1","Gash"],"picked":"Glacier","floor":19},{"not_picked":["Stack","Steam+1"],"picked":"Cold Snap","floor":20},{"not_picked":["Cold Snap","Turbo","Fusion"],"picked":"SKIP","floor":21}],"player_experience":1148348,"relics_obtained":[{"floor":9,"key":"White Beast Statue"},{"floor":20,"key":"Red Mask"}],"event_choices":[{"damage_healed":0,"gold_gain":0,"player_choice":"Searched \u00271\u0027 times","damage_taken":0,"max_hp_gain":0,"max_hp_loss":0,"event_name":"Dead Adventurer","floor":11,"gold_loss":0},{"damage_healed":0,"gold_gain":0,"player_choice":"Searched \u00271\u0027 times","damage_taken":0,"max_hp_gain":0,"max_hp_loss":0,"event_name":"Dead Adventurer","floor":11,"gold_loss":0},{"damage_healed":0,"gold_gain":0,"player_choice":"Fought Bandits","damage_taken":0,"max_hp_gain":0,"max_hp_loss":0,"event_name":"Masked Bandits","floor":20,"gold_loss":0}],"is_beta":true,"boss_relics":[{"not_picked":["Snecko Eye","Coffee Dripper"],"picked":"Runic Dome"}],"items_purged_floors":[5,14],"is_endless":false,"potions_floor_spawned":[1,3,7,12,13,16,18,19,20,21],"killed_by":"Cultist and Chosen","ascension_level":17}}