{"host":"yud9x4ph1820jgqk","time":1610917963,"event":{"mods":["Aspiration","BaseMod","Colored Map","Hubris","Minty Spire (QoL Compilation)","Replay The Spire","StSLib"],"gold_per_floor":[117,117,117,132,93,93,125,91,143,160,187,187,202,257,257,358,408,383,383,383,395,174,174,174,174,174,174,193,193,193],"floor_reached":29,"language":"ENG","playtime":1614,"items_purged":[],"score":356,"play_id":"98faa558-2d3e-4af1-ab5b-990f80664e70","local_time":"20210117161243","is_ascension_mode":true,"campfire_choices":[{"floor":6.0,"key":"RECALL"},{"data":"ReplayTheSpireMod:Muscle Training","floor":12.0,"key":"SMITH"},{"floor":15.0,"key":"REST"},{"floor":23.0,"key":"REST"},{"floor":25.0,"key":"REST"},{"data":"Demon Form","floor":27.0,"key":"SMITH"}],"circlet_count":0,"master_deck":["Strike_R","Strike_R","Strike_R","Strike_R","Strike_R","Defend_R","Defend_R","Defend_R","Defend_R","Bash","ReplayTheSpireMod:Muscle Training+1","Heavy Blade+1","Thunderclap","Warcry","Warcry","Bloodletting","Armaments+1","Feed","Flex+1","Demon Form+1","Entrench","ReplayReversal","Cleave+1","Dropkick","J.A.X.","Rupture"],"relics":["Burning Blood","NeowsBlessing","Pet Ghost","Replay:Bottled Steam","Tiny House","hubris:Towel","Frozen Eye","Iron Hammer"],"acts_visited":["Exordium","TheCity"],"potions_floor_usage":[29],"damage_taken":[{"damage":0.0,"enemies":"Small Slimes","floor":1.0,"turns":1.0},{"damage":0.0,"enemies":"Jaw Worm","floor":4.0,"turns":1.0},{"damage":0.0,"enemies":"Replay:BlueRogue","floor":7.0,"turns":1.0},{"damage":10.0,"enemies":"Cultist","floor":10.0,"turns":4.0},{"damage":39.0,"enemies":"Lagavulin","floor":11.0,"turns":6.0},{"damage":14.0,"enemies":"3 Louse","floor":13.0,"turns":3.0},{"damage":33.0,"enemies":"Gremlin Nob","floor":14.0,"turns":4.0},{"damage":26.0,"enemies":"Hexaghost","floor":16.0,"turns":9.0},{"damage":53.0,"enemies":"2 Thieves","floor":18.0,"turns":5.0},{"damage":20.0,"enemies":"3 Byrds","floor":21.0,"turns":5.0},{"damage":53.0,"enemies":"Centurion and Healer","floor":28.0,"turns":5.0},{"damage":17,"enemies":"Replay:Snechameleon","floor":29,"turns":2}],"seed_played":"-4451875191006475227","potions_obtained":[{"floor":3.0,"key":"LiquidBronze"},{"floor":3.0,"key":"SpeedPotion"},{"floor":3.0,"key":"CultistPotion"},{"floor":4.0,"key":"EssenceOfSteel"},{"floor":11.0,"key":"AttackPotion"},{"floor":13.0,"key":"GamblersBrew"},{"floor":14.0,"key":"BlessingOfTheForge"},{"floor":17.0,"key":"Ancient Potion"},{"floor":18.0,"key":"AttackPotion"},{"floor":28.0,"key":"Adrenaline Potion"}],"is_trial":false,"path_per_floor":["M","?","?","M","$","R","E","$","T","M","E","R","M","?","R","B",null,"M","?","?","M","$","R","?","R","T","R","M","E"],"character_chosen":"IRONCLAD","items_purchased":["Heavy Blade+1","Warcry","Frozen Eye","Dropkick"],"campfire_rested":3,"item_purchase_floors":[5,8,22,22],"current_hp_per_floor":[78,78,78,80,80,80,80,80,80,76,43,43,35,8,32,12,68,24,24,24,10,10,36,36,62,62,62,15,0,0],"gold":193,"neow_bonus":"THREE_ENEMY_KILL","is_daily":false,"chose_seed":false,"campfire_upgraded":2,"win_rate":0.0,"timestamp":1610917963,"path_taken":["M","?","?","?","$","R","E","$","T","M","E","R","M","?","R","BOSS","M","?","?","M","$","R","?","R","T","R","M","E"],"items_purchased_type":["Card","Card","Relic","Card"],"build_version":"2020-12-22","purchased_purges":0,"victory":false,"max_hp_per_floor":[80,80,80,80,80,80,80,80,80,80,80,80,80,80,80,80,85,88,88,88,88,88,88,88,88,88,88,88,88,88],"card_choices":[{"not_picked":["Body Slam","Power Through","Abandon"],"picked":"SKIP","floor":1.0},{"not_picked":["Perfected Strike","Pommel Strike"],"picked":"ReplayTheSpireMod:Muscle Training","floor":4.0},{"not_picked":["Havoc","Cleave"],"picked":"Thunderclap","floor":7.0},{"not_picked":["Anger","Heavy Blade"],"picked":"Bloodletting","floor":10.0},{"not_picked":["Hemokinesis","Headbutt"],"picked":"Armaments","floor":11.0},{"not_picked":["Iron Wave","Pummel"],"picked":"Feed","floor":13.0},{"not_picked":["Perfected Strike","Replay:Undeath\u0027s Touch"],"picked":"Flex","floor":14.0},{"not_picked":["Demonic Infusion","Offering"],"picked":"Demon Form","floor":16.0},{"not_picked":["ReplayTheSpireMod:Corrosion Curse","Replay:Undeath\u0027s Touch"],"picked":"Entrench","floor":17.0},{"not_picked":["True Grit","Run Through+1"],"picked":"ReplayReversal","floor":18.0},{"not_picked":["Thunderclap","Run Through"],"picked":"Cleave+1","floor":21.0},{"not_picked":["Perfected Strike","Feel No Pain"],"picked":"Rupture","floor":28.0}],"player_experience":299005,"relics_obtained":[{"floor":7.0,"key":"Pet Ghost"},{"floor":14.0,"key":"Replay:Bottled Steam"},{"floor":26.0,"key":"Iron Hammer"}],"event_choices":[{"damage_healed":0.0,"max_hp_gain":0.0,"max_hp_loss":0.0,"gold_gain":0.0,"event_name":"Shining Light","player_choice":"Ignored","floor":2.0,"gold_loss":0.0,"damage_taken":0.0},{"damage_healed":0.0,"max_hp_gain":0.0,"max_hp_loss":0.0,"gold_gain":0.0,"event_name":"Lab","player_choice":"Got Potions","floor":3.0,"gold_loss":0.0,"damage_taken":0.0},{"damage_healed":0.0,"max_hp_gain":0.0,"max_hp_loss":0.0,"gold_gain":30.0,"event_name":"Dead Adventurer","player_choice":"Searched \u00272\u0027 times","floor":14.0,"gold_loss":0.0,"damage_taken":0.0},{"damage_healed":0.0,"max_hp_gain":0.0,"max_hp_loss":0.0,"gold_gain":0.0,"event_name":"Drug Dealer","player_choice":"Obtain J.A.X.","floor":24.0,"gold_loss":0.0,"damage_taken":0.0,"cards_obtained":["J.A.X."]}],"is_beta":false,"boss_relics":[{"not_picked":["Cursed Key","aspiration:SecretTechniqueScroll"],"picked":"Tiny House"}],"items_purged_floors":[],"is_endless":false,"potions_floor_spawned":[4,11,13,14,18,28],"killed_by":"Replay:Snechameleon","ascension_level":8}}