{"host":"h2gxemxa99wv6yfu","time":1610873087,"event":{"mods":["Bard","BaseMod","Beaked The Cultist","BetterRewards","Block Reminder","Colored Powertips","Conspire","Friendly Minions","Glutton Mod","Highlight Path","Hubris","Infinite Spire","Mad Scientist","Marisa????????","Minty Spire (QoL Compilation)","Permanent Neow","Quick Restart","Relic Stats","Replay The Spire","Shop Mod","StSLib","The Animator","The Blackbeard","The Bug Knight","The Construct","The Disciple","The Mystic","The Necromancer","The Servant 0.9.4","The Witch"],"gold_per_floor":[117,117,117,67,67,67,67,67,143,161,171,187,187,207,207,405,405,416,444,507,522,541,541,561,571,598,598,598],"floor_reached":27,"language":"ENG","playtime":1065,"items_purged":[],"score":280,"play_id":"86587f13-af7b-4f8c-a5fe-a5ffdc76d2a4","local_time":"20210117024447","is_ascension_mode":false,"campfire_choices":[{"data":"Go for the Eyes","floor":6.0,"key":"SMITH"},{"data":"Dualcast","floor":8.0,"key":"SMITH"},{"data":"Hello World","floor":13.0,"key":"SMITH"},{"data":"Electrodynamics","floor":15.0,"key":"SMITH"},{"data":"BasicCrystalCard","floor":23,"key":"SMITH"}],"circlet_count":0,"master_deck":["conspire:GhostlyStrike","conspire:GhostlyStrike","conspire:GhostlyStrike+1","conspire:GhostlyStrike","conspire:GhostlyDefend","conspire:GhostlyDefend","conspire:GhostlyDefend","conspire:GhostlyDefend+1","Zap","Dualcast+1","conspire:GhostlyDefend","Electrodynamics+1","Go for the Eyes+1","Hello World+1","ReplayTheSpireMod:Calculation Training","Tempest","Rebound","Redo+1","Defragment","Amplify","Capacitor","BasicCrystalCard+1","Ball Lightning","Buffer","hubris:Ukulele"],"relics":["Cracked Core","hubris:Icosahedron","Replay:Ringing Soul","Sozu","Prayer Wheel","Red Mask","Meat on the Bone","Replay:Antivirus Software"],"acts_visited":["Exordium","TheCity"],"potions_floor_usage":[22],"damage_taken":[{"damage":0.0,"enemies":"2 Louse","floor":1.0,"turns":2.0},{"damage":3.0,"enemies":"conspire:RoseBush","floor":10.0,"turns":2.0},{"damage":0.0,"enemies":"Small Slimes","floor":11.0,"turns":2.0},{"damage":7.0,"enemies":"Looter","floor":12.0,"turns":2.0},{"damage":1.0,"enemies":"3 Louse","floor":14.0,"turns":3.0},{"damage":17.0,"enemies":"Fading Forest","floor":16.0,"turns":11.0},{"damage":32.0,"enemies":"Spheric Guardian","floor":18.0,"turns":6.0},{"damage":6.0,"enemies":"Masked Bandits","floor":19.0,"turns":3.0},{"damage":7.0,"enemies":"Shell Parasite","floor":21.0,"turns":4.0},{"damage":23,"enemies":"Snecko","floor":22,"turns":5},{"damage":15,"enemies":"Snake Plant","floor":24,"turns":3},{"damage":40,"enemies":"Cultist and Chosen","floor":25,"turns":7},{"damage":20,"enemies":"Centurion and Healer","floor":27,"turns":3}],"seed_played":"-4558086477231238020","potions_obtained":[{"floor":1.0,"key":"Adrenaline Potion"},{"floor":10.0,"key":"Strength Potion"},{"floor":12.0,"key":"Block Potion"}],"is_trial":false,"path_per_floor":["M","?","?","?","T","R","?","R","T","M","M","M","R","M","R","B",null,"M","?","?","M","M","R","M","M","T","M"],"character_chosen":"DEFECT","items_purchased":[],"campfire_rested":0,"item_purchase_floors":[],"current_hp_per_floor":[75,60,60,60,60,60,60,60,60,60,60,53,53,55,55,51,84,55,52,55,51,43,43,43,15,15,0,0],"gold":598,"neow_bonus":"THREE_RARE_CARDS","is_daily":false,"chose_seed":false,"campfire_upgraded":5,"win_rate":0.0,"timestamp":1610873087,"path_taken":["M","?","?","?","?","R","?","R","T","M","M","M","R","?","R","BOSS","M","?","?","M","M","R","M","M","T","?"],"items_purchased_type":[],"build_version":"2020-12-22","purchased_purges":0,"victory":false,"max_hp_per_floor":[75,75,75,75,75,75,75,75,75,78,78,78,78,81,81,84,84,87,90,93,96,99,99,102,102,102,102,102],"relic_stats":{"Sozu":4,"counters":[13,53],"Prayer Wheel":5,"obtain_stats":[{"Sozu":17,"Replay:Ringing Soul":9,"hubris:Icosahedron":3,"Prayer Wheel":18,"Red Mask":19,"Replay:Antivirus Software":26,"Cracked Core":0,"Meat on the Bone":20},{"Sozu":6,"Replay:Ringing Soul":1,"hubris:Icosahedron":1,"Prayer Wheel":7,"Red Mask":8,"Replay:Antivirus Software":12,"Cracked Core":0,"Meat on the Bone":8},{"Sozu":22,"Replay:Ringing Soul":2,"hubris:Icosahedron":2,"Prayer Wheel":24,"Red Mask":31,"Replay:Antivirus Software":50,"Cracked Core":0,"Meat on the Bone":31}],"Meat on the Bone":36},"card_choices":[{"not_picked":["hubris:DoWhile","Core Surge"],"picked":"Electrodynamics","floor":0.0},{"not_picked":["Beam Cell","Streamline"],"picked":"Go for the Eyes","floor":1.0},{"not_picked":["hubris:Ukulele","Hologram"],"picked":"Hello World","floor":10.0},{"not_picked":["Conserve Battery","Gash","Panic Button"],"picked":"SKIP","floor":11.0},{"not_picked":["Streamline","hubris:DoWhile","Coolheaded"],"picked":"SKIP","floor":12.0},{"not_picked":["Hologram","Rip and Tear"],"picked":"ReplayTheSpireMod:Calculation Training","floor":14.0},{"not_picked":["Hyperbeam","Echo Form"],"picked":"ReplayTheSpireMod:Fabricate Wheel","floor":16.0},{"not_picked":["Conserve Battery","Gash"],"picked":"Tempest","floor":18.0},{"not_picked":["Barrage+1","ReplaySolidLightProjector"],"picked":"Rebound","floor":18.0},{"not_picked":["Gash+1","BootSequence"],"picked":"Redo+1","floor":19.0},{"not_picked":["Gash","Capacitor"],"picked":"Defragment","floor":20.0},{"not_picked":["Turbo","ReplayTheSpireMod:GoodbyeWorld+1"],"picked":"Amplify","floor":21.0},{"not_picked":["Hello World","Beam Cell"],"picked":"Capacitor","floor":21.0},{"not_picked":["Reinforced Body","Coolheaded+1"],"picked":"BasicCrystalCard","floor":22},{"not_picked":["Sweeping Beam","Steam"],"picked":"Ball Lightning","floor":22},{"not_picked":["Beam Cell","Blizzard"],"picked":"Buffer","floor":24},{"not_picked":["Rebound","Barrage+1"],"picked":"hubris:Ukulele","floor":24},{"not_picked":["ReplayTheSpireMod:Repulse","Ball Lightning+1","Beam Cell"],"picked":"SKIP","floor":25},{"not_picked":["Hello World+1","Stack","Hologram"],"picked":"SKIP","floor":25}],"player_experience":18908,"relics_obtained":[{"floor":9.0,"key":"Replay:Ringing Soul"},{"floor":19.0,"key":"Red Mask"},{"floor":20.0,"key":"Meat on the Bone"},{"floor":26,"key":"Replay:Antivirus Software"}],"event_choices":[{"damage_healed":0.0,"max_hp_gain":0.0,"max_hp_loss":0.0,"gold_gain":0.0,"event_name":"Shining Light","player_choice":"Entered Light","floor":2.0,"gold_loss":0.0,"damage_taken":15.0,"cards_upgraded":["Defend_B","Strike_B"]},{"cards_removed":["beaked:Strike_Y"],"damage_healed":0.0,"max_hp_gain":0.0,"max_hp_loss":0.0,"gold_gain":0.0,"event_name":"The Cleric","player_choice":"Card Removal","floor":4.0,"gold_loss":50.0,"damage_taken":0.0},{"damage_healed":0.0,"max_hp_gain":0.0,"max_hp_loss":0.0,"gold_gain":0.0,"event_name":"conspire:LoneGhost","player_choice":"Agree","floor":7.0,"gold_loss":0.0,"damage_taken":0.0},{"damage_healed":0.0,"max_hp_gain":0.0,"max_hp_loss":0.0,"gold_gain":0.0,"event_name":"Masked Bandits","player_choice":"Fought Bandits","floor":19.0,"gold_loss":0.0,"damage_taken":0.0}],"is_beta":false,"boss_relics":[{"not_picked":["Coffee Dripper","Fusion Hammer"],"picked":"Sozu"}],"items_purged_floors":[],"is_endless":false,"potions_floor_spawned":[1,10,12,21,22,24],"killed_by":"Centurion and Healer","ascension_level":0}}