{"host":"pi8b3ffzwvxqztac","time":1610878841,"event":{"mods":["BaseMod","Colored Map","Downfall","Minty Spire (QoL Compilation)","StSLib","The Jungle"],"gold_per_floor":[0,17,17,17,32,52,101,117,8,8,43,62,74,74,84,84,84,84],"floor_reached":16,"language":"ENG","playtime":973,"items_purged":[],"score":208,"play_id":"6f2561a1-d0a8-4ae5-9410-98d913df11bf","local_time":"20210117232041","is_ascension_mode":true,"campfire_choices":[{"floor":1,"key":"RECALL"},{"data":"Guardian:Suspension","floor":10,"key":"SMITH"}],"circlet_count":0,"master_deck":["AscendersBane","Guardian:Strike_Guardian","Guardian:Strike_Guardian","Guardian:Strike_Guardian","Guardian:Defend_Guardian","Guardian:Defend_Guardian","Guardian:Defend_Guardian","Guardian:Defend_Guardian","Guardian:CurlUp","Guardian:TwinSlam","Guardian:Suspension+1","Guardian:WalkerClaw","Bandage Up","Guardian:Orbwalk","Guardian:PiercingHide","Guardian:Gem_Fragmented"],"relics":["Guardian:ModeShifter","HornCleat","Vajra","Pantograph"],"acts_visited":["Exordium"],"potions_floor_usage":[5,13,13],"damage_taken":[{"damage":7,"enemies":"Small Slimes","floor":2,"turns":6},{"damage":2,"enemies":"Jaw Worm","floor":5,"turns":7},{"damage":0,"enemies":"Cultist","floor":6,"turns":5},{"damage":7,"enemies":"Lots of Slimes","floor":8,"turns":6},{"damage":0,"enemies":"downfall:FleeingMerchant","floor":9,"turns":4},{"damage":32,"enemies":"Gremlin Nob","floor":11,"turns":4},{"damage":2,"enemies":"2 Fungi Beasts","floor":12,"turns":3},{"damage":9,"enemies":"Gremlin Gang","floor":13,"turns":5},{"damage":8,"enemies":"Blue Slaver","floor":15,"turns":3},{"damage":44,"enemies":"WA_ARCHETYPE_RETAIN","floor":16,"turns":7}],"seed_played":"5575354156717381433","potions_obtained":[{"floor":2,"key":"GamblersBrew"},{"floor":6,"key":"FearPotion"},{"floor":11,"key":"Weak Potion"},{"floor":15,"key":"PowerPotion"}],"is_trial":false,"path_per_floor":["R","M","?","T","M","M","T","M","$","R","E","M","M","?","M","B"],"character_chosen":"GUARDIAN","items_purchased":["Bandage Up"],"campfire_rested":0,"item_purchase_floors":[9],"current_hp_per_floor":[65,58,58,58,56,56,56,49,49,49,21,23,18,18,14,0,0,0],"gold":84,"neow_bonus":"THREE_RARE_CARDS","is_daily":false,"chose_seed":false,"campfire_upgraded":1,"win_rate":0.0,"timestamp":1610878841,"path_taken":["R","M","?","?","?","M","T","M","?","R","E","M","M","?","M","BOSS"],"items_purchased_type":["Card"],"build_version":"2020-12-22","purchased_purges":0,"victory":false,"max_hp_per_floor":[72,72,72,72,72,72,72,72,72,72,72,72,72,72,72,72,72,72],"card_choices":[{"not_picked":["Guardian:TimeSifter","Guardian:RevengeProtocol"],"picked":"Guardian:Gem_Synthetic","floor":0},{"not_picked":["Guardian:Gem_Crimson","Guardian:Gem_Yellow"],"picked":"Guardian:Suspension","floor":2},{"not_picked":["Guardian:CrystalBeam","Guardian:Recover"],"picked":"Guardian:Gem_Blue","floor":5},{"not_picked":["Guardian:VentSteam","Guardian:Repulse"],"picked":"Guardian:Gem_Yellow","floor":6},{"not_picked":["Guardian:GuardianWhirl","Guardian:PrismaticBarrier"],"picked":"Guardian:Gem_Fragmented","floor":8},{"not_picked":["Guardian:Gem_Red","Guardian:VentSteam"],"picked":"Guardian:WalkerClaw","floor":9},{"not_picked":["Guardian:Planning","Guardian:EvasiveProtocol"],"picked":"Guardian:Orbwalk","floor":11},{"not_picked":["Guardian:TimeCapacitor","Guardian:BronzeArmor"],"picked":"Guardian:PiercingHide","floor":12},{"not_picked":["Guardian:Gem_Crimson","Guardian:WalkerClaw","Guardian:Incinerate"],"picked":"SKIP","floor":13},{"not_picked":["Guardian:Gem_Green","Guardian:RevengeProtocol"],"picked":"Guardian:Gem_Fragmented","floor":15}],"player_experience":532938,"relics_obtained":[{"floor":4,"key":"HornCleat"},{"floor":7,"key":"Vajra"},{"floor":11,"key":"Pantograph"}],"event_choices":[],"is_beta":false,"boss_relics":[],"items_purged_floors":[],"is_endless":false,"potions_floor_spawned":[2,6,11,15],"killed_by":"WA_ARCHETYPE_RETAIN","ascension_level":20}}