{"host":"jfbo3eu2ui08ej1u","time":1610864607,"event":{"mods":["2.2 Compatiblity","AchievementEnabler","Act Like it!","Aspiration","BaseMod","Better Altar","Better Match","Better Note","Better Sensory Stone","Better Skull","Better Third Choice","Block Reminder","Colored Map","Colored Powertips","Conspire","DeckTracker","Displayed Cursed Tome","Energized Spire","Fox Events","GifTheSpireLib","Hubris","Infinite Spire","Marked Mod","Minty Spire (QoL Compilation)","Pale of the Ancients","Quick Restart","Relic Filter","Reorder Act Four","Replay The Spire","Shop Mod","Spicy Shops","StSLib","Stuff the Spire","The Blue Laboratory","The Disciple","The Forsaken","The Hierophant","The Marked","Uncapped","Unceasing Turn Reminder","Wandering Minibosses"],"gold_per_floor":[116,116,116,127,146,146,146],"floor_reached":6,"language":"ENG","playtime":221,"items_purged":[],"score":72,"play_id":"ac5415b9-a6bd-4c22-a456-47fa1b29489f","local_time":"20210117012327","is_ascension_mode":true,"campfire_choices":[],"circlet_count":0,"master_deck":["AscendersBane","Strike_P","Strike_P","Strike_P","Strike_P","Defend_P","Defend_P","Defend_P","Defend_P","Eruption","Vigilance","EmptyFist","MarkedMod:PinPointDefense","SignatureMove"],"relics":["PureWater","Regal Pillow","Ring of Fangs","Ring of Panic","Replay:Arrowhead"],"acts_visited":["Exordium"],"potions_floor_usage":[],"damage_taken":[{"damage":10,"enemies":"2 Louse","floor":1,"turns":3},{"damage":13,"enemies":"Jaw Worm","floor":4,"turns":7},{"damage":1,"enemies":"Cultist","floor":5,"turns":5},{"damage":20,"enemies":"Lagavulin","floor":6,"turns":4}],"seed_played":"330131759336383628","potions_obtained":[{"floor":4,"key":"blueLaboratory:Moonshine"}],"is_trial":false,"path_per_floor":["M","?","?","M","M","E"],"character_chosen":"WATCHER","items_purchased":[],"campfire_rested":0,"item_purchase_floors":[],"current_hp_per_floor":[51,51,16,3,2,0,0],"gold":146,"neow_bonus":"RANDOM_COMMON_RELIC","is_daily":false,"chose_seed":false,"campfire_upgraded":0,"win_rate":0.0,"timestamp":1610864607,"path_taken":["M","?","?","M","M","E"],"items_purchased_type":[],"build_version":"2020-12-22","purchased_purges":0,"victory":false,"max_hp_per_floor":[68,68,68,68,68,68,68],"card_choices":[{"not_picked":["Meditate","FlyingSleeves"],"picked":"EmptyFist","floor":1},{"not_picked":["Prostrate","ReachHeaven"],"picked":"MarkedMod:PinPointDefense","floor":4},{"not_picked":["ReachHeaven","WheelKick"],"picked":"SignatureMove","floor":5}],"player_experience":1199984,"relics_obtained":[{"floor":2,"key":"Ring of Fangs"},{"floor":2,"key":"Ring of Panic"}],"event_choices":[{"damage_healed":0,"gold_gain":0,"player_choice":"Relic ","damage_taken":35,"max_hp_gain":0,"max_hp_loss":0,"event_name":"betterThird:BetterScrap","floor":3,"gold_loss":0,"cards_obtained":["Auto Shields"]}],"is_beta":false,"boss_relics":[],"items_purged_floors":[],"is_endless":false,"potions_floor_spawned":[4],"killed_by":"Lagavulin","ascension_level":20}}