{"host":"o8ich17pcr9p9m1c","time":1610907551,"event":{"mods":["Ascension Unlocker","BaseMod","Block Reminder","Colored Map","Colored Powertips","DeckTracker","Highlight Path","Minty Spire (QoL Compilation)","Quick Restart","Random Character Button","StSLib","SuperFastMode","UnlockEverythingMod"],"gold_per_floor":[110,145,145,145,163,163,163,163,163,163,181,207,218,167,167,241,241,254,254,265,56,56,95,95,138,165,183,88,88,142,67,67,67,67],"floor_reached":33,"language":"JPN","playtime":5898,"items_purged":["Shame"],"score":562,"play_id":"11a99e23-1907-4421-8466-b2c4585043e1","local_time":"20210118031911","is_ascension_mode":true,"campfire_choices":[{"data":"LessonLearned","floor":6,"key":"SMITH"},{"data":"BattleHymn","floor":8,"key":"SMITH"},{"data":"BowlingBash","floor":10,"key":"SMITH"},{"data":"Wish","floor":15,"key":"SMITH"},{"floor":24,"key":"REST"},{"floor":32,"key":"REST"}],"circlet_count":0,"master_deck":["AscendersBane","Strike_P+1","Strike_P+1","Strike_P+1","Defend_P+1","Defend_P+1","Eruption+1","Vigilance+1","Wish+1","BowlingBash+1","BattleHymn+1","LessonLearned+1","CutThroughFate+1","TalkToTheHand+1","TalkToTheHand+1","ThirdEye+1","Scrawl+1","MentalFortress+1","ClearTheMind+1","Wireheading+1","SpiritShield+1","SashWhip+1","Ragnarok+1","MentalFortress+1","Adaptation+1","TalkToTheHand+1","Prostrate+1"],"relics":["HolyWater","Molten Egg 2","Toxic Egg 2","Nilry\u0027s Codex","Happy Flower","Frozen Egg 2","CeramicFish","Omamori","Bag of Preparation"],"acts_visited":["Exordium","TheCity"],"potions_floor_usage":[23,23,33,33],"damage_taken":[{"damage":0,"enemies":"Cultist","floor":1,"turns":2},{"damage":7,"enemies":"2 Louse","floor":2,"turns":5},{"damage":0,"enemies":"Jaw Worm","floor":5,"turns":3},{"damage":9,"enemies":"2 Fungi Beasts","floor":11,"turns":4},{"damage":8,"enemies":"Gremlin Nob","floor":12,"turns":3},{"damage":4,"enemies":"Looter","floor":13,"turns":4},{"damage":11,"enemies":"Slime Boss","floor":16,"turns":7},{"damage":8,"enemies":"Spheric Guardian","floor":18,"turns":8},{"damage":1,"enemies":"Chosen","floor":20,"turns":8},{"damage":19,"enemies":"Slavers","floor":23,"turns":9},{"damage":18,"enemies":"Book of Stabbing","floor":25,"turns":5},{"damage":0,"enemies":"Centurion and Healer","floor":30,"turns":7},{"damage":87,"enemies":"Collector","floor":33,"turns":7}],"seed_played":"-2096201732791806787","potions_obtained":[{"floor":2,"key":"SteroidPotion"},{"floor":13,"key":"Energy Potion"},{"floor":20,"key":"PowerPotion"},{"floor":23,"key":"SteroidPotion"},{"floor":25,"key":"LiquidBronze"}],"is_trial":false,"path_per_floor":["M","M","?","?","M","R","?","R","T","R","M","E","M","$","R","B",null,"M","?","M","$","?","E","R","E","T","?","$","?","M","$","R","B"],"character_chosen":"WATCHER","items_purchased":["ThirdEye+1","Happy Flower","Wireheading","Adaptation+1","TalkToTheHand+1"],"campfire_rested":2,"item_purchase_floors":[14,21,21,28,28],"current_hp_per_floor":[61,54,54,59,59,59,59,59,59,59,50,42,38,38,38,27,62,54,33,32,32,32,13,34,16,16,16,16,16,16,16,37,0,0],"gold":67,"neow_bonus":"ONE_RANDOM_RARE_CARD","is_daily":false,"chose_seed":false,"campfire_upgraded":4,"win_rate":0.0,"timestamp":1610907551,"path_taken":["M","M","?","?","M","R","?","R","T","R","M","E","?","$","R","BOSS","M","?","M","$","?","E","R","E","T","?","$","?","M","?","R","BOSS"],"items_purchased_type":["Card","Relic","Card","Card","Card"],"build_version":"2020-12-22","purchased_purges":1,"victory":false,"max_hp_per_floor":[68,68,68,73,73,73,73,73,73,73,73,73,73,73,73,73,73,73,73,73,73,73,73,73,73,73,73,73,73,73,73,73,73,73],"card_choices":[{"not_picked":["CrushJoints","PathToVictory"],"picked":"BowlingBash","floor":1},{"not_picked":["CrushJoints","CarveReality"],"picked":"BattleHymn","floor":2},{"not_picked":["EmptyFist","Meditate"],"picked":"LessonLearned","floor":5},{"not_picked":["WreathOfFlame","EmptyMind"],"picked":"CutThroughFate+1","floor":11},{"not_picked":["Consecrate+1","MasterReality"],"picked":"TalkToTheHand+1","floor":12},{"not_picked":["WaveOfTheHand+1","Conclude+1"],"picked":"TalkToTheHand+1","floor":13},{"not_picked":["Establishment","DevaForm"],"picked":"Scrawl+1","floor":16},{"not_picked":["Consecrate+1","EmptyBody+1"],"picked":"MentalFortress+1","floor":18},{"not_picked":["ThirdEye+1","Nirvana"],"picked":"ClearTheMind+1","floor":20},{"not_picked":["PathToVictory+1","Evaluate+1"],"picked":"SpiritShield+1","floor":23},{"not_picked":["Crescendo+1","SandsOfTime+1"],"picked":"SashWhip+1","floor":25},{"not_picked":["WreathOfFlame+1","PathToVictory+1"],"picked":"Prostrate+1","floor":30}],"player_experience":6966,"relics_obtained":[{"floor":9,"key":"Molten Egg 2"},{"floor":12,"key":"Toxic Egg 2"},{"floor":19,"key":"Nilry\u0027s Codex"},{"floor":23,"key":"CeramicFish"},{"floor":25,"key":"Omamori"},{"floor":26,"key":"Bag of Preparation"}],"event_choices":[{"damage_healed":0,"gold_gain":0,"player_choice":"Ignored","damage_taken":0,"max_hp_gain":0,"max_hp_loss":0,"event_name":"Shining Light","floor":3,"gold_loss":0},{"damage_healed":0,"gold_gain":0,"player_choice":"Donut","damage_taken":0,"max_hp_gain":5,"max_hp_loss":0,"event_name":"Big Fish","floor":4,"gold_loss":0},{"cards_removed":["Strike_P"],"damage_healed":0,"gold_gain":0,"player_choice":"Purged","damage_taken":0,"max_hp_gain":0,"max_hp_loss":0,"event_name":"Purifier","floor":7,"gold_loss":0},{"damage_healed":0,"gold_gain":0,"player_choice":"Obtained Book","damage_taken":21,"max_hp_gain":0,"max_hp_loss":0,"event_name":"Cursed Tome","floor":19,"gold_loss":0},{"damage_healed":0,"gold_gain":0,"player_choice":"Stole Relic","damage_taken":0,"relics_obtained":["Frozen Egg 2"],"max_hp_gain":0,"max_hp_loss":0,"event_name":"Addict","floor":22,"gold_loss":0,"cards_obtained":["Shame"]},{"damage_healed":0,"gold_gain":0,"cards_transformed":["Defend_P","Defend_P"],"player_choice":"Became Test Subject","damage_taken":0,"max_hp_gain":0,"max_hp_loss":0,"event_name":"Drug Dealer","floor":27,"gold_loss":0,"cards_obtained":["Ragnarok","MentalFortress"]},{"damage_healed":0,"gold_gain":0,"player_choice":"Smashed Altar","damage_taken":0,"max_hp_gain":0,"max_hp_loss":0,"event_name":"Forgotten Altar","floor":29,"gold_loss":0,"cards_obtained":["Decay"]}],"is_beta":false,"boss_relics":[{"not_picked":["Runic Dome","Pandora\u0027s Box"],"picked":"HolyWater"}],"items_purged_floors":[31],"is_endless":false,"potions_floor_spawned":[2,13,20,23,25,30],"killed_by":"Collector","ascension_level":20}}