{"host":"pkysykycfg9bua8p","time":1610875225,"event":{"mods":["AchievementEnabler","BaseMod","Better Third Choice","Filter the Spire","Minty Spire (QoL Compilation)","StSLib"],"gold_per_floor":[11,28,47,57,19,19,44,44,44,73,92,104,8,8,8,110,110,120,120,35,50,66,100,100,131,154,154,154],"floor_reached":27,"language":"ENG","playtime":1404,"items_purged":[],"score":289,"play_id":"315b6e28-2393-4ac7-9f5f-382f97123394","local_time":"20210117222025","is_ascension_mode":true,"campfire_choices":[{"floor":6,"key":"REST"},{"floor":8,"key":"REST"},{"floor":15,"key":"REST"},{"floor":24,"key":"REST"}],"circlet_count":0,"master_deck":["Strike_G","Strike_G","Strike_G","Strike_G","Strike_G","Defend_G+1","Defend_G","Defend_G","Defend_G","Defend_G","Survivor","Neutralize","Infinite Blades","Endless Agony","Backstab","Endless Agony","Deflect","Prepared","Accuracy","Endless Agony","Trip","Apotheosis+1","Storm of Steel+1","RitualDagger","Blade Dance","Blade Dance","Infinite Blades","Envenom"],"relics":["Ring of the Snake","CaptainsWheel","Lizard Tail","Pantograph","Paper Crane","Sozu","Ninja Scroll","Bag of Preparation","War Paint","Vajra"],"acts_visited":["Exordium","TheCity"],"potions_floor_usage":[10,10,11,21,21],"damage_taken":[{"damage":0,"enemies":"Small Slimes","floor":1,"turns":4},{"damage":9,"enemies":"2 Louse","floor":2,"turns":4},{"damage":0,"enemies":"Jaw Worm","floor":3,"turns":4},{"damage":6,"enemies":"Gremlin Gang","floor":4,"turns":8},{"damage":40,"enemies":"Lagavulin","floor":7,"turns":10},{"damage":2,"enemies":"3 Sentries","floor":10,"turns":5},{"damage":0,"enemies":"Large Slime","floor":11,"turns":4},{"damage":0,"enemies":"2 Fungi Beasts","floor":12,"turns":3},{"damage":28,"enemies":"The Guardian","floor":16,"turns":10},{"damage":4,"enemies":"Spheric Guardian","floor":18,"turns":3},{"damage":31,"enemies":"Chosen","floor":21,"turns":5},{"damage":20,"enemies":"Snake Plant","floor":22,"turns":4},{"damage":52,"enemies":"Slavers","floor":23,"turns":5},{"damage":18,"enemies":"Gremlin Leader","floor":25,"turns":6},{"damage":35,"enemies":"Slavers","floor":27,"turns":3}],"seed_played":"-4319101987512727491","potions_obtained":[{"floor":1,"key":"Swift Potion"},{"floor":2,"key":"BlessingOfTheForge"},{"floor":4,"key":"SteroidPotion"},{"floor":10,"key":"FearPotion"},{"floor":12,"key":"FairyPotion"},{"floor":16,"key":"SkillPotion"}],"is_trial":false,"path_per_floor":["M","M","M","M","$","R","E","R","T","E","M","M","$","?","R","B",null,"M","?","?","M","M","E","R","E","T","E"],"character_chosen":"THE_SILENT","items_purchased":["Endless Agony","Trip"],"campfire_rested":4,"item_purchase_floors":[5,13],"current_hp_per_floor":[70,61,61,55,55,70,30,51,51,49,49,49,49,49,70,42,70,66,60,60,29,9,27,48,30,30,0,0],"gold":154,"neow_bonus":"ONE_RARE_RELIC","is_daily":false,"chose_seed":false,"campfire_upgraded":0,"win_rate":0.0,"timestamp":1610875225,"path_taken":["M","M","M","M","$","R","E","R","T","E","M","M","$","?","R","BOSS","M","?","?","M","M","E","R","E","T","E"],"items_purchased_type":["Card","Card"],"build_version":"2020-12-22","purchased_purges":0,"victory":false,"max_hp_per_floor":[70,70,70,70,70,70,70,70,70,70,70,70,70,70,70,70,70,70,70,70,70,70,70,70,70,70,70,70],"card_choices":[{"not_picked":["Flying Knee","Finisher"],"picked":"Infinite Blades","floor":1},{"not_picked":["PiercingWail","Cloak And Dagger"],"picked":"Endless Agony","floor":2},{"not_picked":["Eviscerate","Dagger Throw"],"picked":"Backstab","floor":3},{"not_picked":["Backflip","Dodge and Roll","Burst"],"picked":"SKIP","floor":4},{"not_picked":["Quick Slash","Distraction"],"picked":"Deflect","floor":7},{"not_picked":["Catalyst","Quick Slash"],"picked":"Prepared","floor":10},{"not_picked":["Prepared","Distraction"],"picked":"Accuracy","floor":11},{"not_picked":["Doppelganger","Bane"],"picked":"Endless Agony","floor":12},{"not_picked":["Burst","Bullet Time"],"picked":"Storm of Steel","floor":16},{"not_picked":["Acrobatics","Dodge and Roll","Flechettes"],"picked":"SKIP","floor":18},{"not_picked":["Dash","Dagger Throw"],"picked":"Blade Dance","floor":21},{"not_picked":["Backflip","Deflect"],"picked":"Blade Dance","floor":22},{"not_picked":["Distraction+1","Quick Slash"],"picked":"Infinite Blades","floor":23},{"not_picked":["Dagger Throw","Sucker Punch+1"],"picked":"Envenom","floor":25}],"player_experience":63788,"relics_obtained":[{"floor":7,"key":"Lizard Tail"},{"floor":9,"key":"Pantograph"},{"floor":10,"key":"Paper Crane"},{"floor":23,"key":"Bag of Preparation"},{"floor":25,"key":"War Paint"},{"floor":26,"key":"Vajra"}],"event_choices":[{"damage_healed":49,"gold_gain":0,"player_choice":"Embrace","damage_taken":0,"max_hp_gain":0,"max_hp_loss":70,"event_name":"betterThird:BetterShining","floor":14,"gold_loss":0},{"damage_healed":0,"gold_gain":0,"player_choice":"Dagger","damage_taken":6,"max_hp_gain":0,"max_hp_loss":0,"event_name":"betterThird:BetterNest","floor":19,"gold_loss":0,"cards_obtained":["RitualDagger"]},{"damage_healed":0,"gold_gain":0,"player_choice":"Obtained Relic","damage_taken":0,"relics_obtained":["Ninja Scroll"],"max_hp_gain":0,"max_hp_loss":0,"event_name":"Addict","floor":20,"gold_loss":85}],"is_beta":false,"boss_relics":[{"not_picked":["Calling Bell","Ectoplasm"],"picked":"Sozu"}],"items_purged_floors":[],"is_endless":false,"potions_floor_spawned":[1,2,4,10,12,16,18,21],"killed_by":"Slavers","ascension_level":2}}