{"host":"0qlrtuw7bw78ucw4","time":1610882532,"event":{"mods":["BaseMod","Downfall","Minty Spire (QoL Compilation)","StSLib"],"gold_per_floor":[99,118,118,118,43,74,74,92,42,73,58,8,26,45,56,56,56,56],"floor_reached":16,"language":"ENG","playtime":669,"items_purged":[],"score":165,"play_id":"b9aada90-04d3-4855-8afd-f56b8c7c7cdb","local_time":"20210117222212","is_ascension_mode":true,"campfire_choices":[{"data":"Slimebound:Split","floor":1,"key":"SMITH"},{"data":"Slimebound:LevelUp","floor":9,"key":"SMITH"},{"data":"Slimebound:SamplingLick","floor":12,"key":"SMITH"}],"circlet_count":0,"master_deck":["AscendersBane","Slimebound:Strike_Slimebound","Slimebound:Strike_Slimebound","Slimebound:Tackle+1","Slimebound:Defend_Slimebound+1","Slimebound:Defend_Slimebound","Slimebound:Defend_Slimebound","Slimebound:Defend_Slimebound+1","Slimebound:Split+1","Slimebound:CorrosiveSpit","Slimebound:Recycling","Slimebound:LevelUp+1","downfall:Malfunctioning","Slimebound:SamplingLick+1","Slimebound:SamplingLick","Slimebound:LeadByExample","Slimebound:Overexert","Slimebound:SpikyOuterGoop","Slimebound:SlimeBarrage"],"relics":["Slimebound:AbsorbEndCombat","Mummified Hand","Slimebound:GreedOozeRelic","InkBottle","Kunai","Darkstone Periapt"],"acts_visited":["Exordium"],"potions_floor_usage":[13],"damage_taken":[{"damage":6,"enemies":"Cultist","floor":2,"turns":4},{"damage":24,"enemies":"Lagavulin","floor":6,"turns":6},{"damage":8,"enemies":"Jaw Worm","floor":8,"turns":3},{"damage":6,"enemies":"3 Sentries","floor":10,"turns":6},{"damage":1,"enemies":"downfall:FleeingMerchant","floor":11,"turns":4},{"damage":7,"enemies":"2 Louse","floor":13,"turns":2},{"damage":0,"enemies":"Blue Slaver","floor":14,"turns":3},{"damage":12,"enemies":"Exordium Thugs","floor":15,"turns":4},{"damage":17,"enemies":"DF_ARCHETYPE_STREAMLINE","floor":16,"turns":3}],"seed_played":"-6006308503847902004","potions_obtained":[{"floor":10,"key":"SkillPotion"},{"floor":13,"key":"Explosive Potion"},{"floor":15,"key":"Slimebound:SlimedPotion"}],"is_trial":false,"path_per_floor":["R","M","T","?","?","E","T","M","R","E","$","R","M","M","M","B"],"character_chosen":"SLIMEBOUND","items_purchased":[],"campfire_rested":0,"item_purchase_floors":[],"current_hp_per_floor":[59,55,55,55,55,34,34,28,28,25,28,28,22,23,13,0,0,0],"gold":56,"neow_bonus":"TRANSFORM_CARD","is_daily":false,"chose_seed":false,"campfire_upgraded":3,"win_rate":0.0,"timestamp":1610882532,"path_taken":["R","M","?","?","?","E","T","M","R","E","$","R","M","M","M","BOSS"],"items_purchased_type":[],"build_version":"2020-12-22","purchased_purges":0,"victory":false,"max_hp_per_floor":[65,65,65,65,65,65,65,65,65,65,65,65,65,65,65,65,65,65],"card_choices":[{"not_picked":["Slimebound:SlimeSpikes","Slimebound:LeechEnergy"],"picked":"Slimebound:LevelUp","floor":2},{"not_picked":["Slimebound:RejuvenatingLick","Slimebound:Schlurp"],"picked":"Slimebound:SamplingLick","floor":6},{"not_picked":["Slimebound:FinishingTackle","Slimebound:LivingWall"],"picked":"Slimebound:SamplingLick","floor":8},{"not_picked":["Slimebound:SplitMire","Slimebound:SplitSpecialist"],"picked":"Slimebound:LeadByExample","floor":10},{"not_picked":["Slimebound:LeadByExample","Slimebound:PressTheAttack"],"picked":"Slimebound:Overexert","floor":11},{"not_picked":["Slimebound:SplitMire","Slimebound:PressTheAttack"],"picked":"Slimebound:SpikyOuterGoop","floor":13},{"not_picked":["Slimebound:FlameTackle","Slimebound:PressTheAttack","Slimebound:AcidTongue"],"picked":"SKIP","floor":14},{"not_picked":["Slimebound:Equalize","Slimebound:ItLooksTasty"],"picked":"Slimebound:SlimeBarrage","floor":15}],"player_experience":863596,"relics_obtained":[{"floor":3,"key":"Mummified Hand"},{"floor":6,"key":"InkBottle"},{"floor":7,"key":"Kunai"},{"floor":10,"key":"Darkstone Periapt"}],"event_choices":[],"is_beta":false,"boss_relics":[],"items_purged_floors":[],"is_endless":false,"potions_floor_spawned":[10,13,15],"killed_by":"DF_ARCHETYPE_STREAMLINE","ascension_level":10}}