{"host":"tmgdm9kau0qip004","time":1610870762,"event":{"mods":["BaseMod","Downfall","Marisa£®ÏF”Í°°ƒß¿Ì…≥£©","Minty Spire (QoL Compilation)","READ ME - Guardian Mod","Remilia£®¿Ÿ√◊¿Ú—«£©","StSLib","The Necromancer","The Senshi","vexMod"],"gold_per_floor":[99,117,117,217,228,228,228,238,255,271,271,271,271],"floor_reached":11,"language":"ZHS","playtime":409,"items_purged":[],"score":65,"play_id":"7a7e9fcb-12d3-4d73-8a5f-4a27f0df9ce1","local_time":"20210117160602","is_ascension_mode":false,"campfire_choices":[{"data":"champ:Taunt","floor":1.0,"key":"SMITH"},{"floor":6.0,"key":"REST"}],"circlet_count":0,"master_deck":["champ:Strike","champ:Strike","champ:Strike","champ:Strike","champ:Defend","champ:Defend","champ:Defend","champ:Defend","champ:Execute","champ:Taunt+1","champ:FocusedBerserking","champ:DefensiveShout","champ:IronFortress","champ:FlashCut","champ:FanOfKnives","champ:Haymaker"],"relics":["champ:ChampionCrown","Champion Belt","Matryoshka"],"acts_visited":["Exordium"],"potions_floor_usage":[],"damage_taken":[{"damage":14.0,"enemies":"Cultist","floor":2.0,"turns":4.0},{"damage":86.0,"enemies":"Cultist","floor":4.0,"turns":5.0},{"damage":22.0,"enemies":"Small Slimes","floor":5.0,"turns":3.0},{"damage":30.0,"enemies":"Jaw Worm","floor":8.0,"turns":4.0},{"damage":6.0,"enemies":"Red Slaver","floor":9.0,"turns":3.0},{"damage":14.0,"enemies":"3 Louse","floor":10.0,"turns":3.0},{"damage":0,"enemies":"Lagavulin","floor":11,"turns":1}],"seed_played":"-118080617461354193","potions_obtained":[{"floor":2.0,"key":"CultistPotion"}],"is_trial":false,"path_per_floor":["R","M","?","?","M","R","T","M","M","M","E"],"character_chosen":"THE_CHAMP","items_purchased":[],"campfire_rested":1,"item_purchase_floors":[],"current_hp_per_floor":[99,95,95,29,22,51,51,46,45,41,41,41,41],"gold":271,"neow_bonus":"TEN_PERCENT_HP_BONUS","is_daily":false,"chose_seed":false,"campfire_upgraded":1,"win_rate":0.0,"timestamp":1610870762,"path_taken":["R","M","?","?","?","R","T","M","M","M","E"],"items_purchased_type":[],"build_version":"2020-12-22","purchased_purges":0,"victory":false,"max_hp_per_floor":[99,99,99,99,99,99,99,99,99,99,99,99,99],"card_choices":[{"not_picked":["champ:Lariat","champ:CalledShot"],"picked":"champ:FocusedBerserking","floor":2.0},{"not_picked":["champ:Circumvent","champ:BladeFlurry"],"picked":"champ:DefensiveShout","floor":4.0},{"not_picked":["champ:FlashCut","champ:EnGarde"],"picked":"champ:IronFortress","floor":5.0},{"not_picked":["champ:DefensiveShout","champ:CrownThrow"],"picked":"champ:FlashCut","floor":8.0},{"not_picked":["champ:StrikeOfGenius","champ:CrownThrow"],"picked":"champ:FanOfKnives","floor":9.0},{"not_picked":["champ:DefensiveShout","champ:SetATrap"],"picked":"champ:Haymaker","floor":10.0}],"player_experience":116633,"relics_obtained":[{"floor":4.0,"key":"Champion Belt"},{"floor":7.0,"key":"Matryoshka"}],"event_choices":[],"is_beta":false,"boss_relics":[],"items_purged_floors":[],"is_endless":false,"potions_floor_spawned":[2],"killed_by":"Lagavulin","ascension_level":0}}