{"host":"cv77zuuuekizn3ic","time":1610896554,"event":{"mods":["AchievementEnabler","Act Like it!","BaseMod","Gensokyo","Marisa£®ÏF”Í°°ƒß¿Ì…≥£©","Minty Spire (QoL Compilation)","StSLib"],"gold_per_floor":[114,114,114,114,114,145,70,117,141,141,183,183,197,228,228,302,302,327,327,354,354,203,203,546,556,606,606,856,856,6,35,35,112,124,156,168,191,153,172,237,5,5,5,5,48,48,48,77,77,77,77,77,27,74,74],"floor_reached":56,"language":"ZHS","playtime":3936,"items_purged":["Strike_MRS","MasterSpark","OneTimeOff","Pride"],"score":2171,"play_id":"03b553df-0248-4bf3-a2a7-878657835edf","local_time":"20210117231554","is_ascension_mode":true,"campfire_choices":[{"data":"MilkyWay","floor":10.0,"key":"SMITH"},{"data":"FairyDestructionRay","floor":12.0,"key":"SMITH"},{"data":"PowerUp","floor":15.0,"key":"SMITH"},{"data":"MilkyWay","floor":27.0,"key":"SMITH"},{"data":"MilkyWay","floor":29.0,"key":"SMITH"},{"data":"Gensokyo:ManorOfTheDishes","floor":32.0,"key":"SMITH"},{"floor":46,"key":"RECALL"},{"data":"BlazeAway","floor":49,"key":"SMITH"},{"data":"Gensokyo:PrivateSquare","floor":52,"key":"SMITH"}],"circlet_count":0,"master_deck":["AscendersBane","UpSweep","6A","PowerUp+1","GalacticHalo","MilkyWay+1","FairyDestructionRay+1","TreasureHunter","BlazeAway+1","TreasureHunter","WitchOfGreed","UltimateShortwave","ManaRampage","Gensokyo:GapWoman","EscapeVelocity","MilkyWay+1","MilkyWay+1","EarthLightRay+1","Gensokyo:ManorOfTheDishes+1","EscapeVelocity+1","ChargeUpSpray","CasketOfStar","Acceleration+1","Singularity","Gensokyo:PrivateSquare+1","Parasite","Parasite"],"relics":["MiniHakkero","NeowsBlessing","Gensokyo:MarisaImprobabilityPotion","Gensokyo:MarisaPhilosophersStone","Boot","Torii","Regal Pillow","Bag of Marbles","Pandora\u0027s Box","Oddly Smooth Stone","Old Coin","Smiling Mask","Toolbox","SimpleLauncher","Chemical X","Ornamental Fan","Art of War","MawBank","Runic Pyramid","SproutingBranch","Pocketwatch","Orrery","Molten Egg 2","ShroomBag","Gensokyo:EmptyGrave","Ancient Tea Set","Singing Bowl","Happy Flower","Centennial Puzzle","Shuriken","Mango"],"acts_visited":["Exordium","Gensokyo:Gensokyo","Gensokyo:Gensokyoer","TheEnding"],"potions_floor_usage":[55],"damage_taken":[{"damage":0.0,"enemies":"Gensokyo:2_Kodama","floor":1.0,"turns":1.0},{"damage":0.0,"enemies":"Gensokyo:2_Kodama","floor":5.0,"turns":1.0},{"damage":0.0,"enemies":"Gensokyo:Cirno","floor":6.0,"turns":2.0},{"damage":8.0,"enemies":"Gensokyo:Aya","floor":8.0,"turns":4.0},{"damage":4.0,"enemies":"Gensokyo:Cirno","floor":11.0,"turns":6.0},{"damage":0.0,"enemies":"Gensokyo:3_Fairies","floor":13.0,"turns":3.0},{"damage":1.0,"enemies":"Gensokyo:Gryphon","floor":14.0,"turns":3.0},{"damage":2.0,"enemies":"Gensokyo:Yukari","floor":16.0,"turns":7.0},{"damage":2.0,"enemies":"Gensokyo:2_Gloops","floor":18.0,"turns":3.0},{"damage":7.0,"enemies":"Gensokyo:Chomper","floor":20.0,"turns":3.0},{"damage":6.0,"enemies":"Gensokyo:Reisen","floor":24.0,"turns":7.0},{"damage":23.0,"enemies":"Gensokyo:Mirror_and_Dog","floor":25.0,"turns":2.0},{"damage":5.0,"enemies":"Gensokyo:Tenshi","floor":31.0,"turns":5.0},{"damage":23.0,"enemies":"Gensokyo:Eiki","floor":33.0,"turns":6.0},{"damage":0.0,"enemies":"Gensokyo:3_Boulders","floor":35.0,"turns":4.0},{"damage":0.0,"enemies":"Gensokyo:3_Bats","floor":37.0,"turns":1.0},{"damage":7.0,"enemies":"Gensokyo:AtlasGolem","floor":39.0,"turns":5.0},{"damage":8.0,"enemies":"Gensokyo:Kasen","floor":40.0,"turns":5.0},{"damage":17,"enemies":"Gensokyo:Marisa","floor":45,"turns":7},{"damage":17,"enemies":"Gensokyo:Kasen","floor":48,"turns":7},{"damage":33,"enemies":"Gensokyo:Shinki","floor":50,"turns":11},{"damage":13,"enemies":"Shield and Spear","floor":54,"turns":7},{"damage":10,"enemies":"The Heart","floor":55,"turns":6}],"seed_played":"6466447157899732650","potions_obtained":[{"floor":8.0,"key":"SteroidPotion"},{"floor":11.0,"key":"ShroomBrew"},{"floor":14.0,"key":"FearPotion"},{"floor":20.0,"key":"Fruit Juice"},{"floor":20.0,"key":"Dexterity Potion"},{"floor":37.0,"key":"SteroidPotion"},{"floor":39.0,"key":"CultistPotion"},{"floor":45,"key":"GamblersBrew"}],"is_trial":false,"path_per_floor":["M","?","?","?","?","E","$","E","T","R","E","R","M","M","R","B",null,"M","?","M","?","$","R","E","M","T","R","?","R","COS","E","R","B",null,"M","?","M","$","M","E","COS","?","T","?","E","R","?","E","R","B",null,"R","$","E","B",null],"character_chosen":"MARISA","items_purchased":["MilkyWay"],"campfire_rested":0,"item_purchase_floors":[22],"current_hp_per_floor":[63,63,63,63,63,63,63,55,55,55,51,51,51,50,50,48,65,63,62,64,64,64,64,58,35,35,35,35,35,35,30,30,13,50,56,56,56,56,55,62,62,62,62,50,51,51,51,45,45,35,52,52,52,74,71],"gold":74,"neow_bonus":"THREE_ENEMY_KILL","is_daily":false,"chose_seed":false,"campfire_upgraded":8,"win_rate":0.0,"timestamp":1610896554,"path_taken":["M","?","?","?","?","E","?","E","T","R","E","R","?","M","R","BOSS","M","?","?","?","$","R","E","M","T","R","?","R","COS","E","R","BOSS","M","?","?","$","M","E","COS","?","T","?","E","R","?","E","R","BOSS","R","$","E","BOSS"],"items_purchased_type":["Card"],"build_version":"2020-12-22","purchased_purges":4,"victory":true,"max_hp_per_floor":[70,70,70,70,70,70,70,70,70,70,70,70,70,70,70,70,70,70,62,67,67,67,67,67,67,67,67,62,62,62,62,62,62,62,62,62,62,62,62,62,62,62,62,62,62,62,56,58,58,58,58,58,58,74,74],"card_choices":[{"not_picked":["AsteroidBelt","WitchOfGreed"],"picked":"6A","floor":1.0},{"not_picked":["Acceleration","WitchLeyline"],"picked":"MilkyWay","floor":2.0},{"not_picked":["DC","StarBarrage"],"picked":"PowerUp","floor":2.0},{"not_picked":["6A","NonDirectionalLaser","WitchLeyline"],"picked":"SKIP","floor":6.0},{"not_picked":["FinalSpark","WitchOfGreed"],"picked":"MilkyWay","floor":8.0},{"not_picked":["6A","SprinkleStarSeal"],"picked":"FairyDestructionRay","floor":11.0},{"not_picked":["GasGiant","UnstableBomb","IllusionStar"],"picked":"SKIP","floor":13.0},{"not_picked":["LuminesStrike","PowerUp","SuperPerseids"],"picked":"SKIP","floor":14.0},{"not_picked":["AbsoluteMagnitude","MaximisePower"],"picked":"TreasureHunter","floor":16.0},{"not_picked":["NonDirectionalLaser","6A","UnstableBomb"],"picked":"SKIP","floor":18.0},{"not_picked":["Gensokyo:HAARP","Gensokyo:TekeTeke"],"picked":"Gensokyo:GapWoman","floor":19.0},{"not_picked":["MagicAbsorber","SporeBomb","NonDirectionalLaser"],"picked":"SKIP","floor":20.0},{"not_picked":["DeepEcoloBomb+1","ShootingEcho"],"picked":"MilkyWay","floor":24.0},{"not_picked":["EnergyFlow","GravityBeat"],"picked":"EarthLightRay+1","floor":25.0},{"not_picked":["GravityBeat+1","AlicesGift+1"],"picked":"EscapeVelocity+1","floor":31.0},{"not_picked":["DoubleSpark","IllusionStar"],"picked":"ChargeUpSpray","floor":31.0},{"not_picked":["EscapeVelocity","BlazingStar"],"picked":"CasketOfStar","floor":33.0},{"not_picked":["EnergyFlow","NonDirectionalLaser","DarkSpark+1"],"picked":"SKIP","floor":35.0},{"not_picked":["IllusionStar","LuminesStrike+1","MeteoricShower+1"],"picked":"SKIP","floor":37.0},{"not_picked":["GrandCross","WitchLeyline","GasGiant"],"picked":"SKIP","floor":39.0},{"not_picked":["MysteriousBeam","CasketOfStar","StarBarrage"],"picked":"SKIP","floor":40.0},{"not_picked":["SuperPerseids+1","DarkMatter+1"],"picked":"Acceleration+1","floor":41.0},{"not_picked":["GasGiant","IllusionStar"],"picked":"Singularity","floor":41.0},{"not_picked":["WitchOfGreed","MagicAbsorber","TreasureHunter+1"],"picked":"SKIP","floor":45},{"not_picked":["FairyDestructionRay+1","BigCrunch","GrandCross+1"],"picked":"Singing Bowl","floor":48},{"not_picked":["SporeBomb","GravityBeat+1","DoubleSpark+1"],"picked":"Singing Bowl","floor":54}],"player_experience":944204,"relics_obtained":[{"floor":5.0,"key":"Gensokyo:MarisaPhilosophersStone"},{"floor":6.0,"key":"Boot"},{"floor":8.0,"key":"Torii"},{"floor":9.0,"key":"Regal Pillow"},{"floor":11.0,"key":"Bag of Marbles"},{"floor":24.0,"key":"Oddly Smooth Stone"},{"floor":24.0,"key":"Old Coin"},{"floor":26.0,"key":"Smiling Mask"},{"floor":31.0,"key":"Ornamental Fan"},{"floor":31.0,"key":"Art of War"},{"floor":45,"key":"Molten Egg 2"},{"floor":45,"key":"ShroomBag"},{"floor":48,"key":"Singing Bowl"},{"floor":48,"key":"Happy Flower"},{"floor":54,"key":"Shuriken"},{"floor":54,"key":"Mango"}],"event_choices":[],"is_beta":false,"boss_relics":[{"not_picked":["Velvet Choker","Empty Cage"],"picked":"Pandora\u0027s Box"},{"not_picked":["RampagingMagicTools","Astrolabe"],"picked":"Runic Pyramid"}],"items_purged_floors":[7,22,38,53],"is_endless":false,"potions_floor_spawned":[11,13,14,16,20,24,37,39,54],"ascension_level":17}}