{"host":"a1eatafr7pisesky","time":1610864684,"event":{"mods":["AchievementEnabler","BaseMod","Colored Map","Keyboard Shortcuts","Minty Spire (QoL Compilation)","Replay The Spire","Say the Spire","StSLib","SuperFastMode","everything is the same but u backflip on backflip"],"gold_per_floor":[115,115,40,40,60,88,88,119,131,131,146,93,93,125,135,135,240,240,254,4,17,17,27,27,57,57,57,57,115,115,163,78,78,214,214,246,246,294,294,294,358,390,390,417,417,99,136,179,213,213,231,231,231,32,88,116],"floor_reached":57,"language":"KOR","playtime":1590,"items_purged":["Strike_G","Strike_G","Amnesia","Overencumbered"],"score":1821,"play_id":"f01ac0a6-c54e-4c80-85d4-9f33078c9e3e","local_time":"20210117152444","is_ascension_mode":true,"campfire_choices":[{"data":"Skewer","floor":7.0,"key":"SMITH"},{"floor":16.0,"key":"REST"},{"data":"Accuracy","floor":24.0,"key":"SMITH"},{"data":"Blade Dance","floor":26.0,"key":"SMITH"},{"data":"Accuracy","floor":28.0,"key":"SMITH"},{"data":"Hidden Blade","floor":30.0,"key":"SMITH"},{"floor":33.0,"key":"DIG"},{"data":"Wraith Form v2","floor":43.0,"key":"SMITH"},{"floor":45.0,"key":"DIG"},{"floor":50.0,"key":"RECALL"},{"data":"Blade Dance","floor":53.0,"key":"SMITH"}],"circlet_count":0,"master_deck":["Strike_G+1","Defend_G+1","Defend_G+1","Defend_G","Defend_G+1","Survivor","Neutralize","Hidden Blade+1","Accuracy+1","Skewer+1","Poisoned Stab+1","Blade Dance+1","Venomology+1","Draining Mist","Wraith Form v2+1","Accuracy+1","Blade Dance+1","Backstab","Blade Dance+1","Clumsy","Wraith Form v2+1","Accuracy+1","Cloak And Dagger+1","Blade Dance"],"relics":["Ring of the Snake","NeowsBlessing","Thread and Needle","Calipers","Basket Of Snakes","Regal Pillow","Coffee Dripper","Guide Book","Replay:Bandana","Letter Opener","ReplayTheSpireMod:Lightbulb","Whetstone","Replay:Ancient Bell","Smiling Mask","Snack Pack","Shovel","Ring of Fury","Ancient Tea Set","PreservedInsect","Bag of Preparation","Membership Card","Gremlin Horn","Medical Kit","War Paint","InkBottle"],"acts_visited":["Exordium","TheCity","TheBeyond","TheEnding"],"potions_floor_usage":[56,56,56,56],"damage_taken":[{"damage":0.0,"enemies":"2 Louse","floor":1.0,"turns":1.0},{"damage":0.0,"enemies":"Cultist","floor":5.0,"turns":1.0},{"damage":0.0,"enemies":"3 Sentries","floor":6.0,"turns":2.0},{"damage":19.0,"enemies":"Lagavulin","floor":8.0,"turns":7.0},{"damage":0.0,"enemies":"Jaw Worm","floor":9.0,"turns":4.0},{"damage":2.0,"enemies":"2 Fungi Beasts","floor":11.0,"turns":3.0},{"damage":0.0,"enemies":"Gremlin Nob","floor":14.0,"turns":3.0},{"damage":6.0,"enemies":"Large Slime","floor":15.0,"turns":4.0},{"damage":3.0,"enemies":"Slime Boss","floor":17.0,"turns":6.0},{"damage":0.0,"enemies":"Shell Parasite","floor":19.0,"turns":5.0},{"damage":0.0,"enemies":"2 Thieves","floor":21.0,"turns":4.0},{"damage":0.0,"enemies":"Snecko","floor":23.0,"turns":4.0},{"damage":7.0,"enemies":"Gremlin Leader","floor":25.0,"turns":4.0},{"damage":18.0,"enemies":"Slavers","floor":29.0,"turns":2.0},{"damage":8.0,"enemies":"Centurion and Healer","floor":31.0,"turns":3.0},{"damage":22.0,"enemies":"Automaton","floor":34.0,"turns":4.0},{"damage":12.0,"enemies":"Orb Walker","floor":36.0,"turns":2.0},{"damage":24.0,"enemies":"3 Darklings","floor":38.0,"turns":3.0},{"damage":0.0,"enemies":"Reptomancer","floor":41.0,"turns":4.0},{"damage":8.0,"enemies":"Maw","floor":42.0,"turns":5.0},{"damage":0.0,"enemies":"Jaw Worm Horde","floor":47.0,"turns":3.0},{"damage":12.0,"enemies":"4 Shapes","floor":48.0,"turns":2.0},{"damage":0.0,"enemies":"3 Darklings","floor":49.0,"turns":4.0},{"damage":19.0,"enemies":"Time Eater","floor":51.0,"turns":6.0},{"damage":0.0,"enemies":"Shield and Spear","floor":55.0,"turns":3.0},{"damage":65,"enemies":"The Heart","floor":56,"turns":6}],"seed_played":"-386793485771392982","potions_obtained":[{"floor":1.0,"key":"SkillPotion"},{"floor":5.0,"key":"Weak Potion"},{"floor":14.0,"key":"Elixir"},{"floor":17.0,"key":"Fire Potion"},{"floor":23.0,"key":"Energy Potion"},{"floor":49.0,"key":"LiquidBronze"}],"is_trial":false,"path_per_floor":["M","?","$","?","M","E","R","E","M","T","M","$","?","E","M","R","B",null,"M","$","M","?","M","R","E","R","T","R","E","R","M","?","R_BF","B",null,"M","?","M","?","?","E","M","R","T","R","$","M","M","M","R_BF","B",null,"R","$","E","B",null],"character_chosen":"THE_SILENT","items_purchased":["Blade Dance","Guide Book","Membership Card","Gremlin Horn","Medical Kit","War Paint"],"campfire_rested":1,"item_purchase_floors":[12,20,46,46,54,54],"current_hp_per_floor":[63,49,49,49,49,49,49,30,30,30,28,28,28,28,22,58,55,66,66,66,66,80,80,80,73,73,73,73,55,55,47,47,47,25,66,58,58,42,42,42,54,58,58,58,58,58,62,58,62,62,55,71,71,71,76,41],"gold":116,"neow_bonus":"THREE_ENEMY_KILL","is_daily":false,"chose_seed":false,"campfire_upgraded":7,"win_rate":0.0,"timestamp":1610864684,"path_taken":["M","?","$","?","M","E","R","E","M","T","M","$","?","E","M","R","BOSS","M","$","M","?","M","R","E","R","T","R","E","R","?","?","R_BF","BOSS","M","?","M","?","?","E","M","R","T","R","$","M","M","?","R_BF","BOSS","R","$","E","BOSS"],"items_purchased_type":["Card","Relic","Relic","Relic","Relic","Relic"],"build_version":"2020-12-22","purchased_purges":4,"victory":true,"max_hp_per_floor":[70,70,70,70,70,70,70,70,70,70,70,70,70,70,70,70,70,70,70,70,70,80,80,80,80,80,80,80,80,80,80,80,80,80,80,80,80,80,76,76,76,76,76,76,76,76,76,76,76,76,76,76,76,76,76,76],"card_choices":[{"not_picked":["Finisher","Deflect"],"picked":"Hidden Blade","floor":1.0},{"not_picked":["Hidden Blade","Bane"],"picked":"Accuracy","floor":5.0},{"not_picked":["Endless Agony","ReplayTheSpireMod:Shiv Toss"],"picked":"Skewer","floor":6.0},{"not_picked":["Dagger Throw","Setup"],"picked":"Venomology","floor":8.0},{"not_picked":["Backflip","Skewer"],"picked":"Poisoned Stab","floor":9.0},{"not_picked":["Underhanded Strike","Sucker Punch","Dodge and Roll"],"picked":"SKIP","floor":11.0},{"not_picked":["Choke","Underhanded Strike","Outmaneuver"],"picked":"SKIP","floor":14.0},{"not_picked":["Flechettes","Terror"],"picked":"Draining Mist","floor":15.0},{"not_picked":["Grand Finale","Phantasmal Killer"],"picked":"Wraith Form v2","floor":17.0},{"not_picked":["Dagger Spray","Slice","Deflect"],"picked":"SKIP","floor":19.0},{"not_picked":["Flying Knee+1","ReplayTheSpireMod:Scrap Shanks"],"picked":"Accuracy","floor":21.0},{"not_picked":["Acrobatics","Noxious Fumes"],"picked":"Blade Dance+1","floor":23.0},{"not_picked":["Flying Knee","Acrobatics"],"picked":"Backstab","floor":25.0},{"not_picked":["Atom Bomb","Distraction","Prepared+1"],"picked":"SKIP","floor":29.0},{"not_picked":["Dash","ReplayTheSpireMod:Shiv Toss"],"picked":"Blade Dance","floor":31.0},{"not_picked":["CurseOfTheBell","Regret"],"picked":"Amnesia","floor":35.0},{"not_picked":["ReplayTheSpireMod:Splinters","CommonCold"],"picked":"Clumsy","floor":35.0},{"not_picked":["ReplayTheSpireMod:IOU","AbeCurse"],"picked":"Overencumbered","floor":35.0},{"not_picked":["Dagger Spray+1","Reflex+1","Deadly Poison+1"],"picked":"SKIP","floor":36.0},{"not_picked":["Sucker Punch","Endless Agony+1","Deadly Poison+1"],"picked":"SKIP","floor":38.0},{"not_picked":["Bane+1","Poisoned Stab+1","Sneak Up"],"picked":"SKIP","floor":41.0},{"not_picked":["Footwork+1","Prepared"],"picked":"Wraith Form v2","floor":42.0},{"not_picked":["Sucker Punch","Deadly Poison+1"],"picked":"Accuracy+1","floor":47.0},{"not_picked":["Dagger Spray","Reflex"],"picked":"Cloak And Dagger+1","floor":48.0},{"not_picked":["Poisoned Stab+1","ReplayTheSpireMod:Speed Training+1","Backstab"],"picked":"SKIP","floor":49.0},{"not_picked":["Fluid Movement","Dagger Spray"],"picked":"Blade Dance","floor":55.0}],"player_experience":321719,"relics_obtained":[{"floor":6.0,"key":"Thread and Needle"},{"floor":8.0,"key":"Calipers"},{"floor":10.0,"key":"Basket Of Snakes"},{"floor":14.0,"key":"Regal Pillow"},{"floor":25.0,"key":"Replay:Bandana"},{"floor":29.0,"key":"Letter Opener"},{"floor":33.0,"key":"Whetstone"},{"floor":37.0,"key":"Ring of Fury"},{"floor":41.0,"key":"Ancient Tea Set"},{"floor":44.0,"key":"PreservedInsect"},{"floor":45.0,"key":"Bag of Preparation"},{"floor":55.0,"key":"InkBottle"}],"event_choices":[{"damage_healed":0.0,"max_hp_gain":0.0,"max_hp_loss":0.0,"gold_gain":0.0,"event_name":"Shining Light","player_choice":"Entered Light","floor":2.0,"gold_loss":0.0,"damage_taken":14.0,"cards_upgraded":["Defend_G","Strike_G"]},{"cards_removed":["Venomology"],"damage_healed":4.0,"max_hp_gain":10.0,"max_hp_loss":0.0,"gold_gain":0.0,"event_name":"Bonfire Elementals","player_choice":"Offered Rare","floor":22.0,"gold_loss":0.0,"damage_taken":0.0},{"damage_healed":0.0,"max_hp_gain":0.0,"max_hp_loss":0.0,"gold_gain":0.0,"event_name":"Addict","player_choice":"Obtained Relic","floor":32.0,"gold_loss":85.0,"damage_taken":0.0,"relics_obtained":["ReplayTheSpireMod:Lightbulb"]},{"damage_healed":0.0,"max_hp_gain":0.0,"max_hp_loss":4.0,"gold_gain":0.0,"event_name":"Winding Halls","player_choice":"Max HP","floor":39.0,"gold_loss":0.0,"damage_taken":0.0},{"cards_removed":["Strike_G"],"damage_healed":0.0,"max_hp_gain":0.0,"max_hp_loss":0.0,"gold_gain":0.0,"event_name":"Falling","player_choice":"Removed Attack","floor":40.0,"gold_loss":0.0,"damage_taken":0.0}],"is_beta":false,"boss_relics":[{"not_picked":["ReplayTheSpireMod:DimensionalGlitch","Fusion Hammer"],"picked":"Coffee Dripper"},{"not_picked":["Runic Pyramid","Velvet Choker"],"picked":"Replay:Ancient Bell"},{"not_picked":["MawBank","Gremlin Food"],"picked":"Smiling Mask"},{"not_picked":["Blue Candle","Toxic Egg 2"],"picked":"Snack Pack"},{"not_picked":["Pocketwatch","Replay:Arrowhead"],"picked":"Shovel"}],"items_purged_floors":[3,20,46,54],"is_endless":false,"potions_floor_spawned":[1,5,11,14,17,23,25,41,48,49],"ascension_level":8}}