{"host":"ktoxvvst1mwxww91","time":1610875575,"event":{"mods":["BaseMod","Hermit","Minty Spire (QoL Compilation)","StSLib","The Blackbeard","The Hierophant","The Mystic","The Necromancer"],"gold_per_floor":[115,290,290,290,308,308,336,356,356,64,37,37,37],"floor_reached":12,"language":"ENG","playtime":238,"items_purged":[],"score":114,"play_id":"389d9fdb-852d-4345-8928-53e6143de680","local_time":"20210117102615","is_ascension_mode":true,"campfire_choices":[{"data":"hermit:CalledShot","floor":6,"key":"SMITH"}],"circlet_count":0,"master_deck":["AscendersBane","hermit:Strike_Hermit","hermit:Strike_Hermit","hermit:Strike_Hermit","hermit:Strike_Hermit","hermit:Defend_Hermit","hermit:Defend_Hermit","hermit:Defend_Hermit","hermit:Defend_Hermit","hermit:Snapshot+1","hermit:Covet","hermit:HighCaliber","hermit:CalledShot+1","hermit:CalledShot","hermit:GhostlyPresence","hermit:GhostlyPresence"],"relics":["hermit:Momento","Ginger","Prayer Wheel","Blood Vial","DollysMirror"],"acts_visited":["Exordium"],"potions_floor_usage":[12],"damage_taken":[{"damage":4,"enemies":"Jaw Worm","floor":1,"turns":4},{"damage":3,"enemies":"2 Louse","floor":5,"turns":3},{"damage":57,"enemies":"Lagavulin","floor":7,"turns":7},{"damage":8,"enemies":"Small Slimes","floor":8,"turns":3},{"damage":6,"enemies":"3 Sentries","floor":12,"turns":2}],"seed_played":"-3500683716007035841","potions_obtained":[{"floor":8,"key":"CultistPotion"}],"is_trial":false,"path_per_floor":["M","?","?","?","M","R","E","M","T","$","?","E"],"character_chosen":"HERMIT","items_purchased":["Blood Vial","DollysMirror"],"campfire_rested":0,"item_purchase_floors":[10,10],"current_hp_per_floor":[64,64,69,69,66,66,9,1,1,1,1,0,0],"gold":37,"neow_bonus":"UPGRADE_CARD","is_daily":false,"chose_seed":false,"campfire_upgraded":1,"win_rate":0.0,"timestamp":1610875575,"path_taken":["M","?","?","?","M","R","E","M","T","$","?","E"],"items_purchased_type":["Relic","Relic"],"build_version":"2020-12-22","purchased_purges":0,"victory":false,"max_hp_per_floor":[75,75,80,80,80,80,80,80,80,80,80,80,80],"card_choices":[{"not_picked":["hermit:Glare","hermit:TrackingShot"],"picked":"hermit:HighCaliber","floor":1},{"not_picked":["hermit:SprayPray","hermit:PistolWhip"],"picked":"hermit:CalledShot","floor":5},{"not_picked":["hermit:Coalescence","hermit:Scavenge"],"picked":"hermit:CalledShot","floor":7},{"not_picked":["hermit:LoneWolf","hermit:TrackingShot"],"picked":"hermit:GhostlyPresence","floor":8}],"player_experience":1012763,"relics_obtained":[{"floor":7,"key":"Ginger"},{"floor":9,"key":"Prayer Wheel"}],"event_choices":[{"damage_healed":0,"gold_gain":175,"player_choice":"AGREE","damage_taken":0,"max_hp_gain":0,"max_hp_loss":0,"event_name":"Liars Game","floor":2,"gold_loss":0,"cards_obtained":["Doubt"]},{"damage_healed":0,"gold_gain":0,"player_choice":"Donut","damage_taken":0,"max_hp_gain":5,"max_hp_loss":0,"event_name":"Big Fish","floor":3,"gold_loss":0},{"cards_removed":["Doubt"],"damage_healed":0,"gold_gain":0,"player_choice":"Forget","damage_taken":0,"max_hp_gain":0,"max_hp_loss":0,"event_name":"Living Wall","floor":4,"gold_loss":0},{"damage_healed":0,"gold_gain":0,"player_choice":"Left Gold","damage_taken":0,"max_hp_gain":0,"max_hp_loss":0,"event_name":"World of Goop","floor":11,"gold_loss":27}],"is_beta":false,"boss_relics":[],"items_purged_floors":[],"is_endless":false,"potions_floor_spawned":[8],"killed_by":"3 Sentries","ascension_level":10}}