{"host":"9v3x998ddbx8o276","time":1610866841,"event":{"mods":["AchievementEnabler","BaseMod","Colored Map","Colored Powertips","Highlight Path","Minty Spire (QoL Compilation)","Quick Restart","Rare Cards Sparkle"],"gold_per_floor":[116,116,116,132,149,149,176,176,203,203,234,234,245,258,258,363,363,379,114,114,29,56,86,86,86,86,86,86,86,98,6,6,105,105,117,137,17,67,67,67,97,97,97,107,107,157,157,67,67,67],"floor_reached":51,"language":"ENG","playtime":3778,"items_purged":["Strike_R"],"score":889,"play_id":"c3bc62fc-1e01-4c52-b171-648b699bf732","local_time":"20210117173041","is_ascension_mode":true,"campfire_choices":[{"data":"Bash","floor":6.0,"key":"SMITH"},{"floor":8.0,"key":"REST"},{"data":"Whirlwind","floor":10.0,"key":"SMITH"},{"floor":15.0,"key":"REST"},{"data":"J.A.X.","floor":25.0,"key":"SMITH"},{"data":"Feed","floor":27.0,"key":"SMITH"},{"data":"Flash of Steel","floor":29.0,"key":"SMITH"},{"data":"Double Tap","floor":32.0,"key":"SMITH"},{"data":"Blood for Blood","floor":40,"key":"SMITH"},{"data":"Sword Boomerang","floor":42,"key":"SMITH"},{"data":"Pummel","floor":45,"key":"SMITH"},{"data":"1","floor":47,"key":"LIFT"},{"data":"2","floor":49,"key":"LIFT"}],"circlet_count":0,"master_deck":["Defend_R","Defend_R","Defend_R","Bash+1","Whirlwind+1","Sword Boomerang+1","Shrug It Off","Pummel+1","Anger","Dropkick","Feed+1","Blood for Blood+1","Flash of Steel+1","Shrug It Off","J.A.X.+1","Evolve","Ghostly","Ghostly","Ghostly","Ghostly+1","Ghostly","Bite","Bite","Bite","Bite","Bite","Warcry+1","Double Tap+1","Corruption","Dark Embrace","Sword Boomerang+1","Demon Form"],"relics":["Burning Blood","Juzu Bracelet","Ancient Tea Set","Omamori","Centennial Puzzle","Velvet Choker","Pen Nib","Lantern","Paper Frog","The Courier","Cursed Key","Bag of Marbles","Pocketwatch","Akabeko","Ornamental Fan","Girya"],"acts_visited":["Exordium","TheCity","TheBeyond"],"potions_floor_usage":[33,33],"damage_taken":[{"damage":4.0,"enemies":"2 Louse","floor":1.0,"turns":3.0},{"damage":11.0,"enemies":"Jaw Worm","floor":4.0,"turns":4.0},{"damage":5.0,"enemies":"Small Slimes","floor":5.0,"turns":3.0},{"damage":39.0,"enemies":"Gremlin Nob","floor":7.0,"turns":4.0},{"damage":46.0,"enemies":"Lagavulin","floor":11.0,"turns":7.0},{"damage":6.0,"enemies":"Blue Slaver","floor":13.0,"turns":4.0},{"damage":7.0,"enemies":"2 Fungi Beasts","floor":14.0,"turns":2.0},{"damage":52.0,"enemies":"The Guardian","floor":16.0,"turns":14.0},{"damage":12.0,"enemies":"Chosen","floor":18.0,"turns":3.0},{"damage":53.0,"enemies":"Slavers","floor":23.0,"turns":4.0},{"damage":1.0,"enemies":"Spheric Guardian","floor":30.0,"turns":3.0},{"damage":28,"enemies":"Automaton","floor":33,"turns":10},{"damage":9,"enemies":"3 Darklings","floor":35,"turns":8},{"damage":1,"enemies":"3 Shapes","floor":36,"turns":3},{"damage":6,"enemies":"Mind Bloom Boss Battle","floor":38,"turns":6},{"damage":4,"enemies":"Nemesis","floor":41,"turns":5},{"damage":2,"enemies":"Transient","floor":44,"turns":5},{"damage":0,"enemies":"2 Orb Walkers","floor":46,"turns":1},{"damage":42,"enemies":"Donu and Deca","floor":50,"turns":6}],"seed_played":"-3151454488747261632","potions_obtained":[{"floor":5.0,"key":"PowerPotion"},{"floor":7.0,"key":"SpeedPotion"},{"floor":14.0,"key":"Block Potion"},{"floor":18.0,"key":"DuplicationPotion"},{"floor":38,"key":"BlessingOfTheForge"},{"floor":41,"key":"Regen Potion"},{"floor":44,"key":"BlessingOfTheForge"}],"is_trial":false,"path_per_floor":["M","?","?","M","M","R","E","R","T","R","E","?","M","M","R","B",null,"M","$","?","?","T","E","?","R","T","R","?","R","M","$","R","B",null,"M","M","$","?","?","R","E","R","T","M","R","?","R","?","R","B",null],"character_chosen":"IRONCLAD","items_purchased":["Flash of Steel","Shrug It Off","BloodPotion","Double Tap","AttackPotion","Bag of Marbles"],"campfire_rested":2,"item_purchase_floors":[19,19,19,31,31,37],"current_hp_per_floor":[69,74,71,66,67,67,34,64,64,64,24,24,24,23,53,7,78,75,95,95,95,95,51,51,51,51,51,37,37,41,41,41,35,43,45,49,49,49,49,49,49,49,49,49,49,49,49,49,49,19],"gold":67,"neow_bonus":"TWENTY_PERCENT_HP_BONUS","is_daily":false,"chose_seed":false,"campfire_upgraded":9,"win_rate":0.0,"timestamp":1610866841,"path_taken":["M","?","?","M","M","R","E","R","T","R","E","?","M","M","R","BOSS","M","$","?","?","?","E","?","R","T","R","?","R","M","$","R","BOSS","M","M","$","?","?","R","E","R","T","M","R","?","R","?","R","BOSS"],"items_purchased_type":["Card","Card","Potion","Card","Potion","Relic"],"build_version":"2020-12-22","purchased_purges":1,"victory":true,"max_hp_per_floor":[96,101,101,101,101,101,101,101,101,101,101,101,101,101,101,101,101,104,104,104,104,104,107,53,53,53,53,37,37,41,41,41,45,45,45,49,49,49,49,49,49,49,49,49,49,49,49,49,49,49],"card_choices":[{"not_picked":["Iron Wave","Rage"],"picked":"Whirlwind","floor":1.0},{"not_picked":["Cleave","Sentinel"],"picked":"Sword Boomerang","floor":4.0},{"not_picked":["Reckless Charge","Warcry"],"picked":"Shrug It Off","floor":5.0},{"not_picked":["Evolve","Clash"],"picked":"Fire Breathing","floor":7.0},{"not_picked":["Iron Wave","True Grit"],"picked":"Pummel","floor":11.0},{"not_picked":["Heavy Blade","Body Slam"],"picked":"Anger","floor":13.0},{"not_picked":["Armaments","Headbutt"],"picked":"Dropkick","floor":14.0},{"not_picked":["Barricade","Reaper"],"picked":"Feed","floor":16.0},{"not_picked":["True Grit","Iron Wave"],"picked":"Blood for Blood","floor":18.0},{"not_picked":["Perfected Strike","Searing Blow"],"picked":"Evolve","floor":23.0},{"not_picked":["Anger","Cleave"],"picked":"Warcry+1","floor":30.0},{"not_picked":["Barricade","Fiend Fire"],"picked":"Corruption","floor":33},{"not_picked":["Body Slam","Headbutt","Pummel"],"picked":"SKIP","floor":35},{"not_picked":["Hemokinesis","Flex","Sword Boomerang"],"picked":"SKIP","floor":36},{"not_picked":["Ghostly Armor+1","Headbutt"],"picked":"Dark Embrace","floor":38},{"not_picked":["Anger","Flex+1"],"picked":"Sword Boomerang+1","floor":41},{"not_picked":["True Grit","Pummel+1","Anger"],"picked":"SKIP","floor":44},{"not_picked":["Iron Wave+1","Entrench"],"picked":"Demon Form","floor":46}],"player_experience":1664024,"relics_obtained":[{"floor":7.0,"key":"Ancient Tea Set"},{"floor":9.0,"key":"Omamori"},{"floor":11.0,"key":"Centennial Puzzle"},{"floor":22.0,"key":"Lantern"},{"floor":23.0,"key":"Paper Frog"},{"floor":26.0,"key":"The Courier"},{"floor":38,"key":"Pocketwatch"},{"floor":41,"key":"Akabeko"},{"floor":43,"key":"Ornamental Fan"},{"floor":46,"key":"Girya"}],"event_choices":[{"damage_healed":0.0,"max_hp_gain":5.0,"max_hp_loss":0.0,"gold_gain":0.0,"event_name":"Big Fish","player_choice":"Donut","floor":2.0,"gold_loss":0.0,"damage_taken":0.0},{"damage_healed":0.0,"max_hp_gain":0.0,"max_hp_loss":0.0,"gold_gain":0.0,"event_name":"Scrap Ooze","player_choice":"Success","floor":3.0,"gold_loss":0.0,"damage_taken":3.0,"relics_obtained":["Juzu Bracelet"]},{"damage_healed":0.0,"max_hp_gain":0.0,"max_hp_loss":0.0,"gold_gain":0.0,"event_name":"Liars Game","player_choice":"Ignored","floor":12.0,"gold_loss":0.0,"damage_taken":0.0},{"damage_healed":0.0,"max_hp_gain":0.0,"max_hp_loss":0.0,"gold_gain":0.0,"event_name":"Drug Dealer","player_choice":"Obtain J.A.X.","floor":20.0,"gold_loss":0.0,"damage_taken":0.0,"cards_obtained":["J.A.X."]},{"damage_healed":0.0,"max_hp_gain":0.0,"max_hp_loss":0.0,"gold_gain":0.0,"event_name":"Addict","player_choice":"Obtained Relic","floor":21.0,"gold_loss":85.0,"damage_taken":0.0,"relics_obtained":["Pen Nib"]},{"damage_healed":0.0,"max_hp_gain":0.0,"max_hp_loss":54.0,"gold_gain":0.0,"event_name":"Ghosts","player_choice":"Became a Ghost","floor":24.0,"gold_loss":0.0,"damage_taken":0.0,"cards_obtained":["Ghostly","Ghostly","Ghostly","Ghostly","Ghostly"]},{"damage_healed":0.0,"max_hp_gain":0.0,"max_hp_loss":16.0,"gold_gain":0.0,"event_name":"Vampires","player_choice":"Became a vampire","floor":28.0,"gold_loss":0.0,"damage_taken":0.0,"cards_obtained":["Bite","Bite","Bite","Bite","Bite"]},{"damage_healed":0,"gold_gain":0,"player_choice":"Fight","damage_taken":0,"max_hp_gain":0,"max_hp_loss":0,"event_name":"MindBloom","floor":38,"gold_loss":0},{"cards_removed":["Fire Breathing"],"damage_healed":0,"gold_gain":0,"player_choice":"Removed Power","damage_taken":0,"max_hp_gain":0,"max_hp_loss":0,"event_name":"Falling","floor":39,"gold_loss":0},{"damage_healed":0,"gold_gain":0,"player_choice":"Fight","damage_taken":0,"max_hp_gain":0,"max_hp_loss":0,"event_name":"Mysterious Sphere","floor":46,"gold_loss":0},{"cards_removed":["Defend_R"],"damage_healed":0,"gold_gain":0,"player_choice":"Upgrade and Remove","damage_taken":0,"max_hp_gain":0,"max_hp_loss":0,"event_name":"Designer","floor":48,"gold_loss":90,"cards_upgraded":["Ghostly"]}],"is_beta":false,"boss_relics":[{"not_picked":["SacredBark","Calling Bell"],"picked":"Velvet Choker"},{"not_picked":["Empty Cage","Mark of Pain"],"picked":"Cursed Key"}],"items_purged_floors":[19],"is_endless":false,"potions_floor_spawned":[5,7,14,18,38,41,44,46],"ascension_level":6}}