{"host":"uimu98mr9zvwuo5s","time":1610914969,"event":{"mods":["Aspiration","BaseMod","BetterRewards","Conspire","Defective Defect","GifTheSpireLib","Gremlin Mod","Highlight Path","Hubris","Infinite Spire","Jedi Mod","Minty Spire (QoL Compilation)","Replay The Spire","Shop Mod","StSLib","Stuff the Spire","Uncapped"],"gold_per_floor":[27,42,42,58,58,91,91,91,91,109,125,125,125],"floor_reached":12,"language":"ENG","playtime":660,"items_purged":["Defend_B"],"score":128,"play_id":"ad918a6f-22a0-4bc4-b454-b9be8e82fad2","local_time":"20210117152249","is_ascension_mode":false,"campfire_choices":[{"data":"Double Energy","floor":7,"key":"SMITH"}],"circlet_count":0,"master_deck":["Strike_B","Strike_B","Strike_B","Strike_B","Defend_B","Defend_B","Defend_B","Zap","Dualcast","Storm+1","Double Energy+1","Time Bomb","Genetic Algorithm+1","hubris:PowerSurge","jedi:BurstDark","Chill","hubris:PowerSurge"],"relics":["Cracked Core","MerchantsRug","Chemical X","Strange Spoon","conspire:TreasureMap","jedi:bottledfury","Incense Burner","Bottled Lightning"],"acts_visited":["Exordium"],"potions_floor_usage":[12],"damage_taken":[{"damage":0,"enemies":"Small Slimes","floor":1,"turns":4},{"damage":8,"enemies":"Jaw Worm","floor":2,"turns":4},{"damage":58,"enemies":"Lagavulin","floor":6,"turns":7},{"damage":9,"enemies":"Cultist","floor":10,"turns":4},{"damage":0,"enemies":"2 Fungi Beasts","floor":11,"turns":4},{"damage":0,"enemies":"Nightmare","floor":12,"turns":2}],"seed_played":"5686183751782742352","potions_obtained":[{"floor":2,"key":"jedi:coolantleak"},{"floor":11,"key":"BlessingOfTheForge"}],"is_trial":false,"path_per_floor":["M","M","?","$","?","E","R","$","T","M","M","NM"],"character_chosen":"DEFECT","items_purchased":["MerchantsRug","Storm+1","Chemical X","Strange Spoon","Double Energy","Time Bomb","Genetic Algorithm","conspire:TreasureMap","jedi:bottledfury"],"campfire_rested":0,"item_purchase_floors":[0,0,0,0,0,0,0,0,0],"current_hp_per_floor":[70,62,62,62,75,17,17,17,17,8,8,8,8],"gold":125,"neow_bonus":"","is_daily":false,"chose_seed":false,"campfire_upgraded":1,"win_rate":0.0,"timestamp":1610914969,"path_taken":["M","M","?","$","?","E","R","?","T","M","M","NM"],"items_purchased_type":["Relic","Card","Relic","Relic","Card","Card","Card","Relic","Relic"],"build_version":"2020-12-22","purchased_purges":1,"victory":false,"max_hp_per_floor":[75,75,75,75,75,75,75,75,75,75,75,75,75],"card_choices":[{"not_picked":["Redo","jedi:BurstFrost"],"picked":"hubris:PowerSurge","floor":1},{"not_picked":["Coolheaded","StuffTheSpire:LoadUp","Leap"],"picked":"SKIP","floor":2},{"not_picked":["Sweeping Beam","Streamline"],"picked":"jedi:BurstDark","floor":6},{"not_picked":["Gash","Time Bomb"],"picked":"Chill","floor":10},{"not_picked":["Hologram","StuffTheSpire:Coldhearted"],"picked":"hubris:PowerSurge","floor":11}],"player_experience":217242,"relics_obtained":[{"floor":6,"key":"Incense Burner"},{"floor":9,"key":"Bottled Lightning"}],"event_choices":[],"is_beta":false,"boss_relics":[],"items_purged_floors":[0],"is_endless":false,"potions_floor_spawned":[2,11],"killed_by":"Nightmare","ascension_level":0}}