{"host":"lf8w6lk2ipwfzeol","time":1610852591,"event":{"mods":["ATMod(°¢èªMod)","Act Like it!","BaseMod","Downfall","Hermit","Minty Spire (QoL Compilation)","Quick Restart","Robot Space Explorer","StSLib","The Bladedancer","The Cursed","The Hierophant","The Runesmith","The Servant 0.9.4","Youmu£¨»êÆÇÑýÃÎ£©"],"gold_per_floor":[112,212,224,224,239,268,268,302,302,302,317,336,336,636,636,738,738,750,750,769,787,797,797,810,810,891,891,891],"floor_reached":27,"language":"ZHS","playtime":1836,"items_purged":[],"score":400,"play_id":"cac9b34e-f7b7-4818-ba2b-abbfa3771dd2","local_time":"20210117110311","is_ascension_mode":false,"campfire_choices":[{"data":"hermit:FinalCanter","floor":7,"key":"SMITH"},{"data":"1","floor":10,"key":"LIFT"},{"data":"2","floor":15,"key":"LIFT"},{"data":"3","floor":23,"key":"LIFT"},{"data":"hermit:BlackWind","floor":25,"key":"SMITH"}],"circlet_count":0,"master_deck":["hermit:Strike_Hermit+1","hermit:Strike_Hermit+1","hermit:Strike_Hermit+1","hermit:Strike_Hermit+1","hermit:Defend_Hermit+1","hermit:Defend_Hermit+1","hermit:Defend_Hermit+1","hermit:Defend_Hermit+1","hermit:Snapshot","hermit:Covet+1","hermit:FinalCanter+1","hermit:CalledShot","Regret","Decay","downfall:Icky","Clumsy","hermit:Adapt","Injury","hermit:EyeOfTheStorm","hermit:Malice","hermit:Roulette","hermit:Quickdraw","hermit:BlackWind+1","hermit:Enervate","Regret","hermit:Dissolve","hermit:Showdown","hermit:TrackingShot","hermit:Vantage","hermit:BigShot","hermit:Manifest"],"relics":["hermit:Momento","AT_ATBox","Darkstone Periapt","The Courier","Girya","Calipers","Old Coin","Coffee Dripper","Pantograph"],"acts_visited":["Exordium","TheCity"],"potions_floor_usage":[6,22],"damage_taken":[{"damage":0,"enemies":"2 Louse","floor":1,"turns":3},{"damage":0,"enemies":"Small Slimes","floor":3,"turns":3},{"damage":12,"enemies":"Cultist","floor":5,"turns":5},{"damage":30,"enemies":"3 Sentries","floor":6,"turns":8},{"damage":21,"enemies":"Lagavulin","floor":8,"turns":6},{"damage":6,"enemies":"2 Fungi Beasts","floor":11,"turns":2},{"damage":0,"enemies":"Blue Slaver","floor":12,"turns":1},{"damage":36,"enemies":"Hexaghost","floor":16,"turns":12},{"damage":33,"enemies":"3 Byrds","floor":18,"turns":6},{"damage":18,"enemies":"Shell Parasite","floor":20,"turns":3},{"damage":9,"enemies":"Sentry and Sphere","floor":21,"turns":3},{"damage":46,"enemies":"Chosen and Byrds","floor":22,"turns":9},{"damage":6,"enemies":"Centurion and Healer","floor":24,"turns":5},{"damage":10,"enemies":"Snake Plant","floor":27,"turns":1}],"seed_played":"5932321251012394216","potions_obtained":[{"floor":5,"key":"PowerPotion"},{"floor":12,"key":"DuplicationPotion"},{"floor":20,"key":"GamblersBrew"},{"floor":22,"key":"SteroidPotion"},{"floor":24,"key":"PowerPotion"}],"is_trial":false,"path_per_floor":["M","?","M","?","M","E","R","E","T","R","M","M","?","?","R","B",null,"M","?","M","M","M","R","M","R","T","M"],"character_chosen":"HERMIT","items_purchased":[],"campfire_rested":0,"item_purchase_floors":[],"current_hp_per_floor":[54,95,95,95,83,53,53,32,32,32,26,26,3,9,9,270,122,89,89,71,62,16,16,10,10,10,0,0],"gold":891,"neow_bonus":"THREE_RARE_CARDS","is_daily":false,"chose_seed":false,"campfire_upgraded":2,"win_rate":0.0,"timestamp":1610852591,"path_taken":["M","?","M","?","?","E","R","E","T","R","M","M","?","?","R","BOSS","M","?","M","M","M","R","M","R","T","M"],"items_purchased_type":[],"build_version":"2020-12-22","purchased_purges":0,"victory":false,"max_hp_per_floor":[75,116,116,116,116,116,116,116,116,116,116,116,116,122,122,122,122,122,122,122,122,122,122,122,122,122,122,122],"card_choices":[{"not_picked":["hermit:Purgatory","hermit:OverwhelmingPower"],"picked":"hermit:FinalCanter","floor":0},{"not_picked":["hermit:Feint","hermit:WideOpen"],"picked":"hermit:CalledShot","floor":1},{"not_picked":["hermit:Dive","hermit:WideOpen"],"picked":"hermit:EyeOfTheStorm","floor":3},{"not_picked":["hermit:Horror","hermit:Cheat"],"picked":"hermit:Malice","floor":5},{"not_picked":["hermit:CalledShot","hermit:Vantage"],"picked":"hermit:Roulette","floor":6},{"not_picked":["hermit:Cheat","hermit:Feint"],"picked":"hermit:Quickdraw","floor":8},{"not_picked":["hermit:BodyArmor","hermit:Misfire"],"picked":"hermit:BlackWind","floor":11},{"not_picked":["hermit:Roulette","hermit:Coalescence"],"picked":"hermit:Enervate","floor":12},{"not_picked":["hermit:EternalForm","hermit:Purgatory"],"picked":"hermit:Dissolve","floor":16},{"not_picked":["hermit:Headshot","hermit:HighCaliber+1"],"picked":"hermit:Showdown","floor":18},{"not_picked":["hermit:ItchyTrigger","hermit:LowProfile"],"picked":"hermit:TrackingShot","floor":20},{"not_picked":["hermit:Roulette","hermit:Malice"],"picked":"hermit:Vantage","floor":21},{"not_picked":["hermit:HoleUp","hermit:PistolWhip"],"picked":"hermit:BigShot","floor":22},{"not_picked":["hermit:Spite","hermit:ItchyTrigger"],"picked":"hermit:Manifest","floor":24}],"player_experience":122278,"relics_obtained":[{"floor":6,"key":"The Courier"},{"floor":8,"key":"Girya"},{"floor":9,"key":"Calipers"},{"floor":26,"key":"Pantograph"}],"event_choices":[{"cards_removed":["Normality"],"damage_healed":0,"gold_gain":0,"player_choice":"Purged","damage_taken":0,"max_hp_gain":0,"max_hp_loss":0,"event_name":"Purifier","floor":4,"gold_loss":0},{"damage_healed":0,"gold_gain":0,"player_choice":"Entered Light","damage_taken":23,"max_hp_gain":0,"max_hp_loss":0,"event_name":"Shining Light","floor":13,"gold_loss":0,"cards_upgraded":["hermit:Defend_Hermit","hermit:Covet"]},{"damage_healed":0,"gold_gain":0,"player_choice":"Box","damage_taken":0,"relics_obtained":["Old Coin"],"max_hp_gain":0,"max_hp_loss":0,"event_name":"Big Fish","floor":14,"gold_loss":0,"cards_obtained":["Regret"]},{"damage_healed":0,"gold_gain":0,"player_choice":"Simplicity","damage_taken":0,"max_hp_gain":0,"max_hp_loss":0,"event_name":"Back to Basics","floor":19,"gold_loss":0,"cards_upgraded":["hermit:Strike_Hermit","hermit:Strike_Hermit","hermit:Strike_Hermit","hermit:Strike_Hermit","hermit:Defend_Hermit","hermit:Defend_Hermit","hermit:Defend_Hermit"]}],"is_beta":false,"boss_relics":[{"not_picked":["Astrolabe","Velvet Choker"],"picked":"Coffee Dripper"}],"items_purged_floors":[],"is_endless":false,"potions_floor_spawned":[5,12,20,22,24],"killed_by":"Snake Plant","ascension_level":0}}