{"host":"2pmmafybkq7zb6na","time":1610880898,"event":{"mods":["AchievementEnabler","BaseMod","Colored Map","Highlight Path","Keyboard Shortcuts","Minty Spire (QoL Compilation)","Quick Restart","StSLib","SuperFastMode"],"gold_per_floor":[114,4,4,4,24,24,36,63,144,144,162,180,198,28,28,125,125,136,149,160,178,53,53,0,0,24,55,74,74,74,91,91,188,188,200,200,50,50,50],"floor_reached":38,"language":"KOR","playtime":1357,"items_purged":["Doubt","Strike_R","Strike_R","Strike_R"],"score":471,"play_id":"66d86d06-dcf7-448f-9ade-1bade74b81bd","local_time":"20210117195458","is_ascension_mode":false,"campfire_choices":[{"data":"Anger","floor":6.0,"key":"SMITH"},{"data":"Rupture","floor":10.0,"key":"SMITH"},{"floor":15.0,"key":"REST"},{"floor":23.0,"key":"REST"},{"floor":29.0,"key":"REST"},{"floor":32,"key":"REST"}],"circlet_count":0,"master_deck":["Defend_R","Defend_R","Defend_R","Defend_R","Bash","Anger+1","Hemokinesis","Rupture+1","Brutality","Flex","Heavy Blade","Inflame+1","Demon Form+1","CurseOfTheBell","Inflame+1","Flex+1"],"relics":["Burning Blood","Centennial Puzzle","Frozen Egg 2","Calling Bell","Potion Belt","Eternal Feather","CaptainsWheel","Darkstone Periapt","Sozu"],"acts_visited":["Exordium","TheCity","TheBeyond"],"potions_floor_usage":[33],"damage_taken":[{"damage":17.0,"enemies":"Cultist","floor":1.0,"turns":5.0},{"damage":5.0,"enemies":"Jaw Worm","floor":5.0,"turns":3.0},{"damage":2.0,"enemies":"2 Louse","floor":7.0,"turns":2.0},{"damage":38.0,"enemies":"Lagavulin","floor":8.0,"turns":3.0},{"damage":4.0,"enemies":"Large Slime","floor":11.0,"turns":4.0},{"damage":7.0,"enemies":"3 Louse","floor":12.0,"turns":3.0},{"damage":15.0,"enemies":"2 Fungi Beasts","floor":13.0,"turns":3.0},{"damage":5.0,"enemies":"Slime Boss","floor":16.0,"turns":3.0},{"damage":8.0,"enemies":"Spheric Guardian","floor":18.0,"turns":4.0},{"damage":12.0,"enemies":"3 Byrds","floor":19.0,"turns":5.0},{"damage":26.0,"enemies":"Cultist and Chosen","floor":20.0,"turns":6.0},{"damage":37.0,"enemies":"Shelled Parasite and Fungi","floor":21.0,"turns":5.0},{"damage":56.0,"enemies":"Slavers","floor":27.0,"turns":6.0},{"damage":7.0,"enemies":"Chosen and Byrds","floor":28.0,"turns":5.0},{"damage":22,"enemies":"Centurion and Healer","floor":31,"turns":5},{"damage":64,"enemies":"Champ","floor":33,"turns":7},{"damage":50,"enemies":"3 Shapes","floor":35,"turns":6},{"damage":47,"enemies":"3 Darklings","floor":38,"turns":4}],"seed_played":"-4392337024162019626","potions_obtained":[{"floor":5.0,"key":"LiquidBronze"},{"floor":7.0,"key":"ColorlessPotion"},{"floor":12.0,"key":"Dexterity Potion"},{"floor":18.0,"key":"Ancient Potion"},{"floor":19.0,"key":"Weak Potion"},{"floor":27.0,"key":"DuplicationPotion"}],"is_trial":false,"path_per_floor":["M","$","?","$","M","R","M","E","T","R","M","M","M","$","R","B",null,"M","M","M","M","$","R","?","?","T","E","M","R","?","M","R","B",null,"M","?","$","M"],"character_chosen":"IRONCLAD","items_purchased":["Hemokinesis","Inflame+1"],"campfire_rested":4,"item_purchase_floors":[2,14],"current_hp_per_floor":[85,85,78,78,79,79,83,51,51,51,53,52,43,43,71,72,96,94,88,68,37,37,74,74,74,74,24,23,60,60,44,81,23,96,52,52,52,5,5],"gold":50,"neow_bonus":"TWENTY_PERCENT_HP_BONUS","is_daily":false,"chose_seed":false,"campfire_upgraded":2,"win_rate":0.0,"timestamp":1610880898,"path_taken":["M","$","?","?","M","R","M","E","T","R","M","M","M","$","R","BOSS","M","M","M","M","$","R","?","?","T","E","M","R","?","M","R","BOSS","M","?","$","M"],"items_purchased_type":["Card","Card"],"build_version":"2020-12-22","purchased_purges":4,"victory":false,"max_hp_per_floor":[96,96,96,96,96,96,96,96,96,96,96,96,96,96,96,96,96,96,96,96,96,96,96,96,96,96,96,96,96,96,96,96,96,96,96,91,91,91,91],"card_choices":[{"not_picked":["Clothesline","Infernal Blade"],"picked":"Anger","floor":1.0},{"not_picked":["Clothesline","Power Through","Perfected Strike"],"picked":"SKIP","floor":5.0},{"not_picked":["Twin Strike","Flex"],"picked":"Rupture","floor":7.0},{"not_picked":["Anger","Clothesline"],"picked":"Brutality","floor":8.0},{"not_picked":["True Grit","Twin Strike"],"picked":"Flex","floor":11.0},{"not_picked":["Shrug It Off","Body Slam"],"picked":"Heavy Blade","floor":12.0},{"not_picked":["Clothesline","Clash","Carnage"],"picked":"SKIP","floor":13.0},{"not_picked":["Fiend Fire","Juggernaut+1"],"picked":"Demon Form+1","floor":16.0},{"not_picked":["Clash+1","Power Through"],"picked":"Inflame+1","floor":18.0},{"not_picked":["Flex","Armaments+1","Body Slam"],"picked":"SKIP","floor":19.0},{"not_picked":["Spot Weakness","Pummel+1"],"picked":"Flex+1","floor":20.0},{"not_picked":["Cleave","Flex+1","Dropkick"],"picked":"SKIP","floor":21.0},{"not_picked":["Heavy Blade","Reckless Charge","Clash+1"],"picked":"SKIP","floor":27.0},{"not_picked":["Searing Blow+1","True Grit","Armaments"],"picked":"SKIP","floor":28.0},{"not_picked":["Feed","Cleave","Metallicize+1"],"picked":"SKIP","floor":31},{"not_picked":["Headbutt+1","Shrug It Off","Clash+1"],"picked":"SKIP","floor":35}],"player_experience":73686,"relics_obtained":[{"floor":8.0,"key":"Centennial Puzzle"},{"floor":9.0,"key":"Frozen Egg 2"},{"floor":17.0,"key":"Potion Belt"},{"floor":17.0,"key":"Eternal Feather"},{"floor":17.0,"key":"CaptainsWheel"},{"floor":27.0,"key":"Darkstone Periapt"}],"event_choices":[{"cards_removed":["Strike_R"],"damage_healed":0.0,"max_hp_gain":0.0,"max_hp_loss":0.0,"gold_gain":0.0,"event_name":"Golden Wing","player_choice":"Card Removal","floor":3.0,"gold_loss":0.0,"damage_taken":7.0},{"damage_healed":0.0,"max_hp_gain":0.0,"max_hp_loss":0.0,"gold_gain":0.0,"event_name":"Masked Bandits","player_choice":"Paid Fearfully","floor":24.0,"gold_loss":53.0,"damage_taken":0.0},{"cards_removed":["Strike_R"],"damage_healed":0.0,"max_hp_gain":0.0,"max_hp_loss":0.0,"gold_gain":0.0,"event_name":"Back to Basics","player_choice":"Elegance","floor":25.0,"gold_loss":0.0,"damage_taken":0.0},{"damage_healed":0.0,"max_hp_gain":0.0,"max_hp_loss":0.0,"gold_gain":0.0,"event_name":"Cursed Tome","player_choice":"Ignored","floor":30.0,"gold_loss":0.0,"damage_taken":0.0},{"damage_healed":0,"gold_gain":0,"player_choice":"Max HP","damage_taken":0,"max_hp_gain":0,"max_hp_loss":5,"event_name":"Winding Halls","floor":36,"gold_loss":0}],"is_beta":false,"boss_relics":[{"not_picked":["Runic Pyramid","Pandora\u0027s Box"],"picked":"Calling Bell"},{"not_picked":["Velvet Choker","SacredBark"],"picked":"Sozu"}],"items_purged_floors":[2,14,22,37],"is_endless":false,"potions_floor_spawned":[5,7,12,18,19,27],"killed_by":"3 Darklings","ascension_level":0}}