{"host":"yvb207ks1sg3cxef","time":1610873958,"event":{"mods":["2.2 Compatiblity","BaseMod","Bestiary","Colored Powertips","Minty Spire (QoL Compilation)","Permanent Neow","Quick Restart","Relic Stats","StSLib"],"gold_per_floor":[365,365,384,32,52,52,79,79,79,79,104,114,114,133,133,235,235,248,268,268,285,285,285],"floor_reached":22,"language":"ENG","playtime":1058,"items_purged":["Decay"],"score":304,"play_id":"d014ca26-596e-42c9-86a4-b4a6d21273b4","local_time":"20210117142918","is_ascension_mode":true,"campfire_choices":[{"data":"Eruption","floor":6.0,"key":"SMITH"},{"floor":10.0,"key":"REST"},{"data":"Scrawl","floor":13,"key":"SMITH"},{"data":"Wireheading","floor":15,"key":"SMITH"}],"circlet_count":0,"master_deck":["AscendersBane","Strike_P","Defend_P","Defend_P","Defend_P+1","Defend_P","Eruption+1","Vigilance","Sanctity","FlurryOfBlows","Adaptation","BattleHymn","Wireheading+1","Scrawl+1","Conclude","CutThroughFate","LessonLearned","PathToVictory+1","Vengeance+1","InnerPeace+1","WheelKick","Study","TalkToTheHand"],"relics":["PureWater","Boot","Yang","The Courier","Letter Opener","Eternal Feather","Astrolabe"],"acts_visited":["Exordium","TheCity"],"potions_floor_usage":[11,18,19],"damage_taken":[{"damage":1.0,"enemies":"Jaw Worm","floor":1.0,"turns":3.0},{"damage":6.0,"enemies":"Small Slimes","floor":3.0,"turns":3.0},{"damage":0.0,"enemies":"Cultist","floor":5.0,"turns":3.0},{"damage":14.0,"enemies":"Gremlin Nob","floor":7.0,"turns":4.0},{"damage":4,"enemies":"3 Sentries","floor":11,"turns":5},{"damage":0,"enemies":"Exordium Wildlife","floor":12,"turns":2},{"damage":0,"enemies":"Blue Slaver","floor":14,"turns":2},{"damage":40,"enemies":"The Guardian","floor":16,"turns":12},{"damage":6,"enemies":"2 Thieves","floor":18,"turns":2},{"damage":3,"enemies":"Chosen","floor":19,"turns":3},{"damage":36,"enemies":"Sentry and Sphere","floor":21,"turns":7},{"damage":63,"enemies":"Shelled Parasite and Fungi","floor":22,"turns":4}],"seed_played":"7270175525449742449","potions_obtained":[{"floor":1.0,"key":"Weak Potion"},{"floor":3.0,"key":"LiquidMemories"},{"floor":7.0,"key":"BottledMiracle"},{"floor":11,"key":"FairyPotion"},{"floor":18,"key":"EssenceOfSteel"}],"is_trial":false,"path_per_floor":["M","?","M","$","M","R","E","?","T","R","E","M","R","M","R","B",null,"M","M","?","M","M"],"character_chosen":"WATCHER","items_purchased":["Adaptation","Yang"],"campfire_rested":1,"item_purchase_floors":[4,4],"current_hp_per_floor":[64,31,25,25,25,25,11,11,11,32,28,28,37,37,46,6,56,50,47,71,35,0,0],"gold":285,"neow_bonus":"TWO_FIFTY_GOLD","is_daily":false,"chose_seed":false,"campfire_upgraded":3,"win_rate":0.0,"timestamp":1610873958,"path_taken":["M","?","M","$","M","R","E","?","T","R","E","M","R","M","R","BOSS","M","?","?","M","M"],"items_purchased_type":["Card","Relic"],"build_version":"2020-12-22","purchased_purges":1,"victory":false,"max_hp_per_floor":[72,72,72,72,72,72,72,72,72,72,72,72,72,72,72,72,72,72,72,72,72,72,72],"relic_stats":{"counters":[12,50],"Astrolabe":["PathToVictory","Vengeance","InnerPeace"],"Yang":[88],"Eternal Feather":18,"Letter Opener":[80],"Boot":[15],"obtain_stats":[{"Astrolabe":17,"Yang":4,"Eternal Feather":11,"The Courier":7,"Letter Opener":9,"PureWater":0,"Boot":2},{"Astrolabe":8,"Yang":2,"Eternal Feather":5,"The Courier":4,"Letter Opener":4,"PureWater":0,"Boot":1},{"Astrolabe":34,"Yang":6,"Eternal Feather":18,"The Courier":13,"Letter Opener":13,"PureWater":0,"Boot":3}]},"card_choices":[{"not_picked":["BowlingBash","PathToVictory"],"picked":"Sanctity","floor":1.0},{"not_picked":["BowlingBash","PathToVictory"],"picked":"FlurryOfBlows","floor":3.0},{"not_picked":["ReachHeaven","ThirdEye"],"picked":"BattleHymn","floor":5.0},{"not_picked":["Prostrate","ForeignInfluence"],"picked":"Wireheading","floor":7.0},{"not_picked":["PathToVictory","InnerPeace"],"picked":"Scrawl","floor":11},{"not_picked":["ThirdEye","ForeignInfluence"],"picked":"Conclude","floor":12},{"not_picked":["Swivel","Consecrate"],"picked":"CutThroughFate","floor":14},{"not_picked":["Judgement","Wish"],"picked":"LessonLearned","floor":16},{"not_picked":["BowlingBash","ClearTheMind"],"picked":"WheelKick","floor":18},{"not_picked":["BattleHymn+1","FlurryOfBlows"],"picked":"Study","floor":19},{"not_picked":["CutThroughFate","ThirdEye"],"picked":"TalkToTheHand","floor":21}],"player_experience":366567,"relics_obtained":[{"floor":7.0,"key":"The Courier"},{"floor":9.0,"key":"Letter Opener"},{"floor":11,"key":"Eternal Feather"}],"event_choices":[{"damage_healed":0.0,"max_hp_gain":0.0,"max_hp_loss":0.0,"gold_gain":0.0,"event_name":"Scrap Ooze","player_choice":"Success","floor":2.0,"gold_loss":0.0,"damage_taken":33.0,"relics_obtained":["Boot"]},{"damage_healed":0.0,"max_hp_gain":0.0,"max_hp_loss":0.0,"gold_gain":0.0,"event_name":"Lab","player_choice":"Got Potions","floor":8.0,"gold_loss":0.0,"damage_taken":0.0},{"damage_healed":24,"gold_gain":0,"player_choice":"Heal","damage_taken":0,"max_hp_gain":0,"max_hp_loss":0,"event_name":"The Library","floor":20,"gold_loss":0}],"is_beta":false,"boss_relics":[{"not_picked":["Busted Crown","SacredBark"],"picked":"Astrolabe"}],"items_purged_floors":[4],"is_endless":false,"potions_floor_spawned":[1,3,7,11,18],"killed_by":"Shelled Parasite and Fungi","ascension_level":11}}