{"host":"ydg0vn0pu4pubmdt","time":1610892793,"event":{"mods":["AchievementEnabler","BaseMod","Colored Map","Gold Saver","Minty Spire (QoL Compilation)","Quick Restart","SuperFastMode"],"gold_per_floor":[623,548,563,638,638,638,663,663,663,675,693,713,713,733,733,832,832,818,287,298,298,298,331,331,360,360,371,391,490,509,434,434,534,534,553,566,417,327,338,338,372,389,389,389,399,428,129,139,139,139],"floor_reached":51,"language":"KOR","playtime":9540,"items_purged":["Normality","Defend_B","Defend_B"],"score":1254,"play_id":"4c797491-49dd-4fac-a84d-c002df02e153","local_time":"20210117231313","is_ascension_mode":true,"campfire_choices":[{"data":"Dualcast","floor":6.0,"key":"SMITH"},{"floor":8.0,"key":"REST"},{"data":"Darkness","floor":15.0,"key":"SMITH"},{"data":"Genetic Algorithm","floor":24,"key":"SMITH"},{"data":"Zap","floor":32,"key":"SMITH"},{"data":"Turbo","floor":40,"key":"SMITH"},{"data":"Skim","floor":44,"key":"SMITH"},{"data":"Reboot","floor":49,"key":"SMITH"}],"circlet_count":0,"master_deck":["Zap+1","Dualcast+1","Compile Driver","Chill","Genetic Algorithm+1","Darkness+1","Streamline","Go for the Eyes+1","Reboot+1","Leap+1","Self Repair+1","Hologram","Skim+1","Conserve Battery+1","Double Energy+1","Glacier","Redo","Electrodynamics","White Noise+1","Turbo+1","Coolheaded+1","Meteor Strike","Sweeping Beam"],"relics":["Cracked Core","Incense Burner","StrikeDummy","Gremlin Horn","Runic Pyramid","Mummified Hand","Orrery","Lantern","Dream Catcher","Question Card","Empty Cage","Bag of Preparation","Regal Pillow","Centennial Puzzle","Ancient Tea Set","Art of War"],"acts_visited":["Exordium","TheCity","TheBeyond"],"potions_floor_usage":[23,39,39,46,50,50],"damage_taken":[{"damage":10.0,"enemies":"2 Louse","floor":1.0,"turns":2.0},{"damage":5.0,"enemies":"Small Slimes","floor":3.0,"turns":4.0},{"damage":17.0,"enemies":"3 Sentries","floor":7.0,"turns":10.0},{"damage":0.0,"enemies":"Cultist","floor":10.0,"turns":3.0},{"damage":3.0,"enemies":"Looter","floor":11.0,"turns":3.0},{"damage":2.0,"enemies":"2 Fungi Beasts","floor":12.0,"turns":3.0},{"damage":0.0,"enemies":"Gremlin Gang","floor":14.0,"turns":8.0},{"damage":13.0,"enemies":"The Guardian","floor":16.0,"turns":10.0},{"damage":8.0,"enemies":"2 Thieves","floor":18.0,"turns":5.0},{"damage":15.0,"enemies":"Shell Parasite","floor":20.0,"turns":6.0},{"damage":8,"enemies":"Book of Stabbing","floor":23,"turns":6},{"damage":22,"enemies":"Gremlin Leader","floor":25,"turns":6},{"damage":0,"enemies":"Snecko","floor":27,"turns":5},{"damage":0,"enemies":"Chosen and Byrds","floor":28,"turns":8},{"damage":0,"enemies":"Centurion and Healer","floor":30,"turns":7},{"damage":39,"enemies":"Automaton","floor":33,"turns":11},{"damage":4,"enemies":"3 Darklings","floor":35,"turns":5},{"damage":18,"enemies":"Orb Walker","floor":36,"turns":3},{"damage":16,"enemies":"Writhing Mass","floor":39,"turns":5},{"damage":0,"enemies":"Nemesis","floor":41,"turns":5},{"damage":0,"enemies":"Transient","floor":42,"turns":5},{"damage":15,"enemies":"Spire Growth","floor":45,"turns":3},{"damage":0,"enemies":"Reptomancer","floor":46,"turns":4},{"damage":0,"enemies":"Sphere and 2 Shapes","floor":48,"turns":3},{"damage":0,"enemies":"Donu and Deca","floor":50,"turns":7}],"seed_played":"3079316283111059591","potions_obtained":[{"floor":3.0,"key":"PowerPotion"},{"floor":7.0,"key":"EssenceOfSteel"},{"floor":16.0,"key":"SteroidPotion"},{"floor":18.0,"key":"AttackPotion"},{"floor":28,"key":"Energy Potion"},{"floor":30,"key":"Energy Potion"},{"floor":33,"key":"SkillPotion"},{"floor":41,"key":"PowerPotion"},{"floor":48,"key":"Block Potion"}],"is_trial":false,"path_per_floor":["M","$","M","?","?","R","E","R","T","M","M","M","?","M","R","B",null,"M","$","M","?","?","E","R","E","T","M","M","?","M","?","R","B",null,"M","M","$","?","M","R","E","M","T","R","M","E","$","M","R","B",null],"character_chosen":"DEFECT","items_purchased":["Mummified Hand","Self Repair","Orrery","Turbo","Ancient Tea Set","Art of War"],"campfire_rested":1,"item_purchase_floors":[19,19,19,37,47,47],"current_hp_per_floor":[58,58,53,42,42,42,25,47,47,47,44,42,35,35,35,22,62,54,54,46,46,46,48,48,36,36,46,56,56,66,66,66,37,66,72,64,64,64,58,58,68,75,75,75,70,75,75,75,75,75],"gold":139,"neow_bonus":"ONE_RARE_RELIC","is_daily":false,"chose_seed":false,"campfire_upgraded":7,"win_rate":0.0,"timestamp":1610892793,"path_taken":["M","$","M","?","?","R","E","R","T","M","?","M","?","M","R","BOSS","M","$","M","?","?","E","R","E","T","?","M","?","M","?","R","BOSS","M","M","$","?","M","R","E","M","T","R","M","E","?","?","R","BOSS"],"items_purchased_type":["Relic","Card","Relic","Card","Relic","Relic"],"build_version":"2020-12-22","purchased_purges":3,"victory":true,"max_hp_per_floor":[75,75,75,75,75,75,75,75,75,75,75,75,75,75,75,75,75,75,75,75,75,75,75,75,75,75,75,75,75,75,75,75,75,75,75,75,75,75,75,75,75,75,75,75,75,75,75,75,75,75],"card_choices":[{"not_picked":["Rebound","Gash"],"picked":"Compile Driver","floor":1.0},{"not_picked":["Leap","Steam"],"picked":"Chill","floor":3.0},{"not_picked":["Ball Lightning","Stack"],"picked":"Genetic Algorithm","floor":7.0},{"not_picked":["Barrage","Amplify"],"picked":"Darkness","floor":10.0},{"not_picked":["Cold Snap","Steam"],"picked":"Streamline","floor":11.0},{"not_picked":["Redo","Sunder"],"picked":"Go for the Eyes","floor":12.0},{"not_picked":["Recycle","Sunder","Beam Cell"],"picked":"SKIP","floor":14.0},{"not_picked":["All For One","Echo Form"],"picked":"Reboot","floor":16.0},{"not_picked":["Capacitor","Auto Shields"],"picked":"Leap+1","floor":18.0},{"not_picked":["Gash","Conserve Battery"],"picked":"Melter","floor":19.0},{"not_picked":["Streamline","Gash"],"picked":"Hologram","floor":19.0},{"not_picked":["Recycle","FTL"],"picked":"Skim","floor":19.0},{"not_picked":["Redo","Auto Shields"],"picked":"Conserve Battery+1","floor":20.0},{"not_picked":["Rebound","Undo","Compile Driver"],"picked":"SKIP","floor":23},{"not_picked":["Skim+1","Self Repair+1"],"picked":"Double Energy+1","floor":25},{"not_picked":["Barrage+1","Hello World","Streamline"],"picked":"Glacier","floor":27},{"not_picked":["Lockon+1","Compile Driver","Chill","Stack"],"picked":"SKIP","floor":28},{"not_picked":["Streamline","Undo","Hello World+1"],"picked":"Redo","floor":30},{"not_picked":["Meteor Strike","Seek","Fission"],"picked":"Electrodynamics","floor":33},{"not_picked":["Streamline+1","Rebound+1","Lockon","Chaos+1"],"picked":"SKIP","floor":35},{"not_picked":["Melter+1","Rip and Tear+1","Cold Snap"],"picked":"White Noise+1","floor":36},{"not_picked":["Leap","Ball Lightning+1","Cold Snap+1"],"picked":"Coolheaded+1","floor":39},{"not_picked":["Auto Shields+1","Aggregate","Consume"],"picked":"Meteor Strike","floor":41},{"not_picked":["FTL+1","Beam Cell","Streamline","Auto Shields"],"picked":"SKIP","floor":42},{"not_picked":["Sweeping Beam","Redo","Rebound+1","Beam Cell"],"picked":"SKIP","floor":45},{"not_picked":["Redo","Rebound+1","Beam Cell"],"picked":"Sweeping Beam","floor":45},{"not_picked":["Conserve Battery+1","Thunder Strike","Streamline+1","Beam Cell+1"],"picked":"SKIP","floor":46},{"not_picked":["Streamline","Cold Snap+1","Ball Lightning","Leap+1"],"picked":"SKIP","floor":48}],"player_experience":425637,"relics_obtained":[{"floor":7.0,"key":"StrikeDummy"},{"floor":9.0,"key":"Gremlin Horn"},{"floor":23,"key":"Lantern"},{"floor":25,"key":"Dream Catcher"},{"floor":26,"key":"Question Card"},{"floor":41,"key":"Bag of Preparation"},{"floor":43,"key":"Regal Pillow"},{"floor":46,"key":"Centennial Puzzle"}],"event_choices":[{"damage_healed":0.0,"max_hp_gain":0.0,"max_hp_loss":0.0,"gold_gain":75.0,"event_name":"World of Goop","player_choice":"Gather Gold","floor":4.0,"gold_loss":0.0,"damage_taken":11.0},{"cards_removed":["Strike_B"],"damage_healed":0.0,"max_hp_gain":0.0,"max_hp_loss":0.0,"gold_gain":0.0,"event_name":"Bonfire Elementals","player_choice":"Offered Basic","floor":5.0,"gold_loss":0.0,"damage_taken":0.0},{"cards_removed":["Strike_B"],"damage_healed":0.0,"max_hp_gain":0.0,"max_hp_loss":0.0,"gold_gain":0.0,"event_name":"Golden Wing","player_choice":"Card Removal","floor":13.0,"gold_loss":0.0,"damage_taken":7.0},{"cards_removed":["Strike_B"],"damage_healed":0.0,"max_hp_gain":0.0,"max_hp_loss":0.0,"gold_gain":0.0,"event_name":"Back to Basics","player_choice":"Elegance","floor":21.0,"gold_loss":0.0,"damage_taken":0.0},{"damage_healed":0.0,"max_hp_gain":0.0,"max_hp_loss":0.0,"gold_gain":0.0,"event_name":"Accursed Blacksmith","player_choice":"Forge","floor":22.0,"gold_loss":0.0,"damage_taken":0.0,"cards_upgraded":["Self Repair"]},{"damage_healed":0,"gold_gain":99,"player_choice":"Stole From Cult","damage_taken":0,"max_hp_gain":0,"max_hp_loss":0,"event_name":"Nest","floor":29,"gold_loss":0},{"cards_removed":["Strike_B"],"damage_healed":0,"gold_gain":0,"player_choice":"Gave Gold","damage_taken":0,"max_hp_gain":0,"max_hp_loss":0,"event_name":"Beggar","floor":31,"gold_loss":75},{"cards_removed":["Melter"],"damage_healed":0,"gold_gain":0,"player_choice":"Upgrade and Remove","damage_taken":0,"max_hp_gain":0,"max_hp_loss":0,"event_name":"Designer","floor":38,"gold_loss":90,"cards_upgraded":["Go for the Eyes"]}],"is_beta":false,"boss_relics":[{"not_picked":["Runic Dome","Tiny House"],"picked":"Runic Pyramid"},{"not_picked":["Philosopher\u0027s Stone","Coffee Dripper"],"picked":"Empty Cage"}],"items_purged_floors":[2,19,37],"is_endless":false,"potions_floor_spawned":[3,7,16,18,28,30,33,36,41,48],"ascension_level":8}}