{"host":"e4wnmsyty9uvvtwf","time":1610867868,"event":{"mods":["Act Like it!","BaseMod","Colored Map","Colored Powertips","Gensokyo","Koishi","Minty Spire (QoL Compilation)","StSLib"],"gold_per_floor":[112,112,112,112,31,31,64,77,77,88,107,121,141,154,154,252,252,252,22,22,31,52,52,52,80,80,18,30,30,30],"floor_reached":29,"language":"ZHS","playtime":937,"items_purged":[],"score":373,"play_id":"0c4803d4-5e2e-45b2-be3c-aa8fea68a8c3","local_time":"20210117151748","is_ascension_mode":true,"campfire_choices":[{"data":"Koishi:HauntingSlash","floor":6,"key":"SMITH"},{"data":"Koishi:RacingHeart","floor":15,"key":"SMITH"},{"data":"Gensokyo:RedCapeBlueCape","floor":23,"key":"SMITH"}],"circlet_count":0,"master_deck":["AscendersBane","Koishi:BasicStrike","Koishi:BasicStrike","Koishi:BasicStrike","Koishi:BasicStrike","Koishi:BasicDefend","Koishi:BasicDefend","Koishi:BasicDefend","Koishi:BasicDefend","Koishi:HauntingSlash+1","Koishi:EmbryosDream","Koishi:RacingHeart+1","Koishi:PhantomBarrier","Koishi:TremblingHands","Koishi:SprinkleStarAndHeart","Koishi:DreadfulBlow","Koishi:Ego","Koishi:FreudianInstinct","Koishi:TremblingHands","Koishi:PhilosophyOfTheDespised","Gensokyo:RedCapeBlueCape+1","Koishi:GeneticsOfTheUnconscious+1","Koishi:UnconsciousUrges","Gensokyo:Shovel","Gensokyo:TarnishedGold"],"relics":["Koishi:ImaginaryFriend","NeowsBlessing","Gensokyo:NagashiBinaDoll","Gensokyo:Justice","Blue Candle","The Courier","Black Star","ClockworkSouvenir","CeramicFish","Gensokyo:DirgeOfMelancholy","Ornamental Fan"],"acts_visited":["Exordium","Gensokyo:Gensokyo"],"potions_floor_usage":[28],"damage_taken":[{"damage":0,"enemies":"Gensokyo:2_Kodama","floor":1,"turns":1},{"damage":0,"enemies":"Gensokyo:Mamizou","floor":7,"turns":2},{"damage":0,"enemies":"Gensokyo:Gryphon","floor":8,"turns":1},{"damage":0,"enemies":"Gensokyo:3_Fairies","floor":10,"turns":2},{"damage":1,"enemies":"Gensokyo:VengefulSpirit","floor":11,"turns":5},{"damage":10,"enemies":"Gensokyo:2_Rabbits","floor":12,"turns":5},{"damage":2,"enemies":"Gensokyo:3_Kodama","floor":13,"turns":5},{"damage":7,"enemies":"Gensokyo:Python_and_Kodama","floor":14,"turns":4},{"damage":9,"enemies":"Gensokyo:Yukari","floor":16,"turns":15},{"damage":15,"enemies":"Gensokyo:3_Dogs","floor":18,"turns":3},{"damage":15,"enemies":"Gensokyo:CosmicMonolith","floor":22,"turns":7},{"damage":0,"enemies":"Gensokyo:Wraith","floor":25,"turns":5},{"damage":11,"enemies":"Gensokyo:Monolith_and_Dog","floor":28,"turns":9},{"damage":42,"enemies":"Gensokyo:Tenshi","floor":29,"turns":3}],"seed_played":"409412705546257745","potions_obtained":[{"floor":7,"key":"LiquidMemories"},{"floor":11,"key":"Weak Potion"},{"floor":13,"key":"AttackPotion"},{"floor":14,"key":"SteroidPotion"}],"is_trial":false,"path_per_floor":["M","?","?","?","$","R","E","M","T","M","M","M","M","M","R","B",null,"M","$","?","?","M","R","?","M","T","COS","M","E"],"character_chosen":"KOISHI","items_purchased":["Koishi:RacingHeart","Koishi:PhantomBarrier","Koishi:TremblingHands","Koishi:PhilosophyOfTheDespised","ClockworkSouvenir"],"campfire_rested":0,"item_purchase_floors":[5,5,19,19,19],"current_hp_per_floor":[54,54,54,54,54,54,54,54,54,56,57,53,54,54,54,60,60,45,45,45,45,41,41,41,46,46,46,40,0,0],"gold":30,"neow_bonus":"THREE_ENEMY_KILL","is_daily":false,"chose_seed":false,"campfire_upgraded":3,"win_rate":0.0,"timestamp":1610867868,"path_taken":["M","?","?","?","?","R","E","?","T","M","M","M","M","M","R","BOSS","M","$","?","?","M","R","?","M","T","COS","?","E"],"items_purchased_type":["Card","Card","Card","Card","Relic"],"build_version":"2020-12-22","purchased_purges":0,"victory":false,"max_hp_per_floor":[60,60,60,60,60,60,60,60,60,60,60,60,60,60,60,60,60,60,60,56,51,51,51,51,51,51,51,51,51,51],"card_choices":[{"not_picked":["Koishi:Prune","Koishi:VengefulSpirit"],"picked":"Koishi:EmbryosDream","floor":1},{"not_picked":["Koishi:SpiritedAway","Koishi:MindNumbingTerror"],"picked":"Koishi:TremblingHands","floor":7},{"not_picked":["Koishi:Whimsy","Koishi:FleetingPhantom","Koishi:LastRemote"],"picked":"SKIP","floor":8},{"not_picked":["Koishi:ReflexRadar","Koishi:GhostParty"],"picked":"Koishi:SprinkleStarAndHeart","floor":10},{"not_picked":["Koishi:GeneticsOfTheUnconscious","Koishi:ParalyzingFear"],"picked":"Koishi:DreadfulBlow","floor":11},{"not_picked":["Koishi:HeartfeltFancy","Koishi:ReflexRadar"],"picked":"Koishi:Ego","floor":12},{"not_picked":["Koishi:JumpScare","Koishi:ReflexRadar","Koishi:VengefulSpirit"],"picked":"SKIP","floor":13},{"not_picked":["Koishi:ParalyzingFear","Koishi:UnseenTerror"],"picked":"Koishi:FreudianInstinct","floor":14},{"not_picked":["Koishi:Ego","Koishi:FormlessExistence"],"picked":"Koishi:ConditionedTeleport","floor":16},{"not_picked":["Gensokyo:HAARP","Gensokyo:SevenSchoolMysteries"],"picked":"Gensokyo:RedCapeBlueCape","floor":21},{"not_picked":["Koishi:Bloodlust","Koishi:Whimsy"],"picked":"Koishi:GeneticsOfTheUnconscious+1","floor":22},{"not_picked":["Koishi:UnconsciousUprising+1","Koishi:SubconsciousSweep"],"picked":"Koishi:UnconsciousUrges","floor":25},{"not_picked":["Koishi:UnansweredLove+1","Koishi:PhantomStrike","Koishi:RacingHeart"],"picked":"SKIP","floor":28}],"player_experience":548640,"relics_obtained":[{"floor":7,"key":"Blue Candle"},{"floor":9,"key":"The Courier"},{"floor":26,"key":"Ornamental Fan"}],"event_choices":[],"is_beta":false,"boss_relics":[{"not_picked":["Ectoplasm","Snecko Eye"],"picked":"Black Star"}],"items_purged_floors":[],"is_endless":false,"potions_floor_spawned":[7,11,13,14,18,22,25],"killed_by":"Gensokyo:Tenshi","ascension_level":10}}