{"host":"0fmi5fguj5lvt8pf","time":1610854001,"event":{"mods":["BaseMod","Colored Map","Curses Come First","Downfall","Minty Spire (QoL Compilation)","Permanent Neow","StSLib"],"gold_per_floor":[349,367,382,400,400,428,428,728,748,748,763,763,823,840,856,856,856],"floor_reached":16,"language":"ENG","playtime":719,"items_purged":[],"score":104,"play_id":"6e704c6a-6dcf-45f5-8c15-3cbe35b708bb","local_time":"20210116192641","is_ascension_mode":false,"campfire_choices":[{"data":"bronze:Replicate","floor":1.0,"key":"SMITH"},{"floor":12.0,"key":"REST"}],"circlet_count":0,"master_deck":["bronze:Strike","bronze:Strike","bronze:Strike","bronze:Strike","bronze:Defend","bronze:Defend","bronze:Defend","bronze:Defend","bronze:Replicate+1","bronze:Goto","bronze:CloningBeam","bronze:ForceShield","bronze:Fortify","downfall:Icky","bronze:Backtrace","bronze:BitShift","bronze:Frontload","bronze:DelayedGuard","bronze:Format"],"relics":["bronze:BronzeCore","downfall:BrokenWingStatue","champ:DeflectingBracers","StrikeDummy","Blue Candle"],"acts_visited":["Exordium"],"potions_floor_usage":[16],"damage_taken":[{"damage":3.0,"enemies":"Small Slimes","floor":2.0,"turns":3.0},{"damage":1.0,"enemies":"2 Louse","floor":3.0,"turns":4.0},{"damage":6.0,"enemies":"Jaw Worm","floor":4.0,"turns":3.0},{"damage":40.0,"enemies":"Lagavulin","floor":6.0,"turns":10.0},{"damage":7.0,"enemies":"Large Slime","floor":9.0,"turns":6.0},{"damage":5.0,"enemies":"Blue Slaver","floor":11.0,"turns":4.0},{"damage":16.0,"enemies":"3 Sentries","floor":13.0,"turns":7.0},{"damage":0.0,"enemies":"Gremlin Gang","floor":14.0,"turns":3.0},{"damage":0.0,"enemies":"Blue Slaver","floor":15.0,"turns":3.0},{"damage":4,"enemies":"IC_STATUS_ARCHETYPE","floor":16,"turns":1}],"seed_played":"2705450957226179863","potions_obtained":[{"floor":3.0,"key":"Energy Potion"},{"floor":11.0,"key":"EntropicBrew"},{"floor":13.0,"key":"bronze:BuildAFunctionPotion"},{"floor":14.0,"key":"AttackPotion"}],"is_trial":false,"path_per_floor":["R","M","M","M","?","E","T","?","M","?","M","R","?","M","M","B"],"character_chosen":"THE_AUTOMATON","items_purchased":[],"campfire_rested":1,"item_purchase_floors":[],"current_hp_per_floor":[63,60,59,53,53,13,13,13,6,6,1,19,3,3,3,0,0],"gold":856,"neow_bonus":"TWO_FIFTY_GOLD","is_daily":false,"chose_seed":false,"campfire_upgraded":1,"win_rate":0.0,"timestamp":1610854001,"path_taken":["R","M","M","M","?","E","T","?","M","?","?","R","?","M","M","BOSS"],"items_purchased_type":[],"build_version":"2020-12-22","purchased_purges":0,"victory":false,"max_hp_per_floor":[63,63,63,63,63,63,63,63,63,63,63,63,63,63,63,63,63],"card_choices":[{"not_picked":["bronze:Turbo","bronze:Iterate"],"picked":"bronze:CloningBeam","floor":2.0},{"not_picked":["bronze:Separator","bronze:NullPointer","bronze:Safeguard"],"picked":"SKIP","floor":3.0},{"not_picked":["bronze:ItsAFeature","bronze:DigitalCarnage"],"picked":"bronze:ForceShield","floor":4.0},{"not_picked":["bronze:Iterate","bronze:BugBarrage"],"picked":"bronze:Fortify","floor":6.0},{"not_picked":["bronze:Branch","bronze:Iterate","bronze:ShipIt"],"picked":"SKIP","floor":9.0},{"not_picked":["bronze:Iterate","bronze:Deprecate"],"picked":"bronze:BitShift","floor":11.0},{"not_picked":["bronze:OilSpill","bronze:DarkDash"],"picked":"bronze:Frontload","floor":13.0},{"not_picked":["bronze:BronzeOrb","bronze:OilSpill"],"picked":"bronze:DelayedGuard","floor":14.0},{"not_picked":["bronze:Separator","bronze:Overload"],"picked":"bronze:Format","floor":15.0}],"player_experience":1364518,"relics_obtained":[{"floor":6.0,"key":"champ:DeflectingBracers"},{"floor":7.0,"key":"StrikeDummy"},{"floor":13.0,"key":"Blue Candle"}],"event_choices":[],"is_beta":false,"boss_relics":[],"items_purged_floors":[],"is_endless":false,"potions_floor_spawned":[3,11,13,14],"killed_by":"IC_STATUS_ARCHETYPE","ascension_level":0}}