{"host":"2zw05eexjythz74b","time":1610891163,"event":{"mods":["AchievementEnabler","BaseMod","Better Altar","Colored Map","Minty Spire (QoL Compilation)","StSLib","everything is the same but u backflip on backflip"],"gold_per_floor":[117,117,135,135,147,147,178,236,309,309,309],"floor_reached":10,"language":"ENG","playtime":372,"items_purged":[],"score":76,"play_id":"1d8cec24-b7fd-4818-a1c5-4733b99561cd","local_time":"20210117074603","is_ascension_mode":true,"campfire_choices":[{"data":"Choke","floor":6,"key":"SMITH"}],"circlet_count":0,"master_deck":["Strike_G","Strike_G","Strike_G","Strike_G","Strike_G","Defend_G","Defend_G","Defend_G","Defend_G","Defend_G","Survivor","Neutralize","Choke+1","Backstab","Flying Knee","Backstab","Expertise"],"relics":["Ring of the Snake","Omamori","MealTicket","Calipers","Juzu Bracelet","Gremlin Horn"],"acts_visited":["Exordium"],"potions_floor_usage":[8,10,10],"damage_taken":[{"damage":2,"enemies":"Cultist","floor":1,"turns":4},{"damage":1,"enemies":"Small Slimes","floor":3,"turns":4},{"damage":7,"enemies":"Jaw Worm","floor":5,"turns":4},{"damage":29,"enemies":"3 Sentries","floor":7,"turns":11},{"damage":18,"enemies":"Lagavulin Event","floor":8,"turns":5},{"damage":15,"enemies":"Lagavulin","floor":10,"turns":5}],"seed_played":"9210285268035336865","potions_obtained":[{"floor":1,"key":"FearPotion"},{"floor":7,"key":"DistilledChaos"},{"floor":8,"key":"SpeedPotion"}],"is_trial":false,"path_per_floor":["M","T","M","?","M","R","E","?","T","E"],"character_chosen":"THE_SILENT","items_purchased":[],"campfire_rested":0,"item_purchase_floors":[],"current_hp_per_floor":[75,75,74,56,49,49,20,2,2,0,0],"gold":309,"neow_bonus":"TEN_PERCENT_HP_BONUS","is_daily":false,"chose_seed":false,"campfire_upgraded":1,"win_rate":0.0,"timestamp":1610891163,"path_taken":["M","?","M","?","M","R","E","?","T","E"],"items_purchased_type":[],"build_version":"2020-12-22","purchased_purges":0,"victory":false,"max_hp_per_floor":[77,77,77,77,77,77,77,77,77,77,77],"card_choices":[{"not_picked":["Quick Slash","Dagger Throw"],"picked":"Choke","floor":1},{"not_picked":["Dash","Prepared"],"picked":"Backstab","floor":3},{"not_picked":["Deflect","Cloak And Dagger"],"picked":"Flying Knee","floor":5},{"not_picked":["Bane","Choke"],"picked":"Backstab","floor":7},{"not_picked":["Crippling Poison","Deadly Poison"],"picked":"Expertise","floor":8}],"player_experience":233314,"relics_obtained":[{"floor":2,"key":"Omamori"},{"floor":7,"key":"Calipers"},{"floor":8,"key":"Juzu Bracelet"},{"floor":9,"key":"Gremlin Horn"}],"event_choices":[{"damage_healed":0,"gold_gain":0,"player_choice":"Success","damage_taken":18,"relics_obtained":["MealTicket"],"max_hp_gain":0,"max_hp_loss":0,"event_name":"Scrap Ooze","floor":4,"gold_loss":0},{"damage_healed":0,"gold_gain":0,"player_choice":"Searched \u00271\u0027 times","damage_taken":0,"max_hp_gain":0,"max_hp_loss":0,"event_name":"Dead Adventurer","floor":8,"gold_loss":0}],"is_beta":false,"boss_relics":[],"items_purged_floors":[],"is_endless":false,"potions_floor_spawned":[1,7,8],"killed_by":"Lagavulin","ascension_level":3}}