{"host":"skr63qsdfgeey3it","time":1610873287,"event":{"mods":["BaseMod","Hubris","Minty Spire (QoL Compilation)","Replay The Spire","Spicy Shops","StSLib"],"gold_per_floor":[114,114,114,3,21,21,51,51,51,51,69,69,99,118,118,118,118],"floor_reached":16,"language":"ENG","playtime":754,"items_purged":["Spreading Infection"],"score":213,"play_id":"c6c4cc89-3801-4019-a30f-099b2f885a47","local_time":"20210117024807","is_ascension_mode":true,"campfire_choices":[{"data":"Bash","floor":6,"key":"SMITH"},{"data":"ReplayTheSpireMod:Muscle Training","floor":8,"key":"SMITH"},{"data":"Spot Weakness","floor":12,"key":"SMITH"},{"data":"Cleave","floor":15,"key":"SMITH"}],"circlet_count":0,"master_deck":["AscendersBane","Strike_R","Strike_R","Strike_R","Strike_R","Defend_R","Defend_R+1","Defend_R+1","Bash+1","ReplayTheSpireMod:Muscle Training+1","Spot Weakness+1","Flex","Cleave+1"],"relics":["Burning Blood","NeowsBlessing","hubris:Towel","ReplayTheSpireMod:CursedCoin","Membership Card","Tiny Chest","War Paint","Replay:Bottled Eggs","Pen Nib"],"acts_visited":["Exordium"],"potions_floor_usage":[13,16],"damage_taken":[{"damage":0,"enemies":"Jaw Worm","floor":1,"turns":1},{"damage":0,"enemies":"2 Louse","floor":5,"turns":1},{"damage":0,"enemies":"Gremlin Nob","floor":7,"turns":1},{"damage":6,"enemies":"Small Slimes","floor":11,"turns":4},{"damage":32,"enemies":"3 Sentries","floor":13,"turns":5},{"damage":15,"enemies":"3 Louse","floor":14,"turns":3},{"damage":46,"enemies":"The Guardian","floor":16,"turns":7}],"seed_played":"4079453020287954137","potions_obtained":[{"floor":7,"key":"Death Potion"},{"floor":14,"key":"AttackPotion"}],"is_trial":false,"path_per_floor":["M","?","?","$","M","R","E","R","T","?","M","R","E","M","R","B"],"character_chosen":"IRONCLAD","items_purchased":["ReplayTheSpireMod:CursedCoin","Membership Card","Tiny Chest"],"campfire_rested":0,"item_purchase_floors":[4,4,4],"current_hp_per_floor":[78,71,71,71,77,77,80,80,80,80,80,80,54,45,45,0,0],"gold":118,"neow_bonus":"THREE_ENEMY_KILL","is_daily":false,"chose_seed":false,"campfire_upgraded":4,"win_rate":0.0,"timestamp":1610873287,"path_taken":["M","?","?","?","M","R","E","R","T","?","M","R","E","?","R","BOSS"],"items_purchased_type":["Relic","Relic","Relic"],"build_version":"2020-12-22","purchased_purges":1,"victory":false,"max_hp_per_floor":[80,80,80,80,80,80,80,80,80,80,80,80,80,80,80,80,80],"card_choices":[{"not_picked":["Clash","Battle Trance","ReplayTheSpireMod:Strike From Hell"],"picked":"SKIP","floor":1},{"not_picked":["Clash","Clothesline","Entrench"],"picked":"SKIP","floor":5},{"not_picked":["Metallicize","Sword Boomerang"],"picked":"ReplayTheSpireMod:Muscle Training","floor":7},{"not_picked":["True Grit","Perfected Strike"],"picked":"Spot Weakness","floor":11},{"not_picked":["Cleave","Thunderclap"],"picked":"Flex","floor":13},{"not_picked":["True Grit","Ghostly Armor"],"picked":"Cleave","floor":14}],"player_experience":745639,"relics_obtained":[{"floor":7,"key":"War Paint"},{"floor":9,"key":"Replay:Bottled Eggs"},{"floor":13,"key":"Pen Nib"}],"event_choices":[{"cards_removed":["Defend_R"],"damage_healed":0,"gold_gain":0,"player_choice":"Card Removal","damage_taken":7,"max_hp_gain":0,"max_hp_loss":0,"event_name":"Golden Wing","floor":2,"gold_loss":0},{"cards_removed":["Strike_R"],"damage_healed":0,"gold_gain":0,"player_choice":"Offered Basic","damage_taken":0,"max_hp_gain":0,"max_hp_loss":0,"event_name":"Bonfire Elementals","floor":10,"gold_loss":0}],"is_beta":false,"boss_relics":[],"items_purged_floors":[4],"is_endless":false,"potions_floor_spawned":[7,14],"killed_by":"The Guardian","ascension_level":12}}