{"host":"u7y9frlpoazak2mn","time":1610850276,"event":{"mods":["2.2 Compatiblity","A Magickal Journey","Alarm Clock","Aspiration","Astrologer","Bard","BaseMod","Beaked The Cultist","Better Altar","Better Match","Better Note","Better Sensory Stone","Better Skull","Better Third Choice","Better-Laid Plans","BetterRewards","Chen","Colored Powertips","Conspire","Curses Come First","Dark Map","Displayed Cursed Tome","Downfall","Energized Spire","Fox Events","Friendly Minions","GifTheSpireLib","Glutton Mod","Halation","Hermit","Hubris","Infinite Spire","Jedi Mod","KinomotoSakuraMod(????)","Mad Scientist","Marisa????????","Mimic Mod","Minty Spire (QoL Compilation)","Prisma Mod","Random Character Button","Rare Cards Sparkle","Relic Stats","Retaliation","Robot Space Explorer","Shade Mod","Somnambulant","Spikes Relics","StS++","StSLib","Stuff the Spire","Td1madao Mod","The Administrix","The Blackbeard","The Blue Laboratory","The Construct","The Cursed","The Disciple","The Druid","The Forsaken","The Hierophant","The Judge","The Juggle","The Marked","The Mystic","The Necromancer","The Runesmith","The Servant 0.9.4","The Valiant","The Witch","TheSwordswoman","TheVacant","Transform Curses","Uncapped","Waifu the Spire","Wandering Minibosses","WarShipGirlsR/????R mod","Yohane!","vexMod"],"gold_per_floor":[110,110,124,139,153,153,164,164,164,164,176,75,95,109,109,206,206,224,224,224],"floor_reached":19,"language":"ENG","playtime":1352,"items_purged":["Injury"],"score":163,"play_id":"926c8fa0-f6c3-4560-8e3f-54c2dc8b8d8f","local_time":"20210116212436","is_ascension_mode":false,"campfire_choices":[{"data":"beaked:MachineEssence","floor":6,"key":"SMITH"},{"floor":8,"key":"REST"},{"floor":15,"key":"REST"}],"circlet_count":0,"master_deck":["beaked:Strike_Y","beaked:Strike_Y","beaked:Strike_Y","beaked:Strike_Y","beaked:Strike_Y","beaked:Defend_Y","beaked:Defend_Y","beaked:Defend_Y","beaked:Defend_Y","beaked:Ceremony","beaked:Ceremony","beaked:Ceremony","beaked:FeelMyPain","beaked:Overpower","beaked:DigDeep","beaked:WarriorEssence+1","beaked:MachineEssence+1","beaked:SacrificialScars","beaked:Windmill+1","beaked:BraceForImpact","beaked:TuckingFeathers","beaked:ScreechingChant","beaked:MaddeningMurmurs+1"],"relics":["beaked:MendingPlumage","Molten Egg 2","infinitespire:Eraser","StuffTheSpire:RubySignet","Empty Cage"],"acts_visited":["Exordium","TheCity"],"potions_floor_usage":[5,11,16,16],"damage_taken":[{"damage":0,"enemies":"Small Slimes","floor":1,"turns":4},{"damage":20,"enemies":"Jaw Worm","floor":3,"turns":5},{"damage":1,"enemies":"2 Louse","floor":4,"turns":2},{"damage":10,"enemies":"Red Slaver","floor":5,"turns":5},{"damage":51,"enemies":"Lots of Slimes","floor":7,"turns":6},{"damage":26,"enemies":"Blue Slaver","floor":11,"turns":5},{"damage":11,"enemies":"Red Slaver","floor":13,"turns":3},{"damage":10,"enemies":"Looter","floor":14,"turns":3},{"damage":52,"enemies":"Hexaghost","floor":16,"turns":8},{"damage":60,"enemies":"Chosen","floor":18,"turns":8},{"damage":29,"enemies":"Spheric Guardian","floor":19,"turns":3}],"seed_played":"-588582325110836016","potions_obtained":[{"floor":4,"key":"ColorlessPotion"},{"floor":7,"key":"Block Potion"},{"floor":11,"key":"blueLaboratory:Moonshine"},{"floor":13,"key":"Strength Potion"},{"floor":18,"key":"blueLaboratory:NullPotion"}],"is_trial":false,"path_per_floor":["M","?","M","M","M","R","M","R","T","?","M","$","M","M","R","B",null,"M","M"],"character_chosen":"BEAKED_THE_CULTIST","items_purchased":["beaked:FeelMyPain","beaked:Windmill+1"],"campfire_rested":2,"item_purchase_floors":[0,12],"current_hp_per_floor":[50,50,38,42,44,44,16,31,31,31,19,19,18,15,30,45,52,8,0,0],"gold":224,"neow_bonus":"","is_daily":false,"chose_seed":false,"campfire_upgraded":1,"win_rate":0.0,"timestamp":1610850276,"path_taken":["M","?","M","M","M","R","M","R","T","?","M","?","?","M","R","BOSS","M","M"],"items_purchased_type":["Card","Card"],"build_version":"2020-12-22","purchased_purges":1,"victory":false,"max_hp_per_floor":[50,50,50,50,50,50,50,50,50,50,50,50,50,52,52,52,52,54,54,54],"relic_stats":{"counters":[19,82],"obtain_stats":[{"AT_ATBox":0,"NeowsBlessing":0,"aspiration:Nostalgia":6,"RobotSpaceExplorer:RoboCore":0,"StuffTheSpire:Wildfire":6,"aspiration:SeaSaltIceCream":6,"Empty Cage":17,"conspire:GlowingRock":0,"Molten Egg 2":2,"SpikesRelics:DaevaFist":5,"StuffTheSpire:RubySignet":10,"AT_SunfireAegis":8,"infinitespire:Eraser":9,"Ring of the Snake":6},{"AT_ATBox":0,"NeowsBlessing":0,"aspiration:Nostalgia":4,"RobotSpaceExplorer:RoboCore":0,"StuffTheSpire:Wildfire":7,"aspiration:SeaSaltIceCream":4,"Empty Cage":17,"conspire:GlowingRock":5,"Molten Egg 2":9,"SpikesRelics:DaevaFist":7,"StuffTheSpire:RubySignet":13,"AT_SunfireAegis":5,"infinitespire:Eraser":13,"Ring of the Snake":4},{"AT_ATBox":0,"NeowsBlessing":0,"aspiration:Nostalgia":9,"RobotSpaceExplorer:RoboCore":0,"StuffTheSpire:Wildfire":25,"aspiration:SeaSaltIceCream":9,"Empty Cage":71,"conspire:GlowingRock":16,"Molten Egg 2":34,"SpikesRelics:DaevaFist":25,"StuffTheSpire:RubySignet":52,"AT_SunfireAegis":16,"infinitespire:Eraser":52,"Ring of the Snake":9}]},"card_choices":[{"not_picked":["beaked:BarbedWire","beaked:TuckingFeathers"],"picked":"beaked:Overpower","floor":1},{"not_picked":["beaked:HuntressEssence","beaked:Tradeoff"],"picked":"beaked:DigDeep","floor":3},{"not_picked":["beaked:DigDeep","beaked:Roost"],"picked":"beaked:WarriorEssence+1","floor":4},{"not_picked":["beaked:MaddeningMurmurs","beaked:Resilience"],"picked":"beaked:MachineEssence","floor":5},{"not_picked":["beaked:Foresight","beaked:FeelMyPain","beaked:HuntressSpirit"],"picked":"SKIP","floor":7},{"not_picked":["beaked:FeelMyPain","beaked:Foresight"],"picked":"beaked:SacrificialScars","floor":11},{"not_picked":["beaked:Tradeoff","beaked:Overexert"],"picked":"beaked:BraceForImpact","floor":13},{"not_picked":["beaked:Redirect","beaked:Foresight"],"picked":"beaked:TuckingFeathers","floor":14},{"not_picked":["beaked:Brainwash","beaked:VolatileMisfortune"],"picked":"beaked:ScreechingChant","floor":16},{"not_picked":["beaked:HuntressEssence","beaked:WindBringer+1"],"picked":"beaked:MaddeningMurmurs+1","floor":18}],"player_experience":356651,"relics_obtained":[{"floor":9,"key":"infinitespire:Eraser"}],"event_choices":[],"is_beta":false,"boss_relics":[{"not_picked":["Cursed Key","Philosopher\u0027s Stone"],"picked":"Empty Cage"}],"items_purged_floors":[12],"is_endless":false,"potions_floor_spawned":[4,7,11,13,18],"killed_by":"Spheric Guardian","ascension_level":0}}