{"host":"mku5fdaoqz3qihec","time":1610861531,"event":{"mods":["2.2 Compatiblity","AchievementEnabler","Arknights The Spire","BaseMod","Colored Map","Colored Powertips","Minty Spire (QoL Compilation)","Rare Cards Sparkle","StSLib","SuperFastMode"],"gold_per_floor":[117,134,59,59,78,78,0,14,37,52,83,9,24,37,37,37,37],"floor_reached":16,"language":"KOR","playtime":551,"items_purged":["ats:Strike V"],"score":104,"play_id":"36ab59e3-4b5d-4502-bf8d-4e0a83447a8d","local_time":"20210117143211","is_ascension_mode":false,"campfire_choices":[{"data":"ats:Dogmatic Field","floor":6,"key":"SMITH"},{"floor":15,"key":"REST"}],"circlet_count":0,"master_deck":["ats:Strike G","ats:Strike S","ats:Armor Crushing Shot","ats:Defend","ats:Defend","ats:Defend","ats:Emotion Absorption","ats:Leaping Hammer","ats:Explosion Area Strengthen","ats:Dogmatic Field+1","ats:Sword Rain","ats:Apocalypse","ats:Composite Medical Shells","ats:Hook Shot","ats:Part Time Job","ats:Part Time Job"],"relics":["ats:Sanity","Ancient Tea Set","ats:Originium","Akabeko"],"acts_visited":["Exordium"],"potions_floor_usage":[11,11,13,16],"damage_taken":[{"damage":8,"enemies":"Small Slimes","floor":1,"turns":4},{"damage":1,"enemies":"Cultist","floor":2,"turns":4},{"damage":0,"enemies":"2 Louse","floor":5,"turns":2},{"damage":38,"enemies":"Blue Slaver","floor":8,"turns":6},{"damage":0,"enemies":"Gremlin Gang","floor":10,"turns":2},{"damage":23,"enemies":"Gremlin Nob","floor":11,"turns":4},{"damage":36,"enemies":"Large Slime","floor":13,"turns":6},{"damage":3,"enemies":"3 Louse","floor":14,"turns":2},{"damage":122,"enemies":"Hexaghost","floor":16,"turns":11}],"seed_played":"4659557470843919588","potions_obtained":[{"floor":1,"key":"Weak Potion"},{"floor":2,"key":"LiquidMemories"},{"floor":8,"key":"AttackPotion"},{"floor":11,"key":"Weak Potion"}],"is_trial":false,"path_per_floor":["M","M","$","?","M","R","$","M","T","M","E","$","M","M","R","B"],"character_chosen":"DOCTOR_CLASS","items_purchased":["ats:Sword Rain","ats:Hook Shot"],"campfire_rested":1,"item_purchase_floors":[7,12],"current_hp_per_floor":[57,56,56,56,56,56,56,30,30,34,15,15,11,12,31,0,0],"gold":37,"neow_bonus":"REMOVE_TWO","is_daily":false,"chose_seed":false,"campfire_upgraded":1,"win_rate":0.0,"timestamp":1610861531,"path_taken":["M","M","$","?","M","R","$","M","T","M","E","$","?","M","R","BOSS"],"items_purchased_type":["Card","Card"],"build_version":"2020-12-22","purchased_purges":1,"victory":false,"max_hp_per_floor":[65,65,65,65,65,65,65,65,65,65,65,65,65,65,65,65,65],"card_choices":[{"not_picked":["ats:Encircling Forest","ats:Neurotoxin"],"picked":"ats:Leaping Hammer","floor":1},{"not_picked":["ats:Revitalization","ats:Ignite"],"picked":"ats:Explosion Area Strengthen","floor":2},{"not_picked":["ats:Part Time Job","ats:Apocalypse"],"picked":"ats:Dogmatic Field","floor":5},{"not_picked":["ats:Burning Ground","ats:Cat Scratch"],"picked":"ats:Apocalypse","floor":8},{"not_picked":["ats:Soul Absorption","ats:Hammer On","ats:Poison Spread"],"picked":"SKIP","floor":10},{"not_picked":["ats:Thorns","ats:Hammer On"],"picked":"ats:Composite Medical Shells","floor":11},{"not_picked":["ats:Revitalization","ats:Powerful Strike"],"picked":"ats:Part Time Job","floor":13},{"not_picked":["ats:Steam Pump","ats:Childhood Dance"],"picked":"ats:Part Time Job","floor":14}],"player_experience":246631,"relics_obtained":[{"floor":9,"key":"Ancient Tea Set"},{"floor":11,"key":"ats:Originium"},{"floor":11,"key":"Akabeko"}],"event_choices":[{"damage_healed":0,"gold_gain":0,"player_choice":"Bought 0 Potions","damage_taken":0,"max_hp_gain":0,"max_hp_loss":0,"event_name":"The Woman in Blue","floor":4,"gold_loss":0}],"is_beta":false,"boss_relics":[],"items_purged_floors":[3],"is_endless":false,"potions_floor_spawned":[1,2,8,11],"killed_by":"Hexaghost","ascension_level":0}}