{"host":"5icjlaq41ghjcr7h","time":1610877311,"event":{"mods":["AchievementEnabler","BaseMod","Colored Map","Minty Spire (QoL Compilation)","SuperFastMode","everything is the same but u backflip on backflip"],"gold_per_floor":[115,290,22,22,37,66,66,76,76,91,91,104,133,79,79,177,227,243,71,71,71,86,86,118,24,49,60,89,118,64,77,77,173,173,189,199,199,199,199,199],"floor_reached":39,"language":"KOR","playtime":1129,"items_purged":["Doubt","Strike_B"],"score":549,"play_id":"d89d4414-a618-48d9-aee9-c047348f867f","local_time":"20210117185511","is_ascension_mode":true,"campfire_choices":[{"data":"Zap","floor":7.0,"key":"SMITH"},{"data":"Buffer","floor":15.0,"key":"SMITH"},{"data":"Electrodynamics","floor":23.0,"key":"SMITH"},{"data":"Defragment","floor":32,"key":"SMITH"}],"circlet_count":0,"master_deck":["Strike_B","Strike_B","Defend_B+1","Defend_B","Zap","Dualcast","Ball Lightning","Tempest","Zap+1","Cold Snap","Ball Lightning","Coolheaded","Stack","Buffer+1","Melter","Conserve Battery","Electrodynamics+1","BootSequence","Conserve Battery","Capacitor","Lockon","Ball Lightning","Self Repair","Loop","Steam","Cold Snap","Defragment+1","Turbo","Conserve Battery","White Noise+1","Coolheaded+1"],"relics":["Cracked Core","NeowsBlessing","Lantern","Dead Branch","Lizard Tail","Shuriken","Question Card","Tiny House","Bag of Preparation","Emotion Chip","Red Mask","Inserter"],"acts_visited":["Exordium","TheCity","TheBeyond"],"potions_floor_usage":[24,28,31,33,35,39],"damage_taken":[{"damage":0.0,"enemies":"Jaw Worm","floor":1.0,"turns":1.0},{"damage":0.0,"enemies":"Small Slimes","floor":5.0,"turns":1.0},{"damage":0.0,"enemies":"3 Sentries","floor":6.0,"turns":1.0},{"damage":0.0,"enemies":"Cultist","floor":8.0,"turns":2.0},{"damage":6.0,"enemies":"Blue Slaver","floor":10.0,"turns":2.0},{"damage":21.0,"enemies":"Exordium Thugs","floor":12.0,"turns":3.0},{"damage":3.0,"enemies":"Lagavulin","floor":13.0,"turns":4.0},{"damage":4.0,"enemies":"Slime Boss","floor":16.0,"turns":7.0},{"damage":17.0,"enemies":"2 Thieves","floor":18.0,"turns":3.0},{"damage":0.0,"enemies":"Spheric Guardian","floor":22.0,"turns":2.0},{"damage":44,"enemies":"Slavers","floor":24,"turns":4},{"damage":17,"enemies":"Centurion and Healer","floor":27,"turns":7},{"damage":0,"enemies":"Gremlin Leader","floor":28,"turns":4},{"damage":23,"enemies":"Masked Bandits","floor":29,"turns":5},{"damage":10,"enemies":"3 Cultists","floor":31,"turns":4},{"damage":23,"enemies":"Collector","floor":33,"turns":11},{"damage":48,"enemies":"3 Darklings","floor":35,"turns":5},{"damage":6,"enemies":"3 Shapes","floor":36,"turns":3},{"damage":48,"enemies":"Transient","floor":39,"turns":5}],"seed_played":"-2208509800615724238","potions_obtained":[{"floor":5.0,"key":"Dexterity Potion"},{"floor":10.0,"key":"Block Potion"},{"floor":12.0,"key":"FearPotion"},{"floor":13.0,"key":"Dexterity Potion"},{"floor":17.0,"key":"Fruit Juice"},{"floor":18.0,"key":"Swift Potion"},{"floor":27,"key":"Explosive Potion"},{"floor":31,"key":"Weak Potion"},{"floor":33,"key":"AttackPotion"},{"floor":36,"key":"DuplicationPotion"}],"is_trial":false,"path_per_floor":["M","?","$","?","M","E","R","M","T","M","?","M","E","$","R","B",null,"M","$","?","?","M","R","E","$","T","M","E","?","$","M","R","B",null,"M","M","?","?","M"],"character_chosen":"DEFECT","items_purchased":["Lantern","Tempest","Conserve Battery","Capacitor","Steam","Cold Snap","Conserve Battery"],"campfire_rested":0,"item_purchase_floors":[3,3,14,19,25,25,30],"current_hp_per_floor":[75,75,75,75,75,75,75,75,75,69,69,48,45,45,45,41,85,68,68,68,68,68,68,31,31,31,21,28,5,5,42,42,26,85,37,31,31,31,0,0],"gold":199,"neow_bonus":"THREE_ENEMY_KILL","is_daily":false,"chose_seed":false,"campfire_upgraded":4,"win_rate":0.0,"timestamp":1610877311,"path_taken":["M","?","$","?","M","E","R","M","T","?","?","M","E","?","R","BOSS","M","$","?","?","M","R","E","$","T","M","E","?","$","?","R","BOSS","M","M","?","?","?"],"items_purchased_type":["Relic","Card","Card","Card","Card","Card","Card"],"build_version":"2020-12-22","purchased_purges":2,"victory":false,"max_hp_per_floor":[75,75,75,75,75,75,75,75,75,75,75,75,75,75,75,75,85,85,85,85,85,85,85,85,85,85,85,85,85,85,85,85,85,85,85,85,85,85,85,85],"card_choices":[{"not_picked":["Leap","Go for the Eyes"],"picked":"Ball Lightning","floor":1.0},{"not_picked":["Heatsinks","Redo"],"picked":"Cold Snap","floor":5.0},{"not_picked":["Blizzard","White Noise"],"picked":"Ball Lightning","floor":6.0},{"not_picked":["Beam Cell","Hologram"],"picked":"Coolheaded","floor":8.0},{"not_picked":["Ball Lightning","Scrape"],"picked":"Stack","floor":10.0},{"not_picked":["Stack","Double Energy"],"picked":"Buffer","floor":12.0},{"not_picked":["Ball Lightning","Skim"],"picked":"Melter","floor":13.0},{"not_picked":["Amplify","Buffer","Seek"],"picked":"Electrodynamics","floor":16.0},{"not_picked":["Compile Driver","Beam Cell","Ball Lightning"],"picked":"BootSequence","floor":17.0},{"not_picked":["Loop","Coolheaded","FTL"],"picked":"Conserve Battery","floor":18.0},{"not_picked":["Leap+1","Steam","Sweeping Beam+1"],"picked":"Self Repair","floor":22.0},{"not_picked":["Doom and Gloom","Redo","All For One"],"picked":"Loop","floor":24},{"not_picked":["Turbo","Compile Driver","Cold Snap"],"picked":"Defragment","floor":27},{"not_picked":["Aggregate","Capacitor","Steam"],"picked":"Turbo","floor":28},{"not_picked":["Sunder","Ball Lightning+1","Reprogram","Cold Snap"],"picked":"SKIP","floor":31},{"not_picked":["All For One","Machine Learning","Multi-Cast"],"picked":"Core Surge","floor":33},{"not_picked":["Capacitor","Darkness","Fusion"],"picked":"White Noise+1","floor":35},{"not_picked":["Leap+1","Gash","Sweeping Beam"],"picked":"Coolheaded+1","floor":36}],"player_experience":144867,"relics_obtained":[{"floor":6.0,"key":"Dead Branch"},{"floor":9.0,"key":"Lizard Tail"},{"floor":13.0,"key":"Question Card"},{"floor":24,"key":"Bag of Preparation"},{"floor":28,"key":"Emotion Chip"},{"floor":29,"key":"Red Mask"}],"event_choices":[{"damage_healed":0.0,"max_hp_gain":0.0,"max_hp_loss":0.0,"gold_gain":175.0,"event_name":"Liars Game","player_choice":"AGREE","floor":2.0,"gold_loss":0.0,"damage_taken":0.0,"cards_obtained":["Doubt"]},{"damage_healed":0.0,"max_hp_gain":0.0,"max_hp_loss":0.0,"gold_gain":0.0,"event_name":"Match and Keep!","player_choice":"1 cards matched","floor":4.0,"gold_loss":0.0,"damage_taken":0.0,"cards_obtained":["Zap"]},{"damage_healed":0.0,"max_hp_gain":0.0,"max_hp_loss":0.0,"gold_gain":0.0,"event_name":"WeMeetAgain","player_choice":"Gave Potion","floor":11.0,"gold_loss":0.0,"damage_taken":0.0,"relics_obtained":["Shuriken"]},{"damage_healed":0.0,"max_hp_gain":0.0,"max_hp_loss":0.0,"gold_gain":0.0,"cards_transformed":["Strike_B","Defend_B"],"event_name":"Drug Dealer","player_choice":"Became Test Subject","floor":20.0,"gold_loss":0.0,"damage_taken":0.0,"cards_obtained":["Lockon","Ball Lightning"]},{"damage_healed":0,"gold_gain":0,"player_choice":"Fought Bandits","damage_taken":0,"max_hp_gain":0,"max_hp_loss":0,"event_name":"Masked Bandits","floor":29,"gold_loss":0},{"cards_removed":["Core Surge"],"damage_healed":0,"gold_gain":0,"player_choice":"Removed Attack","damage_taken":0,"max_hp_gain":0,"max_hp_loss":0,"event_name":"Falling","floor":37,"gold_loss":0},{"cards_removed":["Defend_B"],"damage_healed":0,"gold_gain":0,"player_choice":"Purged","damage_taken":0,"max_hp_gain":0,"max_hp_loss":0,"event_name":"Purifier","floor":38,"gold_loss":0}],"is_beta":false,"boss_relics":[{"not_picked":["Velvet Choker","Sozu"],"picked":"Tiny House"},{"not_picked":["Cursed Key","Runic Pyramid"],"picked":"Inserter"}],"items_purged_floors":[3,19],"is_endless":false,"potions_floor_spawned":[5,10,12,13,18,27,31,33,36],"killed_by":"Transient","ascension_level":3}}