{"host":"id1lehtnb7dzklac","time":1610898007,"event":{"mods":["AchievementEnabler","BaseMod","Bestiary","Block Reminder","Colored Map","Highlight Path","Minty Spire (QoL Compilation)","Permanent Neow","Random Character Button","StSLib","slay the spire mod where everything is the same but ironclad has a cowboy hat"],"gold_per_floor":[114,133,152,170,188,218,218,251,277,277,277,304,320,349,349,446,446,489,534,572,126,126,160,160,235,235,260,32,32,126,204,204,304,304,381,193,271,381,16,105,105,196,219,219,71,143,217,217,217,217,217,217,8,72,72],"floor_reached":56,"language":"ENG","playtime":2879,"items_purged":["Strike_P","Strike_P","Defend_P","Defend_P","Strike_P"],"score":1455,"play_id":"409016d0-3a49-45dd-88e1-7e36c9ad74ad","local_time":"20210117234007","is_ascension_mode":true,"campfire_choices":[{"data":"Tantrum","floor":7,"key":"SMITH"},{"data":"Eruption","floor":10,"key":"SMITH"},{"floor":15,"key":"REST"},{"data":"Wish","floor":24,"key":"SMITH"},{"data":"Wish","floor":29,"key":"SMITH"},{"data":"EmptyMind","floor":32,"key":"SMITH"},{"data":"Adaptation","floor":41,"key":"SMITH"},{"floor":44,"key":"RECALL"},{"data":"FlurryOfBlows","floor":49,"key":"SMITH"},{"data":"SashWhip","floor":52,"key":"SMITH"}],"circlet_count":0,"master_deck":["Strike_P","Defend_P","Defend_P","Eruption+1","Vigilance","Meditate+1","Tantrum+1","SashWhip+1","EmptyMind+1","Wish+1","TalkToTheHand+1","Wallop","FlurryOfBlows+1","Wish+1","Adaptation+1","ClearTheMind","Halt","EmptyFist","FearNoEvil","FlurryOfBlows+1","Wallop+1","InnerPeace"],"relics":["Busted Crown","HornCleat","Toy Ornithopter","Potion Belt","PreservedInsect","Omamori","Calling Bell","Art of War","Question Card","StoneCalendar","TeardropLocket","Orichalcum","Meat on the Bone","Membership Card","Bag of Preparation","Kunai","Coffee Dripper","Centennial Puzzle","WingedGreaves","Gambling Chip","Torii","Blood Vial","Pen Nib","Lantern","Bottled Flame","Happy Flower"],"acts_visited":["Exordium","TheCity","TheBeyond","TheEnding"],"potions_floor_usage":[6,6,27,27,33,37,40,55,55,55],"damage_taken":[{"damage":7,"enemies":"Cultist","floor":1,"turns":3},{"damage":0,"enemies":"Small Slimes","floor":2,"turns":2},{"damage":0,"enemies":"Jaw Worm","floor":3,"turns":2},{"damage":1,"enemies":"2 Fungi Beasts","floor":4,"turns":4},{"damage":2,"enemies":"3 Louse","floor":5,"turns":3},{"damage":24,"enemies":"3 Sentries","floor":6,"turns":9},{"damage":23,"enemies":"Gremlin Nob","floor":8,"turns":4},{"damage":8,"enemies":"Lagavulin","floor":12,"turns":5},{"damage":0,"enemies":"Large Slime","floor":13,"turns":3},{"damage":0,"enemies":"Gremlin Nob","floor":14,"turns":2},{"damage":13,"enemies":"Hexaghost","floor":16,"turns":8},{"damage":18,"enemies":"Shell Parasite","floor":18,"turns":7},{"damage":0,"enemies":"3 Byrds","floor":19,"turns":6},{"damage":23,"enemies":"Snake Plant","floor":20,"turns":7},{"damage":0,"enemies":"Book of Stabbing","floor":23,"turns":4},{"damage":0,"enemies":"Centurion and Healer","floor":25,"turns":5},{"damage":30,"enemies":"Sentry and Sphere","floor":27,"turns":7},{"damage":16,"enemies":"Gremlin Leader","floor":30,"turns":7},{"damage":0,"enemies":"Snake Plant","floor":31,"turns":4},{"damage":24,"enemies":"Champ","floor":33,"turns":7},{"damage":10,"enemies":"3 Shapes","floor":35,"turns":7},{"damage":1,"enemies":"Orb Walker","floor":37,"turns":4},{"damage":4,"enemies":"Mind Bloom Boss Battle","floor":38,"turns":4},{"damage":17,"enemies":"Reptomancer","floor":40,"turns":6},{"damage":0,"enemies":"Giant Head","floor":42,"turns":5},{"damage":0,"enemies":"Maw","floor":46,"turns":5},{"damage":1,"enemies":"3 Darklings","floor":47,"turns":4},{"damage":30,"enemies":"Time Eater","floor":50,"turns":6},{"damage":0,"enemies":"Shield and Spear","floor":54,"turns":2},{"damage":16,"enemies":"The Heart","floor":55,"turns":5}],"seed_played":"639802236652637381","potions_obtained":[{"floor":1,"key":"ColorlessPotion"},{"floor":4,"key":"LiquidBronze"},{"floor":8,"key":"BlessingOfTheForge"},{"floor":12,"key":"SpeedPotion"},{"floor":13,"key":"BottledMiracle"},{"floor":14,"key":"SmokeBomb"},{"floor":20,"key":"Swift Potion"},{"floor":30,"key":"Energy Potion"},{"floor":31,"key":"SkillPotion"},{"floor":33,"key":"SkillPotion"},{"floor":40,"key":"FearPotion"},{"floor":42,"key":"FearPotion"}],"is_trial":false,"path_per_floor":["M","M","M","M","M","E","R","E","T","R","?","E","M","E","R","B",null,"M","M","M","$","?","E","R","M","T","M","$","R","E","M","R","B",null,"M","$","M","?","$","E","R","E","T","R","$","M","M","?","R","B",null,"R","$","E","B",null],"character_chosen":"WATCHER","items_purchased":["TeardropLocket","Wallop","FlurryOfBlows","Membership Card","Bag of Preparation","EmptyFist","FearNoEvil","Centennial Puzzle","Gambling Chip","Torii","Lantern","Bottled Flame"],"campfire_rested":1,"item_purchase_floors":[21,21,21,28,28,36,36,36,39,39,45,53],"current_hp_per_floor":[65,65,65,64,62,38,38,15,15,15,15,7,7,7,28,15,72,54,54,31,31,31,31,31,31,31,23,23,23,19,31,31,24,72,62,62,66,62,62,50,50,52,52,52,52,54,55,55,55,39,72,72,72,72,61],"gold":72,"neow_bonus":"BOSS_RELIC","is_daily":false,"chose_seed":false,"campfire_upgraded":8,"win_rate":0.0,"timestamp":1610898007,"path_taken":["M","M","M","M","?","E","R","E","T","R","?","E","M","E","R","BOSS","M","M","?","$","?","E","R","M","T","M","$","R","E","M","R","BOSS","M","$","?","?","$","E","R","E","T","R","$","M","M","?","R","BOSS","R","$","E","BOSS"],"items_purchased_type":["Relic","Card","Card","Relic","Relic","Card","Card","Relic","Relic","Relic","Relic","Relic"],"build_version":"2020-12-22","purchased_purges":5,"victory":true,"max_hp_per_floor":[72,72,72,72,72,72,72,72,72,72,72,72,72,72,72,72,72,72,72,72,72,72,72,72,72,72,72,72,72,72,72,72,72,72,72,72,72,72,72,72,72,72,72,72,72,72,72,72,72,72,72,72,72,72,72],"card_choices":[{"not_picked":[],"picked":"Meditate","floor":1},{"not_picked":["Crescendo"],"picked":"SKIP","floor":2},{"not_picked":[],"picked":"Tantrum","floor":3},{"not_picked":["Worship"],"picked":"SKIP","floor":4},{"not_picked":["Fasting2"],"picked":"SKIP","floor":5},{"not_picked":["Perseverance"],"picked":"SKIP","floor":6},{"not_picked":[],"picked":"SashWhip","floor":8},{"not_picked":["JustLucky"],"picked":"SKIP","floor":12},{"not_picked":["Nirvana"],"picked":"SKIP","floor":13},{"not_picked":[],"picked":"EmptyMind","floor":14},{"not_picked":[],"picked":"Wish","floor":16},{"not_picked":["LikeWater","Perseverance"],"picked":"SKIP","floor":18},{"not_picked":["CutThroughFate+1"],"picked":"TalkToTheHand+1","floor":19},{"not_picked":["Wireheading","Swivel"],"picked":"SKIP","floor":20},{"not_picked":["CutThroughFate+1"],"picked":"Adaptation","floor":23},{"not_picked":["Indignation","PathToVictory"],"picked":"SKIP","floor":25},{"not_picked":["PathToVictory","Blasphemy"],"picked":"SKIP","floor":30},{"not_picked":["WheelKick"],"picked":"ClearTheMind","floor":31},{"not_picked":["EmptyBody"],"picked":"Halt","floor":35},{"not_picked":["Evaluate+1"],"picked":"FlurryOfBlows+1","floor":37},{"not_picked":["FlyingSleeves+1"],"picked":"Wallop+1","floor":40},{"not_picked":["Wallop","Crescendo"],"picked":"SKIP","floor":42},{"not_picked":["Prostrate","ClearTheMind+1"],"picked":"SKIP","floor":46},{"not_picked":["CarveReality+1"],"picked":"InnerPeace","floor":47},{"not_picked":["Evaluate","CutThroughFate"],"picked":"SKIP","floor":54}],"player_experience":228115,"relics_obtained":[{"floor":6,"key":"HornCleat"},{"floor":8,"key":"Toy Ornithopter"},{"floor":9,"key":"Potion Belt"},{"floor":12,"key":"PreservedInsect"},{"floor":14,"key":"Omamori"},{"floor":17,"key":"Art of War"},{"floor":17,"key":"Question Card"},{"floor":17,"key":"StoneCalendar"},{"floor":23,"key":"Orichalcum"},{"floor":26,"key":"Meat on the Bone"},{"floor":30,"key":"Kunai"},{"floor":38,"key":"WingedGreaves"},{"floor":40,"key":"Blood Vial"},{"floor":42,"key":"Pen Nib"},{"floor":54,"key":"Happy Flower"}],"event_choices":[{"damage_healed":0,"gold_gain":0,"player_choice":"Upgraded","damage_taken":0,"max_hp_gain":0,"max_hp_loss":0,"event_name":"Upgrade Shrine","floor":11,"gold_loss":0,"cards_upgraded":["Meditate"]},{"damage_healed":0,"gold_gain":0,"player_choice":"Copied","damage_taken":0,"max_hp_gain":0,"max_hp_loss":0,"event_name":"Duplicator","floor":22,"gold_loss":0,"cards_obtained":["Wish"]},{"damage_healed":0,"gold_gain":0,"player_choice":"Fight","damage_taken":0,"max_hp_gain":0,"max_hp_loss":0,"event_name":"MindBloom","floor":38,"gold_loss":0},{"damage_healed":0,"gold_gain":0,"player_choice":"Ignored","damage_taken":0,"max_hp_gain":0,"max_hp_loss":0,"event_name":"Tomb of Lord Red Mask","floor":48,"gold_loss":0}],"is_beta":false,"boss_relics":[{"not_picked":["Fusion Hammer","Snecko Eye"],"picked":"Calling Bell"},{"not_picked":["SlaversCollar","Astrolabe"],"picked":"Coffee Dripper"}],"items_purged_floors":[21,36,39,45,53],"is_endless":false,"potions_floor_spawned":[1,4,8,12,13,14,20,30,31,33,40,42,46],"ascension_level":1}}