{"host":"i7jfea87xc8lz16p","time":1610887075,"event":{"mods":["AchievementEnabler","BaseMod","Colored Powertips","Minty Spire (QoL Compilation)","Relic Stats"],"gold_per_floor":[114,132,132,18,38,38,48,74,97,97,97,97,127,27,27,104,104,121,121,77,97,115,115,115,135,135,149,149,24,58,58,58,58,58],"floor_reached":33,"language":"ENG","playtime":781,"items_purged":["Strike_R","Strike_R","Strike_R"],"score":546,"play_id":"c7af66e3-bf9a-4010-aefb-cfa1faa39ae8","local_time":"20210117133755","is_ascension_mode":true,"campfire_choices":[{"data":"Whirlwind","floor":6,"key":"SMITH"},{"data":"Uppercut","floor":10,"key":"SMITH"},{"data":"Spot Weakness","floor":12,"key":"SMITH"},{"data":"True Grit","floor":15,"key":"SMITH"},{"data":"Heavy Blade","floor":23,"key":"SMITH"},{"floor":28,"key":"REST"},{"floor":32,"key":"REST"}],"circlet_count":0,"master_deck":["AscendersBane","Defend_R","Defend_R","Defend_R","Defend_R","Bash","Whirlwind+1","Spot Weakness+1","Uppercut+1","True Grit+1","Bloodletting","Metallicize","Heavy Blade+1","Flame Barrier","Flame Barrier","Thunderclap+1","True Grit","Rupture"],"relics":["Sozu","Sundial","Toy Ornithopter","Boot","Pantograph","Velvet Choker","Letter Opener","Juzu Bracelet"],"acts_visited":["Exordium","TheCity"],"potions_floor_usage":[],"damage_taken":[{"damage":1,"enemies":"Cultist","floor":1,"turns":3},{"damage":2,"enemies":"Jaw Worm","floor":2,"turns":3},{"damage":0,"enemies":"2 Louse","floor":5,"turns":1},{"damage":0,"enemies":"Exordium Thugs","floor":7,"turns":2},{"damage":8,"enemies":"3 Sentries","floor":8,"turns":4},{"damage":25,"enemies":"Lagavulin","floor":13,"turns":5},{"damage":24,"enemies":"Hexaghost","floor":16,"turns":8},{"damage":11,"enemies":"2 Thieves","floor":18,"turns":2},{"damage":0,"enemies":"Chosen","floor":21,"turns":5},{"damage":7,"enemies":"Centurion and Healer","floor":22,"turns":2},{"damage":10,"enemies":"3 Cultists","floor":25,"turns":5},{"damage":10,"enemies":"Snecko","floor":27,"turns":4},{"damage":29,"enemies":"Slavers","floor":30,"turns":4},{"damage":75,"enemies":"Collector","floor":33,"turns":7}],"seed_played":"3788526359026625222","potions_obtained":[],"is_trial":false,"path_per_floor":["M","M","T","$","M","R","M","E","T","R","?","R","E","$","R","B",null,"M","?","$","M","M","R","?","M","T","M","R","$","E","?","R","B"],"character_chosen":"IRONCLAD","items_purchased":["Spot Weakness","Flame Barrier"],"campfire_rested":2,"item_purchase_floors":[4,20],"current_hp_per_floor":[67,65,65,65,65,65,65,57,57,57,57,57,32,32,32,33,65,54,54,54,54,47,47,47,37,37,27,49,49,20,20,42,0,0],"gold":58,"neow_bonus":"BOSS_RELIC","is_daily":false,"chose_seed":false,"campfire_upgraded":5,"win_rate":0.0,"timestamp":1610887075,"path_taken":["M","M","?","$","M","R","?","E","T","R","?","R","E","$","R","BOSS","M","?","$","M","M","R","?","M","T","M","R","$","E","?","R","BOSS"],"items_purchased_type":["Card","Card"],"build_version":"2020-12-22","purchased_purges":3,"victory":false,"max_hp_per_floor":[75,75,75,75,75,75,75,75,75,75,75,75,75,75,75,75,75,75,75,75,75,75,75,75,75,75,75,75,75,75,75,75,75,75],"relic_stats":{"Sozu":5,"counters":[14,55],"Sundial":[8],"Pantograph":50,"Juzu Bracelet":1,"Letter Opener":[55],"Boot":[0],"obtain_stats":[{"Sozu":0,"Sundial":3,"Pantograph":13,"Velvet Choker":17,"Juzu Bracelet":30,"Letter Opener":26,"Boot":9,"Burning Blood":0,"Toy Ornithopter":8},{"Sozu":0,"Sundial":2,"Pantograph":6,"Velvet Choker":7,"Juzu Bracelet":13,"Letter Opener":11,"Boot":5,"Burning Blood":0,"Toy Ornithopter":5},{"Sozu":0,"Sundial":6,"Pantograph":18,"Velvet Choker":26,"Juzu Bracelet":48,"Letter Opener":40,"Boot":13,"Burning Blood":0,"Toy Ornithopter":13}],"Toy Ornithopter":0},"card_choices":[{"not_picked":["Iron Wave","Warcry","Ghostly Armor"],"picked":"SKIP","floor":1},{"not_picked":["Twin Strike","Warcry"],"picked":"Whirlwind","floor":2},{"not_picked":["Perfected Strike","Second Wind"],"picked":"Uppercut","floor":5},{"not_picked":["Wild Strike","Carnage"],"picked":"True Grit","floor":7},{"not_picked":["Rupture","Infernal Blade","Dropkick"],"picked":"SKIP","floor":8},{"not_picked":["Seeing Red","Feel No Pain"],"picked":"Bloodletting","floor":13},{"not_picked":["Heavy Blade","Warcry"],"picked":"Metallicize","floor":18},{"not_picked":["Wild Strike","Sever Soul+1"],"picked":"Flame Barrier","floor":21},{"not_picked":["Pommel Strike","Reckless Charge"],"picked":"Thunderclap+1","floor":22},{"not_picked":["Havoc","Bloodletting","Cleave"],"picked":"SKIP","floor":25},{"not_picked":["Havoc","Iron Wave"],"picked":"True Grit","floor":27},{"not_picked":["Pummel","Seeing Red+1"],"picked":"Rupture","floor":30}],"player_experience":1786358,"relics_obtained":[{"floor":3,"key":"Sundial"},{"floor":8,"key":"Toy Ornithopter"},{"floor":9,"key":"Boot"},{"floor":13,"key":"Pantograph"},{"floor":26,"key":"Letter Opener"},{"floor":30,"key":"Juzu Bracelet"}],"event_choices":[{"cards_removed":["Strike_R"],"damage_healed":0,"gold_gain":0,"player_choice":"Offered Basic","damage_taken":0,"max_hp_gain":0,"max_hp_loss":0,"event_name":"Bonfire Elementals","floor":11,"gold_loss":0},{"damage_healed":0,"gold_gain":0,"player_choice":"Read","damage_taken":0,"max_hp_gain":0,"max_hp_loss":0,"event_name":"The Library","floor":19,"gold_loss":0,"cards_obtained":["Heavy Blade"]},{"cards_removed":["Strike_R"],"damage_healed":0,"gold_gain":0,"player_choice":"Purged","damage_taken":0,"max_hp_gain":0,"max_hp_loss":0,"event_name":"Purifier","floor":24,"gold_loss":0}],"is_beta":false,"boss_relics":[{"not_picked":["Cursed Key","Black Star"],"picked":"Velvet Choker"}],"items_purged_floors":[4,14,29],"is_endless":false,"potions_floor_spawned":[5,7,13,18,25],"killed_by":"Collector","ascension_level":20}}