{"host":"ml2ro5l6hu6y0pll","time":1610926472,"event":{"mods":["AchievementEnabler","BaseMod","Colored Map","Colored Powertips","Custom Start","Googly Eyes","Minty Spire (QoL Compilation)","Quick Restart","Rare Cards Sparkle","Relic Stats","StSLib","everything is the same but u backflip on backflip"],"gold_per_floor":[112,129,148,148,162,187,220,220,245,245,270,5,39,71,71,144,144,144,144,65,65,65,65,65,65,65,65,65,65,65,65,65,65,65,65,65,65,65,65,65,65,65,65,65,65,65,65,65,65,65,65],"floor_reached":52,"language":"ENG","playtime":2213,"items_purged":[],"score":2800,"play_id":"2d25260e-e280-4633-9080-08589999a03e","local_time":"20210117233432","daily_mods":["Flight","Elite Swarm"],"is_ascension_mode":true,"campfire_choices":[{"data":"Malaise","floor":8,"key":"SMITH"},{"floor":10,"key":"REST"},{"data":"Adrenaline","floor":15,"key":"SMITH"},{"data":"Tools of the Trade","floor":27,"key":"SMITH"},{"floor":32,"key":"REST"},{"data":"Catalyst","floor":40,"key":"SMITH"},{"data":"Burst","floor":41,"key":"SMITH"},{"data":"Wraith Form v2","floor":49,"key":"SMITH"}],"circlet_count":0,"master_deck":["PiercingWail+1","Backflip+1","Cloak And Dagger+1","Cloak And Dagger+1","Finisher+1","Blade Dance+1","Dagger Spray+1","Crippling Poison+1","Catalyst+1","Corpse Explosion+1","Poisoned Stab","Malaise+1","Envenom","Adrenaline+1","Burst+1","Noxious Fumes","Footwork","Tools of the Trade+1","Backflip","After Image","Catalyst+1","Calculated Gamble","Bouncing Flask","Bullet Time","After Image","Wraith Form v2+1","Cloak And Dagger+1"],"relics":["Ring of the Snake","Vajra","Ancient Tea Set","Omamori","Tiny Chest","Kunai","Question Card","HornCleat","Ectoplasm","Tough Bandages","PreservedInsect","Akabeko","Dream Catcher","Paper Crane","SlaversCollar","Gambling Chip","Bag of Preparation","Juzu Bracelet","Smiling Mask","Letter Opener","Old Coin","StrikeDummy"],"acts_visited":["Exordium","TheCity","TheBeyond"],"potions_floor_usage":[33,35,50],"damage_taken":[{"damage":12,"enemies":"Small Slimes","floor":1,"turns":2},{"damage":0,"enemies":"Jaw Worm","floor":2,"turns":2},{"damage":0,"enemies":"Cultist","floor":3,"turns":2},{"damage":0,"enemies":"Looter","floor":5,"turns":2},{"damage":0,"enemies":"Gremlin Nob","floor":6,"turns":3},{"damage":6,"enemies":"Lagavulin","floor":7,"turns":5},{"damage":10,"enemies":"Gremlin Nob","floor":11,"turns":3},{"damage":14,"enemies":"3 Sentries","floor":13,"turns":4},{"damage":0,"enemies":"Lagavulin","floor":14,"turns":5},{"damage":0,"enemies":"Hexaghost","floor":16,"turns":4},{"damage":0,"enemies":"Spheric Guardian","floor":18,"turns":2},{"damage":0,"enemies":"2 Thieves","floor":21,"turns":1},{"damage":6,"enemies":"Snake Plant","floor":22,"turns":4},{"damage":0,"enemies":"Book of Stabbing","floor":23,"turns":3},{"damage":9,"enemies":"Gremlin Leader","floor":24,"turns":3},{"damage":0,"enemies":"Book of Stabbing","floor":25,"turns":3},{"damage":0,"enemies":"3 Cultists","floor":28,"turns":2},{"damage":11,"enemies":"Cultist and Chosen","floor":29,"turns":4},{"damage":0,"enemies":"Snake Plant","floor":31,"turns":4},{"damage":10,"enemies":"Champ","floor":33,"turns":5},{"damage":0,"enemies":"3 Darklings","floor":35,"turns":3},{"damage":0,"enemies":"Orb Walker","floor":36,"turns":2},{"damage":0,"enemies":"4 Shapes","floor":37,"turns":3},{"damage":0,"enemies":"Jaw Worm Horde","floor":38,"turns":2},{"damage":0,"enemies":"2 Orb Walkers","floor":39,"turns":2},{"damage":0,"enemies":"Nemesis","floor":42,"turns":3},{"damage":0,"enemies":"Giant Head","floor":44,"turns":4},{"damage":0,"enemies":"Nemesis","floor":45,"turns":1},{"damage":0,"enemies":"Giant Head","floor":46,"turns":4},{"damage":0,"enemies":"Maw","floor":47,"turns":2},{"damage":0,"enemies":"Nemesis","floor":48,"turns":3},{"damage":15,"enemies":"Awakened One","floor":50,"turns":13},{"damage":10,"enemies":"Time Eater","floor":51,"turns":6}],"seed_played":"-2182094841953084572","potions_obtained":[{"floor":3,"key":"FearPotion"},{"floor":5,"key":"SpeedPotion"},{"floor":13,"key":"CunningPotion"},{"floor":16,"key":"Regen Potion"},{"floor":29,"key":"GhostInAJar"},{"floor":36,"key":"AttackPotion"},{"floor":38,"key":"Strength Potion"}],"is_trial":true,"path_per_floor":["M","M","M","$","M","E","E","R","T","R","E","$","E","E","R","B",null,"M","?","$","M","M","E","E","E","T","R","M","M","?","M","R","B",null,"M","M","M","M","?","R","R","E","T","E","E","E","M","E","R","B","B",null],"character_chosen":"THE_SILENT","items_purchased":["Kunai","Noxious Fumes"],"campfire_rested":2,"item_purchase_floors":[12,20],"current_hp_per_floor":[47,47,47,47,47,47,41,41,41,60,50,50,36,36,36,36,59,59,59,59,59,53,53,44,44,44,44,44,33,15,15,36,41,64,64,64,64,64,64,64,64,64,64,64,64,64,64,64,64,49,39],"gold":65,"neow_bonus":"","is_daily":false,"chose_seed":false,"campfire_upgraded":6,"win_rate":0.0,"timestamp":1610926472,"path_taken":["M","M","M","$","M","E","E","R","T","R","E","$","E","E","R","BOSS","M","?","$","M","M","E","E","E","T","R","M","M","?","M","R","BOSS","M","M","M","M","?","R","R","E","T","E","E","E","M","E","R","BOSS","BOSS"],"items_purchased_type":["Relic","Card"],"build_version":"2020-12-22","purchased_purges":0,"victory":true,"max_hp_per_floor":[66,66,66,66,66,66,66,66,66,66,66,66,66,66,66,66,66,66,66,66,66,66,66,66,66,66,66,66,66,71,71,71,71,71,71,71,71,71,71,71,71,71,71,71,71,71,71,71,71,71,71],"relic_stats":{"counters":[33,111],"PreservedInsect":501,"Bag of Preparation":[14],"Juzu Bracelet":0,"Letter Opener":[127],"Question Card":24,"Smiling Mask":0,"Tough Bandages":[153],"Dream Catcher":1,"Gambling Chip":[9],"Tiny Chest":0,"Ectoplasm":812,"Kunai":[62],"obtain_stats":[{"Vajra":6,"PreservedInsect":23,"Omamori":9,"Bag of Preparation":42,"Juzu Bracelet":43,"Letter Opener":45,"Paper Crane":26,"Ancient Tea Set":7,"Question Card":13,"Smiling Mask":44,"Akabeko":24,"Old Coin":46,"SlaversCollar":34,"Tough Bandages":19,"Dream Catcher":25,"HornCleat":14,"Gambling Chip":39,"Tiny Chest":11,"Ectoplasm":17,"Kunai":12,"StrikeDummy":48,"Ring of the Snake":0},{"Vajra":5,"PreservedInsect":14,"Omamori":6,"Bag of Preparation":26,"Juzu Bracelet":26,"Letter Opener":28,"Paper Crane":16,"Ancient Tea Set":6,"Question Card":8,"Smiling Mask":27,"Akabeko":15,"Old Coin":29,"SlaversCollar":20,"Tough Bandages":11,"Dream Catcher":16,"HornCleat":9,"Gambling Chip":25,"Tiny Chest":7,"Ectoplasm":10,"Kunai":7,"StrikeDummy":31,"Ring of the Snake":0},{"Vajra":11,"PreservedInsect":42,"Omamori":16,"Bag of Preparation":78,"Juzu Bracelet":78,"Letter Opener":83,"Paper Crane":48,"Ancient Tea Set":16,"Question Card":23,"Smiling Mask":82,"Akabeko":45,"Old Coin":87,"SlaversCollar":63,"Tough Bandages":34,"Dream Catcher":48,"HornCleat":28,"Gambling Chip":75,"Tiny Chest":19,"Ectoplasm":32,"Kunai":19,"StrikeDummy":92,"Ring of the Snake":0}],"Ring of the Snake":[66]},"card_choices":[{"not_picked":["Underhanded Strike","Expertise"],"picked":"Poisoned Stab","floor":1},{"not_picked":["Outmaneuver","Backstab"],"picked":"Malaise","floor":2},{"not_picked":["Slice","Backflip","Dodge and Roll"],"picked":"SKIP","floor":3},{"not_picked":["Backstab","Cloak And Dagger","Dagger Spray"],"picked":"SKIP","floor":5},{"not_picked":["Venomology","Doppelganger"],"picked":"Envenom","floor":6},{"not_picked":["Malaise","Corpse Explosion","Phantasmal Killer"],"picked":"SKIP","floor":7},{"not_picked":["Phantasmal Killer","Glass Knife"],"picked":"Adrenaline","floor":11},{"not_picked":["Tools of the Trade","Venomology","Glass Knife"],"picked":"SKIP","floor":13},{"not_picked":["Storm of Steel","Glass Knife","A Thousand Cuts","Doppelganger"],"picked":"SKIP","floor":14},{"not_picked":["A Thousand Cuts","Tools of the Trade","Unload"],"picked":"Burst","floor":16},{"not_picked":["Setup","Cloak And Dagger","Concentrate","Poisoned Stab"],"picked":"SKIP","floor":18},{"not_picked":["Dagger Throw","Dagger Spray","PiercingWail+1"],"picked":"Footwork","floor":21},{"not_picked":["Dagger Spray+1","Blade Dance","Poisoned Stab+1","Cloak And Dagger"],"picked":"SKIP","floor":22},{"not_picked":["Unload","Phantasmal Killer","Storm of Steel","Malaise"],"picked":"SKIP","floor":23},{"not_picked":["Malaise","Unload","Storm of Steel","Corpse Explosion"],"picked":"SKIP","floor":24},{"not_picked":["Unload","A Thousand Cuts","Corpse Explosion","Tools of the Trade"],"picked":"SKIP","floor":25},{"not_picked":["Unload","A Thousand Cuts","Corpse Explosion"],"picked":"Tools of the Trade","floor":25},{"not_picked":["Cloak And Dagger","Prepared","Deflect+1","Crippling Poison"],"picked":"SKIP","floor":28},{"not_picked":["Sucker Punch","Cloak And Dagger","Blade Dance"],"picked":"Backflip","floor":29},{"not_picked":["Masterful Stab","Expertise","Acrobatics","Prepared"],"picked":"SKIP","floor":31},{"not_picked":["Phantasmal Killer","Storm of Steel","Venomology"],"picked":"After Image","floor":33},{"not_picked":["Dodge and Roll","Backflip","Prepared"],"picked":"Catalyst","floor":35},{"not_picked":["Dagger Spray+1","Blade Dance","Flying Knee"],"picked":"Calculated Gamble","floor":36},{"not_picked":["Crippling Poison","Dagger Spray","PiercingWail"],"picked":"Bouncing Flask","floor":37},{"not_picked":["PiercingWail","Dagger Spray","Dagger Throw","Concentrate"],"picked":"SKIP","floor":38},{"not_picked":["Burst","Venomology","Tools of the Trade"],"picked":"Bullet Time","floor":42},{"not_picked":["Burst","Glass Knife","Doppelganger"],"picked":"After Image","floor":44},{"not_picked":["A Thousand Cuts","Die Die Die","Phantasmal Killer"],"picked":"Wraith Form v2","floor":45},{"not_picked":["A Thousand Cuts","Storm of Steel","Venomology","Malaise"],"picked":"SKIP","floor":46},{"not_picked":["Deflect","Blade Dance+1","Dagger Spray"],"picked":"Cloak And Dagger+1","floor":47},{"not_picked":["Grand Finale","Venomology","Envenom","Die Die Die"],"picked":"SKIP","floor":48}],"player_experience":820669,"relics_obtained":[{"floor":6,"key":"Vajra"},{"floor":7,"key":"Ancient Tea Set"},{"floor":9,"key":"Omamori"},{"floor":11,"key":"Tiny Chest"},{"floor":13,"key":"Question Card"},{"floor":14,"key":"HornCleat"},{"floor":23,"key":"PreservedInsect"},{"floor":24,"key":"Akabeko"},{"floor":25,"key":"Dream Catcher"},{"floor":26,"key":"Paper Crane"},{"floor":39,"key":"Gambling Chip"},{"floor":42,"key":"Bag of Preparation"},{"floor":43,"key":"Juzu Bracelet"},{"floor":44,"key":"Smiling Mask"},{"floor":45,"key":"Letter Opener"},{"floor":46,"key":"Old Coin"},{"floor":48,"key":"StrikeDummy"}],"event_choices":[{"damage_healed":0,"gold_gain":0,"player_choice":"Stole Relic","damage_taken":0,"relics_obtained":["Tough Bandages"],"max_hp_gain":0,"max_hp_loss":0,"event_name":"Addict","floor":19,"gold_loss":0,"cards_obtained":["Shame"]},{"damage_healed":0,"gold_gain":0,"player_choice":"Shed Blood","damage_taken":23,"max_hp_gain":5,"max_hp_loss":0,"event_name":"Forgotten Altar","floor":30,"gold_loss":0},{"damage_healed":0,"gold_gain":0,"player_choice":"Fight","damage_taken":0,"max_hp_gain":0,"max_hp_loss":0,"event_name":"Mysterious Sphere","floor":39,"gold_loss":0}],"is_beta":false,"boss_relics":[{"not_picked":["Astrolabe","Runic Dome"],"picked":"Ectoplasm"},{"not_picked":["Busted Crown","Snecko Eye"],"picked":"SlaversCollar"}],"items_purged_floors":[],"is_endless":false,"potions_floor_spawned":[3,5,13,16,18,23,29,31,36,38,46,47],"ascension_level":20}}