{"host":"n605f8gctjc87d7h","time":1610847207,"event":{"mods":["Aspiration","Bard","BaseMod","Better Match","Better Note","Better Skull","Better Third Choice","Conspire","Halation","Infinite Spire","Minty Spire (QoL Compilation)","Replay The Spire","Retaliation","Shade Mod","Spicy Shops","StSLib","The IronCluck"],"gold_per_floor":[117,117,117,133,45,45,120,154,181,199,54,86,104,121,121,200,200,214,227,227,140,140,140,167,185,234,234,234,252,252,262,262,262,262],"floor_reached":33,"language":"ENG","playtime":1640,"items_purged":["Strike_R"],"score":454,"play_id":"87bcff5a-c381-402f-997a-c9b0be5c894b","local_time":"20210116173327","is_ascension_mode":true,"campfire_choices":[{"floor":6,"key":"REST"},{"data":"Anger","floor":6,"key":"SMITH"},{"floor":15,"key":"REST"},{"data":"Thunderclap","floor":15,"key":"SMITH"},{"floor":23,"key":"REST"},{"data":"Combust","floor":23,"key":"SMITH"},{"floor":28,"key":"REST"},{"data":"infinitespire:Fortify","floor":28,"key":"SMITH"},{"floor":32,"key":"REST"},{"data":"Shrug It Off","floor":32,"key":"SMITH"}],"circlet_count":0,"master_deck":["AscendersBane","Strike_R","Strike_R","Strike_R","Defend_R","Defend_R","Defend_R","Defend_R","Bash","Anger+1","Shrug It Off+1","Rampage","Thunderclap+1","Demon Form","Seeing Red","Combust+1","infinitespire:Fortify+1"],"relics":["Burning Blood","infinitespire:Magic Flask","Mercury Hourglass","halation:LettersToHer","Pen Nib","ReplayTheSpireMod:Spearhead","Akabeko","Bag of Marbles","Happy Flower","Ice Cream","aspiration:RitualStick"],"acts_visited":["Exordium","TheCity"],"potions_floor_usage":[8,16,31,33],"damage_taken":[{"damage":8,"enemies":"conspire:RoseBush","floor":1,"turns":5},{"damage":9,"enemies":"Small Slimes","floor":4,"turns":4},{"damage":22,"enemies":"3 Sentries","floor":8,"turns":5},{"damage":0,"enemies":"Cultist","floor":10,"turns":2},{"damage":22,"enemies":"Gremlin Nob","floor":12,"turns":4},{"damage":0,"enemies":"2 Fungi Beasts","floor":13,"turns":3},{"damage":3,"enemies":"Exordium Thugs","floor":14,"turns":3},{"damage":55,"enemies":"The Guardian","floor":16,"turns":10},{"damage":25,"enemies":"Shell Parasite","floor":18,"turns":5},{"damage":21,"enemies":"Spheric Guardian","floor":19,"turns":4},{"damage":30,"enemies":"conspire:SneckoGhost","floor":24,"turns":5},{"damage":33,"enemies":"Snake Plant","floor":25,"turns":4},{"damage":3,"enemies":"conspire:HollyBat","floor":29,"turns":6},{"damage":9,"enemies":"Snecko","floor":31,"turns":4},{"damage":86,"enemies":"Automaton","floor":33,"turns":6}],"seed_played":"4435647169688290139","potions_obtained":[{"floor":4,"key":"PowerPotion"},{"floor":10,"key":"FearPotion"},{"floor":25,"key":"GamblersBrew"},{"floor":31,"key":"ColorlessPotion"}],"is_trial":false,"path_per_floor":["M","?","?","M","$","R","?","E","T","M","$","E","M","M","R","B",null,"M","M","?","?","$","R","E","M","T","AVR","R","M","?","M","R","B"],"character_chosen":"IRONCLAD","items_purchased":["infinitespire:Magic Flask","Pen Nib"],"campfire_rested":5,"item_purchase_floors":[5,11],"current_hp_per_floor":[78,71,76,73,73,93,84,68,68,74,74,58,64,67,93,44,81,62,47,47,47,47,74,50,23,23,23,50,53,34,31,58,0,0],"gold":262,"neow_bonus":"TEN_PERCENT_HP_BONUS","is_daily":false,"chose_seed":false,"campfire_upgraded":5,"win_rate":0.0,"timestamp":1610847207,"path_taken":["M","?","?","M","$","R","?","E","T","M","$","E","?","M","R","BOSS","M","M","?","?","$","R","E","M","T","AVR","R","?","?","M","R","BOSS"],"items_purchased_type":["Relic","Relic"],"build_version":"2020-12-22","purchased_purges":1,"victory":false,"max_hp_per_floor":[88,88,93,93,93,93,93,93,93,93,93,93,93,93,93,93,93,93,93,93,93,93,93,93,93,93,93,93,93,93,93,93,93,93],"card_choices":[{"not_picked":["Sword Boomerang","Whirlwind"],"picked":"Anger","floor":1},{"not_picked":["ReplayTheSpireMod:Limb From Limb","Sword Boomerang"],"picked":"Shrug It Off","floor":4},{"not_picked":["Intimidate","Clothesline"],"picked":"Rampage","floor":8},{"not_picked":["ReplayTheSpireMod:Strike From Hell","Searing Blow","Headbutt"],"picked":"SKIP","floor":10},{"not_picked":["Clash","Replay:Undeath\u0027s Touch"],"picked":"Thunderclap","floor":12},{"not_picked":["Sword Boomerang","Body Slam","Thunderclap"],"picked":"SKIP","floor":13},{"not_picked":["Reckless Charge","Armaments","True Grit"],"picked":"SKIP","floor":14},{"not_picked":["Impervious","Double Tap"],"picked":"Demon Form","floor":16},{"not_picked":["True Grit","Twin Strike"],"picked":"Seeing Red","floor":18},{"not_picked":["Spot Weakness","Perfected Strike"],"picked":"Combust","floor":19},{"not_picked":["Sentinel","Combust","Dual Wield"],"picked":"SKIP","floor":24},{"not_picked":["Anger","DDmod:PokeAttack","Dark Embrace"],"picked":"SKIP","floor":25},{"not_picked":["Clothesline","Iron Wave","Sword Boomerang"],"picked":"SKIP","floor":29},{"not_picked":["Heavy Blade","ReplayTheSpireMod:Strike From Hell","Replay:Undeath\u0027s Touch+1"],"picked":"SKIP","floor":31}],"player_experience":581332,"relics_obtained":[{"floor":8,"key":"Mercury Hourglass"},{"floor":9,"key":"halation:LettersToHer"},{"floor":12,"key":"ReplayTheSpireMod:Spearhead"},{"floor":24,"key":"Bag of Marbles"},{"floor":26,"key":"halation:LettersToHer"},{"floor":26,"key":"Happy Flower"}],"event_choices":[{"cards_removed":["Strike_R"],"damage_healed":0,"gold_gain":0,"player_choice":"Card Removal","damage_taken":7,"max_hp_gain":0,"max_hp_loss":0,"event_name":"Golden Wing","floor":2,"gold_loss":0},{"damage_healed":0,"gold_gain":0,"player_choice":"Donut","damage_taken":0,"max_hp_gain":5,"max_hp_loss":0,"event_name":"Big Fish","floor":3,"gold_loss":0},{"damage_healed":0,"gold_gain":75,"player_choice":"Touch","damage_taken":9,"max_hp_gain":0,"max_hp_loss":0,"event_name":"FaceTrader","floor":7,"gold_loss":0},{"damage_healed":0,"gold_gain":0,"player_choice":"Ignored","damage_taken":0,"max_hp_gain":0,"max_hp_loss":0,"event_name":"Ghosts","floor":20,"gold_loss":0},{"damage_healed":0,"gold_gain":0,"player_choice":"Paid Gold","damage_taken":0,"relics_obtained":["Akabeko"],"max_hp_gain":0,"max_hp_loss":0,"event_name":"WeMeetAgain","floor":21,"gold_loss":87}],"is_beta":false,"boss_relics":[{"not_picked":["Runic Pyramid","halation:Risk","halation:Prosthetics"]}],"items_purged_floors":[27],"is_endless":false,"potions_floor_spawned":[4,10,14,25,31],"killed_by":"Automaton","ascension_level":13}}