{"host":"fghh6uc8siqeqraf","time":1610882762,"event":{"mods":["AchievementEnabler","BaseMod","Colored Powertips","Googly Eyes","Hermit","Jorbs\u0027s Wanderer Trilogy","Lobotomy","Marisa£®ÏF”Í°°ƒß¿Ì…≥£©","Minty Spire (QoL Compilation)","Replay The Spire","Shop Mod","StSLib","The Bug Knight","The Cursed","The Hierophant","The Servant 0.9.4"],"gold_per_floor":[10,28,103,119,135,150,177,177,177,206,206,224,240,251,251,346,346,366,380,136,153,169,169,189,189,189,189,221,96,106,118,118,118,118],"floor_reached":33,"language":"ZHS","playtime":2517,"items_purged":["Replay:Hysterical Blindness","Strike_R","Defend_R"],"score":275,"play_id":"994875d8-311c-4f74-bccc-843a0c5ec542","local_time":"20210117192602","is_ascension_mode":false,"campfire_choices":[{"data":"Apotheosis","floor":8.0,"key":"SMITH"},{"floor":11.0,"key":"REST"},{"floor":15,"key":"RECALL"},{"floor":23,"key":"REST"},{"floor":32,"key":"REST"}],"circlet_count":0,"master_deck":["Strike_R","Strike_R","Strike_R","Strike_R","Defend_R","Defend_R","Defend_R","Bash","Apotheosis+1","Shrug It Off","Replay:Undeath\u0027s Touch","Spot Weakness","Sword Boomerang","Disarm","Flex","ReplayTheSpireMod:LeadingStrike","Rage","Ghostly Armor","Shrug It Off","Sword Boomerang","Whirlwind"],"relics":["Burning Blood","Torii","Bag of Marbles","ReplayTheSpireMod:CursedCoin","Sozu","Replay:Baseball","Garlic","Bronze Scales"],"acts_visited":["Exordium","TheCity"],"potions_floor_usage":[16,16],"damage_taken":[{"damage":0.0,"enemies":"2 Louse","floor":1.0,"turns":4.0},{"damage":2.0,"enemies":"Cultist","floor":2.0,"turns":4.0},{"damage":0.0,"enemies":"Small Slimes","floor":4.0,"turns":3.0},{"damage":5.0,"enemies":"Looter","floor":5.0,"turns":4.0},{"damage":17.0,"enemies":"Exordium Thugs","floor":6.0,"turns":6.0},{"damage":61.0,"enemies":"Gremlin Nob","floor":7.0,"turns":6.0},{"damage":7.0,"enemies":"3 Louse","floor":12.0,"turns":4.0},{"damage":8.0,"enemies":"Red Slaver","floor":13.0,"turns":2.0},{"damage":11,"enemies":"Exordium Wildlife","floor":14,"turns":4},{"damage":39,"enemies":"Slime Boss","floor":16,"turns":9},{"damage":2,"enemies":"Chosen","floor":18,"turns":3},{"damage":22,"enemies":"2 Thieves","floor":19,"turns":5},{"damage":25,"enemies":"3 Cultists","floor":21,"turns":6},{"damage":22,"enemies":"Snake Plant","floor":22,"turns":7},{"damage":13,"enemies":"Shelled Parasite and Fungi","floor":24,"turns":4},{"damage":24,"enemies":"Slavers","floor":28,"turns":8},{"damage":2,"enemies":"Chosen and Byrds","floor":30,"turns":4},{"damage":1,"enemies":"Snecko","floor":31,"turns":4},{"damage":71,"enemies":"Automaton","floor":33,"turns":10}],"seed_played":"9098679054708746933","potions_obtained":[{"floor":5.0,"key":"Regen Potion"},{"floor":6.0,"key":"Dexterity Potion"},{"floor":12.0,"key":"LiquidMemories"},{"floor":13.0,"key":"Milkshake"}],"is_trial":false,"path_per_floor":["M","M","?","M","M","M","E","R","T","$","R","M","M","M","R","B",null,"M","M","$","M","M","R","M","?","T","?","E","$","M","M","R","B"],"character_chosen":"IRONCLAD","items_purchased":["ReplayTheSpireMod:CursedCoin","Flex","Replay:Baseball"],"campfire_rested":3,"item_purchase_floors":[10,10,20],"current_hp_per_floor":[80,80,72,78,79,68,13,13,13,13,37,36,34,29,29,11,80,80,64,64,45,29,53,46,46,46,46,28,28,32,37,61,0,0],"gold":118,"neow_bonus":"RANDOM_COLORLESS_2","is_daily":false,"chose_seed":false,"campfire_upgraded":1,"win_rate":0.0,"timestamp":1610882762,"path_taken":["M","M","?","M","M","M","E","R","T","?","R","M","?","M","R","BOSS","M","?","$","M","M","R","M","?","T","?","E","$","?","M","R","BOSS"],"items_purchased_type":["Relic","Card","Relic"],"build_version":"2020-12-22","purchased_purges":3,"victory":false,"max_hp_per_floor":[80,80,80,80,80,80,80,80,80,80,80,80,80,80,80,80,80,80,80,80,80,80,80,80,80,80,80,80,80,80,80,80,80,80],"card_choices":[{"not_picked":["Panache","ReplayTheSpireMod:Brewmster"],"picked":"Apotheosis","floor":0.0},{"not_picked":["Headbutt","Iron Wave"],"picked":"Shrug It Off","floor":1.0},{"not_picked":["Fire Breathing","Havoc"],"picked":"Replay:Undeath\u0027s Touch","floor":2.0},{"not_picked":["Dark Embrace","Heavy Blade","Rampage"],"picked":"SKIP","floor":4.0},{"not_picked":["Warcry","Fire Breathing"],"picked":"Spot Weakness","floor":5.0},{"not_picked":["Reckless Charge","Heavy Blade"],"picked":"Sword Boomerang","floor":6.0},{"not_picked":["Run Through","Dark Embrace"],"picked":"Disarm","floor":7.0},{"not_picked":["ReplayTheSpireMod:Strike From Hell","Hemokinesis","Carnage"],"picked":"SKIP","floor":12.0},{"not_picked":["Berserk","ReplayTheSpireMod:Limb From Limb"],"picked":"ReplayTheSpireMod:LeadingStrike","floor":13.0},{"not_picked":["Wild Strike","Replay:Undeath\u0027s Touch","ReplayReversal"],"picked":"SKIP","floor":14},{"not_picked":["Corruption","Reaper"],"picked":"Berserk","floor":16},{"not_picked":["Run Through","Disarm","Massacre"],"picked":"SKIP","floor":18},{"not_picked":["Headbutt","Sword Boomerang"],"picked":"Rage","floor":19},{"not_picked":["Clothesline","Anger"],"picked":"Ghostly Armor","floor":21},{"not_picked":["Combust","Warcry"],"picked":"Shrug It Off","floor":22},{"not_picked":["ReplayTheSpireMod:LeadingStrike","Wild Strike+1"],"picked":"Sword Boomerang","floor":24},{"not_picked":["Wild Strike+1","ReplayTheSpireMod:Limb From Limb+1","Demonic Infusion"],"picked":"SKIP","floor":28},{"not_picked":["Wild Strike","Armaments","Anger"],"picked":"SKIP","floor":30},{"not_picked":["Headbutt","Hemokinesis+1"],"picked":"Whirlwind","floor":31}],"player_experience":134613,"relics_obtained":[{"floor":7.0,"key":"Torii"},{"floor":9.0,"key":"Bag of Marbles"},{"floor":26,"key":"Garlic"},{"floor":28,"key":"Bronze Scales"}],"event_choices":[{"damage_healed":0.0,"max_hp_gain":0.0,"max_hp_loss":0.0,"gold_gain":75.0,"event_name":"FaceTrader","player_choice":"Touch","floor":3.0,"gold_loss":0.0,"damage_taken":8.0},{"cards_removed":["Berserk"],"damage_healed":0,"gold_gain":0,"player_choice":"Elegance","damage_taken":0,"max_hp_gain":0,"max_hp_loss":0,"event_name":"Back to Basics","floor":25,"gold_loss":0}],"is_beta":false,"boss_relics":[{"not_picked":["Painkiller Herb","Calling Bell"],"picked":"Sozu"}],"items_purged_floors":[10,20,29],"is_endless":false,"potions_floor_spawned":[5,6,12,13,19,22,30],"killed_by":"Automaton","ascension_level":0}}