{"host":"1ekl8hlbnopmdapi","time":1610867910,"event":{"mods":["AchievementEnabler","BaseMod","Colored Map","Colored Powertips","DeckTracker","Googly Eyes","Highlight Path","Minty Spire (QoL Compilation)","Relic Sorter","StSLib","Synergy Search"],"gold_per_floor":[116,126,126,4,19,19,19,49,49,49,59,59,85,102,102,200,200,216,315,72,87,102,134,134,147,147,147,147,174,174,193,193,295,295,314,369,591,591,641,675,675,675,702,719,754,754,774,787,787,787,787,787,67,99,99,99],"floor_reached":55,"language":"ENG","playtime":1845,"items_purged":[],"score":1059,"play_id":"75e177aa-dbc2-4370-9bfa-67ce5a808602","local_time":"20210117021830","is_ascension_mode":true,"campfire_choices":[{"data":"Zap","floor":6,"key":"SMITH"},{"floor":12,"key":"REST"},{"floor":15,"key":"RECALL"},{"floor":24,"key":"REST"},{"data":"Barrage","floor":27,"key":"SMITH"},{"floor":30,"key":"REST"},{"data":"Core Surge","floor":32,"key":"SMITH"},{"floor":41,"key":"REST"},{"floor":46,"key":"REST"},{"floor":49,"key":"REST"},{"data":"Apotheosis","floor":52,"key":"SMITH"}],"circlet_count":0,"master_deck":["Defend_B","Defend_B","Defend_B","Zap+1","Dualcast","Steam","Stack","Streamline","Rip and Tear+1","Steam","Self Repair","Go for the Eyes+1","Leap","Conserve Battery","Electrodynamics","Sweeping Beam+1","Finesse","Barrage+1","Ball Lightning","Core Surge+1","Hologram+1","Conserve Battery","Rebound","Reboot","Leap+1","Static Discharge+1","Apotheosis+1","White Noise+1","Ball Lightning+1","White Noise+1","Barrage","Beam Cell+1","Conserve Battery+1","Steam+1","Stack+1","Conserve Battery+1","Enlightenment+1","BootSequence+1","Thunder Strike","Melter+1"],"relics":["Cracked Core","Meat on the Bone","Letter Opener","White Beast Statue","Runic Pyramid","Runic Capacitor","Whetstone","Symbiotic Virus","Red Mask","Black Star","Ginger","Prayer Wheel","Mummified Hand","Toxic Egg 2","InkBottle","Ancient Tea Set","Ornamental Fan","Blood Vial","Bag of Preparation","Vajra"],"acts_visited":["TheCity","TheBeyond","TheEnding"],"potions_floor_usage":[11,23,25,29,33,33,36,36,40,50,54,55,55],"damage_taken":[{"damage":0,"enemies":"2 Louse","floor":1,"turns":3},{"damage":0,"enemies":"Cultist","floor":2,"turns":3},{"damage":0,"enemies":"Small Slimes","floor":5,"turns":2},{"damage":20,"enemies":"Lagavulin","floor":8,"turns":5},{"damage":15,"enemies":"3 Louse","floor":11,"turns":2},{"damage":26,"enemies":"Gremlin Nob","floor":13,"turns":5},{"damage":4,"enemies":"Exordium Wildlife","floor":14,"turns":4},{"damage":57,"enemies":"Hexaghost","floor":16,"turns":12},{"damage":0,"enemies":"3 Byrds","floor":18,"turns":2},{"damage":28,"enemies":"Shell Parasite","floor":21,"turns":5},{"damage":15,"enemies":"Snecko","floor":22,"turns":6},{"damage":34,"enemies":"Book of Stabbing","floor":23,"turns":5},{"damage":30,"enemies":"Shelled Parasite and Fungi","floor":25,"turns":5},{"damage":36,"enemies":"Masked Bandits","floor":29,"turns":4},{"damage":21,"enemies":"Snake Plant","floor":31,"turns":4},{"damage":54,"enemies":"Automaton","floor":33,"turns":8},{"damage":2,"enemies":"Orb Walker","floor":35,"turns":3},{"damage":74,"enemies":"2 Orb Walkers","floor":36,"turns":5},{"damage":0,"enemies":"Mind Bloom Boss Battle","floor":39,"turns":6},{"damage":39,"enemies":"Giant Head","floor":40,"turns":8},{"damage":24,"enemies":"3 Darklings","floor":44,"turns":4},{"damage":26,"enemies":"Nemesis","floor":45,"turns":5},{"damage":36,"enemies":"Writhing Mass","floor":47,"turns":3},{"damage":26,"enemies":"Jaw Worm Horde","floor":48,"turns":3},{"damage":50,"enemies":"Awakened One","floor":50,"turns":11},{"damage":28,"enemies":"Shield and Spear","floor":54,"turns":5},{"damage":52,"enemies":"The Heart","floor":55,"turns":5}],"seed_played":"3451813303084611093","potions_obtained":[{"floor":2,"key":"SteroidPotion"},{"floor":8,"key":"Explosive Potion"},{"floor":14,"key":"FairyPotion"},{"floor":16,"key":"FairyPotion"},{"floor":18,"key":"SkillPotion"},{"floor":21,"key":"BlessingOfTheForge"},{"floor":23,"key":"Regen Potion"},{"floor":25,"key":"SpeedPotion"},{"floor":29,"key":"Regen Potion"},{"floor":31,"key":"Block Potion"},{"floor":33,"key":"SpeedPotion"},{"floor":35,"key":"LiquidBronze"},{"floor":36,"key":"CultistPotion"},{"floor":39,"key":"SteroidPotion"},{"floor":40,"key":"Strength Potion"},{"floor":44,"key":"SpeedPotion"},{"floor":45,"key":"LiquidMemories"},{"floor":47,"key":"DuplicationPotion"},{"floor":54,"key":"Explosive Potion"}],"is_trial":false,"path_per_floor":["M","M","?","$","M","R","$","E","T","?","M","R","E","M","R","B",null,"M","?","$","M","M","E","R","M","T","R","?","?","R","M","R","B",null,"M","?","?","?","?","E","R","?","T","M","E","R","M","M","R","B",null,"R","$","E","B"],"character_chosen":"DEFECT","items_purchased":["Streamline","Rip and Tear","Runic Capacitor","Finesse","Ornamental Fan","Blood Vial","Enlightenment+1","BootSequence+1","Thunder Strike"],"campfire_rested":6,"item_purchase_floors":[4,4,20,20,53,53,53,53,53],"current_hp_per_floor":[50,50,50,50,50,50,50,30,30,30,27,49,42,45,45,31,64,64,64,64,55,47,35,57,46,46,46,46,34,56,54,54,34,65,63,41,41,41,51,34,56,56,56,44,40,62,48,44,66,38,66,66,66,47,0,0],"gold":99,"neow_bonus":"REMOVE_TWO","is_daily":false,"chose_seed":false,"campfire_upgraded":4,"win_rate":0.0,"timestamp":1610867910,"path_taken":["M","M","?","$","M","R","?","E","T","?","M","R","E","?","R","BOSS","M","?","$","M","M","E","R","M","T","R","?","?","R","M","R","BOSS","M","?","?","?","?","E","R","?","T","M","E","R","M","M","R","BOSS","R","$","E","BOSS"],"items_purchased_type":["Card","Card","Relic","Card","Relic","Relic","Card","Card","Card"],"build_version":"2020-12-22","purchased_purges":0,"victory":false,"max_hp_per_floor":[75,75,75,75,75,75,75,75,75,75,75,75,75,75,75,75,75,75,75,75,75,75,75,75,75,75,75,75,75,75,75,75,75,75,75,75,75,75,75,75,75,75,75,75,75,75,75,75,75,75,75,75,75,75,75,75],"card_choices":[{"not_picked":["Redo","Defragment"],"picked":"Steam","floor":1},{"not_picked":["Chaos","Steam"],"picked":"Stack","floor":2},{"not_picked":["Hologram","Beam Cell"],"picked":"Steam","floor":5},{"not_picked":["Hello World","Blizzard"],"picked":"Self Repair","floor":8},{"not_picked":["Double Energy","Skim"],"picked":"Go for the Eyes","floor":11},{"not_picked":["Compile Driver","Blizzard"],"picked":"Leap","floor":13},{"not_picked":["Go for the Eyes","Capacitor"],"picked":"Conserve Battery","floor":14},{"not_picked":["Thunder Strike","Echo Form"],"picked":"Electrodynamics","floor":16},{"not_picked":["Fusion+1","Rebound"],"picked":"Sweeping Beam+1","floor":18},{"not_picked":["Undo+1","Capacitor+1"],"picked":"Barrage","floor":21},{"not_picked":["Scrape","Hologram"],"picked":"Ball Lightning","floor":22},{"not_picked":["Thunder Strike","Beam Cell+1"],"picked":"Core Surge","floor":23},{"not_picked":["Streamline","Turbo"],"picked":"Hologram+1","floor":25},{"not_picked":["Self Repair","Redo"],"picked":"Conserve Battery","floor":29},{"not_picked":["Sweeping Beam","Gash+1"],"picked":"Rebound","floor":31},{"not_picked":["Fission","Amplify"],"picked":"Reboot","floor":33},{"not_picked":["Gash","Sweeping Beam"],"picked":"Leap+1","floor":35},{"not_picked":["Rip and Tear","Aggregate"],"picked":"Static Discharge+1","floor":36},{"not_picked":["Jack Of All Trades","HandOfGreed"],"picked":"Apotheosis","floor":38},{"not_picked":["Scrape+1","Streamline"],"picked":"White Noise+1","floor":39},{"not_picked":["Hologram+1","Cold Snap+1"],"picked":"Ball Lightning+1","floor":40},{"not_picked":["Meteor Strike","Compile Driver+1"],"picked":"White Noise+1","floor":44},{"not_picked":["Conserve Battery+1","Hello World"],"picked":"Barrage","floor":44},{"not_picked":["Turbo+1","Hologram+1"],"picked":"Beam Cell+1","floor":45},{"not_picked":["Coolheaded+1","Gash"],"picked":"Conserve Battery+1","floor":47},{"not_picked":["Gash","Cold Snap+1"],"picked":"Steam+1","floor":47},{"not_picked":["Go for the Eyes","Rebound+1"],"picked":"Stack+1","floor":48},{"not_picked":["Compile Driver+1","Beam Cell"],"picked":"Conserve Battery+1","floor":48},{"not_picked":["Biased Cognition","Glacier+1"],"picked":"Melter+1","floor":54}],"player_experience":453963,"relics_obtained":[{"floor":8,"key":"Meat on the Bone"},{"floor":9,"key":"Letter Opener"},{"floor":13,"key":"White Beast Statue"},{"floor":23,"key":"Whetstone"},{"floor":26,"key":"Symbiotic Virus"},{"floor":29,"key":"Red Mask"},{"floor":36,"key":"Ginger"},{"floor":39,"key":"Prayer Wheel"},{"floor":40,"key":"Mummified Hand"},{"floor":40,"key":"Toxic Egg 2"},{"floor":45,"key":"InkBottle"},{"floor":45,"key":"Ancient Tea Set"},{"floor":54,"key":"Bag of Preparation"},{"floor":54,"key":"Vajra"}],"event_choices":[{"cards_removed":["Strike_B"],"damage_healed":0,"gold_gain":0,"player_choice":"Offered Basic","damage_taken":0,"max_hp_gain":0,"max_hp_loss":0,"event_name":"Bonfire Elementals","floor":3,"gold_loss":0},{"cards_removed":["Strike_B"],"damage_healed":0,"gold_gain":0,"player_choice":"Purged","damage_taken":0,"max_hp_gain":0,"max_hp_loss":0,"event_name":"Purifier","floor":10,"gold_loss":0},{"damage_healed":0,"gold_gain":99,"player_choice":"Stole From Cult","damage_taken":0,"max_hp_gain":0,"max_hp_loss":0,"event_name":"Nest","floor":19,"gold_loss":0},{"damage_healed":0,"gold_gain":0,"player_choice":"Ignored","damage_taken":0,"max_hp_gain":0,"max_hp_loss":0,"event_name":"Ghosts","floor":28,"gold_loss":0},{"damage_healed":0,"gold_gain":0,"player_choice":"Fought Bandits","damage_taken":0,"max_hp_gain":0,"max_hp_loss":0,"event_name":"Masked Bandits","floor":29,"gold_loss":0},{"damage_healed":0,"gold_gain":0,"player_choice":"Fight","damage_taken":0,"max_hp_gain":0,"max_hp_loss":0,"event_name":"Mysterious Sphere","floor":36,"gold_loss":0},{"damage_healed":0,"gold_gain":222,"player_choice":"Wore Mask","damage_taken":0,"max_hp_gain":0,"max_hp_loss":0,"event_name":"Tomb of Lord Red Mask","floor":37,"gold_loss":0},{"damage_healed":0,"gold_gain":0,"player_choice":"Memory 1","damage_taken":0,"max_hp_gain":0,"max_hp_loss":0,"event_name":"SensoryStone","floor":38,"gold_loss":0},{"damage_healed":0,"gold_gain":0,"player_choice":"Fight","damage_taken":0,"max_hp_gain":0,"max_hp_loss":0,"event_name":"MindBloom","floor":39,"gold_loss":0},{"cards_removed":["Strike_B"],"damage_healed":0,"gold_gain":0,"player_choice":"Purged","damage_taken":0,"max_hp_gain":0,"max_hp_loss":0,"event_name":"Purifier","floor":42,"gold_loss":0}],"is_beta":false,"boss_relics":[{"not_picked":["Velvet Choker","Snecko Eye"],"picked":"Runic Pyramid"},{"not_picked":["Coffee Dripper","Sozu"],"picked":"Black Star"}],"items_purged_floors":[],"is_endless":false,"potions_floor_spawned":[2,8,14,16,18,21,22,23,25,29,31,33,35,36,39,40,44,45,47,48,54],"killed_by":"The Heart","ascension_level":8}}