{"host":"bplbr8uekuotory4","time":1610867742,"event":{"mods":["Act Like it!","BaseMod","Custom Start","Gensokyo","GungeonMod","Hermit","KinomotoSakuraMod(木之本樱)","Koishi","Marisa（F雨　魔理沙）","Minty Spire (QoL Compilation)","Prisma Mod","Quick Restart","Reimu（博丽灵梦）","SOS（斯巴达之子）","Spicy Shops","StSLib","TestMod","The Alterego","The Blackbeard","The Cursed","The Marked","The Mystic","The Runesmith","The Saiyan","The Servant 0.9.4","Yuri Mod","[IsaacMod]以撒尖塔","vexMod"],"gold_per_floor":[120,212,212,225,9,9,39,39,88,116,116,142,13,13,13],"floor_reached":14,"language":"ZHS","playtime":291,"items_purged":["alterego_mod:Impale","alterego_mod:BrynhildrsRune"],"score":142,"play_id":"83a99df9-6ecc-488a-9529-934b0380eb84","local_time":"20210117151542","is_ascension_mode":true,"campfire_choices":[{"data":"Discovery","floor":6,"key":"SMITH"},{"data":"alterego_mod:Nekomimi","floor":11,"key":"SMITH"}],"circlet_count":0,"master_deck":["alterego_mod:Strike","alterego_mod:Strike","alterego_mod:Strike","alterego_mod:Strike","alterego_mod:Defend","alterego_mod:Defend+1","alterego_mod:Defend","alterego_mod:Defend+1","alterego_mod:BigMeatyClaws","alterego_mod:Nekomimi+1","alterego_mod:MaintainEyeContact","Discovery+1","alterego_mod:VirginLaserPalladion","alterego_mod:GoddessCore","alterego_mod:BustOut"],"relics":["alterego_mod:MasochisticConstitution","testmod-TestBox","HushsDoor","SteamSale","testmod-IndustrialRevolution","NeowsBlessing","Meat on the Bone","testmod-ArcanaOfDestiny","HowToJump","War Paint","DemoMod:GlassGuonStoneRelic","DemoMod:RingOfEthereal","Bag of Marbles"],"acts_visited":["Exordium"],"potions_floor_usage":[10],"damage_taken":[{"damage":0,"enemies":"2 Louse","floor":1,"turns":1},{"damage":0,"enemies":"Cultist","floor":4,"turns":1},{"damage":0,"enemies":"Lagavulin","floor":7,"turns":2},{"damage":47,"enemies":"Gremlin Nob","floor":10,"turns":6},{"damage":13,"enemies":"3 Sentries","floor":12,"turns":10},{"damage":0,"enemies":"Lagavulin","floor":14,"turns":1}],"seed_played":"-5607863817276857489","potions_obtained":[{"floor":1,"key":"Explosive Potion"},{"floor":4,"key":"Swift Potion"}],"is_trial":false,"path_per_floor":["M","?","?","M","$","R","E","$","T","E","R","E","$","E"],"character_chosen":"The_Alterego","items_purchased":["testmod-ArcanaOfDestiny","Discovery","Bag of Marbles"],"campfire_rested":0,"item_purchase_floors":[5,5,13],"current_hp_per_floor":[70,55,55,55,55,55,55,55,55,21,21,28,28,28,28],"gold":13,"neow_bonus":"THREE_ENEMY_KILL","is_daily":false,"chose_seed":false,"campfire_upgraded":2,"win_rate":0.0,"timestamp":1610867742,"path_taken":["M","?","?","M","$","R","E","?","T","E","R","E","$","E"],"items_purchased_type":["Relic","Card","Relic"],"build_version":"2020-12-22","purchased_purges":2,"victory":false,"max_hp_per_floor":[70,70,70,70,70,70,70,70,70,71,71,72,72,72,72],"card_choices":[{"not_picked":["alterego_mod:Clones","alterego_mod:SakuraLabyrinth"],"picked":"alterego_mod:Nekomimi","floor":1},{"not_picked":["alterego_mod:BustOut","alterego_mod:Pet"],"picked":"alterego_mod:MaintainEyeContact","floor":4},{"not_picked":["alterego_mod:Bounce","alterego_mod:PainIsPleasure"],"picked":"alterego_mod:VirginLaserPalladion","floor":7},{"not_picked":["alterego_mod:MaintainEyeContact","alterego_mod:BeGentle"],"picked":"alterego_mod:GoddessCore","floor":10},{"not_picked":["alterego_mod:Lift","alterego_mod:Skirt"],"picked":"alterego_mod:BustOut","floor":12}],"player_experience":1217688,"relics_obtained":[{"floor":7,"key":"HowToJump"},{"floor":10,"key":"War Paint"},{"floor":12,"key":"DemoMod:RingOfEthereal"}],"event_choices":[{"damage_healed":0,"gold_gain":0,"player_choice":"Gave Potion","damage_taken":0,"relics_obtained":["Meat on the Bone"],"max_hp_gain":0,"max_hp_loss":0,"event_name":"WeMeetAgain","floor":3,"gold_loss":0}],"is_beta":false,"boss_relics":[],"items_purged_floors":[5,13],"is_endless":false,"potions_floor_spawned":[1,4],"killed_by":"Lagavulin","ascension_level":2}}