{"host":"lh9qfzqeqctr28d2","time":1610875356,"event":{"mods":["BaseMod","CapriCore","Luminous","Minty Spire (QoL Compilation)","Quick Restart","Relic Stats","Remilia£®¿Ÿ√◊¿Ú—«£©","StSLib","Yakumo Yukari mod"],"gold_per_floor":[117,117,134,152,152,184,184,218,218,218,233,81,93,2,2,107,107,119,134,134,148,158,184,184,184,207,236,151,165,165,183,183,321,321,337,354,354,354,365,394,394,404,404,437,437,451,468,129,129,129],"floor_reached":51,"language":"ZHS","playtime":2808,"items_purged":[],"score":1079,"play_id":"92acbf41-be51-44cf-8a4e-3bd7b275b55a","local_time":"20210117172236","is_ascension_mode":true,"campfire_choices":[{"floor":7.0,"key":"REST"},{"floor":10.0,"key":"REST"},{"data":"Enlightenment","floor":15.0,"key":"SMITH"},{"data":"DemonKingCradle","floor":25.0,"key":"SMITH"},{"data":"TwelveNightmare","floor":30.0,"key":"SMITH"},{"data":"BloodyHallows","floor":32.0,"key":"SMITH"},{"data":"BatForm","floor":41,"key":"SMITH"},{"data":"ScarletSymphony","floor":45,"key":"SMITH"},{"floor":49,"key":"REST"}],"circlet_count":0,"master_deck":["Strike_RM","Strike_RM","Defend_RM","Defend_RM","Defend_RM","Defend_RM","RedMoon","ScarletShoot","ScarletSymphony+1","BloodyHallows+1","NightLord","VampirishNight","BombardNight","DiffusionOfMisfortune","RedMagic","Enlightenment+1","DemonKingCradle+1","RedRainbow+1","TwelveNightmare+1","ScarletNetherworld+1","Stigmanizer+1","ReincarnationDial","BatForm+1","Ultimatum+1","Discovery"],"relics":["ScarletHat","NeowsBlessing","WarpedTongs","Gremlin Horn","TypeBBloodRedTea","TungstenRod","Happy Flower","ScarletEmblem","Lantern","Enchiridion","Ancient Tea Set","Orichalcum","Question Card","Runic Dome","Regal Pillow","Meat on the Bone","Omamori","RedBat"],"acts_visited":["Exordium","TheCity","TheBeyond"],"potions_floor_usage":[50],"damage_taken":[{"damage":0.0,"enemies":"Jaw Worm","floor":1.0,"turns":1.0},{"damage":0.0,"enemies":"Cultist","floor":3.0,"turns":1.0},{"damage":2.0,"enemies":"Small Slimes","floor":4.0,"turns":2.0},{"damage":34.0,"enemies":"Gremlin Nob","floor":6.0,"turns":4.0},{"damage":35.0,"enemies":"Lagavulin","floor":8.0,"turns":4.0},{"damage":0.0,"enemies":"Exordium Thugs","floor":11.0,"turns":3.0},{"damage":2.0,"enemies":"3 Louse","floor":13.0,"turns":4.0},{"damage":18.0,"enemies":"The Guardian","floor":16.0,"turns":5.0},{"damage":0.0,"enemies":"3 Byrds","floor":18.0,"turns":3.0},{"damage":7.0,"enemies":"Chosen","floor":19.0,"turns":3.0},{"damage":11.0,"enemies":"Sentry and Sphere","floor":21.0,"turns":3.0},{"damage":7.0,"enemies":"Centurion and Healer","floor":22.0,"turns":4.0},{"damage":45.0,"enemies":"Book of Stabbing","floor":23.0,"turns":5.0},{"damage":11.0,"enemies":"Slavers","floor":27.0,"turns":3.0},{"damage":0.0,"enemies":"Chosen and Byrds","floor":29.0,"turns":3.0},{"damage":10.0,"enemies":"Shelled Parasite and Fungi","floor":31.0,"turns":6.0},{"damage":4.0,"enemies":"Champ","floor":33.0,"turns":7.0},{"damage":19.0,"enemies":"3 Shapes","floor":35.0,"turns":2.0},{"damage":0.0,"enemies":"Orb Walker","floor":36.0,"turns":2.0},{"damage":16.0,"enemies":"Writhing Mass","floor":39.0,"turns":4.0},{"damage":22,"enemies":"Giant Head","floor":40,"turns":7},{"damage":36,"enemies":"4 Shapes","floor":42,"turns":7},{"damage":28,"enemies":"Reptomancer","floor":44,"turns":5},{"damage":15,"enemies":"Jaw Worm Horde","floor":46,"turns":3},{"damage":30,"enemies":"Spire Growth","floor":47,"turns":2},{"damage":88,"enemies":"Time Eater","floor":50,"turns":9}],"seed_played":"-1297607165847804864","potions_obtained":[{"floor":1.0,"key":"SkillPotion"},{"floor":8.0,"key":"Block Potion"},{"floor":11.0,"key":"Energy Potion"},{"floor":13.0,"key":"EssenceOfSteel"},{"floor":21.0,"key":"PowerPotion"},{"floor":29.0,"key":"SpeedPotion"},{"floor":33.0,"key":"SmokeBomb"},{"floor":44,"key":"BlessingOfTheForge"}],"is_trial":false,"path_per_floor":["M","?","M","M","?","E","R","E","T","R","M","$","M","$","R","B",null,"M","M","?","M","M","E","?","R","T","E","?","M","R","M","R","B",null,"M","M","?","?","M","E","R","M","T","E","R","M","M","$","R","B",null],"character_chosen":"REMILIA","items_purchased":["Happy Flower","Enlightenment","RedBat","Discovery"],"campfire_rested":3,"item_purchase_floors":[12,14,48,48],"current_hp_per_floor":[68,68,68,66,59,25,47,24,24,46,57,57,67,67,67,57,71,75,68,68,64,70,62,50,50,50,46,46,57,57,59,59,75,75,61,70,70,70,65,69,69,72,72,51,51,49,38,38,75,72],"gold":129,"neow_bonus":"THREE_ENEMY_KILL","is_daily":false,"chose_seed":false,"campfire_upgraded":6,"win_rate":0.0,"timestamp":1610875356,"path_taken":["M","?","M","?","?","E","R","E","T","R","M","$","M","?","R","BOSS","M","M","?","M","M","E","?","R","T","E","?","M","R","M","R","BOSS","M","M","?","?","M","E","R","M","T","E","R","M","?","$","R","BOSS"],"items_purchased_type":["Relic","Card","Relic","Card"],"build_version":"2020-12-22","purchased_purges":0,"victory":true,"max_hp_per_floor":[75,75,75,75,75,75,75,75,75,75,75,75,75,75,75,75,75,75,75,75,75,75,75,75,75,75,75,75,75,75,75,75,75,75,75,75,75,75,75,75,75,75,75,75,75,75,75,75,75,75],"relic_stats":{"Regal Pillow":15,"Gremlin Horn":[20,21],"Happy Flower":[29],"counters":[26,102],"Orichalcum":[54],"Question Card":11,"obtain_stats":[{"TypeBBloodRedTea":8,"Lantern":23,"Regal Pillow":40,"NeowsBlessing":0,"Gremlin Horn":6,"Happy Flower":12,"Enchiridion":24,"Omamori":44,"ScarletEmblem":17,"Orichalcum":27,"Ancient Tea Set":26,"Question Card":28,"ScarletHat":0,"WarpedTongs":2,"RedBat":48,"Runic Dome":34,"TungstenRod":9,"Meat on the Bone":43},{"TypeBBloodRedTea":5,"Lantern":13,"Regal Pillow":21,"NeowsBlessing":0,"Gremlin Horn":4,"Happy Flower":6,"Enchiridion":13,"Omamori":23,"ScarletEmblem":8,"Orichalcum":14,"Ancient Tea Set":13,"Question Card":14,"ScarletHat":0,"WarpedTongs":1,"RedBat":25,"Runic Dome":17,"TungstenRod":5,"Meat on the Bone":22},{"TypeBBloodRedTea":12,"Lantern":42,"Regal Pillow":76,"NeowsBlessing":0,"Gremlin Horn":8,"Happy Flower":15,"Enchiridion":42,"Omamori":88,"ScarletEmblem":24,"Orichalcum":45,"Ancient Tea Set":42,"Question Card":45,"ScarletHat":0,"WarpedTongs":1,"RedBat":93,"Runic Dome":61,"TungstenRod":12,"Meat on the Bone":83}],"TungstenRod":66,"WarpedTongs":[100],"Meat on the Bone":24},"card_choices":[{"not_picked":["MillenniumVampire","RedRainbow"],"picked":"ScarletSymphony","floor":1.0},{"not_picked":["StarOfDavid","BloodHunter"],"picked":"BloodyHallows","floor":3.0},{"not_picked":["UnstableMagic","EndlessAdversity"],"picked":"NightLord","floor":4.0},{"not_picked":["CharismaGuard","UnderTheZenith"],"picked":"VampirishNight","floor":6.0},{"not_picked":["BloodAndWine","DiffusionOfMisfortune"],"picked":"BombardNight","floor":8.0},{"not_picked":["EndlessAdversity","HellCatastrophe"],"picked":"DiffusionOfMisfortune","floor":11.0},{"not_picked":["ScarletImprint","ScarletDevil"],"picked":"RedMagic","floor":13.0},{"not_picked":["BloodRain","CeilingFear"],"picked":"DemonKingCradle","floor":16.0},{"not_picked":["BlasphemousPunishment","EndlessAdversity"],"picked":"RedRainbow+1","floor":18.0},{"not_picked":["VampireKiss+1","StarOfDavid"],"picked":"TwelveNightmare","floor":19.0},{"not_picked":["BombardNight","StarOfDavid"],"picked":"ScarletNetherworld+1","floor":21.0},{"not_picked":["NightDance+1","ScarletImprint"],"picked":"Stigmanizer+1","floor":22.0},{"not_picked":["UltimateOffering","MillenniumVampire","StarOfDavid"],"picked":"SKIP","floor":23.0},{"not_picked":["UnderTheZenith","ChainGang+1","Septette"],"picked":"SKIP","floor":27.0},{"not_picked":["VampireKiss","ScarletDevil","UltimateOffering"],"picked":"ReincarnationDial","floor":29.0},{"not_picked":["MastersStateliness","EmergencyRegeneration","ScarletDream"],"picked":"BatForm","floor":31.0},{"not_picked":["EndlessAdversity+1","NightDance","UnderTheZenith"],"picked":"Ultimatum+1","floor":35.0},{"not_picked":["FitfulNightmare","ScarletNetherworld","UnderTheZenith","CharismaGuard+1"],"picked":"SKIP","floor":36.0},{"not_picked":["DevilSight","ScarletSymphony","RedMagic+1","ScarletDevilSign+1"],"picked":"SKIP","floor":39.0},{"not_picked":["VampireClaw","EmergencyRegeneration+1","FavorOfDestiny+1","UnderTheZenith"],"picked":"SKIP","floor":40},{"not_picked":["ScarletDream+1","UnstableMagic+1","ScarletSymphony","ScarletGensokyo"],"picked":"SKIP","floor":42},{"not_picked":["ScarletSymphony+1","BlasphemousPunishment+1","VampireClaw+1","HunterOfTheNight+1"],"picked":"SKIP","floor":44},{"not_picked":["EndlessAdversity","ScarletGensokyo+1","FavorOfDestiny+1","MastersStateliness+1"],"picked":"SKIP","floor":46},{"not_picked":["BloodyMagicSquare","VampireFantasy","NightDance","DemonKingCradle"],"picked":"SKIP","floor":47}],"player_experience":385805,"relics_obtained":[{"floor":6.0,"key":"Gremlin Horn"},{"floor":8.0,"key":"TypeBBloodRedTea"},{"floor":9.0,"key":"TungstenRod"},{"floor":23.0,"key":"Lantern"},{"floor":24.0,"key":"Enchiridion"},{"floor":26.0,"key":"Ancient Tea Set"},{"floor":27.0,"key":"Orichalcum"},{"floor":40,"key":"Regal Pillow"},{"floor":43,"key":"Meat on the Bone"},{"floor":44,"key":"Omamori"}],"event_choices":[{"damage_healed":0.0,"max_hp_gain":0.0,"max_hp_loss":0.0,"gold_gain":0.0,"event_name":"Accursed Blacksmith","player_choice":"Rummage","floor":2.0,"gold_loss":0.0,"damage_taken":0.0,"relics_obtained":["WarpedTongs"],"cards_obtained":["Pain"]},{"cards_removed":["Pain"],"damage_healed":0.0,"max_hp_gain":0.0,"max_hp_loss":0.0,"gold_gain":0.0,"event_name":"Golden Wing","player_choice":"Card Removal","floor":5.0,"gold_loss":0.0,"damage_taken":7.0},{"cards_removed":["Strike_RM"],"damage_healed":0.0,"max_hp_gain":0.0,"max_hp_loss":0.0,"gold_gain":0.0,"event_name":"Back to Basics","player_choice":"Elegance","floor":20.0,"gold_loss":0.0,"damage_taken":0.0},{"damage_healed":0.0,"max_hp_gain":0.0,"max_hp_loss":0.0,"gold_gain":0.0,"event_name":"Cursed Tome","player_choice":"Obtained Book","floor":24.0,"gold_loss":0.0,"damage_taken":16.0},{"damage_healed":0.0,"max_hp_gain":0.0,"max_hp_loss":0.0,"gold_gain":0.0,"event_name":"Addict","player_choice":"Obtained Relic","floor":28.0,"gold_loss":85.0,"damage_taken":0.0,"relics_obtained":["Question Card"]},{"cards_removed":["Strike_RM"],"damage_healed":0.0,"max_hp_gain":0.0,"max_hp_loss":0.0,"gold_gain":0.0,"event_name":"Wheel of Change","player_choice":"Card Removal","floor":38.0,"gold_loss":0.0,"damage_taken":0.0}],"is_beta":false,"boss_relics":[{"not_picked":["Snecko Eye","Astrolabe"],"picked":"ScarletEmblem"},{"not_picked":["Coffee Dripper","Philosopher\u0027s Stone"],"picked":"Runic Dome"}],"items_purged_floors":[],"is_endless":false,"potions_floor_spawned":[1,8,11,13,21,22,29,31,33,36,44,46,47],"ascension_level":6}}