{"host":"vl29iwkwnyytuw8q","time":1610897018,"event":{"mods":["BaseMod","Minty Spire (QoL Compilation)","Permanent Neow","Relic Stats","StSLib"],"gold_per_floor":[117,134,134,153,169,169,169,169],"floor_reached":7,"language":"ENG","playtime":253,"items_purged":[],"score":80,"play_id":"038fa0b4-923d-4c66-93e5-5b0eb08a5ce4","local_time":"20210117162338","is_ascension_mode":true,"campfire_choices":[{"data":"True Grit","floor":6.0,"key":"SMITH"}],"circlet_count":0,"master_deck":["AscendersBane","Strike_R","Strike_R","Strike_R","Strike_R","Defend_R","Defend_R","Defend_R","Defend_R","Bash","Shockwave","Feel No Pain","Thunderclap","True Grit+1"],"relics":["Mark of Pain"],"acts_visited":["Exordium"],"potions_floor_usage":[7],"damage_taken":[{"damage":1.0,"enemies":"Cultist","floor":1.0,"turns":4.0},{"damage":4.0,"enemies":"Jaw Worm","floor":2.0,"turns":4.0},{"damage":14.0,"enemies":"Small Slimes","floor":4.0,"turns":4.0},{"damage":11.0,"enemies":"Exordium Thugs","floor":5.0,"turns":4.0},{"damage":31,"enemies":"Lagavulin","floor":7,"turns":8}],"seed_played":"-7820094213887997808","potions_obtained":[{"floor":1.0,"key":"Swift Potion"}],"is_trial":false,"path_per_floor":["M","M","?","M","M","R","E"],"character_chosen":"IRONCLAD","items_purchased":[],"campfire_rested":0,"item_purchase_floors":[],"current_hp_per_floor":[67,63,56,42,31,31,0,0],"gold":169,"neow_bonus":"BOSS_RELIC","is_daily":false,"chose_seed":false,"campfire_upgraded":1,"win_rate":0.0,"timestamp":1610897018,"path_taken":["M","M","?","M","M","R","E"],"items_purchased_type":[],"build_version":"2020-12-22","purchased_purges":0,"victory":false,"max_hp_per_floor":[75,75,75,75,75,75,75,75],"relic_stats":{"counters":[5,24],"obtain_stats":[{"Mark of Pain":0,"Burning Blood":0},{"Mark of Pain":0,"Burning Blood":0},{"Mark of Pain":0,"Burning Blood":0}]},"card_choices":[{"not_picked":["Clash","Flex"],"picked":"Shockwave","floor":1.0},{"not_picked":["Wild Strike","Sword Boomerang"],"picked":"Feel No Pain","floor":2.0},{"not_picked":["Clash","Flex"],"picked":"Thunderclap","floor":4.0},{"not_picked":["Cleave","Sword Boomerang"],"picked":"True Grit","floor":5.0}],"player_experience":630279,"relics_obtained":[],"event_choices":[{"cards_removed":["Strike_R"],"damage_healed":0.0,"max_hp_gain":0.0,"max_hp_loss":0.0,"gold_gain":0.0,"event_name":"Golden Wing","player_choice":"Card Removal","floor":3.0,"gold_loss":0.0,"damage_taken":7.0}],"is_beta":false,"boss_relics":[],"items_purged_floors":[],"is_endless":false,"potions_floor_spawned":[1],"killed_by":"Lagavulin","ascension_level":17}}