{"host":"d7y1n6cxafpq47nx","time":1610874897,"event":{"mods":["BaseMod","Downfall","Marisa£®ÏF”Í°°ƒß¿Ì…≥£©","Minty Spire (QoL Compilation)","Remilia£®¿Ÿ√◊¿Ú—«£©","StSLib","The Bug Knight","The Hierophant","The Servant 0.9.4","Yuyuko"],"gold_per_floor":[118,193,193,211,14,14,27,202,225,241,260,260,7,7,7,7,7],"floor_reached":16,"language":"ZHS","playtime":775,"items_purged":[],"score":90,"play_id":"5b39ed3b-7d70-4def-b39a-de3900251329","local_time":"20210117171457","is_ascension_mode":false,"campfire_choices":[{"data":"HollowMod:TaintedHusks","floor":6,"key":"SMITH"},{"floor":12,"key":"REST"},{"data":"HollowMod:MothsMistake","floor":15,"key":"SMITH"}],"circlet_count":0,"master_deck":["HollowMod:NailStrikeStart","HollowMod:NailStrikeStart","HollowMod:NailStrikeStart","HollowMod:NailStrikeStart","HollowMod:QuickDashStart","HollowMod:QuickDashStart","HollowMod:QuickDashStart","HollowMod:QuickDashStart","HollowMod:FocusHealStart+1","HollowMod:PogoStrike","HollowMod:GreatSlash","HollowMod:InfectionAssault","HollowMod:TaintedHusks+1","HollowMod:CycloneSlash","Doubt","HollowMod:HowlingWraiths","HollowMod:MothsMistake+1","HollowMod:SoulVessel","HollowMod:ChannelNail"],"relics":["HollowMod:VesselMask","ClockworkSouvenir","HollowMod:MillibellesNoteRelic","Toolbox","Lantern"],"acts_visited":["Exordium"],"potions_floor_usage":[16,16],"damage_taken":[{"damage":6,"enemies":"Jaw Worm","floor":1,"turns":4},{"damage":5,"enemies":"2 Louse","floor":4,"turns":2},{"damage":0,"enemies":"Small Slimes","floor":7,"turns":2},{"damage":24,"enemies":"Blue Slaver","floor":10,"turns":3},{"damage":21,"enemies":"Red Slaver","floor":11,"turns":4},{"damage":72,"enemies":"The Guardian","floor":16,"turns":6}],"seed_played":"5050344901507535724","potions_obtained":[{"floor":1,"key":"DuplicationPotion"},{"floor":7,"key":"Swift Potion"},{"floor":11,"key":"AttackPotion"}],"is_trial":false,"path_per_floor":["M","?","?","M","$","R","M","?","T","M","M","R","$","T","R","B"],"character_chosen":"THE_BUGKNIGHT","items_purchased":["ClockworkSouvenir","HollowMod:TaintedHusks","HollowMod:SoulVessel","Toolbox","HollowMod:ChannelNail"],"campfire_rested":1,"item_purchase_floors":[5,5,13,13,13],"current_hp_per_floor":[69,58,75,70,70,70,70,70,70,52,37,59,59,59,59,0,0],"gold":7,"neow_bonus":"UPGRADE_CARD","is_daily":false,"chose_seed":false,"campfire_upgraded":2,"win_rate":0.0,"timestamp":1610874897,"path_taken":["M","?","?","M","?","R","M","?","T","?","M","R","$","?","R","BOSS"],"items_purchased_type":["Relic","Card","Card","Relic","Card"],"build_version":"2020-12-22","purchased_purges":0,"victory":false,"max_hp_per_floor":[75,75,75,75,75,75,75,75,75,75,75,75,75,75,75,75,75],"card_choices":[{"not_picked":["HollowMod:SharpenedShadows","HollowMod:CoiledNail"],"picked":"HollowMod:GreatSlash","floor":1},{"not_picked":["HollowMod:WraithStrike","HollowMod:SoulStrike"],"picked":"HollowMod:InfectionAssault","floor":4},{"not_picked":["HollowMod:DescendingDark","HollowMod:MantisMark"],"picked":"HollowMod:CycloneSlash","floor":7},{"not_picked":["HollowMod:VengefulSpirit","HollowMod:CoiledNail"],"picked":"HollowMod:HowlingWraiths","floor":10},{"not_picked":["HollowMod:DoubleDash","HollowMod:CornifersMapStart"],"picked":"HollowMod:MothsMistake","floor":11}],"player_experience":75536,"relics_obtained":[{"floor":9,"key":"HollowMod:MillibellesNoteRelic"},{"floor":14,"key":"Lantern"}],"event_choices":[{"damage_healed":0,"gold_gain":75,"player_choice":"Gather Gold","damage_taken":11,"max_hp_gain":0,"max_hp_loss":0,"event_name":"World of Goop","floor":2,"gold_loss":0},{"damage_healed":0,"gold_gain":175,"player_choice":"AGREE","damage_taken":0,"max_hp_gain":0,"max_hp_loss":0,"event_name":"Liars Game","floor":8,"gold_loss":0,"cards_obtained":["Doubt"]}],"is_beta":false,"boss_relics":[],"items_purged_floors":[],"is_endless":false,"potions_floor_spawned":[1,7,11],"killed_by":"The Guardian","ascension_level":0}}