{"host":"6es90lqcwaoc0kgm","time":1610882004,"event":{"mods":["Act Like it!","Bard","BaseMod","Hallownest","HololiveMod","Jorbs\u0027s Wanderer Trilogy","Marisa£®ÏF”Í°°ƒß¿Ì…≥£©","Minty Spire (QoL Compilation)","Quick Restart","Remilia£®¿Ÿ√◊¿Ú—«£©","Replay The Spire","StSLib","The Administrix","The Animator","The Bug Knight","The Cursed","The Disciple","The Hierophant","The Necromancer","The Runesmith","The Servant 0.9.4","[GremlinLeader]The Maniac"],"gold_per_floor":[109,11,11,30,305,336,336,336,336,336,336,349,374,385,420,56,56,128,128,142,142,154,3,3,33,33,33,33,53,88,104,135,153,153,225,225,235,28,77,77,97,131,131,166,166,166,179,179,192,203,203,203,203,203,35,66,66,66],"floor_reached":57,"language":"ZHS","playtime":3575,"items_purged":["Regret","Corruption","maniac:Guilty"],"score":1712,"play_id":"a584f49e-c905-49c0-925a-03697151813e","local_time":"20210117191324","is_ascension_mode":true,"campfire_choices":[{"data":"Seeing Red","floor":7.0,"key":"SMITH"},{"data":"Perfected Strike","floor":10.0,"key":"SMITH"},{"data":"Rampage","floor":17.0,"key":"SMITH"},{"data":"Limit Break","floor":26.0,"key":"SMITH"},{"data":"Flex","floor":34.0,"key":"SMITH"},{"floor":43.0,"key":"REST"},{"data":"Flex","floor":46.0,"key":"SMITH"},{"data":"Double Tap","floor":48.0,"key":"SMITH"},{"floor":51.0,"key":"RECALL"},{"data":"Spot Weakness","floor":54.0,"key":"SMITH"}],"circlet_count":0,"master_deck":["AscendersBane","Strike_R+1","Strike_R+1","Strike_R+1","Strike_R+1","Defend_R+1","Defend_R+1","Defend_R+1","Defend_R+1","Bash","Perfected Strike+1","Seeing Red+1","Flex+1","Rampage+1","Twin Strike","Flex+1","Limit Break+1","Armaments+1","Spot Weakness+1","Armaments+1","Heavy Blade","Metallicize","Double Tap+1","Headbutt","Rage+1","Master of Strategy","Massacre","Impervious"],"relics":["Burning Blood","NeowsBlessing","Onion Ring","Runesmith:Nanobots","ReplayTheSpireMod:TigerMarble","HollowMod:LifeEnderRelic","Another Sword","Snecko Eye","Toolbox","Replay:Rubber Ducky","Pear","Smiling Mask","Strawberry","ChewingGum","PreservedInsect","Singing Bowl","Hololive_LightStick","Replay:Bottled Steam","ReplayTheSpireMod:CursedCoin","Lantern"],"acts_visited":["Exordium","TheCity","TheBeyond","TheEnding"],"potions_floor_usage":[],"damage_taken":[{"damage":0.0,"enemies":"2 Louse","floor":1.0,"turns":1.0},{"damage":0.0,"enemies":"Cultist","floor":4.0,"turns":1.0},{"damage":0.0,"enemies":"Gremlin Nob","floor":6.0,"turns":1.0},{"damage":0.0,"enemies":"Jaw Worm","floor":12.0,"turns":1.0},{"damage":27.0,"enemies":"Replay:BlueRogue","floor":13.0,"turns":4.0},{"damage":1.0,"enemies":"2 Fungi Beasts","floor":14.0,"turns":2.0},{"damage":0.0,"enemies":"Lagavulin","floor":15.0,"turns":2.0},{"damage":45.0,"enemies":"The Guardian","floor":18.0,"turns":5.0},{"damage":0.0,"enemies":"Shell Parasite","floor":20.0,"turns":1.0},{"damage":0.0,"enemies":"Chosen","floor":22.0,"turns":3.0},{"damage":0.0,"enemies":"Replay:Snechameleon","floor":25.0,"turns":1.0},{"damage":0.0,"enemies":"Centurion and Healer","floor":29.0,"turns":2.0},{"damage":0.0,"enemies":"Gremlin Leader","floor":30.0,"turns":3.0},{"damage":0.0,"enemies":"Shelled Parasite and Fungi","floor":31.0,"turns":1.0},{"damage":0.0,"enemies":"Book of Stabbing","floor":32.0,"turns":1.0},{"damage":0.0,"enemies":"Snecko","floor":33.0,"turns":1.0},{"damage":46.0,"enemies":"Champ","floor":35.0,"turns":7.0},{"damage":2.0,"enemies":"Orb Walker","floor":37.0,"turns":3.0},{"damage":29.0,"enemies":"3 Darklings","floor":41.0,"turns":7.0},{"damage":29.0,"enemies":"Giant Head","floor":42.0,"turns":6.0},{"damage":0.0,"enemies":"HollowMod:StalkingDevout","floor":44.0,"turns":1.0},{"damage":0.0,"enemies":"Sphere and 2 Shapes","floor":47.0,"turns":2.0},{"damage":3.0,"enemies":"Maw","floor":49.0,"turns":4.0},{"damage":8.0,"enemies":"Jaw Worm Horde","floor":50.0,"turns":3.0},{"damage":48.0,"enemies":"Awakened One","floor":52.0,"turns":7.0},{"damage":0.0,"enemies":"Shield and Spear","floor":56.0,"turns":1.0},{"damage":111,"enemies":"The Heart","floor":57,"turns":6}],"seed_played":"-3088206143929749844","potions_obtained":[{"floor":6.0,"key":"Elixir"},{"floor":15.0,"key":"DistilledChaos"},{"floor":18.0,"key":"Regen Potion"},{"floor":22.0,"key":"Adrenaline Potion"},{"floor":32.0,"key":"Death Potion"},{"floor":37.0,"key":"Swift Potion"},{"floor":44.0,"key":"Block Potion"},{"floor":47.0,"key":"Elixir"},{"floor":49.0,"key":"Regen Potion"}],"is_trial":false,"path_per_floor":["M","$","?","M","?","E","R","PTL","PTL","R","T","M","E","M","E","$","R","B",null,"M","?","M","$","$","E","R","?","T","M","E","M","E","M","R","B",null,"M","$","?","?","M","E","R","E","T","R","M","R","M","M","R","B",null,"R","$","E","B"],"character_chosen":"IRONCLAD","items_purchased":["Fruit Juice","Another Sword","Toolbox","PreservedInsect","ReplayTheSpireMod:CursedCoin","Master of Strategy","Massacre"],"campfire_rested":1,"item_purchase_floors":[2,16,23,38,55,55,55],"current_hp_per_floor":[74,79,63,69,69,75,75,75,75,75,75,80,59,64,70,70,70,31,68,74,74,83,83,83,83,83,83,93,93,93,93,100,100,100,60,90,94,94,96,96,75,52,83,91,91,91,103,103,106,104,104,71,102,102,102,108,0,0],"gold":66,"neow_bonus":"THREE_ENEMY_KILL","is_daily":false,"chose_seed":false,"campfire_upgraded":8,"win_rate":0.0,"timestamp":1610882004,"path_taken":["M","$","?","M","?","E","R","PTL","PTL","R","T","?","E","M","E","?","R","BOSS","M","?","M","?","$","E","R","?","T","M","E","M","E","M","R","BOSS","M","$","?","?","M","E","R","E","T","R","M","R","M","M","R","BOSS","R","$","E","BOSS"],"items_purchased_type":["Potion","Relic","Relic","Relic","Relic","Card","Card"],"build_version":"2020-12-22","purchased_purges":3,"victory":false,"max_hp_per_floor":[75,80,80,80,80,80,80,80,80,80,80,80,80,80,80,80,80,80,80,80,80,83,83,83,83,83,83,93,93,93,93,100,100,100,100,100,100,100,102,102,104,104,104,106,106,106,112,112,112,112,112,112,112,112,112,112,112,112],"card_choices":[{"not_picked":["Sword Boomerang","Headbutt"],"picked":"Perfected Strike","floor":1.0},{"not_picked":["Warcry","Massacre"],"picked":"Seeing Red","floor":4.0},{"not_picked":["Abandon","ReplayTheSpireMod:Corrosion Curse"],"picked":"Flex","floor":6.0},{"not_picked":["Replay:Undeath\u0027s Touch","Shockwave"],"picked":"Rampage","floor":12.0},{"not_picked":["True Grit","Entrench","Body Slam"],"picked":"SKIP","floor":13.0},{"not_picked":["Warcry","Shrug It Off"],"picked":"Twin Strike","floor":14.0},{"not_picked":["Sword Boomerang","Clash"],"picked":"Flex","floor":15.0},{"not_picked":["Replay:Many Hands","Exhume"],"picked":"Limit Break","floor":18.0},{"not_picked":["Warcry","Uppercut"],"picked":"Armaments+1","floor":20.0},{"not_picked":["Havoc","Flex"],"picked":"Spot Weakness","floor":22.0},{"not_picked":["Metallicize","Abandon","Hemokinesis"],"picked":"SKIP","floor":25.0},{"not_picked":["Cleave","ReplayReversal"],"picked":"Armaments+1","floor":29.0},{"not_picked":["Armaments","Sentinel"],"picked":"Heavy Blade","floor":30.0},{"not_picked":["Second Wind","Clothesline","Ghostly Armor"],"picked":"SKIP","floor":31.0},{"not_picked":["Corruption","Blood for Blood"],"picked":"Metallicize","floor":32.0},{"not_picked":["Shrug It Off","Clash","Warcry"],"picked":"SKIP","floor":33.0},{"not_picked":["Eclipse","Impervious"],"picked":"Corruption","floor":35.0},{"not_picked":["Armaments+1","Replay:Undeath\u0027s Touch+1","Clothesline"],"picked":"SKIP","floor":37.0},{"not_picked":["Combust","Second Wind","Headbutt"],"picked":"Singing Bowl","floor":39.0},{"not_picked":["Rupture","Combust","Flex"],"picked":"Singing Bowl","floor":41.0},{"not_picked":["ReplayReversal","Iron Wave"],"picked":"Double Tap","floor":42.0},{"not_picked":["Cleave","Sentinel","ReplayTheSpireMod:Strike From Hell"],"picked":"Singing Bowl","floor":44.0},{"not_picked":["Feel No Pain","Dropkick","Clothesline"],"picked":"Singing Bowl","floor":47.0},{"not_picked":["Defy Death","ReplayTheSpireMod:Strike From Hell"],"picked":"Headbutt","floor":49.0},{"not_picked":["Havoc+1","Thunderclap"],"picked":"Rage+1","floor":50.0},{"not_picked":["Clash","Bloodletting"],"picked":"Impervious","floor":56.0}],"player_experience":704270,"relics_obtained":[{"floor":6.0,"key":"Onion Ring"},{"floor":11.0,"key":"Runesmith:Nanobots"},{"floor":13.0,"key":"ReplayTheSpireMod:TigerMarble"},{"floor":15.0,"key":"HollowMod:LifeEnderRelic"},{"floor":25.0,"key":"Replay:Rubber Ducky"},{"floor":28.0,"key":"Pear"},{"floor":30.0,"key":"Smiling Mask"},{"floor":32.0,"key":"Strawberry"},{"floor":39.0,"key":"Singing Bowl"},{"floor":42.0,"key":"Hololive_LightStick"},{"floor":44.0,"key":"Replay:Bottled Steam"},{"floor":56.0,"key":"Lantern"}],"event_choices":[{"damage_healed":0.0,"max_hp_gain":0.0,"max_hp_loss":0.0,"gold_gain":0.0,"event_name":"Shining Light","player_choice":"Entered Light","floor":3.0,"gold_loss":0.0,"damage_taken":16.0,"cards_upgraded":["Strike_R","Strike_R"]},{"damage_healed":0.0,"max_hp_gain":0.0,"max_hp_loss":0.0,"gold_gain":275.0,"event_name":"Golden Shrine","player_choice":"Desecrate","floor":5.0,"gold_loss":0.0,"damage_taken":0.0,"cards_obtained":["Regret"]},{"damage_healed":0.0,"max_hp_gain":0.0,"max_hp_loss":0.0,"gold_gain":0.0,"event_name":"Vampires","player_choice":"Ignored","floor":21.0,"gold_loss":0.0,"damage_taken":0.0},{"damage_healed":0.0,"max_hp_gain":0.0,"max_hp_loss":0.0,"gold_gain":0.0,"event_name":"Back to Basics","player_choice":"Simplicity","floor":27.0,"gold_loss":0.0,"damage_taken":0.0,"cards_upgraded":["Strike_R","Strike_R","Strike_R","Defend_R","Defend_R","Defend_R","Defend_R"]},{"cards_removed":["Strike_R"],"damage_healed":0.0,"max_hp_gain":0.0,"max_hp_loss":0.0,"gold_gain":0.0,"event_name":"Purifier","player_choice":"Purged","floor":40.0,"gold_loss":0.0,"damage_taken":0.0}],"is_beta":false,"boss_relics":[{"not_picked":["Velvet Choker","Fusion Hammer"],"picked":"Snecko Eye"},{"not_picked":["Kintsugi","Runic Dome"],"picked":"ChewingGum"}],"items_purged_floors":[16,38,55],"is_endless":false,"potions_floor_spawned":[6,15,18,22,25,29,32,37,44,47,49],"killed_by":"The Heart","ascension_level":14}}