{"host":"gvmmh8a4dbuurnvz","time":1610847069,"event":{"mods":["AchievementEnabler","Aspiration","BaseMod","Better Vampires","BetterRewards","Colored Powertips","Highlight Path","Minty Spire (QoL Compilation)","Spicy Shops","StSLib","¡¾ÒÅÎï¿¨ÅÆ¡¿REMEMod"],"gold_per_floor":[109,30,41,216,231,249,249,249,273,317,317,331,331,346,346,477,477,491,124,144,19,38,69,88,88,114,114,30,53,88,88,88,88,88],"floor_reached":33,"language":"ZHS","playtime":1438,"items_purged":["Discovery","Injury","Doubt"],"score":412,"play_id":"0a0df896-7c89-4cae-bcde-c797c90cc62b","local_time":"20210117093109","is_ascension_mode":false,"campfire_choices":[{"data":"Dualcast","floor":7.0,"key":"SMITH"},{"floor":15.0,"key":"REST"},{"data":"Capacitor","floor":27.0,"key":"SMITH"},{"floor":32,"key":"REST"}],"circlet_count":0,"master_deck":["Strike_B","Strike_B","Strike_B","Strike_B","Defend_B","Defend_B","Defend_B","Zap","Dualcast+1","Leap+1","Tempest+1","Capacitor+1","Ball Lightning","Redo+1","Static Discharge+1","Fission+1","Self Repair+1","aspiration:Polymerization+1","Storm+1","REME_FirmDetermination+1","Machine Learning+1","Gash","Conserve Battery+1"],"relics":["Cracked Core","REME_ComplimentaryCards","Toxic Egg 2","Ginger","Golden Idol","aspiration:HiddenCompartment","Mango","Frozen Egg 2","Torii","Strawberry","Dream Catcher","aspiration:FrozenJewel"],"acts_visited":["Exordium","TheCity"],"potions_floor_usage":[29,33],"damage_taken":[{"damage":1.0,"enemies":"Jaw Worm","floor":1.0,"turns":3.0},{"damage":3.0,"enemies":"Small Slimes","floor":3.0,"turns":3.0},{"damage":1.0,"enemies":"Cultist","floor":5.0,"turns":3.0},{"damage":8.0,"enemies":"Red Slaver","floor":6.0,"turns":4.0},{"damage":20.0,"enemies":"3 Sentries","floor":10.0,"turns":7.0},{"damage":21.0,"enemies":"Exordium Thugs","floor":12.0,"turns":5.0},{"damage":7.0,"enemies":"Gremlin Gang","floor":14.0,"turns":3.0},{"damage":16.0,"enemies":"The Guardian","floor":16.0,"turns":8.0},{"damage":17.0,"enemies":"Chosen","floor":18.0,"turns":4.0},{"damage":22.0,"enemies":"Shell Parasite","floor":20.0,"turns":3.0},{"damage":13.0,"enemies":"Shelled Parasite and Fungi","floor":22.0,"turns":3.0},{"damage":37.0,"enemies":"Book of Stabbing","floor":23.0,"turns":5.0},{"damage":21.0,"enemies":"Snake Plant","floor":24.0,"turns":2.0},{"damage":0,"enemies":"Cultist and Chosen","floor":29,"turns":4},{"damage":36,"enemies":"REME_1_Revenger","floor":30,"turns":4},{"damage":49,"enemies":"Automaton","floor":33,"turns":10}],"seed_played":"-1945214515232509087","potions_obtained":[{"floor":1.0,"key":"Strength Potion"},{"floor":12.0,"key":"FearPotion"},{"floor":13.0,"key":"REME_GoldPotion"},{"floor":13.0,"key":"FairyPotion"},{"floor":13.0,"key":"Swift Potion"},{"floor":16.0,"key":"EssenceOfSteel"},{"floor":22.0,"key":"LiquidMemories"},{"floor":24.0,"key":"Block Potion"},{"floor":30,"key":"Block Potion"}],"is_trial":false,"path_per_floor":["M","$","M","?","M","M","R","?","T","E","?","M","?","M","R","B",null,"M","$","M","$","M","E","M","T","T","R","$","M","E","?","R","B"],"character_chosen":"DEFECT","items_purchased":["Toxic Egg 2","Ginger","Fission+1","Self Repair+1","REME_FirmDetermination+1"],"campfire_rested":2,"item_purchase_floors":[0,2,19,19,28],"current_hp_per_floor":[74,74,71,71,70,62,62,44,44,38,38,17,17,10,36,20,89,72,72,60,60,47,20,26,33,33,33,33,43,17,17,45,0,0],"gold":88,"neow_bonus":"","is_daily":false,"chose_seed":false,"campfire_upgraded":2,"win_rate":0.0,"timestamp":1610847069,"path_taken":["M","$","M","?","M","M","R","?","T","E","?","M","?","M","R","BOSS","M","$","?","$","M","E","M","?","T","R","?","?","E","?","R","BOSS"],"items_purchased_type":["Relic","Relic","Card","Card","Card"],"build_version":"2020-12-22","purchased_purges":3,"victory":false,"max_hp_per_floor":[75,75,75,75,75,75,75,75,75,89,89,89,89,89,89,89,89,89,89,89,89,89,89,89,96,96,96,96,96,96,96,96,96,96],"card_choices":[{"not_picked":["Turbo+1","Beam Cell"],"picked":"Leap+1","floor":1.0},{"not_picked":["Leap+1","Beam Cell","Steam+1"],"picked":"SKIP","floor":3.0},{"not_picked":["Coolheaded+1","Self Repair"],"picked":"Tempest+1","floor":5.0},{"not_picked":["Go for the Eyes","Reinforced Body+1"],"picked":"Capacitor","floor":6.0},{"not_picked":["REME_ForAll","Cold Snap"],"picked":"Ball Lightning","floor":10.0},{"not_picked":["Defragment+1","Sweeping Beam"],"picked":"Redo+1","floor":12.0},{"not_picked":["Conserve Battery+1","Turbo+1"],"picked":"Static Discharge+1","floor":14.0},{"not_picked":["Beam Cell+1","Hologram+1","Compile Driver+1"],"picked":"SKIP","floor":18.0},{"not_picked":["Coolheaded+1","Cold Snap"],"picked":"aspiration:Polymerization+1","floor":20.0},{"not_picked":["Leap+1","Go for the Eyes+1","Coolheaded+1"],"picked":"SKIP","floor":22.0},{"not_picked":["Blizzard","Melter+1"],"picked":"Storm+1","floor":23.0},{"not_picked":["Go for the Eyes","Steam+1","Redo+1"],"picked":"SKIP","floor":24.0},{"not_picked":["Gash","Cold Snap+1"],"picked":"Machine Learning+1","floor":29},{"not_picked":["Reprogram+1","Steam+1","Blizzard"],"picked":"SKIP","floor":30},{"not_picked":["Rebound","Stack+1"],"picked":"Conserve Battery+1","floor":32}],"player_experience":269487,"relics_obtained":[{"floor":9.0,"key":"aspiration:HiddenCompartment"},{"floor":10.0,"key":"Mango"},{"floor":23.0,"key":"Torii"},{"floor":25.0,"key":"Strawberry"},{"floor":26.0,"key":"Dream Catcher"},{"floor":30,"key":"aspiration:FrozenJewel"}],"event_choices":[{"damage_healed":0.0,"max_hp_gain":0.0,"max_hp_loss":0.0,"gold_gain":175.0,"event_name":"Liars Game","player_choice":"AGREE","floor":4.0,"gold_loss":0.0,"damage_taken":0.0,"cards_obtained":["Doubt"]},{"damage_healed":0.0,"max_hp_gain":0.0,"max_hp_loss":0.0,"gold_gain":0.0,"event_name":"Golden Idol","player_choice":"Take Damage","floor":8.0,"gold_loss":0.0,"damage_taken":18.0,"relics_obtained":["Golden Idol"]},{"damage_healed":0.0,"max_hp_gain":0.0,"max_hp_loss":0.0,"gold_gain":0.0,"event_name":"Lab","player_choice":"Got Potions","floor":13.0,"gold_loss":0.0,"damage_taken":0.0},{"damage_healed":0,"gold_gain":0,"cards_transformed":["Defend_B"],"player_choice":"Transformed","damage_taken":0,"max_hp_gain":0,"max_hp_loss":0,"event_name":"Transmorgrifier","floor":31,"gold_loss":0,"cards_obtained":["Gash"]}],"is_beta":false,"boss_relics":[{"not_picked":["Busted Crown","Runic Dome","aspiration:RitualDagger"]}],"items_purged_floors":[0,19,21],"is_endless":false,"potions_floor_spawned":[1,12,16,20,22,24,30],"killed_by":"Automaton","ascension_level":0}}