{"host":"2pluridizrp50jef","time":1610861790,"event":{"mods":["ATMod(∞¢Ë™Mod)","AchievementEnabler","Act Like it!","BaseMod","Better Altar","Better Match","Better Note","Better Sensory Stone","Better Skull","Better Third Choice","BetterRewards","Colored Powertips","Conspire","Custom Start","Energized Spire","Hallownest","Hubris","Infinite Spire","Lobotomy","LobotomyExtend","Minty Spire (QoL Compilation)","Rare Cards Sparkle","Relic Stats","Remilia£®¿Ÿ√◊¿Ú—«£©","Replay The Spire","StSLib","The Construct","The Runesmith","Youmu£®ªÍ∆«—˝√Œ£©","vexMod","°æ“≈ŒÔø®≈∆°øREMEMod"],"gold_per_floor":[111,130,130,144,157,185,150,150,150,160,190,204,230,244,244,244,244,323,323,343,343,263,279,294,294,309,340,340,357,392,317,317,328,328,405,405,442,470,515,566,619,686,410,438,438,151,126,126,126,147,147,147,147],"floor_reached":54,"language":"ZHS","playtime":3189,"items_purged":["Pain"],"score":3041,"play_id":"785a4cd2-9f1b-429b-8ef5-2609c1dd3b90","local_time":"20210116213630","is_ascension_mode":true,"campfire_choices":[{"data":"Runesmith:HeatExchange","floor":17,"key":"SMITH"},{"data":"Runesmith:ChaoticBlast","floor":34,"key":"SMITH"},{"data":"Runesmith:Retool","floor":49,"key":"SMITH"},{"data":"Runesmith:FissionHammer","floor":51,"key":"SMITH"}],"circlet_count":0,"master_deck":["Runesmith:HeatedChisel+1","Runesmith:HeatExchange+1","Runesmith:HeatExchange+1","Runesmith:Reinforce+1","Runesmith:HammerAndChisel+1","Runesmith:BackupBattery+4","Runesmith:BackupBattery+4","Runesmith:Refine+1","Runesmith:PoweredAnvil+1","Runesmith:UnlimitedPower+1","Runesmith:LithiumIon+1","Runesmith:Firestorm+1","Runesmith:Firestorm+1","Runesmith:Empowerment+1","Runesmith:CraftIncendium","Runesmith:HeatExchange+1","Runesmith:FissionHammer+1","Runesmith:CraftMagma","Runesmith:ChaoticBlast+1","Runesmith:Permafrost+1","Runesmith:CraftMagma+1","Runesmith:Retool+1"],"relics":["Runesmith:BrokenRuby","AT_ATBox","REME_ComplimentaryCards","hubris:64BitClover","hubris:SphereOfDissonance","Black Star","AT_EbonyIvory","hubris:TinFlute","Singing Bowl","Runesmith:UraniumAnvil","TungstenRod","hubris:IronBody","hubris:SoftwareUpdate","conspire:TreasureMap","Runesmith:AutoHammer","Runesmith:Nanobots","Runesmith:CoreCrystal","Runesmith:Locket","Runesmith:EmergencyProvisions","LetterFromLob","ReplayTheSpireMod:TigerMarble","Replay:Ringing Soul","WarpedTongs","AT_SpeedBoots","Omamori","Anchor","infinitespire:Lucky Rock","Bronze Scales","Mirror","REME_ChargedStone","Dream Catcher","Replay:Mystery Machine","hubris:Metronome","Eternal Feather","Potion Belt","hubris:BottledHeart","hubris:GlazedTorus","infinitespire:EvilPickle","vexMod:DeviousBotling","REME_HandOfSuture","ScarletDevilRocket","Garlic","hubris:MysteriousPyramids","conspire:Dentures","hubris:BottledRain","AT_SilverBalance"],"acts_visited":["Exordium","TheCity","TheBeyond"],"potions_floor_usage":[24,26,35,35,52,53,53,54],"damage_taken":[{"damage":0,"enemies":"2 Louse","floor":1,"turns":1},{"damage":0,"enemies":"Small Slimes","floor":2,"turns":1},{"damage":0,"enemies":"Cultist","floor":4,"turns":2},{"damage":0,"enemies":"2 Fungi Beasts","floor":5,"turns":1},{"damage":10,"enemies":"Replay:BlueRogue","floor":6,"turns":2},{"damage":0,"enemies":"Blue Slaver","floor":10,"turns":1},{"damage":0,"enemies":"3 Sentries","floor":11,"turns":1},{"damage":0,"enemies":"Exordium Wildlife","floor":12,"turns":2},{"damage":18,"enemies":"Lagavulin","floor":13,"turns":3},{"damage":0,"enemies":"3 Louse","floor":14,"turns":1},{"damage":0,"enemies":"Fading Forest","floor":18,"turns":4},{"damage":10,"enemies":"2 Thieves","floor":20,"turns":2},{"damage":0,"enemies":"Spheric Guardian","floor":23,"turns":2},{"damage":0,"enemies":"Shelled Parasite and Fungi","floor":24,"turns":3},{"damage":0,"enemies":"Centurion and Healer","floor":26,"turns":2},{"damage":0,"enemies":"Slavers","floor":27,"turns":2},{"damage":0,"enemies":"Cultist and Chosen","floor":29,"turns":2},{"damage":0,"enemies":"Book of Stabbing","floor":30,"turns":2},{"damage":0,"enemies":"Snake Plant","floor":33,"turns":1},{"damage":0,"enemies":"Pondfish","floor":35,"turns":5},{"damage":0,"enemies":"3 Darklings","floor":37,"turns":1},{"damage":0,"enemies":"conspire:MimicChest","floor":38,"turns":2},{"damage":0,"enemies":"Orb Walker","floor":39,"turns":2},{"damage":0,"enemies":"Writhing Mass","floor":40,"turns":1},{"damage":0,"enemies":"Spire Growth","floor":41,"turns":2},{"damage":0,"enemies":"R_Hoarder","floor":42,"turns":3},{"damage":0,"enemies":"Jaw Worm Horde","floor":44,"turns":1},{"damage":0,"enemies":"Writhing Mass","floor":50,"turns":2},{"damage":0,"enemies":"Donu and Deca","floor":52,"turns":5},{"damage":0,"enemies":"hubris:GrandSnecko","floor":53,"turns":5},{"damage":0,"enemies":"Malkuth","floor":54,"turns":4},{"damage":0,"enemies":"Hod","floor":54,"turns":7}],"seed_played":"-1496447274842282744","potions_obtained":[{"floor":1,"key":"SpeedPotion"},{"floor":4,"key":"Flashbang"},{"floor":26,"key":"REME_GoldPotion"},{"floor":27,"key":"Venom Potion"},{"floor":33,"key":"Energy Potion"},{"floor":37,"key":"Reflective Coating"},{"floor":41,"key":"LiquidBronze"},{"floor":42,"key":"DistilledChaos"}],"is_trial":true,"path_per_floor":["M","M","?","M","M","E","?","?","T","M","E","M","E","M","PTL","PTL","R","B",null,"M","?","?","M","M","NM","M","E","T","M","E","$","?","M","R","B",null,"M","?","M","M","M","E","$","M","T","$","?","?","R","M","R","B","B",null],"character_chosen":"RUNESMITH_CLASS","items_purchased":["hubris:MysteriousPyramids","hubris:BottledRain"],"campfire_rested":0,"item_purchase_floors":[43,46],"current_hp_per_floor":[61,61,61,63,63,55,72,75,75,77,79,82,66,68,68,68,68,71,85,77,77,77,79,81,81,83,85,85,88,92,92,1,1,1,1,1,1,1,1,1,1,1,1,1,1,1,1,1,1,1,1,1,1],"gold":147,"neow_bonus":"","is_daily":false,"chose_seed":false,"campfire_upgraded":4,"win_rate":0.0,"timestamp":1610861790,"path_taken":["M","M","?","M","M","E","?","?","T","M","E","?","E","M","PTL","PTL","R","BOSS","M","?","?","M","M","NM","M","E","T","M","E","?","?","?","R","BOSS","M","?","M","?","M","E","$","M","T","$","?","?","R","M","R","BOSS","BOSS"],"items_purchased_type":["Relic","Relic"],"build_version":"2020-12-22","purchased_purges":1,"victory":true,"max_hp_per_floor":[68,68,68,70,70,72,72,75,75,77,79,82,84,86,86,86,86,89,89,91,91,91,93,95,95,97,99,99,102,104,104,1,1,1,1,1,1,1,1,1,1,1,1,1,1,1,1,1,1,1,1,1,1],"relic_stats":{"Dream Catcher":0,"Singing Bowl":38,"counters":[33,79],"Bronze Scales":[106],"Eternal Feather":0,"Black Star":6,"obtain_stats":[{"hubris:Metronome":28,"AT_ATBox":0,"ScarletDevilRocket":42,"Singing Bowl":0,"Runesmith:Locket":0,"REME_ChargedStone":19,"Replay:Mystery Machine":27,"hubris:MysteriousPyramids":43,"Replay:Ringing Soul":6,"Dream Catcher":27,"hubris:IronBody":0,"vexMod:DeviousBotling":36,"hubris:TinFlute":0,"hubris:GlazedTorus":33,"Potion Belt":30,"conspire:Dentures":45,"Runesmith:BrokenRuby":0,"conspire:TreasureMap":0,"Runesmith:Nanobots":0,"hubris:64BitClover":0,"hubris:SoftwareUpdate":0,"hubris:SphereOfDissonance":0,"Eternal Feather":30,"AT_EbonyIvory":0,"AT_SilverBalance":50,"Omamori":11,"infinitespire:Lucky Rock":13,"Runesmith:EmergencyProvisions":0,"Runesmith:CoreCrystal":0,"WarpedTongs":8,"infinitespire:EvilPickle":35,"AT_SpeedBoots":9,"Anchor":11,"hubris:BottledHeart":32,"Bronze Scales":13,"Runesmith:UraniumAnvil":0,"REME_HandOfSuture":38,"Black Star":0,"LetterFromLob":1,"ReplayTheSpireMod:TigerMarble":6,"Garlic":42,"Runesmith:AutoHammer":0,"Mirror":14,"TungstenRod":0,"REME_ComplimentaryCards":0,"hubris:BottledRain":46},{"hubris:Metronome":16,"AT_ATBox":0,"ScarletDevilRocket":26,"Singing Bowl":0,"Runesmith:Locket":0,"REME_ChargedStone":11,"Replay:Mystery Machine":16,"hubris:MysteriousPyramids":26,"Replay:Ringing Soul":5,"Dream Catcher":16,"hubris:IronBody":0,"vexMod:DeviousBotling":20,"hubris:TinFlute":0,"hubris:GlazedTorus":19,"Potion Belt":18,"conspire:Dentures":27,"Runesmith:BrokenRuby":0,"conspire:TreasureMap":0,"Runesmith:Nanobots":0,"hubris:64BitClover":0,"hubris:SoftwareUpdate":0,"hubris:SphereOfDissonance":0,"Eternal Feather":18,"AT_EbonyIvory":0,"AT_SilverBalance":28,"Omamori":7,"infinitespire:Lucky Rock":9,"Runesmith:EmergencyProvisions":0,"Runesmith:CoreCrystal":0,"WarpedTongs":5,"infinitespire:EvilPickle":20,"AT_SpeedBoots":5,"Anchor":7,"hubris:BottledHeart":18,"Bronze Scales":9,"Runesmith:UraniumAnvil":0,"REME_HandOfSuture":22,"Black Star":0,"LetterFromLob":1,"ReplayTheSpireMod:TigerMarble":5,"Garlic":26,"Runesmith:AutoHammer":0,"Mirror":10,"TungstenRod":0,"REME_ComplimentaryCards":0,"hubris:BottledRain":27},{"hubris:Metronome":30,"AT_ATBox":0,"ScarletDevilRocket":51,"Singing Bowl":0,"Runesmith:Locket":0,"REME_ChargedStone":19,"Replay:Mystery Machine":30,"hubris:MysteriousPyramids":51,"Replay:Ringing Soul":7,"Dream Catcher":30,"hubris:IronBody":0,"vexMod:DeviousBotling":40,"hubris:TinFlute":0,"hubris:GlazedTorus":35,"Potion Belt":34,"conspire:Dentures":52,"Runesmith:BrokenRuby":0,"conspire:TreasureMap":0,"Runesmith:Nanobots":0,"hubris:64BitClover":0,"hubris:SoftwareUpdate":0,"hubris:SphereOfDissonance":0,"Eternal Feather":34,"AT_EbonyIvory":0,"AT_SilverBalance":54,"Omamori":9,"infinitespire:Lucky Rock":14,"Runesmith:EmergencyProvisions":0,"Runesmith:CoreCrystal":0,"WarpedTongs":7,"infinitespire:EvilPickle":40,"AT_SpeedBoots":7,"Anchor":9,"hubris:BottledHeart":34,"Bronze Scales":14,"Runesmith:UraniumAnvil":0,"REME_HandOfSuture":43,"Black Star":0,"LetterFromLob":1,"ReplayTheSpireMod:TigerMarble":7,"Garlic":51,"Runesmith:AutoHammer":0,"Mirror":15,"TungstenRod":0,"REME_ComplimentaryCards":0,"hubris:BottledRain":52}],"TungstenRod":36,"WarpedTongs":[63]},"card_choices":[{"not_picked":["Runesmith:MakeshiftArmor","Runesmith:CraftProtectio","Runesmith:OneForEveryone"],"picked":"Singing Bowl","floor":1},{"not_picked":["Runesmith:EnergizedChisel","Runesmith:CraftVitae"],"picked":"Runesmith:Empowerment","floor":2},{"not_picked":["Runesmith:BackupBattery","Runesmith:StaticCage","Runesmith:Repurpose"],"picked":"Singing Bowl","floor":4},{"not_picked":["Runesmith:Electrocute","Runesmith:MakeshiftArmor"],"picked":"Runesmith:CraftIncendium","floor":5},{"not_picked":["Runesmith:Firestorm","Runesmith:GrandSlam","Runesmith:HeatedChisel"],"picked":"Singing Bowl","floor":6},{"not_picked":["Runesmith:Discharge","Runesmith:BackupBattery","Runesmith:HammerThrow"],"picked":"Singing Bowl","floor":10},{"not_picked":["Runesmith:Refine","Runesmith:EnergizedChisel","Runesmith:Repurpose"],"picked":"Singing Bowl","floor":11},{"not_picked":["Runesmith:Overpower","Runesmith:StaticCage"],"picked":"Runesmith:HeatExchange","floor":12},{"not_picked":["Runesmith:Repurpose","Runesmith:EnergizedChisel","Runesmith:ReplicatingBarrier"],"picked":"Singing Bowl","floor":13},{"not_picked":["Runesmith:StaticCage","Runesmith:NegativeSpace","Runesmith:DoubleUp"],"picked":"Singing Bowl","floor":14},{"not_picked":["Runesmith:Duplicate","Runesmith:LightningRod"],"picked":"Runesmith:FissionHammer","floor":18},{"not_picked":["Runesmith:Firewall","Runesmith:ShiftingStrike","Runesmith:HammerThrow"],"picked":"Singing Bowl","floor":20},{"not_picked":["Runesmith:BackupBattery","Runesmith:HammerTime","Runesmith:FrozenChisel"],"picked":"Singing Bowl","floor":23},{"not_picked":["Runesmith:CraftProtectio","Runesmith:StaticCage","Runesmith:Grindstone"],"picked":"Singing Bowl","floor":24},{"not_picked":["Runesmith:CraftVitae","Runesmith:Permafrost","Runesmith:DoubleUp"],"picked":"Singing Bowl","floor":26},{"not_picked":["Runesmith:ShiftingStrike","Runesmith:FissionHammer","Runesmith:MakeshiftArmor"],"picked":"Singing Bowl","floor":27},{"not_picked":["Runesmith:CraftProtectio+1","Runesmith:HeatedChisel"],"picked":"Runesmith:CraftMagma","floor":29},{"not_picked":["Runesmith:ChargedHammer","Runesmith:NanitesCloud","Runesmith:HeatExchange"],"picked":"Singing Bowl","floor":30},{"not_picked":["Runesmith:Attraction","Runesmith:DoubleUp"],"picked":"Runesmith:ChaoticBlast","floor":33},{"not_picked":["Runesmith:FissionHammer","Runesmith:GenerateForcefield","Runesmith:CreatorForm"],"picked":"Singing Bowl","floor":35},{"not_picked":["Runesmith:EnergizedChisel","Runesmith:HeatedChisel","Runesmith:WhiteBalance"],"picked":"Singing Bowl","floor":37},{"not_picked":["Runesmith:NegativeSpace","Runesmith:Terraform"],"picked":"Runesmith:Permafrost+1","floor":38},{"not_picked":["Runesmith:ChaoticBlast+1","Runesmith:Repurpose","Runesmith:MakeshiftArmor"],"picked":"Singing Bowl","floor":39},{"not_picked":["Runesmith:HeatExchange","Runesmith:Supernova"],"picked":"Runesmith:CraftMagma+1","floor":40},{"not_picked":["Runesmith:Augment+1","Runesmith:RuneHurl","Runesmith:GoWithTheFlow+1"],"picked":"Singing Bowl","floor":41},{"not_picked":["Runesmith:FieryHammer+1","Runesmith:EnergizedChisel","Runesmith:EarthShield"],"picked":"Singing Bowl","floor":42},{"not_picked":["Runesmith:EarthShield+1","Runesmith:Grindstone+1"],"picked":"Runesmith:Retool","floor":44},{"not_picked":["Runesmith:Prism+1","Runesmith:UnstableHammer+1","Runesmith:CraftProtectio+1"],"picked":"Singing Bowl","floor":50}],"player_experience":108149,"relics_obtained":[{"floor":1,"key":"LetterFromLob"},{"floor":6,"key":"ReplayTheSpireMod:TigerMarble"},{"floor":6,"key":"Replay:Ringing Soul"},{"floor":9,"key":"AT_SpeedBoots"},{"floor":11,"key":"Omamori"},{"floor":11,"key":"Anchor"},{"floor":13,"key":"infinitespire:Lucky Rock"},{"floor":13,"key":"Bronze Scales"},{"floor":14,"key":"Mirror"},{"floor":27,"key":"Dream Catcher"},{"floor":27,"key":"Replay:Mystery Machine"},{"floor":28,"key":"hubris:Metronome"},{"floor":30,"key":"Eternal Feather"},{"floor":30,"key":"Potion Belt"},{"floor":33,"key":"hubris:GlazedTorus"},{"floor":38,"key":"REME_HandOfSuture"},{"floor":42,"key":"ScarletDevilRocket"},{"floor":42,"key":"Garlic"},{"floor":45,"key":"conspire:Dentures"},{"floor":50,"key":"AT_SilverBalance"}],"event_choices":[{"damage_healed":0,"gold_gain":0,"player_choice":"Grow","damage_taken":0,"max_hp_gain":0,"max_hp_loss":0,"event_name":"Living Wall","floor":3,"gold_loss":0,"cards_upgraded":["Runesmith:Empowerment"]},{"damage_healed":18,"gold_gain":0,"player_choice":"Healed","damage_taken":0,"max_hp_gain":0,"max_hp_loss":0,"event_name":"The Cleric","floor":7,"gold_loss":35},{"damage_healed":0,"gold_gain":0,"player_choice":"Rummage","damage_taken":0,"relics_obtained":["WarpedTongs"],"max_hp_gain":0,"max_hp_loss":0,"event_name":"Accursed Blacksmith","floor":8,"gold_loss":0,"cards_obtained":["Pain"]}],"is_beta":false,"boss_relics":[{"not_picked":["conspire:SeveredTorchhead","energizedSpire:RedRose"],"picked":"REME_ChargedStone"},{"not_picked":["AT_MortalBlade","Replay:Bronze Core"],"picked":"vexMod:DeviousBotling"}],"items_purged_floors":[31],"is_endless":false,"potions_floor_spawned":[1,4,5,6,13,24,26,27,30,33,37,39,41,42],"ascension_level":20}}