{"host":"8dhn6p16jorj0i1s","time":1610845286,"event":{"mods":["BaseMod","Colored Map","DeckTracker","Minty Spire (QoL Compilation)","Permanent Neow","Quick Restart"],"gold_per_floor":[116,128,141,111,131,131,157,157,211,245,255,180,193,226,226,327,327,342,353,17,36,36,36,52,52,52,52,52,52,83,98,98,196,196,208,508,528,274,324,324,324,324,324,343,355,355,161,141,141,141,141,141,13,44,44,44],"floor_reached":55,"language":"ENG","playtime":3901,"items_purged":["Strike_R","Strike_R","Regret"],"score":881,"play_id":"8abb4b51-18a2-493b-9327-7709bc942f9f","local_time":"20210117020126","is_ascension_mode":true,"campfire_choices":[{"data":"Demon Form","floor":6.0,"key":"SMITH"},{"data":"Heavy Blade","floor":8.0,"key":"SMITH"},{"data":"Heavy Blade","floor":15.0,"key":"SMITH"},{"data":"Rupture","floor":23.0,"key":"SMITH"},{"data":"Bloodletting","floor":25.0,"key":"SMITH"},{"data":"Bloodletting","floor":27.0,"key":"SMITH"},{"floor":32.0,"key":"REST"},{"floor":40.0,"key":"RECALL"},{"data":"Impervious","floor":42.0,"key":"SMITH"},{"data":"Offering","floor":46.0,"key":"SMITH"},{"data":"Battle Trance","floor":49.0,"key":"SMITH"},{"data":"Bash","floor":52.0,"key":"SMITH"}],"circlet_count":0,"master_deck":["Strike_R","Strike_R","Strike_R","Defend_R","Defend_R","Defend_R","Defend_R","Bash+1","Demon Form+1","True Grit+1","Twin Strike","Battle Trance+1","Heavy Blade+1","Heavy Blade+1","Rupture+1","Bloodletting+1","Offering+1","Bloodletting+1","Sword Boomerang+1","Combust","Flex+1","Impervious+1","Rage+1","Whirlwind+1","Sever Soul","Seeing Red","Heavy Blade+1"],"relics":["Burning Blood","Ornamental Fan","Bag of Preparation","Toy Ornithopter","Du-Vu Doll","Runic Pyramid","Sundial","Frozen Egg 2","Nilry\u0027s Codex","Happy Flower","Cursed Key","Red Skull","Gambling Chip","Boot"],"acts_visited":["Exordium","TheCity","TheBeyond","TheEnding"],"potions_floor_usage":[55,55],"damage_taken":[{"damage":6.0,"enemies":"Cultist","floor":1.0,"turns":4.0},{"damage":1.0,"enemies":"Small Slimes","floor":2.0,"turns":5.0},{"damage":9.0,"enemies":"Jaw Worm","floor":3.0,"turns":4.0},{"damage":12.0,"enemies":"Looter","floor":4.0,"turns":4.0},{"damage":6.0,"enemies":"2 Fungi Beasts","floor":5.0,"turns":3.0},{"damage":18.0,"enemies":"Lagavulin","floor":7.0,"turns":6.0},{"damage":18.0,"enemies":"Gremlin Nob","floor":10.0,"turns":3.0},{"damage":0.0,"enemies":"3 Louse","floor":11.0,"turns":6.0},{"damage":21.0,"enemies":"Exordium Thugs","floor":13.0,"turns":4.0},{"damage":23.0,"enemies":"3 Sentries","floor":14.0,"turns":5.0},{"damage":37.0,"enemies":"The Guardian","floor":16.0,"turns":6.0},{"damage":9.0,"enemies":"3 Byrds","floor":18.0,"turns":6.0},{"damage":13.0,"enemies":"Shell Parasite","floor":19.0,"turns":3.0},{"damage":27.0,"enemies":"3 Cultists","floor":21.0,"turns":4.0},{"damage":15.0,"enemies":"Sentry and Sphere","floor":24.0,"turns":3.0},{"damage":20.0,"enemies":"Book of Stabbing","floor":30.0,"turns":3.0},{"damage":15.0,"enemies":"Cultist and Chosen","floor":31.0,"turns":4.0},{"damage":26.0,"enemies":"Champ","floor":33.0,"turns":5.0},{"damage":25.0,"enemies":"Orb Walker","floor":35.0,"turns":4.0},{"damage":20.0,"enemies":"3 Shapes","floor":37.0,"turns":2.0},{"damage":9.0,"enemies":"Mind Bloom Boss Battle","floor":39.0,"turns":4.0},{"damage":8.0,"enemies":"Jaw Worm Horde","floor":44.0,"turns":3.0},{"damage":12.0,"enemies":"Transient","floor":45.0,"turns":5.0},{"damage":33.0,"enemies":"Donu and Deca","floor":50.0,"turns":7.0},{"damage":12.0,"enemies":"Shield and Spear","floor":54.0,"turns":4.0},{"damage":81,"enemies":"The Heart","floor":55,"turns":3}],"seed_played":"5308064062468046584","potions_obtained":[{"floor":2.0,"key":"LiquidBronze"},{"floor":5.0,"key":"Fruit Juice"},{"floor":7.0,"key":"SteroidPotion"},{"floor":11.0,"key":"ElixirPotion"},{"floor":14.0,"key":"EntropicBrew"},{"floor":16.0,"key":"AttackPotion"},{"floor":18.0,"key":"Explosive Potion"},{"floor":19.0,"key":"SkillPotion"},{"floor":33.0,"key":"ColorlessPotion"},{"floor":35.0,"key":"ColorlessPotion"},{"floor":37.0,"key":"FearPotion"},{"floor":48.0,"key":"GamblersBrew"},{"floor":54.0,"key":"Ancient Potion"}],"is_trial":false,"path_per_floor":["M","M","M","M","M","R","E","R","T","E","M","$","M","E","R","B",null,"M","M","$","M","$","R","M","R","T","R","$","?","E","M","R","B",null,"M","?","M","$","?","R","?","R","T","M","M","R","$","?","R","B",null,"R","$","E","B"],"character_chosen":"IRONCLAD","items_purchased":["Combust","Sundial","Red Skull","Sever Soul","Seeing Red","Weak Potion"],"campfire_rested":1,"item_purchase_floors":[20,20,38,47,53,53],"current_hp_per_floor":[80,80,77,71,71,71,64,64,64,52,58,58,43,31,31,15,68,70,68,68,47,47,47,43,43,43,43,43,27,18,9,34,14,67,48,48,39,39,36,36,36,36,36,39,33,33,33,33,33,11,67,67,67,71,0,0],"gold":44,"neow_bonus":"ONE_RANDOM_RARE_CARD","is_daily":false,"chose_seed":false,"campfire_upgraded":10,"win_rate":0.0,"timestamp":1610845286,"path_taken":["M","M","M","M","M","R","E","R","T","E","M","$","M","E","R","BOSS","M","M","$","M","$","R","M","R","T","R","?","?","E","M","R","BOSS","M","?","M","$","?","R","?","R","T","?","M","R","?","?","R","BOSS","R","$","E","BOSS"],"items_purchased_type":["Card","Relic","Relic","Card","Card","Potion"],"build_version":"2020-12-22","purchased_purges":3,"victory":false,"max_hp_per_floor":[80,80,80,80,80,80,85,85,85,85,85,85,85,85,85,85,85,85,85,85,85,85,85,85,85,85,85,85,85,85,85,85,85,85,85,85,85,85,85,85,85,85,85,85,85,85,85,85,85,85,85,85,85,85,85,85],"card_choices":[{"not_picked":["Flex","Havoc"],"picked":"True Grit","floor":1.0},{"not_picked":["Body Slam","Havoc"],"picked":"Twin Strike","floor":2.0},{"not_picked":["Entrench","Warcry"],"picked":"Battle Trance","floor":3.0},{"not_picked":["Sword Boomerang","Body Slam"],"picked":"Heavy Blade","floor":4.0},{"not_picked":["Power Through","Uppercut","Anger"],"picked":"SKIP","floor":5.0},{"not_picked":["Combust","Juggernaut"],"picked":"Heavy Blade","floor":7.0},{"not_picked":["Clothesline","Reckless Charge","Shrug It Off"],"picked":"SKIP","floor":10.0},{"not_picked":["Dropkick","Flame Barrier"],"picked":"Rupture","floor":11.0},{"not_picked":["Iron Wave","Evolve","Perfected Strike"],"picked":"SKIP","floor":13.0},{"not_picked":["Searing Blow","Shrug It Off"],"picked":"Bloodletting","floor":14.0},{"not_picked":["Juggernaut","Bludgeon"],"picked":"Offering","floor":16.0},{"not_picked":["Wild Strike","Dropkick"],"picked":"Bloodletting","floor":18.0},{"not_picked":["Havoc","Twin Strike"],"picked":"Sword Boomerang+1","floor":19.0},{"not_picked":["Disarm+1","Evolve","Ghostly Armor+1"],"picked":"SKIP","floor":21.0},{"not_picked":["Wild Strike","Flame Barrier"],"picked":"Flex+1","floor":24.0},{"not_picked":["Armaments","Immolate","Havoc"],"picked":"SKIP","floor":30.0},{"not_picked":["Pommel Strike+1","Body Slam","Uppercut"],"picked":"SKIP","floor":31.0},{"not_picked":["Berserk+1","Juggernaut+1"],"picked":"Impervious","floor":33.0},{"not_picked":["Havoc+1","Iron Wave","Rage"],"picked":"SKIP","floor":35.0},{"not_picked":["Thunderclap+1","Perfected Strike+1","Metallicize+1"],"picked":"SKIP","floor":37.0},{"not_picked":["Clothesline","Searing Blow"],"picked":"Rage+1","floor":44.0},{"not_picked":["Cleave+1","Combust+1"],"picked":"Whirlwind+1","floor":45.0},{"not_picked":["Shrug It Off","Dark Embrace+1"],"picked":"Heavy Blade+1","floor":54.0}],"player_experience":408549,"relics_obtained":[{"floor":7.0,"key":"Ornamental Fan"},{"floor":9.0,"key":"Bag of Preparation"},{"floor":10.0,"key":"Toy Ornithopter"},{"floor":14.0,"key":"Du-Vu Doll"},{"floor":26.0,"key":"Frozen Egg 2"},{"floor":29.0,"key":"Nilry\u0027s Codex"},{"floor":30.0,"key":"Happy Flower"},{"floor":39.0,"key":"Gambling Chip"},{"floor":54.0,"key":"Boot"}],"event_choices":[{"damage_healed":0.0,"max_hp_gain":0.0,"max_hp_loss":0.0,"gold_gain":0.0,"event_name":"Cursed Tome","player_choice":"Obtained Book","floor":29.0,"gold_loss":0.0,"damage_taken":16.0},{"damage_healed":0.0,"max_hp_gain":0.0,"max_hp_loss":0.0,"gold_gain":300.0,"event_name":"Wheel of Change","player_choice":"Gold","floor":36.0,"gold_loss":0.0,"damage_taken":0.0},{"damage_healed":0.0,"max_hp_gain":0.0,"max_hp_loss":0.0,"gold_gain":0.0,"event_name":"MindBloom","player_choice":"Fight","floor":39.0,"gold_loss":0.0,"damage_taken":0.0},{"damage_healed":0.0,"max_hp_gain":0.0,"max_hp_loss":0.0,"gold_gain":0.0,"event_name":"Upgrade Shrine","player_choice":"Upgraded","floor":41.0,"gold_loss":0.0,"damage_taken":0.0,"cards_upgraded":["True Grit"]},{"damage_healed":0.0,"max_hp_gain":0.0,"max_hp_loss":0.0,"gold_gain":0.0,"event_name":"The Woman in Blue","player_choice":"Bought 1 Potion","floor":48.0,"gold_loss":0.0,"damage_taken":0.0}],"is_beta":false,"boss_relics":[{"not_picked":["Coffee Dripper","Sozu"],"picked":"Runic Pyramid"},{"not_picked":["Busted Crown","Empty Cage"],"picked":"Cursed Key"}],"items_purged_floors":[12,38,47],"is_endless":false,"potions_floor_spawned":[2,5,7,11,14,16,18,19,33,35,37,54],"killed_by":"The Heart","ascension_level":5}}