{"host":"ij6v9c62x5hkpuac","time":1610863370,"event":{"mods":["BaseMod","BetterRewards","Minty Spire (QoL Compilation)","Permanent Neow","Prisma Mod","Shop Mod","StSLib","Td1madao Mod","The Animator","The Servant 0.9.4","Yuri Mod"],"gold_per_floor":[311,321,321,337,45,45,60,60,87,119,119,131,131,150,150,150,150],"floor_reached":16,"language":"ENG","playtime":798,"items_purged":[],"score":163,"play_id":"2acc0335-ff2f-49d5-b592-e9d32752760f","local_time":"20210117140250","is_ascension_mode":true,"campfire_choices":[{"data":"Defy","floor":6,"key":"SMITH"},{"data":"Rearm","floor":8,"key":"SMITH"},{"floor":13,"key":"REST"},{"data":"Luminosity","floor":15,"key":"SMITH"}],"circlet_count":0,"master_deck":["AscendersBane","Strike_S","Strike_S","Strike_S","Strike_S","Defend_S","Defend_S","Defend_S","Defend_S","KidneyShot+1","Exchange","Defy+1","TimeTheft","Rearm+1","Luminosity+1"],"relics":["Uniform","Old Coin","Gambling Chip","Bag of Preparation","Smiling Mask","Molten Egg 2"],"acts_visited":["Exordium"],"potions_floor_usage":[16,16],"damage_taken":[{"damage":5,"enemies":"Jaw Worm","floor":1,"turns":6},{"damage":6,"enemies":"2 Louse","floor":2,"turns":3},{"damage":0,"enemies":"Small Slimes","floor":4,"turns":4},{"damage":5,"enemies":"2 Fungi Beasts","floor":7,"turns":4},{"damage":14,"enemies":"3 Sentries","floor":10,"turns":16},{"damage":0,"enemies":"3 Louse","floor":12,"turns":3},{"damage":1,"enemies":"Blue Slaver","floor":14,"turns":5},{"damage":32,"enemies":"Slime Boss","floor":16,"turns":11}],"seed_played":"6491953278857372454","potions_obtained":[{"floor":7,"key":"Block Potion"},{"floor":10,"key":"ColorlessPotion"},{"floor":12,"key":"Dexterity Potion"}],"is_trial":false,"path_per_floor":["M","M","?","M","$","R","M","R","T","E","?","M","R","M","R","B"],"character_chosen":"THE_SERVANT","items_purchased":["Gambling Chip"],"campfire_rested":1,"item_purchase_floors":[5],"current_hp_per_floor":[54,48,48,48,48,48,43,43,43,29,4,4,23,22,22,0,0],"gold":150,"neow_bonus":"ONE_RARE_RELIC","is_daily":false,"chose_seed":false,"campfire_upgraded":3,"win_rate":0.0,"timestamp":1610863370,"path_taken":["M","M","?","M","$","R","M","R","T","E","?","M","R","M","R","BOSS"],"items_purchased_type":["Relic"],"build_version":"2020-12-22","purchased_purges":0,"victory":false,"max_hp_per_floor":[65,65,65,65,65,65,65,65,65,65,65,65,65,65,65,65,65],"card_choices":[{"not_picked":["TimeWarp","Unruled"],"picked":"Defy","floor":1},{"not_picked":["FastForward","Reset"],"picked":"TimeTheft","floor":2},{"not_picked":["Deadline","Reset"],"picked":"Rearm","floor":4},{"not_picked":["Starlight","DualDimension","Rewind"],"picked":"SKIP","floor":7},{"not_picked":["Rearm","Solidify"],"picked":"Luminosity","floor":10},{"not_picked":["Rewind","Defy","Potential+1"],"picked":"SKIP","floor":12},{"not_picked":["Revamp","Unruled+1","Ricochet+1"],"picked":"SKIP","floor":14}],"player_experience":670724,"relics_obtained":[{"floor":9,"key":"Bag of Preparation"},{"floor":10,"key":"Smiling Mask"}],"event_choices":[{"damage_healed":0,"gold_gain":0,"player_choice":"Grow","damage_taken":0,"max_hp_gain":0,"max_hp_loss":0,"event_name":"Living Wall","floor":3,"gold_loss":0,"cards_upgraded":["KidneyShot"]},{"damage_healed":0,"gold_gain":0,"player_choice":"Success","damage_taken":25,"relics_obtained":["Molten Egg 2"],"max_hp_gain":0,"max_hp_loss":0,"event_name":"Scrap Ooze","floor":11,"gold_loss":0}],"is_beta":false,"boss_relics":[],"items_purged_floors":[],"is_endless":false,"potions_floor_spawned":[7,10,12],"killed_by":"Slime Boss","ascension_level":12}}