{"host":"lxtc5dws2zoiy0qv","time":1610863200,"event":{"mods":["Act Like it!","Aspiration","BaseMod","BetterRewards","Conspire","Gensokyo","Hallownest","Minty Spire (QoL Compilation)","Remilia（蕾米莉亚）","Replay The Spire","RumiaBox-露米娅的神秘盒子","Shop Mod","StSLib","The Bug Knight","The Construct","The Cursed","The Servant 0.9.4","[IsaacMod]以撒尖塔","vexMod"],"gold_per_floor":[131,147,147,147,72,100,157,169,193,204,234,234,184,209,225,70,83,83,83,83,108,118,118,168,229,246,1457,1476,1476,1572,1572,1584,1610,1710,1213,1213,1230,1230,1230,1254,1270,1270,1281,1298,1309,1309,1309],"floor_reached":34,"language":"ZHS","playtime":7937,"items_purged":["Injury","Strike_S","Defend_S","LightFlow+1","BloodyBrimstone"],"score":505,"play_id":"2bd82354-77c5-4ea6-9cb9-f3ca41d4d5fa","local_time":"20210117140000","is_ascension_mode":false,"campfire_choices":[{"data":"Defend_S","floor":15.0,"key":"PURGE"},{"data":"Embodiment","floor":6.0,"key":"SMITH"},{"data":"EpicFetus","floor":15.0,"key":"SMITH"},{"data":"Contraction","floor":24.0,"key":"SMITH"},{"data":"Luminosity","floor":28.0,"key":"SMITH"},{"data":"SurpressingFire","floor":32.0,"key":"SMITH"}],"circlet_count":2,"master_deck":["Strike_S","Strike_S+1","Strike_S+1","Defend_S+1","Defend_S","KidneyShot","Exchange","Ricochet","Embodiment+1","SurpressingFire","Ricochet+1","SurpressingFire+1","GearUp","KillingDoll+1","KillingDoll+1","EpicFetus+1","SilverBlades+1","Dilation","Dilation","Contraction+1","Starlight+1","Luminosity+1","Moonlight+1"],"relics":["Uniform","HushsDoor","D6","NeowsBlessing","Runic Pyramid","Circlet","Molten Egg 2","ReplayTheSpireMod:TigerMarble","HollowMod:PaleOreRelic","Smiling Mask","MagicMushroom","MerchantsRug","GuppysHead","DoctorsRemote","Mummified Hand","aspiration:Lifesprig","Blue Doll","Lee\u0027s Waffle","conspire:BottledYoYo","ReplayTheSpireMod:Shallot","TheBattery","Bottled Lightning","vexMod:BigBerry","JudasShadow","NineLifeCat","Bag of Marbles","Replay:Accelerometer","aspiration:Nostalgia","HollowMod:VesselMask","Nunchaku"],"acts_visited":["Exordium","TheBeyond"],"potions_floor_usage":[33,33,33],"damage_taken":[{"damage":0.0,"enemies":"2 Louse","floor":1.0,"turns":1.0},{"damage":0.0,"enemies":"Small Slimes","floor":2.0,"turns":1.0},{"damage":0.0,"enemies":"Replay:BlueRogue","floor":6.0,"turns":1.0},{"damage":0.0,"enemies":"Lagavulin Event","floor":7.0,"turns":2.0},{"damage":0.0,"enemies":"Jaw Worm","floor":8.0,"turns":3.0},{"damage":0.0,"enemies":"Exordium Wildlife","floor":10.0,"turns":2.0},{"damage":14.0,"enemies":"3 Sentries","floor":11.0,"turns":3.0},{"damage":0.0,"enemies":"Cultist","floor":1.0,"turns":2.0},{"damage":0.0,"enemies":"Small Slimes","floor":3.0,"turns":2.0},{"damage":6.0,"enemies":"3 Sentries","floor":7.0,"turns":3.0},{"damage":0.0,"enemies":"Jaw Worm","floor":8.0,"turns":1.0},{"damage":3.0,"enemies":"Hiden Room Battle","floor":10.0,"turns":2.0},{"damage":0.0,"enemies":"Gremlin Nob","floor":11.0,"turns":3.0},{"damage":0.0,"enemies":"2 Fungi Beasts","floor":12.0,"turns":1.0},{"damage":0.0,"enemies":"Blue Slaver","floor":14.0,"turns":3.0},{"damage":0.0,"enemies":"The Guardian","floor":16.0,"turns":4.0},{"damage":18.0,"enemies":"3 Shapes","floor":18.0,"turns":3.0},{"damage":0.0,"enemies":"conspire:MimicChest","floor":19.0,"turns":2.0},{"damage":2.0,"enemies":"3 Darklings","floor":23.0,"turns":3.0},{"damage":0.0,"enemies":"Spire Growth","floor":27.0,"turns":3.0},{"damage":0.0,"enemies":"Transient","floor":29.0,"turns":5.0},{"damage":3.0,"enemies":"Sphere and 2 Shapes","floor":30.0,"turns":2.0},{"damage":0.0,"enemies":"Maw","floor":31.0,"turns":4.0},{"damage":1,"enemies":"Replay:Hell Engine","floor":33,"turns":5}],"seed_played":"4632761826268410780","potions_obtained":[{"floor":1.0,"key":"Cursed Concoction"},{"floor":1.0,"key":"Cursed Concoction"},{"floor":7.0,"key":"Cursed Concoction"},{"floor":1.0,"key":"Swift Potion"},{"floor":30.0,"key":"SkillPotion"},{"floor":31.0,"key":"CultistPotion"}],"is_trial":false,"path_per_floor":["M","M","?","?","$","E","?","M","T","M","E","?","?","T","R","M","$","M","?","?","R","E","M","T","?","?","M","$","M","R","B",null,"M","?","?","$","?","M","R","?","T","M","R","M","M","M","R","B",null],"character_chosen":"THE_SERVANT","items_purchased":["MerchantsRug","KillingDoll+1","EpicFetus","Lee\u0027s Waffle","LightFlow+1","conspire:BottledYoYo","ReplayTheSpireMod:Shallot","TheBattery","Bottled Lightning","Dilation","JudasShadow","Embodiment","NineLifeCat","Replay:Accelerometer","aspiration:Nostalgia","LifebloodPotion","Starlight+1"],"campfire_rested":0,"item_purchase_floors":[2,13,13,13,13,13,13,13,13,17,17,17,17,21,21,21,21],"current_hp_per_floor":[70,70,70,70,70,70,67,67,67,67,53,53,53,53,76,76,76,61,61,61,56,56,56,54,55,55,83,83,83,83,19,2,3,3,3,29,27,27,27,27,28,28,29,27,28,28,28],"gold":1309,"neow_bonus":"THREE_ENEMY_KILL","is_daily":false,"chose_seed":false,"campfire_upgraded":5,"win_rate":0.0,"timestamp":1610863200,"path_taken":["M","M","?","?","$","E","?","M","T","?","E","?","?","?","R","M","$","M","?","?","R","E","?","T","?","?","M","$","?","R","BOSS","M","?","?","$","?","M","R","?","T","?","R","M","M","M","R","BOSS"],"items_purchased_type":["Relic","Card","Card","Relic","Card","Relic","Relic","Relic","Relic","Card","Relic","Card","Relic","Relic","Relic","Potion","Card"],"build_version":"2020-12-22","purchased_purges":5,"victory":true,"max_hp_per_floor":[70,70,70,70,70,70,67,67,67,67,64,64,64,64,76,76,76,76,76,76,76,76,76,76,76,76,83,83,83,83,19,19,19,19,19,29,29,29,29,29,29,29,29,29,29,29,29],"card_choices":[{"not_picked":[],"picked":"BloodyBrimstone","floor":0.0},{"not_picked":["Spin","Hightail"],"picked":"Ricochet","floor":1.0},{"not_picked":["ReturningBlade","Sabotage","Alleviate"],"picked":"SKIP","floor":2.0},{"not_picked":["Replace","Unruled+1"],"picked":"Bomb","floor":6.0},{"not_picked":["Starlight+1","Read"],"picked":"Embodiment","floor":7.0},{"not_picked":["FastForward","Read","ShatteredReality+1"],"picked":"SKIP","floor":8.0},{"not_picked":["Desolation+1","Rewind","Rearm"],"picked":"SKIP","floor":10.0},{"not_picked":["Replace","Embodiment"],"picked":"SurpressingFire","floor":11.0},{"not_picked":["Starlight+1","Potential+1"],"picked":"Ricochet+1","floor":1.0},{"not_picked":["Snipe+1","Revamp","TimeWarp+1"],"picked":"SKIP","floor":3.0},{"not_picked":["Rewind","DoubleEdge+1"],"picked":"SurpressingFire","floor":7.0},{"not_picked":["Defy","Unruled+1","Spin+1"],"picked":"SKIP","floor":8.0},{"not_picked":["TimeWarp+1","ShatteredReality+1"],"picked":"GearUp","floor":11.0},{"not_picked":["FastForward","Rewind","MoonPhase"],"picked":"SKIP","floor":12.0},{"not_picked":["Potential+1","Replace"],"picked":"SilverBlades","floor":14.0},{"not_picked":["Deny","FlawlessForm"],"picked":"Dilation","floor":16.0},{"not_picked":["SpecialFormula","Revamp","Alleviate"],"picked":"SKIP","floor":18.0},{"not_picked":["Ricochet+1","Reset+1"],"picked":"Contraction","floor":20.0},{"not_picked":["Advance+1","DualDimension","Unruled+1"],"picked":"SKIP","floor":23.0},{"not_picked":["Rewind+1","Rearm"],"picked":"Luminosity","floor":27.0},{"not_picked":["Read","Defy","Unruled+1"],"picked":"SKIP","floor":29.0},{"not_picked":["Dilation","DoubleEdge+1"],"picked":"Moonlight+1","floor":30.0},{"not_picked":["Spin+1","Gouge+1","Revamp"],"picked":"SKIP","floor":31.0}],"player_experience":70379,"relics_obtained":[{"floor":1.0,"key":"Runic Pyramid"},{"floor":1.0,"key":"Circlet"},{"floor":6.0,"key":"vexMod:MemoryStick"},{"floor":9.0,"key":"vexMod:FocusSash"},{"floor":11.0,"key":"HollowMod:PaleOreRelic"},{"floor":14.0,"key":"Smiling Mask"},{"floor":1.0,"key":"MagicMushroom"},{"floor":1.0,"key":"Circlet"},{"floor":7.0,"key":"GuppysHead"},{"floor":9.0,"key":"DoctorsRemote"},{"floor":10.0,"key":"Mummified Hand"},{"floor":10.0,"key":"aspiration:Lifesprig"},{"floor":11.0,"key":"Blue Doll"},{"floor":19.0,"key":"Bag of Marbles"},{"floor":26.0,"key":"Nunchaku"}],"event_choices":[{"damage_healed":0.0,"max_hp_gain":0.0,"max_hp_loss":0.0,"gold_gain":0.0,"event_name":"conspire:LoneGhost","player_choice":"Disagree","floor":3.0,"gold_loss":0.0,"damage_taken":0.0},{"damage_healed":0.0,"max_hp_gain":0.0,"max_hp_loss":0.0,"gold_gain":0.0,"event_name":"Dead Adventurer","player_choice":"Searched \u00273\u0027 times","floor":7.0,"gold_loss":0.0,"damage_taken":0.0,"relics_obtained":["ReplayTheSpireMod:TigerMarble"]},{"damage_healed":0.0,"max_hp_gain":0.0,"max_hp_loss":0.0,"gold_gain":0.0,"event_name":"Big Fish","player_choice":"Box","floor":12.0,"gold_loss":0.0,"damage_taken":0.0,"relics_obtained":["ForgetMeNow"],"cards_obtained":["Regret"]},{"cards_removed":["Regret"],"damage_healed":0.0,"max_hp_gain":0.0,"max_hp_loss":0.0,"gold_gain":0.0,"event_name":"The Cleric","player_choice":"Card Removal","floor":13.0,"gold_loss":50.0,"damage_taken":0.0},{"damage_healed":0.0,"max_hp_gain":0.0,"max_hp_loss":0.0,"gold_gain":0.0,"event_name":"Shining Light","player_choice":"Entered Light","floor":4.0,"gold_loss":0.0,"damage_taken":15.0,"cards_upgraded":["Strike_S","Strike_S"]},{"damage_healed":0.0,"max_hp_gain":0.0,"max_hp_loss":0.0,"gold_gain":0.0,"event_name":"Living Wall","player_choice":"Grow","floor":5.0,"gold_loss":0.0,"damage_taken":0.0,"cards_upgraded":["Defend_S"]},{"damage_healed":0.0,"max_hp_gain":0.0,"max_hp_loss":0.0,"gold_gain":0.0,"event_name":"HidenRoomEvent","player_choice":"Fight","floor":10.0,"gold_loss":0.0,"damage_taken":0.0},{"damage_healed":0.0,"max_hp_gain":0.0,"max_hp_loss":0.0,"gold_gain":30.0,"event_name":"Dead Adventurer","player_choice":"Searched \u00273\u0027 times","floor":11.0,"gold_loss":0.0,"damage_taken":0.0},{"cards_removed":["Embodiment"],"damage_healed":16.0,"max_hp_gain":10.0,"max_hp_loss":0.0,"gold_gain":0.0,"event_name":"Bonfire Elementals","player_choice":"Offered Rare","floor":22.0,"gold_loss":0.0,"damage_taken":0.0},{"damage_healed":0.0,"max_hp_gain":0.0,"max_hp_loss":0.0,"gold_gain":0.0,"event_name":"Upgrade Shrine","player_choice":"Upgraded","floor":25.0,"gold_loss":0.0,"damage_taken":0.0,"cards_upgraded":["SilverBlades"]}],"is_beta":false,"boss_relics":[{"not_picked":["Velvet Choker","Empty Cage"],"picked":"vexMod:BigBerry"},{"not_picked":[]}],"items_purged_floors":[5,2,13,13,17],"is_endless":false,"potions_floor_spawned":[1,7,1,7,8,14,19,30,31],"ascension_level":0}}