{"host":"7x2w1m5n2ieo4qcj","time":1610862699,"event":{"mods":["Arknights The Spire","Aspiration","BaseMod","Beaked The Cultist","Conspire","Hermit","Hubris","Minty Spire (QoL Compilation)","Replay The Spire","Robot Space Explorer","StSLib","The Cursed","The Juggle","The Marked","WarShipGirlsR/????R mod","??????REMEMod"],"gold_per_floor":[118,137,152,152,163,163,192,192,215,231,246,246,246,276,276,378,378,393,412,424,89,89,89,102,2,2,36,48,48,65,65,65],"floor_reached":31,"language":"ENG","playtime":1988,"items_purged":["theMarked:Strike","ReplayTheSpireMod:Splinters"],"score":267,"play_id":"b90bb2d5-040d-46e1-9bc8-1061f3a23ac2","local_time":"20210117165139","is_ascension_mode":false,"campfire_choices":[{"data":"theMarked:Polarize","floor":6,"key":"SMITH"},{"floor":8,"key":"REST"},{"floor":13,"key":"REST"},{"data":"Pain","floor":15,"key":"PURGE"},{"floor":23,"key":"REST"},{"floor":29,"key":"REST"}],"circlet_count":0,"master_deck":["theMarked:Strike","theMarked:Strike","theMarked:Strike","theMarked:Defend","theMarked:Defend","theMarked:Defend","theMarked:SoldierOfQuellstein","theMarked:MysticalArsenal","theMarked:ContemptForTheProud","theMarked:ComboAttacks","theMarked:Polarize+1","theMarked:BindingBlade","theMarked:ElementalBlade","theMarked:HeritageOfTheMarked","theMarked:EmpowerWeapon","theMarked:Challenge","AbeCurse","Mayhem","theMarked:Opportunist","theMarked:Strike","theMarked:DeterminationOfTheMarked","theMarked:SummonStrength","theMarked:ParalyzingBlade","theMarked:HeritageOfTheMarked+1"],"relics":["theMarked:ArtifactOfAir","REME_ComplimentaryCards","WarpedTongs","conspire:TopHat","Blue Doll","REME_PuzzleBoxRelic","Abe\u0027s Treasure","Durian","Art of War","CaptainsWheel"],"acts_visited":["Exordium","TheCity"],"potions_floor_usage":[11,16,24,27,27,31],"damage_taken":[{"damage":1,"enemies":"Cultist","floor":1,"turns":3},{"damage":0,"enemies":"Small Slimes","floor":2,"turns":4},{"damage":1,"enemies":"2 Louse","floor":3,"turns":2},{"damage":14,"enemies":"Looter","floor":5,"turns":3},{"damage":12,"enemies":"Replay:BlueRogue","floor":7,"turns":5},{"damage":14,"enemies":"Large Slime","floor":10,"turns":6},{"damage":31,"enemies":"Lots of Slimes","floor":11,"turns":5},{"damage":29,"enemies":"3 Sentries","floor":14,"turns":7},{"damage":40,"enemies":"The Guardian","floor":16,"turns":7},{"damage":10,"enemies":"Chosen","floor":18,"turns":2},{"damage":28,"enemies":"2 Thieves","floor":20,"turns":4},{"damage":0,"enemies":"Snecko","floor":24,"turns":4},{"damage":52,"enemies":"conspire:SneckoGhost","floor":27,"turns":5},{"damage":11,"enemies":"Chosen and Byrds","floor":28,"turns":5},{"damage":18,"enemies":"Snake Plant","floor":30,"turns":3},{"damage":17,"enemies":"3 Cultists","floor":31,"turns":3}],"seed_played":"5338880137946313823","potions_obtained":[{"floor":5,"key":"Cursed Concoction"},{"floor":7,"key":"PowerPotion"},{"floor":10,"key":"Energy Potion"},{"floor":14,"key":"SkillPotion"},{"floor":18,"key":"SkillPotion"},{"floor":28,"key":"Reflective Coating"}],"is_trial":false,"path_per_floor":["M","M","M","?","M","R","E","R","T","M","M","?","R","E","R","B",null,"M","?","M","$","?","R","M","$","T","E","M","R","M","M"],"character_chosen":"THE_DEFAULT","items_purchased":["Mayhem","theMarked:Opportunist"],"campfire_rested":4,"item_purchase_floors":[21,21],"current_hp_per_floor":[76,76,75,75,61,61,49,72,72,58,27,52,75,46,46,6,77,67,72,44,44,44,68,68,68,68,16,9,33,15,0,0],"gold":65,"neow_bonus":"TEN_PERCENT_HP_BONUS","is_daily":false,"chose_seed":false,"campfire_upgraded":1,"win_rate":0.0,"timestamp":1610862699,"path_taken":["M","?","M","?","M","R","E","R","T","M","?","?","R","E","R","BOSS","M","?","M","$","?","R","?","?","T","E","M","R","M","M"],"items_purchased_type":["Card","Card"],"build_version":"2020-12-22","purchased_purges":2,"victory":false,"max_hp_per_floor":[77,77,77,77,77,77,77,77,77,77,77,77,77,77,77,77,77,77,82,82,82,82,82,82,82,82,82,82,82,82,82,82],"card_choices":[{"not_picked":["theMarked:WastefulAttack","theMarked:RepellingDischarge"],"picked":"theMarked:MysticalArsenal","floor":1},{"not_picked":["theMarked:Indomitable","theMarked:Electrocute"],"picked":"theMarked:ContemptForTheProud","floor":2},{"not_picked":["theMarked:RepellingDischarge","theMarked:EmpowerWeapon"],"picked":"theMarked:ComboAttacks","floor":3},{"not_picked":["theMarked:WastefulDefense","theMarked:WastefulAttack"],"picked":"theMarked:Polarize","floor":5},{"not_picked":["theMarked:ChainLightning","theMarked:HeightenedSenses"],"picked":"theMarked:BindingBlade","floor":7},{"not_picked":["theMarked:Parkour","theMarked:Electrocute"],"picked":"theMarked:ElementalBlade","floor":10},{"not_picked":["theMarked:SwordAndMagic","theMarked:ShockingTouch"],"picked":"theMarked:HeritageOfTheMarked","floor":11},{"not_picked":["theMarked:Improvise","theMarked:Polarize"],"picked":"theMarked:EmpowerWeapon","floor":14},{"not_picked":["theMarked:Levitate","theMarked:FavorableWinds"],"picked":"theMarked:Challenge","floor":16},{"not_picked":["theMarked:EnhanceMovement","theMarked:ElectricStrings","theMarked:Parkour"],"picked":"SKIP","floor":18},{"not_picked":["theMarked:SwordAndMagic","theMarked:Parkour","theMarked:ResourceFulStrike"],"picked":"SKIP","floor":20},{"not_picked":["theMarked:Convert","theMarked:RepellingDischarge"],"picked":"theMarked:DeterminationOfTheMarked","floor":24},{"not_picked":["theMarked:SwordAndMagic","theMarked:BanishingStrike"],"picked":"theMarked:SummonStrength","floor":27},{"not_picked":["theMarked:BanishingWave+1","theMarked:LightningStrikesTwice"],"picked":"theMarked:ParalyzingBlade","floor":28},{"not_picked":["theMarked:HeightenedSenses","theMarked:SwordAndMagic"],"picked":"theMarked:HeritageOfTheMarked+1","floor":30}],"player_experience":992267,"relics_obtained":[{"floor":7,"key":"conspire:TopHat"},{"floor":9,"key":"Blue Doll"},{"floor":14,"key":"REME_PuzzleBoxRelic"},{"floor":19,"key":"Durian"},{"floor":26,"key":"Art of War"},{"floor":27,"key":"CaptainsWheel"}],"event_choices":[{"damage_healed":0,"gold_gain":0,"player_choice":"Rummage","damage_taken":0,"relics_obtained":["WarpedTongs"],"max_hp_gain":0,"max_hp_loss":0,"event_name":"Accursed Blacksmith","floor":4,"gold_loss":0,"cards_obtained":["Pain"]},{"damage_healed":25,"gold_gain":0,"player_choice":"Banana","damage_taken":0,"max_hp_gain":0,"max_hp_loss":0,"event_name":"Big Fish","floor":12,"gold_loss":0},{"cards_removed":["theMarked:Strike"],"damage_healed":0,"gold_gain":0,"player_choice":"Offered Basic","damage_taken":0,"max_hp_gain":0,"max_hp_loss":0,"event_name":"Bonfire Elementals","floor":22,"gold_loss":0}],"is_beta":false,"boss_relics":[{"not_picked":["conspire:SeveredTorchhead","hubris:BlackHole"],"picked":"Abe\u0027s Treasure"}],"items_purged_floors":[21,25],"is_endless":false,"potions_floor_spawned":[5,7,10,14,18,20,28],"killed_by":"3 Cultists","ascension_level":0}}