{"host":"792mtbovsoa03nb3","time":1610844896,"event":{"mods":["BaseMod","Conspire","Curses Come First","Dota2Spire","Halation","Hubris","Infinite Spire","Minty Spire (QoL Compilation)","Replay The Spire","StS++","StSLib"],"gold_per_floor":[117,117,137,26,38,38,38,65,65,65,161,161,181,194,194,293,293,304,304,317,317,317,317,317],"floor_reached":23,"language":"ENG","playtime":634,"items_purged":[],"score":189,"play_id":"acc87ace-c286-4d11-a76a-e1ea609a1935","local_time":"20210116165456","is_ascension_mode":false,"campfire_choices":[{"data":"Perfected Strike","floor":6,"key":"SMITH"},{"floor":12,"key":"REST"},{"data":"infinitespire:DeathsTouch","floor":15,"key":"SMITH"}],"circlet_count":0,"master_deck":["Strike_R+1","Strike_R+1","Strike_R+1","Defend_R+1","Defend_R+1","Defend_R+1","Bash","Perfected Strike+1","Bloodletting","Pommel Strike","StSpp:MuscleMemory+1","StSpp:Jab","Pommel Strike","ReplayTheSpireMod:Splinters","Injury","infinitespire:DeathsTouch+1","ReplayTheSpireMod:Splinters","Ghostly Armor","Perfected Strike","Pommel Strike","Corruption","ReplayTheSpireMod:Splinters","StSpp:MinorTwinStrike","Berserk+1","Swift Strike","Replay:Fractal Strike","Perfected Strike","Ghostly Armor+1"],"relics":["Burning Blood","Paper Frog","Orichalcum","Dota2Spire:PowerTreads","ReplayTheSpireMod:SealedPack","Replay:Blank Codex"],"acts_visited":["Exordium","TheCity"],"potions_floor_usage":[23,23,23],"damage_taken":[{"damage":6,"enemies":"Jaw Worm","floor":1,"turns":3},{"damage":8,"enemies":"Cultist","floor":3,"turns":5},{"damage":11,"enemies":"2 Louse","floor":5,"turns":3},{"damage":45,"enemies":"Lagavulin","floor":8,"turns":6},{"damage":8,"enemies":"Large Slime","floor":13,"turns":3},{"damage":2,"enemies":"Looter","floor":14,"turns":3},{"damage":24,"enemies":"Hexaghost","floor":16,"turns":6},{"damage":37,"enemies":"Shell Parasite","floor":18,"turns":5},{"damage":9,"enemies":"Chosen","floor":20,"turns":4},{"damage":35,"enemies":"Nightmare","floor":23,"turns":3}],"seed_played":"3025361411294453122","potions_obtained":[{"floor":14,"key":"Reflective Coating"},{"floor":16,"key":"infinitespire:BlackPotion"},{"floor":20,"key":"FearPotion"}],"is_trial":false,"path_per_floor":["M","?","M","$","M","R","$","E","T","?","?","R","M","M","R","B",null,"M","?","M","?","?","NM"],"character_chosen":"IRONCLAD","items_purchased":["Pommel Strike","StSpp:MuscleMemory+1"],"campfire_rested":1,"item_purchase_floors":[4,4],"current_hp_per_floor":[56,56,54,54,49,49,49,10,10,10,10,34,32,36,36,18,80,49,33,30,30,30,0,0],"gold":317,"neow_bonus":"REMOVE_TWO","is_daily":false,"chose_seed":false,"campfire_upgraded":2,"win_rate":0.0,"timestamp":1610844896,"path_taken":["M","?","?","$","M","R","?","E","T","?","?","R","M","M","R","BOSS","M","?","M","?","?","NM"],"items_purchased_type":["Card","Card"],"build_version":"2020-12-22","purchased_purges":0,"victory":false,"max_hp_per_floor":[80,80,80,80,80,80,80,80,80,80,80,80,80,80,80,80,80,80,80,80,80,80,80,80],"card_choices":[{"not_picked":["conspire:ExplosiveBarrier","Power Through"],"picked":"Perfected Strike","floor":1},{"not_picked":["Entrench","Blood for Blood"],"picked":"Bloodletting","floor":3},{"not_picked":["Spot Weakness","Rupture"],"picked":"StSpp:Jab","floor":5},{"not_picked":["StSpp:Jab","ReplayTheSpireMod:Strike From Hell"],"picked":"Pommel Strike","floor":8},{"not_picked":["ReplayTheSpireMod:Black Plague","infinitespire:Oblivion"],"picked":"infinitespire:DeathsTouch","floor":10},{"not_picked":["ReplayTheSpireMod:Strike From Hell","Sword Boomerang"],"picked":"Ghostly Armor","floor":11},{"not_picked":["Clothesline","Impervious"],"picked":"Perfected Strike","floor":11},{"not_picked":["Power Through","Havoc","Body Slam"],"picked":"SKIP","floor":13},{"not_picked":["Intimidate","Clash"],"picked":"Pommel Strike","floor":14},{"not_picked":["StSpp:Turnabout","Replay:Many Hands"],"picked":"Corruption","floor":16},{"not_picked":["Vigilance","hubris:MerchantsHand"],"picked":"StSpp:MinorTwinStrike","floor":17},{"not_picked":["Bludgeon","Demon Form"],"picked":"Berserk","floor":17},{"not_picked":["Dark Shackles","hubris:Insight"],"picked":"Swift Strike","floor":17},{"not_picked":["ReplayTheSpireMod:Black Plague","ReplayTheSpireMod:Chaos Vortex"],"picked":"Replay:Fractal Strike","floor":17},{"not_picked":["Sever Soul","infinitespire:OneForAll"],"picked":"Perfected Strike","floor":18},{"not_picked":["Defy Death","Iron Wave"],"picked":"Ghostly Armor+1","floor":20}],"player_experience":900259,"relics_obtained":[{"floor":8,"key":"Paper Frog"},{"floor":9,"key":"Orichalcum"},{"floor":11,"key":"Dota2Spire:PowerTreads"},{"floor":19,"key":"Replay:Blank Codex"}],"event_choices":[{"cards_removed":["Strike_R"],"damage_healed":0,"gold_gain":0,"player_choice":"Purged","damage_taken":0,"max_hp_gain":0,"max_hp_loss":0,"event_name":"Purifier","floor":2,"gold_loss":0},{"damage_healed":0,"gold_gain":0,"player_choice":"Obtained Book","damage_taken":16,"max_hp_gain":0,"max_hp_loss":0,"event_name":"Cursed Tome","floor":19,"gold_loss":0},{"damage_healed":0,"gold_gain":0,"player_choice":"Simplicity","damage_taken":0,"max_hp_gain":0,"max_hp_loss":0,"event_name":"Back to Basics","floor":21,"gold_loss":0,"cards_upgraded":["Strike_R","Strike_R","Strike_R","Defend_R","Defend_R","Defend_R"]}],"is_beta":false,"boss_relics":[{"not_picked":["Replay:Wanted Poster","halation:Yufonium"],"picked":"ReplayTheSpireMod:SealedPack"}],"items_purged_floors":[],"is_endless":false,"potions_floor_spawned":[14,16,20],"killed_by":"Nightmare","ascension_level":0}}