{"host":"0av13bfd5y1jedv9","time":1610902885,"event":{"mods":["AchievementEnabler","Act Like it!","Aspiration","BaseMod","Bestiary","Colored Map","Conspire","Hallownest","Hubris","Infinite Spire","Minty Spire (QoL Compilation)","Relic Sorter","Replay The Spire","StSLib","The Bug Knight","The Cursed","The Disciple","The Kombatant","The Marked","The Mystic","The Necromancer","The Runesmith","The Senshi"],"gold_per_floor":[112,122,147,147,166,166,16,16,16,42,56,73,106,106,106,201,201,214,214,232,212,212,212],"floor_reached":22,"language":"ENG","playtime":1491,"items_purged":[],"score":244,"play_id":"d4f7a4bc-a6e9-4976-bdd3-41022d947a76","local_time":"20210117170125","is_ascension_mode":false,"campfire_choices":[{"data":"HollowMod:DesolateDive","floor":6,"key":"SMITH"},{"floor":15,"key":"REST"}],"circlet_count":0,"master_deck":["conspire:GhostlyStrike","conspire:GhostlyStrike","conspire:GhostlyStrike","conspire:GhostlyStrike","conspire:GhostlyDefend","conspire:GhostlyDefend","conspire:GhostlyDefend","conspire:GhostlyDefend","HollowMod:FocusHealStart+1","HollowMod:PogoStrike","HollowMod:DesolateDive+1","HollowMod:DoubleDash","Iron Wave","HollowMod:QuirrelsAssistance","HollowMod:SoulStrike","HollowMod:DescendingDark","HollowMod:AbyssShriek","HollowMod:VengefulVoid","HollowMod:VoidDash","HollowMod:ShadowDash+1"],"relics":["HollowMod:VesselMask","NeowsBlessing","conspire:Boomerang","MealTicket","hubris:Zylophone","Blue Doll","ReplayTheSpireMod:TigerMarble","Black Star"],"acts_visited":["Exordium","TheCity"],"potions_floor_usage":[16],"damage_taken":[{"damage":0,"enemies":"Jaw Worm","floor":1,"turns":1},{"damage":0,"enemies":"2 Louse","floor":2,"turns":1},{"damage":0,"enemies":"conspire:MimicChest","floor":3,"turns":1},{"damage":0,"enemies":"Cultist","floor":5,"turns":4},{"damage":11,"enemies":"Replay:BlueRogue","floor":10,"turns":8},{"damage":0,"enemies":"Exordium Thugs","floor":11,"turns":4},{"damage":21,"enemies":"Large Slime","floor":12,"turns":5},{"damage":18,"enemies":"Gremlin Nob","floor":13,"turns":4},{"damage":72,"enemies":"HollowMod:FalseKnight","floor":16,"turns":9},{"damage":15,"enemies":"conspire:FuzzyDice","floor":18,"turns":5},{"damage":14,"enemies":"Shell Parasite","floor":20,"turns":5}],"seed_played":"-8000700174463796939","potions_obtained":[{"floor":2,"key":"Dexterity Potion"},{"floor":5,"key":"GamblersBrew"},{"floor":11,"key":"ColorlessPotion"},{"floor":21,"key":"Adrenaline Potion"}],"is_trial":false,"path_per_floor":["M","M","?","?","M","R","$","?","T","E","M","M","E","?","R","B",null,"M","?","M","?","$"],"character_chosen":"THE_BUGKNIGHT","items_purchased":["MealTicket"],"campfire_rested":1,"item_purchase_floors":[7],"current_hp_per_floor":[75,75,75,75,75,75,75,75,75,70,70,49,31,31,53,6,75,60,60,52,52,67,67],"gold":212,"neow_bonus":"THREE_ENEMY_KILL","is_daily":false,"chose_seed":false,"campfire_upgraded":1,"win_rate":0.0,"timestamp":1610902885,"path_taken":["M","M","?","?","?","R","$","?","T","E","M","M","E","?","R","BOSS","M","?","?","?","?"],"items_purchased_type":["Relic"],"build_version":"2020-12-22","purchased_purges":0,"victory":false,"max_hp_per_floor":[75,75,75,75,75,75,75,75,75,75,75,75,75,75,75,75,75,75,75,75,75,75,75],"card_choices":[{"not_picked":["HollowMod:SiblingsShadow","HollowMod:CornifersMapStart"],"picked":"HollowMod:InfectedAttack","floor":1},{"not_picked":["HollowMod:NewLittleFool","HollowMod:CoiledNail"],"picked":"HollowMod:DesolateDive","floor":2},{"not_picked":["HollowMod:GrimmsGift","HollowMod:NewJinnsSoul"],"picked":"HollowMod:DoubleDash","floor":3},{"not_picked":["HollowMod:CornifersMapStart","HollowMod:SharpenedNail"],"picked":"HollowMod:QuirrelsAssistance","floor":5},{"not_picked":["HollowMod:NewLittleFool","HollowMod:DoubleDash"],"picked":"HollowMod:SoulStrike","floor":10},{"not_picked":["HollowMod:SoulStrike","HollowMod:DoubleDash"],"picked":"HollowMod:DescendingDark","floor":11},{"not_picked":["HollowMod:InfectionAssault","HollowMod:NewJinnsSoul"],"picked":"HollowMod:AbyssShriek","floor":12},{"not_picked":["HollowMod:ChannelNail","HollowMod:LifebloodCocoon"],"picked":"HollowMod:VengefulVoid","floor":13},{"not_picked":["HollowMod:NewInfectedGuardian","HollowMod:HornetsHelp"],"picked":"HollowMod:VoidDash","floor":16},{"not_picked":["HollowMod:SharpenedNail","HollowMod:TaintedHusks"],"picked":"HollowMod:ShadowDash","floor":18},{"not_picked":["HollowMod:GreatSlash","HollowMod:SoulStrike","HollowMod:SoulSplash"],"picked":"SKIP","floor":20}],"player_experience":163105,"relics_obtained":[{"floor":3,"key":"conspire:Boomerang"},{"floor":9,"key":"hubris:Zylophone"},{"floor":10,"key":"Blue Doll"},{"floor":13,"key":"ReplayTheSpireMod:TigerMarble"}],"event_choices":[{"cards_removed":["HollowMod:InfectedAttack"],"damage_healed":0,"gold_gain":0,"player_choice":"Took Card","damage_taken":0,"max_hp_gain":0,"max_hp_loss":0,"event_name":"NoteForYourself","floor":4,"gold_loss":0,"cards_obtained":["Iron Wave"]},{"damage_healed":0,"gold_gain":0,"player_choice":"Agree","damage_taken":0,"max_hp_gain":0,"max_hp_loss":0,"event_name":"conspire:LoneGhost","floor":8,"gold_loss":0},{"damage_healed":0,"gold_gain":0,"player_choice":"Upgraded","damage_taken":0,"max_hp_gain":0,"max_hp_loss":0,"event_name":"Upgrade Shrine","floor":14,"gold_loss":0,"cards_upgraded":["HollowMod:FocusHealStart"]},{"damage_healed":0,"gold_gain":0,"player_choice":"Upgraded","damage_taken":0,"max_hp_gain":0,"max_hp_loss":0,"event_name":"Upgrade Shrine","floor":19,"gold_loss":0,"cards_upgraded":["HollowMod:ShadowDash"]},{"damage_healed":0,"gold_gain":0,"player_choice":"Bought 1 Potion","damage_taken":0,"max_hp_gain":0,"max_hp_loss":0,"event_name":"The Woman in Blue","floor":21,"gold_loss":0}],"is_beta":false,"boss_relics":[{"not_picked":["Velvet Choker","hubris:ScarierMask"],"picked":"Black Star"}],"items_purged_floors":[],"is_endless":false,"potions_floor_spawned":[2,5,11,12],"ascension_level":0}}