{"host":"h4qgcirtxz6qax9j","time":1610884438,"event":{"mods":["AchievementEnabler","BaseMod","Colored Powertips","Hermit","Minty Spire (QoL Compilation)","StSLib","SuperFastMode","The Servant 0.9.4"],"gold_per_floor":[113,128,93,112,126,157,157,169,469,469,469,469],"floor_reached":11,"language":"KOR","playtime":345,"items_purged":[],"score":75,"play_id":"af7e2fe5-d39b-4176-8a96-ada3669a115d","local_time":"20210117205358","is_ascension_mode":false,"campfire_choices":[{"floor":7,"key":"REST"},{"data":"FlawlessForm","floor":10,"key":"SMITH"}],"circlet_count":0,"master_deck":["Strike_S","Strike_S","Strike_S","Strike_S","Defend_S","Defend_S","Defend_S","Defend_S","KidneyShot","Exchange","Ricochet","ShatteredReality","Advance","BestPractice","Ricochet","Spin","FlawlessForm+1"],"relics":["Uniform","NeowsBlessing","Bottled Flame","Old Coin"],"acts_visited":["Exordium"],"potions_floor_usage":[],"damage_taken":[{"damage":0,"enemies":"Cultist","floor":1,"turns":1},{"damage":0,"enemies":"2 Louse","floor":2,"turns":1},{"damage":0,"enemies":"Jaw Worm","floor":4,"turns":1},{"damage":25,"enemies":"Large Slime","floor":5,"turns":7},{"damage":18,"enemies":"3 Sentries","floor":6,"turns":6},{"damage":15,"enemies":"Blue Slaver","floor":8,"turns":3},{"damage":30,"enemies":"Gremlin Nob","floor":11,"turns":4}],"seed_played":"-2054193902357218293","potions_obtained":[{"floor":1,"key":"SmokeBomb"},{"floor":4,"key":"SteroidPotion"},{"floor":5,"key":"GamblersBrew"}],"is_trial":false,"path_per_floor":["M","M","$","M","M","E","R","M","T","R","E"],"character_chosen":"THE_SERVANT","items_purchased":["Advance"],"campfire_rested":1,"item_purchase_floors":[3],"current_hp_per_floor":[65,65,65,65,40,22,41,26,26,26,0,0],"gold":469,"neow_bonus":"THREE_ENEMY_KILL","is_daily":false,"chose_seed":false,"campfire_upgraded":1,"win_rate":0.0,"timestamp":1610884438,"path_taken":["M","M","$","M","M","E","R","?","T","R","E"],"items_purchased_type":["Card"],"build_version":"2020-12-22","purchased_purges":0,"victory":false,"max_hp_per_floor":[65,65,65,65,65,65,65,65,65,65,65,65],"card_choices":[{"not_picked":["Sabotage","Defy"],"picked":"Ricochet","floor":1},{"not_picked":["Defy","InstantArmor"],"picked":"ShatteredReality","floor":2},{"not_picked":["Potential","Defy"],"picked":"BestPractice","floor":4},{"not_picked":["BestPractice","StarChef"],"picked":"Ricochet","floor":5},{"not_picked":["DoubleEdge","DualDimension"],"picked":"Spin","floor":6},{"not_picked":["Rewind","FastForward"],"picked":"FlawlessForm","floor":8}],"player_experience":50977,"relics_obtained":[{"floor":6,"key":"Bottled Flame"},{"floor":9,"key":"Old Coin"}],"event_choices":[],"is_beta":false,"boss_relics":[],"items_purged_floors":[],"is_endless":false,"potions_floor_spawned":[1,4,5],"killed_by":"Gremlin Nob","ascension_level":0}}