{"host":"vex7walpoxzv48nx","time":1610845677,"event":{"mods":["BaseMod","Bestiary","Minty Spire (QoL Compilation)","Permanent Neow","Quick Restart","Relic Stats"],"gold_per_floor":[115,135,152,152,164,193,20,37,37,54,54,84,84,110,110,205,205,215,230,230,74,94,123,123,135,135,135,135,152,152,179,179,283,283,300,300,313,332,332,332,342,31,31,59,59,8,8,8,8,8],"floor_reached":51,"language":"ENG","playtime":5855,"items_purged":["Strike_B"],"score":831,"play_id":"b90ee0cc-43c3-4a06-98ee-ab1423d8acf5","local_time":"20210117020757","is_ascension_mode":true,"campfire_choices":[{"data":"Storm","floor":11.0,"key":"SMITH"},{"data":"Self Repair","floor":13.0,"key":"SMITH"},{"data":"Coolheaded","floor":15.0,"key":"SMITH"},{"data":"Echo Form","floor":24.0,"key":"SMITH"},{"data":"Ghostly","floor":30.0,"key":"SMITH"},{"data":"Ghostly","floor":32.0,"key":"SMITH"},{"data":"Ghostly","floor":40.0,"key":"SMITH"},{"data":"Capacitor","floor":45.0,"key":"SMITH"},{"data":"Hologram","floor":47.0,"key":"SMITH"},{"floor":49.0,"key":"REST"}],"circlet_count":0,"master_deck":["Strike_B+1","Strike_B+1","Defend_B+1","Defend_B+1","Zap+1","Dualcast+1","Self Repair+1","Auto Shields+1","Ball Lightning+1","Zap+1","Capacitor+1","Coolheaded+1","Compile Driver+1","Storm+1","Force Field+1","Force Field+1","Static Discharge+1","Creative AI+1","Streamline+1","Skim+1","Echo Form+1","Chaos+1","Glacier+1","Sweeping Beam+1","Amplify+1","Ghostly+1","Ghostly+1","Ghostly+1","Ghostly+1","Ghostly+1","Coolheaded+1","Doom and Gloom+1","Loop+1","Meteor Strike+1","Hologram+1","Auto Shields+1","Parasite","Hologram+1","Apotheosis+1","Normality"],"relics":["Snecko Eye","Ancient Tea Set","Blood Vial","Bronze Scales","Question Card","Inserter","Happy Flower","Bottled Flame","Mercury Hourglass","Bag of Marbles","Cursed Key","Medical Kit","CeramicFish","Strawberry","Mark of the Bloom"],"acts_visited":["Exordium","TheCity","TheBeyond"],"potions_floor_usage":[50,50,50],"damage_taken":[{"damage":5.0,"enemies":"2 Louse","floor":1.0,"turns":2.0},{"damage":0.0,"enemies":"Cultist","floor":2.0,"turns":4.0},{"damage":1.0,"enemies":"Jaw Worm","floor":3.0,"turns":4.0},{"damage":8.0,"enemies":"Exordium Wildlife","floor":5.0,"turns":3.0},{"damage":21.0,"enemies":"3 Sentries","floor":6.0,"turns":7.0},{"damage":3.0,"enemies":"Blue Slaver","floor":8.0,"turns":4.0},{"damage":0.0,"enemies":"Large Slime","floor":10.0,"turns":6.0},{"damage":22.0,"enemies":"Lagavulin","floor":12.0,"turns":7.0},{"damage":7.0,"enemies":"3 Sentries","floor":14.0,"turns":7.0},{"damage":23.0,"enemies":"Hexaghost","floor":16.0,"turns":6.0},{"damage":20.0,"enemies":"Shell Parasite","floor":18.0,"turns":7.0},{"damage":3.0,"enemies":"Spheric Guardian","floor":19.0,"turns":4.0},{"damage":26.0,"enemies":"Chosen and Byrds","floor":22.0,"turns":5.0},{"damage":19.0,"enemies":"Book of Stabbing","floor":23.0,"turns":6.0},{"damage":3.0,"enemies":"Snake Plant","floor":25.0,"turns":4.0},{"damage":2.0,"enemies":"Centurion and Healer","floor":29.0,"turns":7.0},{"damage":0.0,"enemies":"Slavers","floor":31.0,"turns":5.0},{"damage":2.0,"enemies":"Champ","floor":33.0,"turns":8.0},{"damage":20.0,"enemies":"3 Shapes","floor":35.0,"turns":5.0},{"damage":16.0,"enemies":"3 Darklings","floor":37.0,"turns":4.0},{"damage":0.0,"enemies":"Writhing Mass","floor":38.0,"turns":5.0},{"damage":0.0,"enemies":"Jaw Worm Horde","floor":41.0,"turns":2.0},{"damage":3.0,"enemies":"Nemesis","floor":44.0,"turns":7.0},{"damage":21,"enemies":"Time Eater","floor":50,"turns":8}],"seed_played":"-2376978672139349686","potions_obtained":[{"floor":1.0,"key":"BlessingOfTheForge"},{"floor":5.0,"key":"BlessingOfTheForge"},{"floor":6.0,"key":"PowerPotion"},{"floor":8.0,"key":"DuplicationPotion"},{"floor":12.0,"key":"Weak Potion"},{"floor":14.0,"key":"FocusPotion"},{"floor":18.0,"key":"Dexterity Potion"},{"floor":23.0,"key":"Swift Potion"},{"floor":29.0,"key":"LiquidBronze"},{"floor":31.0,"key":"FocusPotion"},{"floor":35.0,"key":"Dexterity Potion"},{"floor":44.0,"key":"SkillPotion"}],"is_trial":false,"path_per_floor":["M","M","M","?","M","E","$","M","T","M","R","E","R","E","R","B",null,"M","M","?","$","M","E","R","M","T","?","?","M","R","E","R","B",null,"M","?","M","M","?","R","M","$","T","E","R","$","R","?","R","B",null],"character_chosen":"DEFECT","items_purchased":["Coolheaded","Compile Driver","Happy Flower","Apotheosis","Medical Kit","PowerPotion"],"campfire_rested":1,"item_purchase_floors":[7,7,21,42,42,46],"current_hp_per_floor":[70,75,75,75,67,53,53,57,57,69,69,56,56,61,61,50,75,65,64,64,64,50,53,53,62,62,37,37,37,37,37,37,35,37,17,17,13,25,25,25,37,37,37,44,44,44,44,44,44,23],"gold":8,"neow_bonus":"BOSS_RELIC","is_daily":false,"chose_seed":false,"campfire_upgraded":9,"win_rate":0.0,"timestamp":1610845677,"path_taken":["M","M","M","?","?","E","$","M","T","M","R","E","R","E","R","BOSS","M","M","?","$","M","E","R","M","T","?","?","?","R","E","R","BOSS","M","?","M","M","?","R","M","$","T","E","R","?","R","?","R","BOSS"],"items_purchased_type":["Card","Card","Relic","Card","Relic","Potion"],"build_version":"2020-12-22","purchased_purges":1,"victory":true,"max_hp_per_floor":[75,75,75,75,75,75,75,75,75,75,75,75,75,75,75,75,75,75,75,75,75,75,75,75,75,75,37,37,37,37,37,37,37,37,37,37,37,37,37,37,37,37,37,44,44,44,44,44,44,44],"relic_stats":{"Mark of the Bloom":25,"Inserter":[38],"Happy Flower":[22],"counters":[24,126],"CeramicFish":0,"Question Card":15,"Cursed Key":1,"Medical Kit":[2],"Mercury Hourglass":[207],"Blood Vial":22,"Bronze Scales":[331],"Snecko Eye":[259,257,235,241],"obtain_stats":[{"Mark of the Bloom":48,"Inserter":17,"Happy Flower":21,"CeramicFish":43,"Ancient Tea Set":6,"Question Card":14,"Cursed Key":34,"Medical Kit":42,"Mercury Hourglass":26,"Blood Vial":9,"Bottled Flame":23,"Bronze Scales":12,"Strawberry":44,"Snecko Eye":0,"Bag of Marbles":31,"Cracked Core":0},{"Mark of the Bloom":23,"Inserter":10,"Happy Flower":12,"CeramicFish":22,"Ancient Tea Set":5,"Question Card":9,"Cursed Key":18,"Medical Kit":22,"Mercury Hourglass":15,"Blood Vial":6,"Bottled Flame":14,"Bronze Scales":8,"Strawberry":23,"Snecko Eye":0,"Bag of Marbles":17,"Cracked Core":0},{"Mark of the Bloom":118,"Inserter":50,"Happy Flower":61,"CeramicFish":111,"Ancient Tea Set":20,"Question Card":44,"Cursed Key":96,"Medical Kit":111,"Mercury Hourglass":76,"Blood Vial":24,"Bottled Flame":72,"Bronze Scales":37,"Strawberry":118,"Snecko Eye":0,"Bag of Marbles":88,"Cracked Core":0}]},"card_choices":[{"not_picked":["Chaos","Go for the Eyes"],"picked":"Self Repair","floor":1.0},{"not_picked":["Tempest","Heatsinks"],"picked":"Auto Shields","floor":2.0},{"not_picked":["Sweeping Beam","Chaos"],"picked":"Ball Lightning","floor":3.0},{"not_picked":["Go for the Eyes","Turbo","Hologram"],"picked":"SKIP","floor":5.0},{"not_picked":["Cold Snap","Fission"],"picked":"Capacitor","floor":6.0},{"not_picked":["Stack","Streamline"],"picked":"Storm","floor":8.0},{"not_picked":["Consume","Reprogram"],"picked":"Force Field","floor":10.0},{"not_picked":["Rebound","Steam Power"],"picked":"Force Field","floor":12.0},{"not_picked":["Conserve Battery","Darkness"],"picked":"Static Discharge","floor":14.0},{"not_picked":["Buffer","Reboot","All For One"],"picked":"Creative AI","floor":16.0},{"not_picked":["Compile Driver","Double Energy+1","Steam+1"],"picked":"Streamline+1","floor":18.0},{"not_picked":["Ball Lightning","Scrape+1","Rip and Tear+1"],"picked":"Skim+1","floor":19.0},{"not_picked":["Conserve Battery","Streamline","Go for the Eyes"],"picked":"Glacier","floor":22.0},{"not_picked":["Coolheaded","Hologram","Steam Power"],"picked":"Sweeping Beam","floor":23.0},{"not_picked":["Aggregate","Stack","Chaos+1"],"picked":"Amplify","floor":25.0},{"not_picked":["Ball Lightning","Double Energy","Cold Snap"],"picked":"Doom and Gloom","floor":29.0},{"not_picked":["Go for the Eyes","Auto Shields","Barrage"],"picked":"Loop","floor":31.0},{"not_picked":["Multi-Cast","Creative AI","Core Surge"],"picked":"Meteor Strike","floor":33.0},{"not_picked":["Heatsinks+1","Leap","Rebound+1"],"picked":"Hologram+1","floor":35.0},{"not_picked":["Gash+1","Go for the Eyes+1","Reprogram"],"picked":"Auto Shields+1","floor":37.0},{"not_picked":["Redo+1","Steam+1","Go for the Eyes+1","Heatsinks"],"picked":"SKIP","floor":38.0},{"not_picked":["Sweeping Beam+1","Compile Driver","Leap"],"picked":"Hologram","floor":41.0},{"not_picked":["Auto Shields","Leap","Doom and Gloom","Beam Cell"],"picked":"SKIP","floor":44.0}],"player_experience":152258,"relics_obtained":[{"floor":6.0,"key":"Ancient Tea Set"},{"floor":9.0,"key":"Blood Vial"},{"floor":12.0,"key":"Bronze Scales"},{"floor":14.0,"key":"Question Card"},{"floor":23.0,"key":"Bottled Flame"},{"floor":26.0,"key":"Mercury Hourglass"},{"floor":31.0,"key":"Bag of Marbles"},{"floor":43.0,"key":"CeramicFish"},{"floor":44.0,"key":"Strawberry"}],"event_choices":[{"damage_healed":0.0,"max_hp_gain":0.0,"max_hp_loss":0.0,"gold_gain":0.0,"event_name":"Match and Keep!","player_choice":"1 cards matched","floor":4.0,"gold_loss":0.0,"damage_taken":0.0,"cards_obtained":["Zap"]},{"damage_healed":0.0,"max_hp_gain":0.0,"max_hp_loss":0.0,"gold_gain":0.0,"cards_transformed":["Defend_B","Strike_B"],"event_name":"Drug Dealer","player_choice":"Became Test Subject","floor":20.0,"gold_loss":0.0,"damage_taken":0.0,"cards_obtained":["Echo Form","Chaos"]},{"damage_healed":0.0,"max_hp_gain":0.0,"max_hp_loss":38.0,"gold_gain":0.0,"event_name":"Ghosts","player_choice":"Became a Ghost","floor":27.0,"gold_loss":0.0,"damage_taken":0.0,"cards_obtained":["Ghostly","Ghostly","Ghostly","Ghostly","Ghostly"]},{"damage_healed":0.0,"max_hp_gain":0.0,"max_hp_loss":0.0,"gold_gain":0.0,"event_name":"The Library","player_choice":"Read","floor":28.0,"gold_loss":0.0,"damage_taken":0.0,"cards_obtained":["Coolheaded"]},{"cards_removed":["Defend_B"],"damage_healed":0.0,"max_hp_gain":0.0,"max_hp_loss":0.0,"gold_gain":0.0,"event_name":"Falling","player_choice":"Removed Skill","floor":36.0,"gold_loss":0.0,"damage_taken":0.0},{"damage_healed":0.0,"max_hp_gain":0.0,"max_hp_loss":0.0,"gold_gain":0.0,"event_name":"SensoryStone","player_choice":"Memory 1","floor":39.0,"gold_loss":0.0,"damage_taken":0.0},{"damage_healed":0.0,"max_hp_gain":0.0,"max_hp_loss":0.0,"gold_gain":0.0,"event_name":"MindBloom","player_choice":"Upgrade","floor":48.0,"gold_loss":0.0,"damage_taken":0.0,"cards_upgraded":["Strike_B","Strike_B","Defend_B","Defend_B","Zap","Dualcast","Auto Shields","Ball Lightning","Zap","Compile Driver","Force Field","Force Field","Static Discharge","Creative AI","Chaos","Glacier","Sweeping Beam","Amplify","Ghostly","Ghostly","Coolheaded","Doom and Gloom","Loop","Meteor Strike","Apotheosis"],"relics_obtained":["Mark of the Bloom"]}],"is_beta":false,"boss_relics":[{"not_picked":["SacredBark","Astrolabe"],"picked":"Inserter"},{"not_picked":["Runic Dome","Velvet Choker"],"picked":"Cursed Key"}],"items_purged_floors":[7],"is_endless":false,"potions_floor_spawned":[1,5,6,8,12,14,18,23,29,31,35,44],"ascension_level":2}}