{"host":"yzi164syo8zv6plh","time":1610913805,"event":{"mods":["Arknights The Spire","BaseMod","Chen","Marisa£®ÏF”Í°°ƒß¿Ì…≥£©","Minty Spire (QoL Compilation)","Onozuka Komachi Mod","Reimu£®≤©¿ˆ¡È√Œ£©","Remilia£®¿Ÿ√◊¿Ú—«£©","StSLib","The Administrix","Yakumo Yukari mod","Youmu£®ªÍ∆«—˝√Œ£©","Yuyuko"],"gold_per_floor":[119,129,129,129,144,144,144],"floor_reached":6,"language":"ZHS","playtime":263,"items_purged":[],"score":36,"play_id":"268d8b50-8070-4d81-b528-0b4312f14e56","local_time":"20210118040325","is_ascension_mode":false,"campfire_choices":[],"circlet_count":0,"master_deck":["AdministrixMod:Strike_Administrix","AdministrixMod:Strike_Administrix","AdministrixMod:Strike_Administrix","AdministrixMod:RedCloak","AdministrixMod:Defend_Administrix","AdministrixMod:Defend_Administrix","AdministrixMod:Defend_Administrix","AdministrixMod:Defend_Administrix","AdministrixMod:BlueCloak","AdministrixMod:FeastOfDew","AdministrixMod:Mastermind","AdministrixMod:MixOfMercury"],"relics":["AdministrixMod:ConductorRitualBaton","NeowsBlessing"],"acts_visited":["Exordium"],"potions_floor_usage":[],"damage_taken":[{"damage":0,"enemies":"Cultist","floor":1,"turns":1},{"damage":0,"enemies":"Jaw Worm","floor":2,"turns":1},{"damage":0,"enemies":"2 Louse","floor":5,"turns":1},{"damage":50,"enemies":"Lagavulin","floor":6,"turns":8}],"seed_played":"836186209284671147","potions_obtained":[],"is_trial":false,"path_per_floor":["M","M","?","?","M","E"],"character_chosen":"TheAdministrix","items_purchased":[],"campfire_rested":0,"item_purchase_floors":[],"current_hp_per_floor":[65,65,65,65,65,15,15],"gold":144,"neow_bonus":"THREE_ENEMY_KILL","is_daily":false,"chose_seed":false,"campfire_upgraded":0,"win_rate":0.0,"timestamp":1610913805,"path_taken":["M","?","?","?","M","E"],"items_purchased_type":[],"build_version":"2020-12-22","purchased_purges":0,"victory":false,"max_hp_per_floor":[65,65,65,65,65,65,65],"card_choices":[{"not_picked":["AdministrixMod:PassageOfAges","AdministrixMod:RebukeDesires"],"picked":"AdministrixMod:FeastOfDew","floor":1},{"not_picked":["AdministrixMod:ShadowPlay","AdministrixMod:Transition","AdministrixMod:TrickOfTheLight"],"picked":"SKIP","floor":2},{"not_picked":["AdministrixMod:SeventeenArticleLaser","AdministrixMod:TrickOfTheLight"],"picked":"AdministrixMod:MixOfMercury","floor":5}],"player_experience":284668,"relics_obtained":[],"event_choices":[{"damage_healed":0,"gold_gain":0,"cards_transformed":["AdministrixMod:Strike_Administrix"],"player_choice":"Change","damage_taken":0,"max_hp_gain":0,"max_hp_loss":0,"event_name":"Living Wall","floor":3,"gold_loss":0,"cards_obtained":["AdministrixMod:Mastermind"]}],"is_beta":false,"boss_relics":[],"items_purged_floors":[],"is_endless":false,"potions_floor_spawned":[],"killed_by":"Lagavulin","ascension_level":0}}