{"host":"u9h06qdlnp3wgzsw","time":1610855407,"event":{"mods":["BaseMod","Downfall","Hermit","Minty Spire (QoL Compilation)","Rare Cards Sparkle","Shop Mod","StSLib","The Hierophant"],"gold_per_floor":[110,110,110,61,73,107,107,139,139,139,152,165,1,19,19,19,19],"floor_reached":16,"language":"ENG","playtime":688,"items_purged":[],"score":184,"play_id":"03754364-daaf-4bb0-8203-91aa9e00b7b2","local_time":"20210116225007","is_ascension_mode":true,"campfire_choices":[{"floor":10,"key":"DIG"},{"floor":15,"key":"DIG"}],"circlet_count":0,"master_deck":["Strike_P","Strike_P","Strike_P","Strike_P","Defend_P","Defend_P","Defend_P+1","Defend_P+1","Eruption","Vigilance+1","Protect","Perseverance","EmptyMind","DevaForm","Prostrate"],"relics":["PureWater","NeowsBlessing","TeardropLocket","Singing Bowl","Shovel","Calipers","Unceasing Top","Bag of Marbles"],"acts_visited":["Exordium"],"potions_floor_usage":[8,8,14,16],"damage_taken":[{"damage":0,"enemies":"2 Louse","floor":1,"turns":1},{"damage":0,"enemies":"Small Slimes","floor":5,"turns":1},{"damage":0,"enemies":"Gremlin Nob","floor":6,"turns":1},{"damage":0,"enemies":"3 Sentries","floor":8,"turns":7},{"damage":7,"enemies":"Jaw Worm","floor":11,"turns":3},{"damage":1,"enemies":"Red Slaver","floor":12,"turns":6},{"damage":3,"enemies":"3 Louse","floor":14,"turns":5},{"damage":55,"enemies":"Hexaghost","floor":16,"turns":16}],"seed_played":"6822122359942023521","potions_obtained":[{"floor":5,"key":"SkillPotion"},{"floor":6,"key":"ColorlessPotion"},{"floor":12,"key":"hexamod:SoulburnPotion"}],"is_trial":false,"path_per_floor":["M","?","?","$","M","E","T","E","T","R","M","M","$","M","R","B"],"character_chosen":"WATCHER","items_purchased":["BottledMiracle","DevaForm"],"campfire_rested":0,"item_purchase_floors":[4,13],"current_hp_per_floor":[72,72,58,58,58,58,58,58,58,58,53,54,54,51,51,0,0],"gold":19,"neow_bonus":"THREE_ENEMY_KILL","is_daily":false,"chose_seed":false,"campfire_upgraded":0,"win_rate":0.0,"timestamp":1610855407,"path_taken":["M","?","?","$","M","E","?","E","T","R","?","M","$","M","R","BOSS"],"items_purchased_type":["Potion","Card"],"build_version":"2020-12-22","purchased_purges":0,"victory":false,"max_hp_per_floor":[72,72,72,72,72,72,72,72,72,72,74,76,76,76,76,76,76],"card_choices":[{"not_picked":["ThirdEye","Study","Consecrate"],"picked":"SKIP","floor":1},{"not_picked":["Wallop","CutThroughFate"],"picked":"Protect","floor":5},{"not_picked":["FlurryOfBlows","LessonLearned"],"picked":"Perseverance","floor":6},{"not_picked":["Worship","Ragnarok"],"picked":"EmptyMind","floor":8},{"not_picked":["JustLucky","EmptyFist","Collect"],"picked":"Singing Bowl","floor":11},{"not_picked":["Collect","FollowUp","JustLucky"],"picked":"Singing Bowl","floor":12},{"not_picked":["ThirdEye","Collect"],"picked":"Prostrate","floor":14}],"player_experience":771816,"relics_obtained":[{"floor":6,"key":"TeardropLocket"},{"floor":7,"key":"Singing Bowl"},{"floor":8,"key":"Shovel"},{"floor":9,"key":"Calipers"},{"floor":10,"key":"Unceasing Top"},{"floor":15,"key":"Bag of Marbles"}],"event_choices":[{"damage_healed":0,"gold_gain":0,"player_choice":"Grow","damage_taken":0,"max_hp_gain":0,"max_hp_loss":0,"event_name":"Living Wall","floor":2,"gold_loss":0,"cards_upgraded":["Defend_P"]},{"damage_healed":0,"gold_gain":0,"player_choice":"Entered Light","damage_taken":14,"max_hp_gain":0,"max_hp_loss":0,"event_name":"Shining Light","floor":3,"gold_loss":0,"cards_upgraded":["Defend_P","Vigilance"]}],"is_beta":false,"boss_relics":[],"items_purged_floors":[],"is_endless":false,"potions_floor_spawned":[5,6,12],"killed_by":"Hexaghost","ascension_level":3}}