{"host":"bux1pdxjwq4dkad9","time":1610863764,"event":{"mods":["Act Like it!","BaseMod","Colored Map","Minty Spire (QoL Compilation)","Spicy Shops","StSLib","SuperFastMode","°æ“≈ŒÔMod°øºÚµ•”Œœ∑","ƒßΩ‰"],"gold_per_floor":[109,34,34,47,63,92,92,92,144,175,201,212,39,66,66,161,211,230,230,329,329,346,681,708,708,754,769,359,391,391,424,424,519,519,538,538,584,534,534,559,559,574,574,574,606,606,606,656,656,656,656,656,256,281,281],"floor_reached":56,"language":"ZHS","playtime":2044,"items_purged":["RingOfDestiny:Defend_SU","Pain","RingOfDestiny:AngerSword","RingOfDestiny:MaliciousBarrier","RingOfDestiny:Strike_SU","RingOfDestiny:Strike_SU"],"score":2543,"play_id":"6713f8c6-dc86-472b-aa0b-3aeb316baa6a","local_time":"20210117140924","is_ascension_mode":true,"campfire_choices":[{"floor":7.0,"key":"RECALL"},{"data":"RingOfDestiny:Doomsday","floor":15.0,"key":"SMITH"},{"data":"RingOfDestiny:PowerOfWrath","floor":25,"key":"SMITH"},{"data":"RingOfDestiny:PowerOfEnvy","floor":30,"key":"SMITH"},{"data":"RingOfDestiny:DesireMastery","floor":32,"key":"SMITH"},{"data":"RingOfDestiny:PowerOfGreed","floor":41,"key":"SMITH"},{"data":"RingOfDestiny:MaskOfSuffering","floor":44,"key":"SMITH"},{"data":"RingOfDestiny:DoomsdayMadness","floor":46,"key":"SMITH"},{"data":"RingOfDestiny:DoomsdayStrike","floor":49,"key":"SMITH"},{"data":"RingOfDestiny:Defend_SU","floor":52,"key":"SMITH"}],"circlet_count":0,"master_deck":["RingOfDestiny:Defend_SU+1","RingOfDestiny:Defend_SU","RingOfDestiny:Strike_SU+1","RingOfDestiny:DoomsdayStrike+1","RingOfDestiny:PowerOfGreed+1","RingOfDestiny:PowerOfEnvy+1","RingOfDestiny:ChainBlade+1","RingOfDestiny:Doomsday+1","RingOfDestiny:DoomsdayMadness+1","RingOfDestiny:MaskOfSuffering+1","RingOfDestiny:MaskOfSuffering+1","RingOfDestiny:PowerOfWrath+1","RingOfDestiny:DesireMastery+1","Ghostly","Ghostly","Ghostly","Ghostly","Ghostly","RingOfDestiny:LazyCloak+1","RingOfDestiny:HegemonyOfDevil+1","RingOfDestiny:Demonic+1"],"relics":["RingOfDestiny:DemonicContract","ImprovedEquipment","WarpedTongs","Juzu Bracelet","Happy Flower","WingedGreaves","Kunai","Centennial Puzzle","Tiny House","Old Coin","Potion Belt","Akabeko","Membership Card","Matryoshka","Smiling Mask","Strawberry","Coffee Dripper","Bird Faced Urn","Art of War","Vajra","Frozen Egg 2","Ginger","Sundial","Nunchaku","Bronze Scales","Anchor","Whetstone"],"acts_visited":["Exordium","TheCity","TheBeyond","TheEnding"],"potions_floor_usage":[23,55,55,55],"damage_taken":[{"damage":0.0,"enemies":"Jaw Worm","floor":1.0,"turns":2.0},{"damage":5.0,"enemies":"Cultist","floor":4.0,"turns":2.0},{"damage":2.0,"enemies":"2 Louse","floor":5.0,"turns":2.0},{"damage":7.0,"enemies":"Gremlin Nob","floor":6.0,"turns":2.0},{"damage":7.0,"enemies":"Lagavulin","floor":10.0,"turns":3.0},{"damage":4.0,"enemies":"Gremlin Nob","floor":11.0,"turns":2.0},{"damage":7.0,"enemies":"Large Slime","floor":12.0,"turns":2.0},{"damage":0.0,"enemies":"Lagavulin","floor":14.0,"turns":3.0},{"damage":3.0,"enemies":"The Guardian","floor":16.0,"turns":4.0},{"damage":0.0,"enemies":"Chosen","floor":18.0,"turns":2.0},{"damage":1,"enemies":"3 Byrds","floor":22,"turns":3},{"damage":3,"enemies":"Slavers","floor":23,"turns":5},{"damage":0,"enemies":"Book of Stabbing","floor":24,"turns":5},{"damage":0,"enemies":"Shelled Parasite and Fungi","floor":27,"turns":3},{"damage":1,"enemies":"Gremlin Leader","floor":29,"turns":3},{"damage":1,"enemies":"Book of Stabbing","floor":31,"turns":3},{"damage":1,"enemies":"Champ","floor":33,"turns":4},{"damage":0,"enemies":"3 Shapes","floor":35,"turns":3},{"damage":1,"enemies":"2 Orb Walkers","floor":37,"turns":4},{"damage":1,"enemies":"Giant Head","floor":40,"turns":2},{"damage":0,"enemies":"Orb Walker","floor":42,"turns":2},{"damage":3,"enemies":"Nemesis","floor":45,"turns":3},{"damage":0,"enemies":"Mind Bloom Boss Battle","floor":48,"turns":1},{"damage":3,"enemies":"Awakened One","floor":50,"turns":4},{"damage":0,"enemies":"Shield and Spear","floor":54,"turns":1},{"damage":1,"enemies":"The Heart","floor":55,"turns":5}],"seed_played":"424530655188267987","potions_obtained":[{"floor":4.0,"key":"EssenceOfSteel"},{"floor":6.0,"key":"LiquidMemories"},{"floor":12.0,"key":"FearPotion"},{"floor":16.0,"key":"Block Potion"},{"floor":17.0,"key":"Energy Potion"},{"floor":22,"key":"GamblersBrew"},{"floor":29,"key":"Strength Potion"},{"floor":31,"key":"Strength Potion"},{"floor":37,"key":"Regen Potion"}],"is_trial":false,"path_per_floor":["M","$","?","M","M","E","R","$","T","E","E","M","$","E","R","B",null,"M","?","?","?","M","E","E","R","T","M","$","E","R","E","R","B",null,"M","?","?","$","?","E","R","M","T","R","E","R","?","?","R","B",null,"R","$","E","B",null],"character_chosen":"Summoner","items_purchased":["RingOfDestiny:AngerSword","Membership Card","Matryoshka","Sundial","Nunchaku","Bronze Scales","Anchor"],"campfire_rested":0,"item_purchase_floors":[13,28,28,53,53,53,53],"current_hp_per_floor":[79,79,79,74,72,65,65,65,65,58,54,47,47,47,47,44,76,79,42,42,42,41,42,42,42,42,42,42,41,41,47,47,49,49,49,47,47,47,47,47,47,47,47,47,47,47,47,47,47,47,47,47,47,47,47],"gold":281,"neow_bonus":"THREE_RARE_CARDS","is_daily":false,"chose_seed":false,"campfire_upgraded":9,"win_rate":0.0,"timestamp":1610863764,"path_taken":["M","$","?","?","M","E","R","$","T","E","E","M","$","E","R","BOSS","M","?","?","?","M","E","E","R","T","M","$","E","R","E","R","BOSS","M","?","?","?","?","E","R","M","T","R","E","R","?","?","R","BOSS","R","$","E","BOSS"],"items_purchased_type":["Card","Relic","Relic","Relic","Relic","Relic","Relic"],"build_version":"2020-12-22","purchased_purges":6,"victory":true,"max_hp_per_floor":[80,80,80,80,80,80,80,80,80,80,80,80,80,80,80,80,85,85,42,42,42,42,42,42,42,42,42,42,42,42,49,49,49,49,49,47,47,47,47,47,47,47,47,47,47,47,47,47,47,47,47,47,47,47,47],"card_choices":[{"not_picked":["RingOfDestiny:DoomsdayLava","RingOfDestiny:ConqueringBlade"],"picked":"RingOfDestiny:ChainBlade","floor":0.0},{"not_picked":["RingOfDestiny:SoulDiversion","RingOfDestiny:EndlessDesire","RingOfDestiny:FeastOfDoomsday"],"picked":"SKIP","floor":1.0},{"not_picked":["RingOfDestiny:MaliciousSuppress","RingOfDestiny:MaliciousBarrier"],"picked":"RingOfDestiny:Doomsday","floor":4.0},{"not_picked":["RingOfDestiny:DemonSkin","RingOfDestiny:MaliciousSuppress","RingOfDestiny:MaliciousBarrier"],"picked":"SKIP","floor":5.0},{"not_picked":["RingOfDestiny:DoomsdayProtection","RingOfDestiny:EnvyNecklace","RingOfDestiny:SarcasticSword"],"picked":"SKIP","floor":6.0},{"not_picked":["RingOfDestiny:TortureBlade","RingOfDestiny:DoomsdayMeteorite"],"picked":"RingOfDestiny:DoomsdayMadness","floor":10.0},{"not_picked":["RingOfDestiny:SoulDiversion","RingOfDestiny:RingOfGreed"],"picked":"RingOfDestiny:MaskOfSuffering","floor":11.0},{"not_picked":["RingOfDestiny:Doomsday","RingOfDestiny:MaskOfSuffering","RingOfDestiny:ManaEnhance"],"picked":"SKIP","floor":12.0},{"not_picked":["RingOfDestiny:Doomsday","RingOfDestiny:ManaEnhance"],"picked":"RingOfDestiny:MaskOfSuffering","floor":12.0},{"not_picked":["RingOfDestiny:DoomsdayMeteorite","RingOfDestiny:MaliciousSword"],"picked":"RingOfDestiny:GripOfMaster","floor":14.0},{"not_picked":["RingOfDestiny:DoomsdayProphecy","RingOfDestiny:DoomsdayLava"],"picked":"RingOfDestiny:PowerOfWrath","floor":16.0},{"not_picked":["RingOfDestiny:SongOfDoomsday","RingOfDestiny:DoomsdayStrike"],"picked":"RingOfDestiny:DesireMastery","floor":17.0},{"not_picked":["RingOfDestiny:TemptingFruits","RingOfDestiny:EnvyNecklace","RingOfDestiny:SarcasticSword+1"],"picked":"SKIP","floor":18.0},{"not_picked":["RingOfDestiny:FeastOfDoomsday+1","RingOfDestiny:MaliciousBarrier+1","RingOfDestiny:PowerOfGreed+1"],"picked":"SKIP","floor":22},{"not_picked":["RingOfDestiny:SarcasticSword","RingOfDestiny:PowerOfGreed","RingOfDestiny:PowerOfEnvy"],"picked":"SKIP","floor":23},{"not_picked":["RingOfDestiny:DoomsdayProphecy","RingOfDestiny:DemonSkin"],"picked":"RingOfDestiny:LazyCloak+1","floor":24},{"not_picked":["RingOfDestiny:SongOfDoomsday+1","RingOfDestiny:DesireMastery","RingOfDestiny:Doomsday"],"picked":"SKIP","floor":27},{"not_picked":["RingOfDestiny:SoulDiversion","RingOfDestiny:MaliciousSuppress+1","RingOfDestiny:MaliciousBarrier"],"picked":"SKIP","floor":29},{"not_picked":["RingOfDestiny:DoomsdayStrike","RingOfDestiny:PowerOfGreed","RingOfDestiny:FeastOfDoomsday"],"picked":"SKIP","floor":31},{"not_picked":["RingOfDestiny:ConqueringBlade","RingOfDestiny:PowerOfLaziness"],"picked":"RingOfDestiny:HegemonyOfDevil+1","floor":33},{"not_picked":["RingOfDestiny:SarcasticSword+1","RingOfDestiny:DemonVanguard+1","RingOfDestiny:MaliciousRelease+1"],"picked":"SKIP","floor":35},{"not_picked":["RingOfDestiny:CupOfDesire+1","RingOfDestiny:MemoryBlade","RingOfDestiny:Demonic+1"],"picked":"SKIP","floor":40},{"not_picked":["RingOfDestiny:CupOfDesire+1","RingOfDestiny:MemoryBlade"],"picked":"RingOfDestiny:Demonic+1","floor":40},{"not_picked":["RingOfDestiny:DoomsdayLava","RingOfDestiny:MaliciousFang","RingOfDestiny:CupOfDesire+1"],"picked":"SKIP","floor":42},{"not_picked":["RingOfDestiny:SarcasticSword","RingOfDestiny:FeastOfDoomsday+1","RingOfDestiny:SoulDiversion"],"picked":"SKIP","floor":45},{"not_picked":["RingOfDestiny:FeastOfDoomsday","RingOfDestiny:ScepterOfGluttony+1","RingOfDestiny:CupOfDesire+1"],"picked":"SKIP","floor":54}],"player_experience":2433017,"relics_obtained":[{"floor":6.0,"key":"Juzu Bracelet"},{"floor":9.0,"key":"Happy Flower"},{"floor":10.0,"key":"WingedGreaves"},{"floor":11.0,"key":"Kunai"},{"floor":14.0,"key":"Centennial Puzzle"},{"floor":23,"key":"Old Coin"},{"floor":24,"key":"Potion Belt"},{"floor":26,"key":"Akabeko"},{"floor":29,"key":"Smiling Mask"},{"floor":31,"key":"Strawberry"},{"floor":37,"key":"Bird Faced Urn"},{"floor":40,"key":"Art of War"},{"floor":43,"key":"Vajra"},{"floor":45,"key":"Frozen Egg 2"},{"floor":48,"key":"Ginger"},{"floor":54,"key":"Whetstone"}],"event_choices":[{"damage_healed":0.0,"max_hp_gain":0.0,"max_hp_loss":0.0,"gold_gain":0.0,"event_name":"Accursed Blacksmith","player_choice":"Rummage","floor":3.0,"gold_loss":0.0,"damage_taken":0.0,"relics_obtained":["WarpedTongs"],"cards_obtained":["Pain"]},{"damage_healed":0.0,"max_hp_gain":0.0,"max_hp_loss":43.0,"gold_gain":0.0,"event_name":"Ghosts","player_choice":"Became a Ghost","floor":19.0,"gold_loss":0.0,"damage_taken":0.0,"cards_obtained":["Ghostly","Ghostly","Ghostly","Ghostly","Ghostly"]},{"damage_healed":0.0,"max_hp_gain":0.0,"max_hp_loss":0.0,"gold_gain":99.0,"event_name":"Nest","player_choice":"Stole From Cult","floor":20.0,"gold_loss":0.0,"damage_taken":0.0},{"cards_removed":["RingOfDestiny:GripOfMaster"],"damage_healed":5.0,"max_hp_gain":0.0,"max_hp_loss":0.0,"gold_gain":0.0,"event_name":"Bonfire Elementals","player_choice":"Offered Special","floor":21.0,"gold_loss":0.0,"damage_taken":0.0},{"damage_healed":0,"gold_gain":0,"player_choice":"Max HP","damage_taken":0,"max_hp_gain":0,"max_hp_loss":2,"event_name":"Winding Halls","floor":36,"gold_loss":0},{"damage_healed":0,"gold_gain":0,"player_choice":"Fight","damage_taken":0,"max_hp_gain":0,"max_hp_loss":0,"event_name":"Mysterious Sphere","floor":37,"gold_loss":0},{"damage_healed":0,"gold_gain":0,"player_choice":"Ignored","damage_taken":0,"max_hp_gain":0,"max_hp_loss":0,"event_name":"Tomb of Lord Red Mask","floor":39,"gold_loss":0},{"damage_healed":0,"gold_gain":0,"player_choice":"Upgraded","damage_taken":0,"max_hp_gain":0,"max_hp_loss":0,"event_name":"Upgrade Shrine","floor":47,"gold_loss":0,"cards_upgraded":["RingOfDestiny:ChainBlade"]},{"damage_healed":0,"gold_gain":0,"player_choice":"Fight","damage_taken":0,"max_hp_gain":0,"max_hp_loss":0,"event_name":"MindBloom","floor":48,"gold_loss":0}],"is_beta":false,"boss_relics":[{"not_picked":["Pandora\u0027s Box","Calling Bell"],"picked":"Tiny House"},{"not_picked":["Black Star","Philosopher\u0027s Stone"],"picked":"Coffee Dripper"}],"items_purged_floors":[2,13,28,28,38,53],"is_endless":false,"potions_floor_spawned":[4,6,12,16,22,29,31,37,40,45],"ascension_level":9}}