{"host":"344lv32hnei0mdhu","time":1610914067,"event":{"mods":["Act Like it!","BaseMod","Better Match","Better Sensory Stone","Better Skull","Better Third Choice","Better Vampires","Colored Powertips","Highlight Path","Minty Spire (QoL Compilation)","Quick Restart","Random Character Button","Rare Cards Sparkle","StSLib"],"gold_per_floor":[116,43,43,61,61,93,93,120,120,120,134,145,172,189,189,288,288,305,324,324,334,344,344,344,361,361,373,323,91,118,133,133,235,235,253,176,176,226,240,240,240,270,270,15,33,33,45,71,71,71,71],"floor_reached":50,"language":"ENG","playtime":2413,"items_purged":["Strike_P","Doubt"],"score":764,"play_id":"eeb6d0f0-b147-4532-963b-ba9841191630","local_time":"20210117140747","is_ascension_mode":true,"campfire_choices":[{"data":"Eruption","floor":7.0,"key":"SMITH"},{"floor":10.0,"key":"REST"},{"floor":15.0,"key":"REST"},{"floor":23.0,"key":"RECALL"},{"floor":24.0,"key":"REST"},{"floor":32.0,"key":"REST"},{"floor":40.0,"key":"REST"},{"data":"Ragnarok","floor":46.0,"key":"SMITH"},{"data":"DevaForm","floor":49.0,"key":"SMITH"}],"circlet_count":0,"master_deck":["AscendersBane","Eruption+1","Vigilance","Evaluate","Wallop+1","Halt","Protect","Wallop","Consecrate","Ragnarok+1","Indignation+1","ForeignInfluence+1","Blasphemy+1","FollowUp+1","BattleHymn+1","Perseverance+1","Perseverance+1","BowlingBash+1","Judgement+1","FollowUp","Judgement+1","Wallop","DevaForm+1","CrushJoints","MentalFortress","Worship+1","ForeignInfluence+1","LikeWater+1","TalkToTheHand+1","Conclude+1"],"relics":["HolyWater","NeowsBlessing","WingedGreaves","Orichalcum","Toy Ornithopter","Torii","Toxic Egg 2","DollysMirror","Incense Burner","Pandora\u0027s Box","Unceasing Top","Bottled Tornado","Ancient Tea Set","Centennial Puzzle"],"acts_visited":["Exordium","TheCity","TheBeyond"],"potions_floor_usage":[50,50],"damage_taken":[{"damage":0.0,"enemies":"Small Slimes","floor":1.0,"turns":1.0},{"damage":0.0,"enemies":"Jaw Worm","floor":4.0,"turns":1.0},{"damage":0.0,"enemies":"Gremlin Nob","floor":6.0,"turns":1.0},{"damage":40.0,"enemies":"3 Sentries","floor":8.0,"turns":12.0},{"damage":1.0,"enemies":"Cultist","floor":11.0,"turns":4.0},{"damage":0.0,"enemies":"Red Slaver","floor":12.0,"turns":4.0},{"damage":15.0,"enemies":"Gremlin Nob","floor":13.0,"turns":4.0},{"damage":1.0,"enemies":"Looter","floor":14.0,"turns":2.0},{"damage":14.0,"enemies":"Slime Boss","floor":16.0,"turns":7.0},{"damage":0.0,"enemies":"Chosen","floor":18.0,"turns":4.0},{"damage":2.0,"enemies":"Shell Parasite","floor":19.0,"turns":3.0},{"damage":25.0,"enemies":"Shelled Parasite and Fungi","floor":21.0,"turns":3.0},{"damage":9.0,"enemies":"3 Cultists","floor":22.0,"turns":5.0},{"damage":9.0,"enemies":"Snake Plant","floor":25.0,"turns":3.0},{"damage":16.0,"enemies":"Shelled Parasite and Fungi","floor":27.0,"turns":7.0},{"damage":48.0,"enemies":"Slavers","floor":30.0,"turns":5.0},{"damage":1.0,"enemies":"Sentry and Sphere","floor":31.0,"turns":4.0},{"damage":11.0,"enemies":"Automaton","floor":33.0,"turns":6.0},{"damage":2.0,"enemies":"3 Shapes","floor":35.0,"turns":4.0},{"damage":36.0,"enemies":"2 Orb Walkers","floor":38.0,"turns":5.0},{"damage":25.0,"enemies":"3 Darklings","floor":39.0,"turns":5.0},{"damage":0.0,"enemies":"4 Shapes","floor":42.0,"turns":6.0},{"damage":0.0,"enemies":"Maw","floor":45.0,"turns":7.0},{"damage":6.0,"enemies":"Spire Growth","floor":47.0,"turns":3.0},{"damage":80,"enemies":"Time Eater","floor":50,"turns":11}],"seed_played":"-2666514198188751396","potions_obtained":[{"floor":4.0,"key":"DuplicationPotion"},{"floor":6.0,"key":"FairyPotion"},{"floor":11.0,"key":"Dexterity Potion"},{"floor":13.0,"key":"Swift Potion"},{"floor":16.0,"key":"PowerPotion"},{"floor":21.0,"key":"Swift Potion"},{"floor":22.0,"key":"SpeedPotion"},{"floor":27.0,"key":"Dexterity Potion"},{"floor":31.0,"key":"ColorlessPotion"},{"floor":33.0,"key":"AttackPotion"},{"floor":39.0,"key":"StancePotion"},{"floor":42.0,"key":"Ancient Potion"}],"is_trial":false,"path_per_floor":["M","$","?","M","?","E","R","E","T","R","M","M","E","M","R","B",null,"M","M","?","M","M","R","R","M","T","M","?","$","E","M","R","B",null,"M","$","?","?","M","R","?","M","T","$","M","R","M","T","R","B"],"character_chosen":"WATCHER","items_purchased":["Wallop","DollysMirror","ForeignInfluence+1","Ancient Tea Set"],"campfire_rested":5,"item_purchase_floors":[2,29,36,44],"current_hp_per_floor":[65,65,65,65,65,65,65,25,25,46,45,45,35,34,55,51,67,67,65,65,40,36,36,57,53,53,37,37,37,21,25,46,40,64,62,62,62,31,6,27,72,72,72,72,72,72,66,66,66,0,0],"gold":71,"neow_bonus":"THREE_ENEMY_KILL","is_daily":false,"chose_seed":false,"campfire_upgraded":3,"win_rate":0.0,"timestamp":1610914067,"path_taken":["M","$","?","M","?","E","R","E","T","R","?","M","E","M","R","BOSS","M","M","?","M","M","R","R","M","T","M","?","$","E","M","R","BOSS","M","?","?","?","M","R","?","M","T","$","?","R","M","?","R","BOSS"],"items_purchased_type":["Card","Relic","Card","Relic"],"build_version":"2020-12-22","purchased_purges":2,"victory":false,"max_hp_per_floor":[72,72,72,72,72,72,72,72,72,72,72,72,72,72,72,72,72,72,72,72,72,72,72,72,72,72,72,72,72,72,72,72,72,72,72,72,72,72,72,72,72,72,72,72,72,72,72,72,72,72,72],"card_choices":[{"not_picked":["Halt","Prostrate"],"picked":"Evaluate","floor":1.0},{"not_picked":["FollowUp","SandsOfTime"],"picked":"Halt","floor":4.0},{"not_picked":["EmptyMind","Establishment"],"picked":"Protect","floor":6.0},{"not_picked":["EmptyBody","Establishment"],"picked":"Wallop","floor":8.0},{"not_picked":["Halt","CutThroughFate"],"picked":"Consecrate","floor":11.0},{"not_picked":["Meditate","WreathOfFlame"],"picked":"Ragnarok","floor":12.0},{"not_picked":["Wallop","CutThroughFate"],"picked":"Indignation+1","floor":13.0},{"not_picked":["EmptyFist","FlyingSleeves"],"picked":"ForeignInfluence+1","floor":14.0},{"not_picked":["MasterReality","SpiritShield+1"],"picked":"Blasphemy+1","floor":16.0},{"not_picked":["CutThroughFate","Halt+1"],"picked":"FollowUp+1","floor":18.0},{"not_picked":["InnerPeace+1","Consecrate"],"picked":"BattleHymn+1","floor":19.0},{"not_picked":["Evaluate+1","Weave","Indignation+1"],"picked":"SKIP","floor":21.0},{"not_picked":["FlyingSleeves","ThirdEye+1","FlurryOfBlows"],"picked":"SKIP","floor":22.0},{"not_picked":["ForeignInfluence+1","FlyingSleeves"],"picked":"Perseverance+1","floor":25.0},{"not_picked":["Protect+1","Brilliance"],"picked":"Crescendo+1","floor":27.0},{"not_picked":["EmptyBody+1","WreathOfFlame+1"],"picked":"BowlingBash+1","floor":30.0},{"not_picked":["Halt+1","CarveReality+1","Crescendo+1"],"picked":"SKIP","floor":31.0},{"not_picked":["Wish+1","Alpha+1"],"picked":"Judgement+1","floor":33.0},{"not_picked":["BowlingBash","FlyingSleeves+1","CutThroughFate+1"],"picked":"SKIP","floor":35.0},{"not_picked":["Indignation+1","Adaptation"],"picked":"LikeWater+1","floor":38.0},{"not_picked":["JustLucky+1","Consecrate"],"picked":"TalkToTheHand+1","floor":39.0},{"not_picked":["JustLucky","Adaptation","Consecrate+1"],"picked":"SKIP","floor":42.0},{"not_picked":["Sanctity+1","EmptyBody+1"],"picked":"Conclude+1","floor":45.0},{"not_picked":["BowlingBash+1","CrushJoints","EmptyFist+1"],"picked":"SKIP","floor":47.0}],"player_experience":343111,"relics_obtained":[{"floor":5.0,"key":"WingedGreaves"},{"floor":6.0,"key":"Orichalcum"},{"floor":8.0,"key":"Toy Ornithopter"},{"floor":9.0,"key":"Torii"},{"floor":13.0,"key":"Toxic Egg 2"},{"floor":30.0,"key":"Incense Burner"},{"floor":38.0,"key":"Unceasing Top"},{"floor":43.0,"key":"Bottled Tornado"},{"floor":48.0,"key":"Centennial Puzzle"}],"event_choices":[{"damage_healed":0.0,"max_hp_gain":0.0,"max_hp_loss":0.0,"gold_gain":0.0,"event_name":"Living Wall","player_choice":"Grow","floor":3.0,"gold_loss":0.0,"damage_taken":0.0,"cards_upgraded":["Wallop"]},{"damage_healed":0.0,"max_hp_gain":0.0,"max_hp_loss":0.0,"gold_gain":0.0,"event_name":"Wheel of Change","player_choice":"Relic","floor":5.0,"gold_loss":0.0,"damage_taken":0.0},{"damage_healed":0.0,"max_hp_gain":0.0,"max_hp_loss":0.0,"gold_gain":0.0,"event_name":"Vampires","player_choice":"Ignored","floor":20.0,"gold_loss":0.0,"damage_taken":0.0},{"damage_healed":0.0,"max_hp_gain":0.0,"max_hp_loss":0.0,"gold_gain":0.0,"event_name":"The Joust","player_choice":"Bet on Murderer","floor":28.0,"gold_loss":50.0,"damage_taken":0.0},{"cards_removed":["Crescendo"],"damage_healed":0.0,"max_hp_gain":0.0,"max_hp_loss":0.0,"gold_gain":0.0,"event_name":"Falling","player_choice":"Removed Skill","floor":37.0,"gold_loss":0.0,"damage_taken":0.0},{"damage_healed":0.0,"max_hp_gain":0.0,"max_hp_loss":0.0,"gold_gain":0.0,"event_name":"Mysterious Sphere","player_choice":"Fight","floor":38.0,"gold_loss":0.0,"damage_taken":0.0},{"damage_healed":45.0,"max_hp_gain":0.0,"max_hp_loss":0.0,"gold_gain":0.0,"event_name":"MindBloom","player_choice":"Heal","floor":41.0,"gold_loss":0.0,"damage_taken":0.0,"cards_obtained":["Doubt"]}],"is_beta":false,"boss_relics":[{"not_picked":["VioletLotus","Ectoplasm"],"picked":"HolyWater"},{"not_picked":["Velvet Choker","Busted Crown"],"picked":"Pandora\u0027s Box"}],"items_purged_floors":[29,44],"is_endless":false,"potions_floor_spawned":[4,6,11,13,16,21,22,27,31,33,39,42],"killed_by":"Time Eater","ascension_level":10}}