{"host":"5ffrjkuvgrxgllwx","time":1610889894,"event":{"mods":["AchievementEnabler","BaseMod","Colored Map","Colored Powertips","Downfall","Minty Spire (QoL Compilation)","Quick Restart","Rare Cards Sparkle","StSLib","everything is the same but u backflip on backflip"],"gold_per_floor":[99,99,116,129,129,579,579,564,589,608,619,619,619,619],"floor_reached":12,"language":"ENG","playtime":579,"items_purged":[],"score":78,"play_id":"be5911f2-3d1b-4adc-9363-8bdf05c924f9","local_time":"20210117082454","is_ascension_mode":false,"campfire_choices":[{"data":"Guardian:TwinSlam","floor":1.0,"key":"SMITH"}],"circlet_count":0,"master_deck":["Guardian:Strike_Guardian","Guardian:Strike_Guardian","Guardian:Strike_Guardian","Guardian:Strike_Guardian","Guardian:Defend_Guardian+1","Guardian:Defend_Guardian","Guardian:Defend_Guardian","Guardian:Defend_Guardian","Guardian:CurlUp+1","Guardian:TwinSlam+1","downfall:Bewildered","Guardian:RollAttack","Guardian:Gem_Crimson","downfall:Icky","downfall:Icky","downfall:Icky","Guardian:Repulse","Guardian:TemporalShield","Guardian:TimeBomb"],"relics":["Guardian:ModeShifter","The Courier","Letter Opener","Pantograph"],"acts_visited":["Exordium"],"potions_floor_usage":[],"damage_taken":[{"damage":0.0,"enemies":"Small Slimes","floor":3.0,"turns":3.0},{"damage":1.0,"enemies":"Cultist","floor":4.0,"turns":4.0},{"damage":0.0,"enemies":"downfall:FleeingMerchant","floor":8.0,"turns":4.0},{"damage":7,"enemies":"3 Sentries","floor":9,"turns":8},{"damage":8,"enemies":"2 Louse","floor":10,"turns":4},{"damage":17,"enemies":"Large Slime","floor":11,"turns":9},{"damage":58,"enemies":"Gremlin Nob","floor":12,"turns":6}],"seed_played":"5892922013449465559","potions_obtained":[{"floor":9,"key":"sneckomod:MuddlingPotion"}],"is_trial":false,"path_per_floor":["R","?","M","M","?","?","T","$","E","M","M","E"],"character_chosen":"GUARDIAN","items_purchased":[],"campfire_rested":0,"item_purchase_floors":[],"current_hp_per_floor":[88,88,88,87,69,69,69,69,62,54,37,0,0,0],"gold":619,"neow_bonus":"TEN_PERCENT_HP_BONUS","is_daily":false,"chose_seed":false,"campfire_upgraded":1,"win_rate":0.0,"timestamp":1610889894,"path_taken":["R","?","?","M","?","?","T","$","E","M","M","E"],"items_purchased_type":[],"build_version":"2020-12-22","purchased_purges":0,"victory":false,"max_hp_per_floor":[88,88,88,88,88,88,88,88,88,88,88,88,88,88],"card_choices":[{"not_picked":["Guardian:TemporalStrike","Guardian:Recover"],"picked":"Guardian:RollAttack","floor":3.0},{"not_picked":["Guardian:DonusPower","Guardian:PrismaticBarrier"],"picked":"Guardian:Gem_Crimson","floor":4.0},{"not_picked":["Guardian:ShieldSpikes","Guardian:BronzeArmor"],"picked":"Guardian:Repulse","floor":8},{"not_picked":["Guardian:RollAttack","Guardian:BodySlam"],"picked":"Guardian:TemporalShield","floor":9},{"not_picked":["Guardian:TemporalShield","Guardian:VentSteam","Guardian:Emergency"],"picked":"SKIP","floor":10},{"not_picked":["Guardian:ShieldSpikes","Guardian:PolyBeam"],"picked":"Guardian:TimeBomb","floor":11}],"player_experience":1396069,"relics_obtained":[{"floor":7.0,"key":"Letter Opener"},{"floor":9,"key":"Pantograph"}],"event_choices":[{"damage_healed":0.0,"max_hp_gain":0.0,"max_hp_loss":0.0,"gold_gain":0.0,"event_name":"Scrap Ooze","player_choice":"Success","floor":5.0,"gold_loss":0.0,"damage_taken":18.0,"relics_obtained":["The Courier"]}],"is_beta":false,"boss_relics":[],"items_purged_floors":[],"is_endless":false,"potions_floor_spawned":[9],"killed_by":"Gremlin Nob","ascension_level":0}}