{"host":"kwv5rcxiitoh7ssi","time":1610857920,"event":{"mods":["2.2 Compatiblity","A Magickal Journey","AchievementEnabler","Act Like it!","Aspiration","Astrologer","BaseMod","Better Altar","Better Match","Better Note","Better Sensory Stone","Better Skull","Better Third Choice","BetterRewards","Colored Map","Colored Powertips","Conspire","Dark Map","Elementarium","Energized Spire","GifTheSpireLib","Gold Saver","GungeonMod","Hubris","Infinite Spire","Marisa（霧雨　魔理沙）","Menagerie","Minty Spire (QoL Compilation)","Pale of the Ancients","Relic Stats","Replay The Spire","Somnambulant","Spicy Shops","Spikes Relics","StSLib","Stuff the Spire","The Animator","The Cursed","The Mystic","The Necromancer","The Runesmith","The Spell Scribe","Thieving Mod","Uncapped","UnlockEverythingMod","vexMod","【遗物卡牌】REMEMod"],"gold_per_floor":[659,109,109,122,132,159,159,159,159,173,173,186,186,186,186,282,282,296,148,48,73,73,73],"floor_reached":22,"language":"ENG","playtime":2828,"items_purged":[],"score":184,"play_id":"e4a60117-dc3f-446c-99e2-3789ae3fe722","local_time":"20210116233200","is_ascension_mode":false,"campfire_choices":[{"floor":7,"key":"REST"},{"floor":11,"key":"REST"},{"floor":13,"key":"RECALL"},{"data":"Bone_Armory","floor":15,"key":"SMITH"}],"circlet_count":0,"master_deck":["Strike_W","Strike_W","Strike_W","Strike_W","Defend_W","Defend_W","Defend_W","Defend_W","Negative_Energy_Arrows","Bone_Wall","TheCursedMod:VoidForm","Chill_Blood","Death_March_Dance+1","Survey Options+1","Bone_Armory+1","Blood_Is_Power","BlessedFruit","BlessedFruit","Summon_Undead","Injury","Blood_for_Blood","Summon_Undead","Menagerie:BeastSpirit","Cloudkill","Plague_Bolt","StuffTheSpire:BrainWave","conspire:SpireCoStock","conspire:SpireCoStock","Negative_Energy_Shield+1"],"relics":["Vampire_Amulet","REME_ComplimentaryCards","aspiration:Nostalgia","Ring of the Snake","Blue Doll","Runesmith:Nanobots","conspire:TreasureMap","HeavenlyBonsai","Replay:Mystery Machine","hubris:BottledRain","hubris:GrandSneckoEye"],"acts_visited":["Exordium","TheCity"],"potions_floor_usage":[6,16],"damage_taken":[{"damage":0,"enemies":"Menagerie:2_RABBITS","floor":1,"turns":5},{"damage":9,"enemies":"Menagerie:MonstrousExperiment","floor":4,"turns":3},{"damage":4,"enemies":"Menagerie:StygianBoar","floor":5,"turns":5},{"damage":27,"enemies":"Menagerie:VoidReaper","floor":6,"turns":7},{"damage":15,"enemies":"Menagerie:KEEPER_AND_YOUNG_SUNEATER","floor":10,"turns":5},{"damage":14,"enemies":"Menagerie:3_RABBITS","floor":12,"turns":6},{"damage":79,"enemies":"Menagerie:AVATARS","floor":16,"turns":9},{"damage":51,"enemies":"conspire:FuzzyDice","floor":18,"turns":6},{"damage":7,"enemies":"3 Byrds","floor":21,"turns":4},{"damage":156,"enemies":"Snecko","floor":22,"turns":3}],"seed_played":"5605103660510647771","potions_obtained":[{"floor":4,"key":"Adrenaline Potion"},{"floor":10,"key":"Energy Potion"},{"floor":18,"key":"Energy Potion"}],"is_trial":false,"path_per_floor":["M","$","?","M","M","E","R","?","T","M","R","M","R","?","R","B",null,"M","?","?","M","M"],"character_chosen":"NECROMANCER","items_purchased":["Blue Doll","Runesmith:Nanobots","conspire:TreasureMap"],"campfire_rested":2,"item_purchase_floors":[2,2,2],"current_hp_per_floor":[75,75,75,68,66,41,63,63,63,54,77,68,68,68,68,12,77,31,31,31,30,0,0],"gold":73,"neow_bonus":"NOSTALGIA","is_daily":false,"chose_seed":false,"campfire_upgraded":1,"win_rate":0.0,"timestamp":1610857920,"path_taken":["M","?","?","M","M","E","R","?","T","M","R","M","R","?","R","BOSS","M","?","?","?","M"],"items_purchased_type":["Relic","Relic","Relic"],"build_version":"2020-12-22","purchased_purges":0,"victory":false,"max_hp_per_floor":[75,75,75,75,75,75,75,75,75,77,77,78,78,75,75,77,77,78,78,78,78,78,78],"relic_stats":{"counters":[10,53],"obtain_stats":[{"Runesmith:Nanobots":2,"conspire:TreasureMap":2,"aspiration:Nostalgia":0,"Blue Doll":2,"Vampire_Amulet":0,"DemoMod:GlassGuonStoneRelic":4,"hubris:GrandSneckoEye":17,"HeavenlyBonsai":6,"Replay:Mystery Machine":8,"REME_ComplimentaryCards":0,"Ring of the Snake":0,"hubris:BottledRain":9},{"Runesmith:Nanobots":1,"conspire:TreasureMap":1,"aspiration:Nostalgia":0,"Blue Doll":1,"Vampire_Amulet":0,"DemoMod:GlassGuonStoneRelic":2,"hubris:GrandSneckoEye":7,"HeavenlyBonsai":4,"Replay:Mystery Machine":4,"REME_ComplimentaryCards":0,"Ring of the Snake":0,"hubris:BottledRain":4},{"Runesmith:Nanobots":5,"conspire:TreasureMap":5,"aspiration:Nostalgia":0,"Blue Doll":5,"Vampire_Amulet":0,"DemoMod:GlassGuonStoneRelic":8,"hubris:GrandSneckoEye":40,"HeavenlyBonsai":20,"Replay:Mystery Machine":20,"REME_ComplimentaryCards":0,"Ring of the Snake":0,"hubris:BottledRain":20}],"Ring of the Snake":[20]},"card_choices":[{"not_picked":["Toxic_Smoke_Screen","Blood_Curse"],"picked":"Chill_Blood","floor":1},{"not_picked":["Consume_Illness+1","Bone_Bullets+1"],"picked":"Death_March_Dance+1","floor":3},{"not_picked":["Madness+1","REME_ShortnessOfBreath+1"],"picked":"Survey Options+1","floor":3},{"not_picked":["Plague_Bolt","Blood_Shield"],"picked":"Bone_Armory","floor":4},{"not_picked":["Necromantic_Selection","Toxic_Smoke_Screen"],"picked":"Blood_Is_Power","floor":5},{"not_picked":["Strike_from_Beyond","Blood_Curse"],"picked":"Summon_Undead","floor":6},{"not_picked":["Bone_Bullets","Negative_Energy_Shield"],"picked":"Blood_for_Blood","floor":10},{"not_picked":["Spectral_Walk","Consume_Illness"],"picked":"Summon_Undead","floor":12},{"not_picked":["Grasp_Heart","Summon_Vampire_Lady"],"picked":"Cloudkill","floor":16},{"not_picked":["Shackles_Of_Pain","Blood_Curse"],"picked":"Plague_Bolt","floor":18},{"not_picked":["Bone_Armor","Consume_Illness"],"picked":"Negative_Energy_Shield+1","floor":21}],"player_experience":145179,"relics_obtained":[{"floor":6,"key":"HeavenlyBonsai"},{"floor":9,"key":"hubris:BottledRain"}],"event_choices":[{"damage_healed":0,"gold_gain":0,"player_choice":"2","damage_taken":0,"max_hp_gain":0,"max_hp_loss":0,"event_name":"betterMatch:BetterMatch","floor":3,"gold_loss":0,"cards_obtained":["betterMatch:ColorlessUncommonCard","betterMatch:CommonCard"]},{"damage_healed":0,"gold_gain":0,"player_choice":"Lion","damage_taken":0,"relics_obtained":["Replay:Mystery Machine"],"max_hp_gain":0,"max_hp_loss":0,"event_name":"Menagerie:ThreeAnimals","floor":8,"gold_loss":0,"cards_obtained":["Injury"]},{"damage_healed":0,"gold_gain":0,"player_choice":"Knelt","damage_taken":0,"max_hp_gain":0,"max_hp_loss":3,"event_name":"Menagerie:BeastSpiritShrine","floor":14,"gold_loss":0,"cards_obtained":["Menagerie:BeastSpirit"]},{"damage_healed":0,"gold_gain":0,"player_choice":"Invest 2","damage_taken":0,"max_hp_gain":0,"max_hp_loss":0,"event_name":"conspire:Investor","floor":20,"gold_loss":0}],"is_beta":false,"boss_relics":[{"not_picked":["conspire:RunicOctahedron","StuffTheSpire:ModemDavis"],"picked":"hubris:GrandSneckoEye"}],"items_purged_floors":[],"is_endless":false,"potions_floor_spawned":[4,10,18],"killed_by":"Snecko","ascension_level":0}}