{"host":"rq107ve574byxhfs","time":1610900254,"event":{"mods":["AchievementEnabler","BaseMod","Colored Map","Minty Spire (QoL Compilation)","StSLib","SuperFastMode","everything is the same but u backflip on backflip"],"gold_per_floor":[112,124,144,159,175,175,100,100,100,111,111,36,36,36,36,36,36],"floor_reached":16,"language":"KOR","playtime":211,"items_purged":["Strike_B"],"score":184,"play_id":"1f342c77-1168-448c-b7b2-eaeaea23241d","local_time":"20210118011734","is_ascension_mode":true,"campfire_choices":[{"data":"Streamline","floor":6,"key":"SMITH"},{"data":"Dualcast","floor":8,"key":"SMITH"},{"floor":13,"key":"REST"},{"data":"Zap","floor":15,"key":"SMITH"}],"circlet_count":0,"master_deck":["AscendersBane","Strike_B","Strike_B","Defend_B","Defend_B","Defend_B+1","Defend_B","Zap+1","Dualcast+1","Undo","Streamline+1","Cold Snap+1","Meteor Strike"],"relics":["Philosopher\u0027s Stone"],"acts_visited":["Exordium"],"potions_floor_usage":[16,16],"damage_taken":[{"damage":7,"enemies":"2 Louse","floor":1,"turns":2},{"damage":3,"enemies":"Jaw Worm","floor":2,"turns":3},{"damage":0,"enemies":"Small Slimes","floor":3,"turns":4},{"damage":9,"enemies":"2 Fungi Beasts","floor":4,"turns":4},{"damage":9,"enemies":"Looter","floor":5,"turns":3},{"damage":11,"enemies":"Exordium Wildlife","floor":10,"turns":5},{"damage":35,"enemies":"Slime Boss","floor":16,"turns":6}],"seed_played":"6843763154145090026","potions_obtained":[{"floor":3,"key":"Energy Potion"},{"floor":10,"key":"SkillPotion"}],"is_trial":false,"path_per_floor":["M","M","M","M","M","R","$","R","T","M","?","?","R","$","R","B"],"character_chosen":"DEFECT","items_purchased":[],"campfire_rested":1,"item_purchase_floors":[],"current_hp_per_floor":[57,54,54,45,36,36,36,36,36,25,4,4,25,25,25,0,0],"gold":36,"neow_bonus":"BOSS_RELIC","is_daily":false,"chose_seed":false,"campfire_upgraded":3,"win_rate":0.0,"timestamp":1610900254,"path_taken":["M","M","M","M","M","R","$","R","T","M","?","?","R","$","R","BOSS"],"items_purchased_type":[],"build_version":"2020-12-22","purchased_purges":1,"victory":false,"max_hp_per_floor":[71,71,71,71,71,71,71,71,71,71,71,71,71,71,71,71,71],"card_choices":[{"not_picked":["Ball Lightning","Streamline"],"picked":"Undo","floor":1},{"not_picked":["Recycle","Lockon"],"picked":"Streamline","floor":2},{"not_picked":["Leap","Stack","Go for the Eyes"],"picked":"SKIP","floor":3},{"not_picked":["Hello World","Streamline","Consume"],"picked":"SKIP","floor":4},{"not_picked":["Steam","Storm"],"picked":"Cold Snap","floor":5},{"not_picked":["Leap","Recycle"],"picked":"Meteor Strike","floor":10}],"player_experience":1333987,"relics_obtained":[],"event_choices":[{"damage_healed":0,"gold_gain":0,"player_choice":"Entered Light","damage_taken":21,"max_hp_gain":0,"max_hp_loss":0,"event_name":"Shining Light","floor":11,"gold_loss":0,"cards_upgraded":["Defend_B","Cold Snap"]},{"cards_removed":["Strike_B"],"damage_healed":0,"gold_gain":0,"player_choice":"Card Removal","damage_taken":0,"max_hp_gain":0,"max_hp_loss":0,"event_name":"The Cleric","floor":12,"gold_loss":75}],"is_beta":false,"boss_relics":[],"items_purged_floors":[7],"is_endless":false,"potions_floor_spawned":[3,10],"killed_by":"Slime Boss","ascension_level":20}}