{"host":"1a3cjta80tad0aqj","time":1610876140,"event":{"mods":["2.2 Compatiblity","AchievementEnabler","BaseMod","Colored Map","DeckTracker","KOR Keyword Fix","Keyboard Shortcuts","Minty Spire (QoL Compilation)","Permanent Neow","Quick Restart","Random Character Button","StSLib","SuperFastMode","everything is the same but u backflip on backflip"],"gold_per_floor":[113,127,146,165,165,165,196,74,97,97,127,144,170,270,270,369,419,438,452,452,470,470,470,404,404,404,404,429,445,462,106,106,106,106],"floor_reached":33,"language":"KOR","playtime":1204,"items_purged":[],"score":326,"play_id":"dd6e13f8-c22c-4864-a07e-38d068163d4c","local_time":"20210117183540","is_ascension_mode":true,"campfire_choices":[{"data":"Dualcast","floor":6.0,"key":"SMITH"},{"data":"Streamline","floor":10.0,"key":"SMITH"},{"data":"Ball Lightning","floor":15.0,"key":"SMITH"},{"floor":23.0,"key":"REST"},{"floor":25.0,"key":"REST"},{"floor":27.0,"key":"RECALL"},{"floor":32,"key":"REST"}],"circlet_count":0,"master_deck":["Strike_B","Strike_B","Strike_B","Strike_B","Defend_B","Defend_B","Defend_B","Defend_B","Zap","Dualcast+1","Streamline+1","Turbo","Hologram","Coolheaded","FTL","Biased Cognition+1","Ball Lightning+1","Cold Snap","Creative AI","Storm","Beam Cell+1","Force Field+1","Auto Shields","Tempest","FTL","Streamline+1","Compile Driver+1"],"relics":["Cracked Core","Vajra","Art of War","Akabeko","Bag of Preparation","The Courier","Tiny House","Dead Branch","Sundial","Cables","Bag of Marbles","Ice Cream","TheAbacus"],"acts_visited":["Exordium","TheCity"],"potions_floor_usage":[33,33,33],"damage_taken":[{"damage":1.0,"enemies":"Jaw Worm","floor":1.0,"turns":3.0},{"damage":2.0,"enemies":"Small Slimes","floor":2.0,"turns":3.0},{"damage":0.0,"enemies":"Cultist","floor":3.0,"turns":2.0},{"damage":13.0,"enemies":"Red Slaver","floor":4.0,"turns":2.0},{"damage":4.0,"enemies":"Gremlin Nob","floor":7.0,"turns":3.0},{"damage":9.0,"enemies":"Lagavulin","floor":11.0,"turns":4.0},{"damage":2.0,"enemies":"Blue Slaver","floor":12.0,"turns":2.0},{"damage":0.0,"enemies":"Gremlin Nob","floor":13.0,"turns":2.0},{"damage":26.0,"enemies":"Hexaghost","floor":16.0,"turns":8.0},{"damage":10.0,"enemies":"2 Thieves","floor":18.0,"turns":3.0},{"damage":8.0,"enemies":"Chosen","floor":19.0,"turns":2.0},{"damage":40.0,"enemies":"Shelled Parasite and Fungi","floor":21.0,"turns":6.0},{"damage":25.0,"enemies":"Book of Stabbing","floor":28.0,"turns":5.0},{"damage":12.0,"enemies":"Centurion and Healer","floor":29.0,"turns":4.0},{"damage":10,"enemies":"Chosen and Byrds","floor":30,"turns":6},{"damage":75,"enemies":"Automaton","floor":33,"turns":6}],"seed_played":"4735578430593454294","potions_obtained":[{"floor":4.0,"key":"Energy Potion"},{"floor":7.0,"key":"Energy Potion"},{"floor":11.0,"key":"Explosive Potion"},{"floor":17.0,"key":"PotionOfCapacity"},{"floor":19.0,"key":"SteroidPotion"},{"floor":29.0,"key":"EntropicBrew"},{"floor":30,"key":"DistilledChaos"}],"is_trial":false,"path_per_floor":["M","M","M","M","?","R","E","$","T","R","E","M","E","?","R","B",null,"M","M","T","M","?","R","?","R","T","R","E","M","M","$","R","B"],"character_chosen":"DEFECT","items_purchased":["Biased Cognition","Fire Potion","Ice Cream","TheAbacus"],"campfire_rested":3,"item_purchase_floors":[8,8,31,31],"current_hp_per_floor":[74,72,72,59,59,59,55,55,55,55,46,44,44,44,44,18,80,70,62,62,22,22,46,46,70,70,70,45,33,23,23,47,0,0],"gold":106,"neow_bonus":"RANDOM_COMMON_RELIC","is_daily":false,"chose_seed":false,"campfire_upgraded":3,"win_rate":0.0,"timestamp":1610876140,"path_taken":["M","M","M","M","?","R","E","$","T","R","E","M","E","?","R","BOSS","M","?","?","M","?","R","?","R","T","R","E","?","?","$","R","BOSS"],"items_purchased_type":["Card","Potion","Relic","Relic"],"build_version":"2020-12-22","purchased_purges":0,"victory":false,"max_hp_per_floor":[75,75,75,75,75,75,75,75,75,75,75,75,75,75,75,75,80,80,80,80,80,80,80,80,80,80,80,80,80,80,80,80,80,80],"card_choices":[{"not_picked":["Go for the Eyes","Scrape"],"picked":"Streamline","floor":1.0},{"not_picked":["Gash","Go for the Eyes"],"picked":"Turbo","floor":2.0},{"not_picked":["Steam","Gash"],"picked":"Hologram","floor":3.0},{"not_picked":["Force Field","BootSequence"],"picked":"Coolheaded","floor":4.0},{"not_picked":["Redo","Turbo"],"picked":"FTL","floor":7.0},{"not_picked":["Go for the Eyes","Undo"],"picked":"Ball Lightning","floor":11.0},{"not_picked":["Sweeping Beam","Rip and Tear","Thunder Strike"],"picked":"SKIP","floor":12.0},{"not_picked":["Coolheaded","Darkness"],"picked":"Cold Snap","floor":13.0},{"not_picked":["Fission","All For One"],"picked":"Creative AI","floor":16.0},{"not_picked":["Stack","Steam"],"picked":"Storm","floor":17.0},{"not_picked":["Redo","Static Discharge"],"picked":"Beam Cell+1","floor":18.0},{"not_picked":["Loop","Beam Cell"],"picked":"Force Field+1","floor":19.0},{"not_picked":["Rebound","Steam"],"picked":"Auto Shields","floor":21.0},{"not_picked":["Sweeping Beam","Gash"],"picked":"FTL","floor":28.0},{"not_picked":["Ball Lightning","Gash+1"],"picked":"Streamline+1","floor":29.0},{"not_picked":["Storm","Stack"],"picked":"Compile Driver+1","floor":30}],"player_experience":699217,"relics_obtained":[{"floor":7.0,"key":"Art of War"},{"floor":9.0,"key":"Akabeko"},{"floor":11.0,"key":"Bag of Preparation"},{"floor":13.0,"key":"The Courier"},{"floor":20.0,"key":"Dead Branch"},{"floor":26.0,"key":"Cables"},{"floor":28.0,"key":"Bag of Marbles"}],"event_choices":[{"damage_healed":0.0,"max_hp_gain":0.0,"max_hp_loss":0.0,"gold_gain":0.0,"event_name":"Scrap Ooze","player_choice":"Fled","floor":5.0,"gold_loss":0.0,"damage_taken":0.0},{"damage_healed":0.0,"max_hp_gain":0.0,"max_hp_loss":0.0,"gold_gain":100.0,"event_name":"Golden Shrine","player_choice":"Pray","floor":14.0,"gold_loss":0.0,"damage_taken":0.0},{"damage_healed":0.0,"max_hp_gain":0.0,"max_hp_loss":0.0,"gold_gain":0.0,"event_name":"The Library","player_choice":"Read","floor":22.0,"gold_loss":0.0,"damage_taken":0.0,"cards_obtained":["Tempest"]},{"damage_healed":0.0,"max_hp_gain":0.0,"max_hp_loss":0.0,"gold_gain":0.0,"event_name":"WeMeetAgain","player_choice":"Paid Gold","floor":24.0,"gold_loss":66.0,"damage_taken":0.0,"relics_obtained":["Sundial"]}],"is_beta":false,"boss_relics":[{"not_picked":["Empty Cage","Snecko Eye"],"picked":"Tiny House"}],"items_purged_floors":[],"is_endless":false,"potions_floor_spawned":[4,7,11,13,19,29,30],"killed_by":"Automaton","ascension_level":1}}