{"host":"1a3cjta80tad0aqj","time":1610901282,"event":{"mods":["2.2 Compatiblity","AchievementEnabler","BaseMod","Colored Map","DeckTracker","KOR Keyword Fix","Keyboard Shortcuts","Minty Spire (QoL Compilation)","Permanent Neow","Quick Restart","Random Character Button","StSLib","SuperFastMode","everything is the same but u backflip on backflip"],"gold_per_floor":[114,39,39,39,51,51,76,100,100,100,134,151,162,176,176,252,252,269,249,1,21,21,54,54,54,54,54,64,64,84,97,97,171,171,187,18,37,49,49,49,149,159,208,225,243,243,258,277,277,277],"floor_reached":51,"language":"KOR","playtime":1971,"items_purged":["Defend_P","Nirvana"],"score":1132,"play_id":"134f890e-5f04-49e0-b27f-e3cbfdab0eff","local_time":"20210118013442","is_ascension_mode":true,"campfire_choices":[{"data":"Halt","floor":6.0,"key":"SMITH"},{"data":"TalkToTheHand","floor":10.0,"key":"SMITH"},{"data":"Wallop","floor":15.0,"key":"SMITH"},{"floor":24.0,"key":"REST"},{"data":"Adaptation","floor":27.0,"key":"SMITH"},{"floor":29.0,"key":"REST"},{"data":"TalkToTheHand","floor":32.0,"key":"SMITH"},{"data":"SashWhip","floor":40,"key":"SMITH"},{"floor":46,"key":"REST"},{"floor":49,"key":"REST"}],"circlet_count":0,"master_deck":["AscendersBane","Eruption+1","Vigilance+1","CutThroughFate+1","TalkToTheHand+1","LessonLearned+1","Wallop+1","Tantrum+1","FollowUp+1","Judgement+1","WheelKick+1","EmptyFist","EmptyFist+1","ClearTheMind+1","TalkToTheHand+1","Adaptation+1","Vault+1","ClearTheMind+1","EmptyBody+1","Impatience+1","FearNoEvil+1","SashWhip+1","Blasphemy+1","Trip+1","BowlingBash+1"],"relics":["PureWater","NeowsBlessing","Darkstone Periapt","Bag of Marbles","Odd Mushroom","Bronze Scales","Toxic Egg 2","Pandora\u0027s Box","Membership Card","Centennial Puzzle","Incense Burner","TeardropLocket","Sozu","Ancient Tea Set","Juzu Bracelet"],"acts_visited":["Exordium","TheCity","TheBeyond"],"potions_floor_usage":[50],"damage_taken":[{"damage":0.0,"enemies":"2 Louse","floor":1.0,"turns":1.0},{"damage":0.0,"enemies":"Jaw Worm","floor":5.0,"turns":1.0},{"damage":0.0,"enemies":"Gremlin Nob","floor":7.0,"turns":1.0},{"damage":0.0,"enemies":"The Mushroom Lair","floor":8.0,"turns":2.0},{"damage":25.0,"enemies":"3 Sentries","floor":11.0,"turns":8.0},{"damage":0.0,"enemies":"Cultist","floor":12.0,"turns":1.0},{"damage":0.0,"enemies":"2 Fungi Beasts","floor":13.0,"turns":2.0},{"damage":0.0,"enemies":"3 Louse","floor":14.0,"turns":1.0},{"damage":26.0,"enemies":"The Guardian","floor":16.0,"turns":7.0},{"damage":22.0,"enemies":"2 Thieves","floor":18.0,"turns":3.0},{"damage":0.0,"enemies":"3 Byrds","floor":21.0,"turns":4.0},{"damage":21.0,"enemies":"Book of Stabbing","floor":23.0,"turns":4.0},{"damage":0.0,"enemies":"Cultist and Chosen","floor":28.0,"turns":4.0},{"damage":1.0,"enemies":"3 Cultists","floor":30.0,"turns":3.0},{"damage":0.0,"enemies":"Snake Plant","floor":31.0,"turns":4.0},{"damage":14.0,"enemies":"Automaton","floor":33.0,"turns":8.0},{"damage":3,"enemies":"3 Darklings","floor":35,"turns":3},{"damage":5,"enemies":"Orb Walker","floor":37,"turns":2},{"damage":0,"enemies":"Writhing Mass","floor":38,"turns":3},{"damage":0,"enemies":"Transient","floor":42,"turns":6},{"damage":5,"enemies":"Spire Growth","floor":44,"turns":3},{"damage":14,"enemies":"Maw","floor":45,"turns":4},{"damage":0,"enemies":"Sphere and 2 Shapes","floor":47,"turns":3},{"damage":0,"enemies":"Spire Growth","floor":48,"turns":2},{"damage":47,"enemies":"Awakened One","floor":50,"turns":9}],"seed_played":"4564367049956354326","potions_obtained":[{"floor":8.0,"key":"GamblersBrew"},{"floor":14.0,"key":"Dexterity Potion"},{"floor":16.0,"key":"Strength Potion"},{"floor":19.0,"key":"DuplicationPotion"},{"floor":21.0,"key":"Energy Potion"},{"floor":33.0,"key":"LiquidMemories"}],"is_trial":false,"path_per_floor":["M","$","?","T","M","R","E","?","T","R","E","M","M","M","R","B",null,"M","?","$","M","?","E","R","?","T","R","M","R","M","M","R","B",null,"M","$","M","M","?","R","?","M","T","M","M","R","M","M","R","B",null],"character_chosen":"WATCHER","items_purchased":["Membership Card","Vault+1","ClearTheMind+1","Ancient Tea Set","Trip+1"],"campfire_rested":4,"item_purchase_floors":[20,20,20,36,36],"current_hp_per_floor":[65,65,65,65,65,65,65,65,65,65,40,40,40,40,40,14,58,36,36,36,36,36,15,36,36,36,36,36,57,56,56,56,42,65,62,62,57,57,57,57,57,57,57,52,38,59,59,59,72,25],"gold":277,"neow_bonus":"THREE_ENEMY_KILL","is_daily":false,"chose_seed":false,"campfire_upgraded":6,"win_rate":0.0,"timestamp":1610901282,"path_taken":["M","$","?","?","M","R","E","?","T","R","E","M","M","M","R","BOSS","M","?","$","?","?","E","R","?","T","R","?","R","M","M","R","BOSS","M","$","M","M","?","R","?","?","T","M","M","R","M","M","R","BOSS"],"items_purchased_type":["Relic","Card","Card","Relic","Card"],"build_version":"2020-12-22","purchased_purges":2,"victory":true,"max_hp_per_floor":[72,72,72,72,72,72,72,72,72,72,72,72,72,72,72,72,72,72,72,72,72,72,72,72,72,72,72,72,72,72,72,72,72,72,72,72,72,72,72,72,72,72,72,72,72,72,72,72,72,72],"card_choices":[{"not_picked":["ClearTheMind","Consecrate"],"picked":"Halt","floor":1.0},{"not_picked":["Pray","PathToVictory","CrushJoints"],"picked":"SKIP","floor":5.0},{"not_picked":["Pray","PathToVictory","CrushJoints"],"picked":"SKIP","floor":5.0},{"not_picked":["FlyingSleeves","WindmillStrike"],"picked":"CutThroughFate","floor":7.0},{"not_picked":["Consecrate","JustLucky"],"picked":"TalkToTheHand","floor":8.0},{"not_picked":["Evaluate+1","ThirdEye+1"],"picked":"LessonLearned","floor":11.0},{"not_picked":["WheelKick","Halt+1"],"picked":"Wallop","floor":12.0},{"not_picked":["Protect+1","ThirdEye+1"],"picked":"Tantrum","floor":13.0},{"not_picked":["Protect+1","LessonLearned"],"picked":"FollowUp","floor":14.0},{"not_picked":["DeusExMachina+1","SpiritShield+1"],"picked":"Judgement+1","floor":16.0},{"not_picked":["EmptyFist","Protect+1","Prostrate+1"],"picked":"SKIP","floor":18.0},{"not_picked":["WreathOfFlame+1","Conclude","LikeWater"],"picked":"SKIP","floor":21.0},{"not_picked":["SashWhip","JustLucky"],"picked":"EmptyBody+1","floor":23.0},{"not_picked":["Halt+1","SashWhip","WindmillStrike"],"picked":"SKIP","floor":28.0},{"not_picked":["Halt+1","WindmillStrike"],"picked":"SashWhip","floor":28.0},{"not_picked":["Conclude","JustLucky","Vengeance+1"],"picked":"SKIP","floor":30.0},{"not_picked":["Collect+1","Study","ThirdEye+1"],"picked":"SKIP","floor":31.0},{"not_picked":["DevaForm","Alpha+1"],"picked":"Blasphemy+1","floor":33.0},{"not_picked":["PathToVictory+1","Evaluate+1","Crescendo+1"],"picked":"SKIP","floor":35},{"not_picked":["SignatureMove","Pray+1","EmptyBody+1"],"picked":"SKIP","floor":37},{"not_picked":["ReachHeaven","Wireheading+1","Crescendo+1"],"picked":"SKIP","floor":38},{"not_picked":["Prostrate+1","Weave"],"picked":"BowlingBash+1","floor":42},{"not_picked":["SashWhip","MasterReality","JustLucky"],"picked":"SKIP","floor":44},{"not_picked":["ClearTheMind+1","PathToVictory+1","FlurryOfBlows"],"picked":"SKIP","floor":45},{"not_picked":["ThirdEye+1","Crescendo+1","JustLucky"],"picked":"SKIP","floor":47},{"not_picked":["CrushJoints","Consecrate","FlurryOfBlows"],"picked":"SKIP","floor":48}],"player_experience":719398,"relics_obtained":[{"floor":4.0,"key":"Darkstone Periapt"},{"floor":7.0,"key":"Bag of Marbles"},{"floor":8.0,"key":"Odd Mushroom"},{"floor":9.0,"key":"Bronze Scales"},{"floor":11.0,"key":"Toxic Egg 2"},{"floor":23.0,"key":"Incense Burner"},{"floor":26.0,"key":"TeardropLocket"},{"floor":43,"key":"Juzu Bracelet"}],"event_choices":[{"damage_healed":0.0,"max_hp_gain":0.0,"max_hp_loss":0.0,"gold_gain":0.0,"event_name":"Living Wall","player_choice":"Grow","floor":3.0,"gold_loss":0.0,"damage_taken":0.0,"cards_upgraded":["Eruption"]},{"damage_healed":0.0,"max_hp_gain":0.0,"max_hp_loss":0.0,"gold_gain":0.0,"event_name":"Mushrooms","player_choice":"Fought Mushrooms","floor":8.0,"gold_loss":0.0,"damage_taken":0.0},{"damage_healed":0.0,"max_hp_gain":0.0,"max_hp_loss":0.0,"gold_gain":0.0,"event_name":"The Woman in Blue","player_choice":"Bought 1 Potion","floor":19.0,"gold_loss":0.0,"damage_taken":0.0},{"damage_healed":0.0,"max_hp_gain":0.0,"max_hp_loss":0.0,"gold_gain":0.0,"event_name":"The Mausoleum","player_choice":"Opened","floor":22.0,"gold_loss":0.0,"damage_taken":0.0,"relics_obtained":["Centennial Puzzle"]},{"damage_healed":0.0,"max_hp_gain":0.0,"max_hp_loss":0.0,"gold_gain":0.0,"event_name":"Match and Keep!","player_choice":"2 cards matched","floor":25.0,"gold_loss":0.0,"damage_taken":0.0,"cards_obtained":["Impatience","FearNoEvil"]},{"cards_removed":["Halt"],"damage_healed":0,"gold_gain":0,"player_choice":"Removed Skill","damage_taken":0,"max_hp_gain":0,"max_hp_loss":0,"event_name":"Falling","floor":39,"gold_loss":0},{"damage_healed":0,"gold_gain":100,"player_choice":"Pray","damage_taken":0,"max_hp_gain":0,"max_hp_loss":0,"event_name":"Golden Shrine","floor":41,"gold_loss":0}],"is_beta":false,"boss_relics":[{"not_picked":["Velvet Choker","Busted Crown"],"picked":"Pandora\u0027s Box"},{"not_picked":["SlaversCollar","Snecko Eye"],"picked":"Sozu"}],"items_purged_floors":[2,36],"is_endless":false,"potions_floor_spawned":[8,14,16,18,21,30,33,35,42,48],"ascension_level":13}}