{"host":"7k7fhzlbqzyu5ijh","time":1610850785,"event":{"mods":["AchievementEnabler","BaseMod","Bestiary","Colored Powertips","Filter the Spire","Highlight Path","Minty Spire (QoL Compilation)","Potion Indicator Mod","RNG Fix","Relic Stats"],"gold_per_floor":[115,125,137,87,97,97,114,114,114,142,142,142,17,27,27,130,130,141,66,66,66,76,109,109,137,163,181,200,200,214,224,224,323,323,340,340,359,432,99,127,127,154,181,181,198,232,232,248,248,248,248,248,15,43,43,43],"floor_reached":55,"language":"ENG","playtime":4046,"items_purged":["Strike_B"],"score":1110,"play_id":"cda70d3c-96de-43ec-bf63-2a959c60e6a8","local_time":"20210116213305","is_ascension_mode":true,"campfire_choices":[{"data":"Zap","floor":6.0,"key":"SMITH"},{"data":"Dualcast","floor":8.0,"key":"SMITH"},{"data":"Streamline","floor":12.0,"key":"SMITH"},{"floor":15,"key":"REST"},{"data":"Creative AI","floor":24,"key":"SMITH"},{"floor":29,"key":"REST"},{"floor":32,"key":"REST"},{"data":"Good Instincts","floor":41,"key":"SMITH"},{"floor":44,"key":"RECALL"},{"floor":49,"key":"REST"},{"data":"Steam Power","floor":52,"key":"SMITH"}],"circlet_count":0,"master_deck":["Defend_B","Defend_B","Defend_B","Defend_B","Zap+1","Dualcast+1","All For One","Streamline+1","Go for the Eyes","Beam Cell","Gash","Rebound","Recycle+1","Chill","All For One","Cold Snap","Conserve Battery+1","Creative AI+1","Darkness+1","Reinforced Body+1","Redo+1","Electrodynamics","Hologram+1","Steam Power+1","Good Instincts+1","Go for the Eyes+1","Tempest+1","Coolheaded+1","Core Surge"],"relics":["Cracked Core","Tiny Chest","Bag of Preparation","Inserter","Cables","Thread and Needle","Darkstone Periapt","Regal Pillow","SacredBark","Bottled Lightning","White Beast Statue","Oddly Smooth Stone","Dead Branch","Du-Vu Doll","DataDisk","Nunchaku"],"acts_visited":["Exordium","TheCity","TheBeyond","TheEnding"],"potions_floor_usage":[16,16,16,22,23,33,33,33,40,42,42,45,46,50,50,55,55],"damage_taken":[{"damage":7.0,"enemies":"2 Louse","floor":1.0,"turns":4.0},{"damage":1.0,"enemies":"Cultist","floor":2.0,"turns":3.0},{"damage":9.0,"enemies":"Jaw Worm","floor":3.0,"turns":2.0},{"damage":8.0,"enemies":"Blue Slaver","floor":5.0,"turns":2.0},{"damage":2.0,"enemies":"3 Louse","floor":7.0,"turns":3.0},{"damage":22.0,"enemies":"3 Sentries","floor":10.0,"turns":4.0},{"damage":3,"enemies":"Looter","floor":14,"turns":2},{"damage":24,"enemies":"The Guardian","floor":16,"turns":8},{"damage":9,"enemies":"Shell Parasite","floor":18,"turns":5},{"damage":0,"enemies":"Chosen","floor":22,"turns":5},{"damage":3,"enemies":"Book of Stabbing","floor":23,"turns":4},{"damage":9,"enemies":"Slavers","floor":25,"turns":5},{"damage":15,"enemies":"Snake Plant","floor":27,"turns":5},{"damage":0,"enemies":"Cultist and Chosen","floor":28,"turns":6},{"damage":16,"enemies":"3 Cultists","floor":30,"turns":6},{"damage":6,"enemies":"Sentry and Sphere","floor":31,"turns":5},{"damage":48,"enemies":"Champ","floor":33,"turns":7},{"damage":13,"enemies":"3 Darklings","floor":35,"turns":2},{"damage":5,"enemies":"Orb Walker","floor":37,"turns":3},{"damage":0,"enemies":"Reptomancer","floor":40,"turns":6},{"damage":12,"enemies":"Nemesis","floor":42,"turns":7},{"damage":0,"enemies":"Jaw Worm Horde","floor":45,"turns":2},{"damage":18,"enemies":"Reptomancer","floor":46,"turns":5},{"damage":0,"enemies":"Spire Growth","floor":48,"turns":4},{"damage":19,"enemies":"Donu and Deca","floor":50,"turns":12},{"damage":4,"enemies":"Shield and Spear","floor":54,"turns":6},{"damage":109,"enemies":"The Heart","floor":55,"turns":8}],"seed_played":"-806687622881862039","potions_obtained":[{"floor":1.0,"key":"FearPotion"},{"floor":3.0,"key":"DuplicationPotion"},{"floor":16,"key":"Block Potion"},{"floor":18,"key":"LiquidMemories"},{"floor":25,"key":"Strength Potion"},{"floor":30,"key":"ColorlessPotion"},{"floor":31,"key":"Dexterity Potion"},{"floor":33,"key":"LiquidMemories"},{"floor":35,"key":"SpeedPotion"},{"floor":37,"key":"LiquidMemories"},{"floor":40,"key":"AttackPotion"},{"floor":42,"key":"FairyPotion"},{"floor":45,"key":"ColorlessPotion"},{"floor":46,"key":"DuplicationPotion"},{"floor":48,"key":"Fire Potion"},{"floor":54,"key":"DistilledChaos"}],"is_trial":false,"path_per_floor":["M","M","M","?","M","R","M","R","T","E","?","R","$","M","R","B",null,"M","?","?","T","M","E","R","E","T","M","M","R","M","M","R","B",null,"M","?","M","T","$","E","R","E","T","R","M","E","T","M","R","B",null,"R","$","E","B"],"character_chosen":"DEFECT","items_purchased":["PowerPotion","White Beast Statue","Good Instincts","FocusPotion","Core Surge","SteroidPotion"],"campfire_rested":4,"item_purchase_floors":[13,39,39,53,53,53],"current_hp_per_floor":[61,60,51,51,43,43,41,41,41,19,19,19,19,16,38,14,60,51,51,51,51,51,48,48,39,39,24,24,61,45,39,75,27,63,50,50,45,45,45,45,45,33,33,33,33,15,15,15,52,33,65,65,65,61,0,0],"gold":43,"neow_bonus":"ONE_RANDOM_RARE_CARD","is_daily":false,"chose_seed":false,"campfire_upgraded":6,"win_rate":0.0,"timestamp":1610850785,"path_taken":["M","M","M","?","M","R","M","R","T","E","?","R","$","M","R","BOSS","M","?","?","?","M","E","R","E","T","M","M","R","M","M","R","BOSS","M","?","?","?","$","E","R","E","T","R","M","E","?","M","R","BOSS","R","$","E","BOSS"],"items_purchased_type":["Potion","Relic","Card","Potion","Card","Potion"],"build_version":"2020-12-22","purchased_purges":1,"victory":false,"max_hp_per_floor":[75,75,75,75,75,75,75,75,75,75,75,75,75,75,75,75,75,75,75,75,75,75,75,75,75,75,75,75,75,75,75,75,75,75,75,75,75,75,75,75,75,75,75,75,75,75,75,75,75,75,75,75,75,75,75,75],"relic_stats":{"Darkstone Periapt":0,"Regal Pillow":44,"Nunchaku":[1],"Inserter":[51],"counters":[27,131],"Dead Branch":[41],"Tiny Chest":2,"Bag of Preparation":[42],"obtain_stats":[{"Darkstone Periapt":25,"Regal Pillow":26,"Inserter":17,"SacredBark":34,"Dead Branch":42,"Oddly Smooth Stone":40,"Thread and Needle":23,"Bag of Preparation":10,"White Beast Statue":39,"Cables":21,"Du-Vu Doll":46,"DataDisk":47,"Nunchaku":54,"Tiny Chest":9,"Bottled Lightning":38,"Cracked Core":0},{"Darkstone Periapt":12,"Regal Pillow":12,"Inserter":8,"SacredBark":17,"Dead Branch":21,"Oddly Smooth Stone":20,"Thread and Needle":11,"Bag of Preparation":6,"White Beast Statue":19,"Cables":9,"Du-Vu Doll":23,"DataDisk":23,"Nunchaku":26,"Tiny Chest":5,"Bottled Lightning":19,"Cracked Core":0},{"Darkstone Periapt":47,"Regal Pillow":47,"Inserter":28,"SacredBark":76,"Dead Branch":94,"Oddly Smooth Stone":87,"Thread and Needle":42,"Bag of Preparation":18,"White Beast Statue":81,"Cables":33,"Du-Vu Doll":101,"DataDisk":101,"Nunchaku":123,"Tiny Chest":14,"Bottled Lightning":81,"Cracked Core":0}],"Cables":[80,51,21,8,0]},"card_choices":[{"not_picked":["Sunder","Undo"],"picked":"Streamline","floor":1.0},{"not_picked":["Hologram","Sweeping Beam"],"picked":"Go for the Eyes","floor":2.0},{"not_picked":["Conserve Battery","Hologram"],"picked":"Beam Cell","floor":3.0},{"not_picked":["Consume","Turbo"],"picked":"Gash","floor":5.0},{"not_picked":["Sweeping Beam","BootSequence"],"picked":"Rebound","floor":7.0},{"not_picked":["Storm","Fusion"],"picked":"Recycle","floor":10.0},{"not_picked":["Redo","Streamline"],"picked":"Chill","floor":14},{"not_picked":["Creative AI","Reboot"],"picked":"All For One","floor":16},{"not_picked":["Go for the Eyes","Compile Driver"],"picked":"Cold Snap","floor":18},{"not_picked":["BootSequence","Compile Driver"],"picked":"Conserve Battery+1","floor":22},{"not_picked":["Go for the Eyes","Chaos+1"],"picked":"Creative AI","floor":23},{"not_picked":["Compile Driver","Capacitor"],"picked":"Darkness+1","floor":25},{"not_picked":["Lockon","Heatsinks","Stack"],"picked":"SKIP","floor":27},{"not_picked":["Cold Snap","Static Discharge","Turbo"],"picked":"SKIP","floor":28},{"not_picked":["Sweeping Beam","Turbo"],"picked":"Reinforced Body+1","floor":30},{"not_picked":["Conserve Battery+1","Stack"],"picked":"Redo+1","floor":31},{"not_picked":["Meteor Strike","Reboot"],"picked":"Electrodynamics","floor":33},{"not_picked":["Leap+1","Tempest+1"],"picked":"Hologram+1","floor":35},{"not_picked":["Redo+1","Ball Lightning+1"],"picked":"Steam Power","floor":37},{"not_picked":["Rip and Tear+1","Melter+1"],"picked":"Go for the Eyes+1","floor":40},{"not_picked":["Rip and Tear","Consume"],"picked":"Tempest+1","floor":42},{"not_picked":["Coolheaded","Go for the Eyes+1","Conserve Battery"],"picked":"SKIP","floor":45},{"not_picked":["Sunder+1","Chill"],"picked":"Coolheaded+1","floor":46},{"not_picked":["Rip and Tear+1","Redo","Streamline+1"],"picked":"SKIP","floor":48},{"not_picked":["Doom and Gloom","Go for the Eyes","Turbo+1"],"picked":"SKIP","floor":54}],"player_experience":450501,"relics_obtained":[{"floor":9.0,"key":"Tiny Chest"},{"floor":10.0,"key":"Bag of Preparation"},{"floor":21,"key":"Cables"},{"floor":23,"key":"Thread and Needle"},{"floor":25,"key":"Darkstone Periapt"},{"floor":26,"key":"Regal Pillow"},{"floor":38,"key":"Bottled Lightning"},{"floor":40,"key":"Oddly Smooth Stone"},{"floor":42,"key":"Dead Branch"},{"floor":46,"key":"Du-Vu Doll"},{"floor":47,"key":"DataDisk"},{"floor":54,"key":"Nunchaku"}],"event_choices":[{"cards_removed":["Strike_B"],"damage_healed":0.0,"max_hp_gain":0.0,"max_hp_loss":0.0,"gold_gain":0.0,"event_name":"The Cleric","player_choice":"Card Removal","floor":4.0,"gold_loss":50.0,"damage_taken":0.0},{"damage_healed":0.0,"max_hp_gain":0.0,"max_hp_loss":0.0,"gold_gain":0.0,"event_name":"Upgrade Shrine","player_choice":"Upgraded","floor":11.0,"gold_loss":0.0,"damage_taken":0.0,"cards_upgraded":["Recycle"]},{"cards_removed":["Strike_B"],"damage_healed":0,"gold_gain":0,"player_choice":"Gave Gold","damage_taken":0,"max_hp_gain":0,"max_hp_loss":0,"event_name":"Beggar","floor":19,"gold_loss":75},{"damage_healed":0,"gold_gain":0,"player_choice":"Ignored","damage_taken":0,"max_hp_gain":0,"max_hp_loss":0,"event_name":"Vampires","floor":20,"gold_loss":0},{"cards_removed":["Strike_B"],"damage_healed":0,"gold_gain":0,"player_choice":"Purged","damage_taken":0,"max_hp_gain":0,"max_hp_loss":0,"event_name":"Purifier","floor":36,"gold_loss":0}],"is_beta":false,"boss_relics":[{"not_picked":["Velvet Choker","Cursed Key"],"picked":"Inserter"},{"not_picked":["Fusion Hammer","Tiny House"],"picked":"SacredBark"}],"items_purged_floors":[13],"is_endless":false,"potions_floor_spawned":[1,3,14,16,18,25,30,31,33,35,37,40,42,45,46,48,54],"killed_by":"The Heart","ascension_level":7}}