{"host":"0c22z74nxhh6l98a","time":1610907181,"event":{"mods":["BaseMod","BetterRewards","Card Forge","GungeonMod","Hubris","Infinite Spire","Minty Spire (QoL Compilation)","Potionbrewer","Shop Mod","StSLib"],"gold_per_floor":[264,148,313,388,463,613,718,868,893,1043,1208,1208,1388,1403,1403,1653,1703,1868,1943,1485,1485,1485,1665,1665,1695,1695,1875,2040,2220,2385,2565,2565,2815,2815,2830,2420,2465,2630,2630,2796,2796,2916,2941,3168,3225,3387,3399,3486,3498,3660],"floor_reached":51,"language":"ENG","playtime":6031,"items_purged":[],"score":1270,"play_id":"83db86c4-9dee-4a56-b56c-35679a26aff9","local_time":"20210117121301","daily_mods":["Shiny","Blue Cards","Elite Swarm"],"is_ascension_mode":false,"campfire_choices":[{"data":"Venomology","floor":15.0,"key":"SMITH"},{"floor":32,"key":"REST"},{"data":"Tools of the Trade","floor":41,"key":"SMITH"},{"data":"A Thousand Cuts","floor":49,"key":"SMITH"}],"circlet_count":0,"master_deck":["Adrenaline","After Image+1","A Thousand Cuts+1","Venomology+1","Blade Dance","Calculated Gamble+1","Escape Plan+1","Prepared+1","Reflex+1","hubris:Sniper+1","Tactician+1","DemoMod:Deposit+1","DemoMod:Deposit+1","DemoMod:Deposit+1","DemoMod:Deposit+1","DemoMod:Deposit+1","Adrenaline","Escape Plan","Meteor Strike+1","Storm of Steel","A Thousand Cuts+1","Noxious Fumes","Tools of the Trade+1","potionbrewer:ChoosePotion","All For One+1","A Thousand Cuts","potionbrewer:Toxicity","Deep Breath","Skim","Unload+1","potionbrewer:Catalyze","After Image","Tactician","potionbrewer:ChoosePotion"],"relics":["DemoMod:Dog","Hammer of Thor","Seething Fire","Anvil of the Gods","MerchantsRug","hubris:FunFungus","Happy Flower","hubris:AncientText","infinitespire:Cubic Diamond","Anchor","DemoMod:Metronome","Molten Egg 2","Black Star","ClockworkSouvenir","Girya","Tingsha","Regal Pillow","potionbrewer:DrinkingBird","Snake Skull","hubris:DisguiseKit","Centennial Puzzle","Orichalcum","Vajra","Bag of Preparation","hubris:SphereOfDissonance","hubris:BundleOfHerbs","Philosopher\u0027s Stone","Strawberry","hubris:EmptyBottle","Bag of Marbles","DemoMod:PoisonVial","infinitespire:Joker Card","hubris:Teleporter","infinitespire:CursedDice","hubris:BottledRain","Whetstone","MawBank","Turnip","DemoMod:NanoMachines","DemoMod:Armor","The Specimen"],"acts_visited":["Exordium","TheCity","TheBeyond"],"potions_floor_usage":[23,25,25,25,28,28,29,30,30,30,31,31,33,33,33,35,37,37,37,37,38,38,40,42,42,44,44,44,44,45,46,48,48,48,50,50,50,50],"damage_taken":[{"damage":0.0,"enemies":"Cultist","floor":1.0,"turns":2.0},{"damage":0.0,"enemies":"Jaw Worm","floor":3.0,"turns":2.0},{"damage":10.0,"enemies":"Small Slimes","floor":4.0,"turns":2.0},{"damage":0.0,"enemies":"Gremlin Nob","floor":6.0,"turns":2.0},{"damage":0.0,"enemies":"Exordium Wildlife","floor":7.0,"turns":1.0},{"damage":0.0,"enemies":"3 Sentries","floor":8.0,"turns":3.0},{"damage":0.0,"enemies":"Gremlin Nob","floor":10.0,"turns":2.0},{"damage":0.0,"enemies":"Lots of Slimes","floor":11.0,"turns":1.0},{"damage":0.0,"enemies":"3 Sentries","floor":13.0,"turns":4.0},{"damage":0.0,"enemies":"Exordium Thugs","floor":14.0,"turns":2.0},{"damage":24.0,"enemies":"Hexaghost","floor":16.0,"turns":5.0},{"damage":1.0,"enemies":"2 Thieves","floor":18.0,"turns":4.0},{"damage":5.0,"enemies":"Shell Parasite","floor":19.0,"turns":4.0},{"damage":6,"enemies":"Gremlin Leader","floor":23,"turns":3},{"damage":18,"enemies":"Slavers","floor":25,"turns":3},{"damage":0,"enemies":"Gremlin Leader","floor":27,"turns":2},{"damage":9,"enemies":"Snake Plant","floor":28,"turns":2},{"damage":10,"enemies":"Book of Stabbing","floor":29,"turns":5},{"damage":0,"enemies":"Centurion and Healer","floor":30,"turns":4},{"damage":0,"enemies":"Slavers","floor":31,"turns":4},{"damage":16,"enemies":"Automaton","floor":33,"turns":6},{"damage":0,"enemies":"3 Shapes","floor":35,"turns":2},{"damage":0,"enemies":"3 Darklings","floor":37,"turns":2},{"damage":0,"enemies":"Maw","floor":38,"turns":3},{"damage":0,"enemies":"Giant Head","floor":40,"turns":4},{"damage":0,"enemies":"Reptomancer","floor":42,"turns":3},{"damage":0,"enemies":"Nemesis","floor":44,"turns":3},{"damage":0,"enemies":"Jaw Worm Horde","floor":45,"turns":2},{"damage":1,"enemies":"Reptomancer","floor":46,"turns":3},{"damage":0,"enemies":"Sphere and 2 Shapes","floor":48,"turns":3},{"damage":0,"enemies":"Donu and Deca","floor":50,"turns":2}],"seed_played":"5830580211590973081","potions_obtained":[{"floor":1.0,"key":"potionbrewer:NoxiousPotion"},{"floor":7.0,"key":"Swift Potion"},{"floor":11.0,"key":"PowerPotion"},{"floor":17.0,"key":"potionbrewer:InfectionPotion"},{"floor":23,"key":"Ancient Potion"},{"floor":25,"key":"Strength Potion"},{"floor":28,"key":"FearPotion"},{"floor":30,"key":"DuplicationPotion"},{"floor":35,"key":"AttackPotion"},{"floor":38,"key":"potionbrewer:BarricadePotion"},{"floor":44,"key":"Block Potion"},{"floor":48,"key":"SteroidPotion"}],"is_trial":false,"path_per_floor":["M","$","M","M","?","E","M","E","T","E","M","?","E","M","R","B",null,"M","M","$","?","AVR","E","?","E","T","E","M","E","M","E","R","B",null,"M","$","M","M","T","E","R","E","T","E","M","E","?","M","R","B",null],"character_chosen":"THE_SILENT","items_purchased":["MerchantsRug","Dead Branch","Molten Egg 2","Strawberry","hubris:EmptyBottle","Bag of Marbles","Deep Breath"],"campfire_rested":1,"item_purchase_floors":[2,20,20,36,36,36,36],"current_hp_per_floor":[70,70,70,60,49,49,49,49,49,49,49,49,56,56,56,42,75,75,75,75,61,61,55,55,40,40,41,32,27,36,50,80,64,80,80,87,87,87,87,87,87,87,87,87,87,86,86,86,86,87],"gold":3672,"neow_bonus":"","is_daily":true,"chose_seed":false,"campfire_upgraded":3,"win_rate":0.0,"timestamp":1610907181,"path_taken":["M","$","M","M","?","E","M","E","T","E","M","?","E","M","R","BOSS","M","M","$","?","AVR","E","?","E","T","E","M","E","M","E","R","BOSS","M","$","M","?","?","E","R","E","T","E","M","E","?","M","R","BOSS"],"items_purchased_type":["Relic","Relic","Relic","Relic","Relic","Relic","Card"],"build_version":"2020-12-22","purchased_purges":0,"victory":true,"max_hp_per_floor":[70,70,70,70,70,70,70,70,70,70,70,70,70,70,70,70,75,75,75,75,80,80,80,80,80,80,80,80,80,80,80,80,80,80,80,87,87,87,87,87,87,87,87,87,87,87,87,87,87,87],"card_choices":[{"not_picked":["Dodge and Roll","hubris:Sniper","Go for the Eyes"],"picked":"SKIP","floor":1.0},{"not_picked":["Deflect","Beam Cell","Stack"],"picked":"SKIP","floor":3.0},{"not_picked":["Scrape","Sweeping Beam","hubris:SlightOfHand"],"picked":"SKIP","floor":4.0},{"not_picked":["A Thousand Cuts","Glass Knife"],"picked":"Adrenaline","floor":6.0},{"not_picked":["Prepared","Slice"],"picked":"Escape Plan","floor":7.0},{"not_picked":["Seek","Creative AI"],"picked":"Meteor Strike","floor":8.0},{"not_picked":["Buffer","Night Terror","hubris:DoWhile"],"picked":"SKIP","floor":10.0},{"not_picked":["hubris:TrickCloak","Cloak And Dagger","Distraction"],"picked":"SKIP","floor":11.0},{"not_picked":["Rainbow","Fission"],"picked":"Storm of Steel","floor":13.0},{"not_picked":["Aggregate","Barrage","Choke"],"picked":"SKIP","floor":14.0},{"not_picked":["Multi-Cast","Malaise"],"picked":"A Thousand Cuts","floor":16.0},{"not_picked":["Compile Driver","Setup"],"picked":"Noxious Fumes","floor":18.0},{"not_picked":["Setup","Conserve Battery","Glacier"],"picked":"SKIP","floor":19.0},{"not_picked":["Night Terror","hubris:SpecializedCircuitry"],"picked":"Tools of the Trade","floor":23},{"not_picked":["Die Die Die+1","Rainbow","Buffer"],"picked":"SKIP","floor":25},{"not_picked":["Reboot","Malaise","Phantasmal Killer"],"picked":"potionbrewer:BottomlessFlask","floor":27},{"not_picked":["Turbo+1","Storm","Rebound+1","potionbrewer:Contingency"],"picked":"SKIP","floor":28},{"not_picked":["Phantasmal Killer","Night Terror","potionbrewer:AlchemistForm"],"picked":"All For One+1","floor":29},{"not_picked":["Steam","Blade Dance+1","Force Field","potionbrewer:ExothermicReaction"],"picked":"SKIP","floor":30},{"not_picked":["Grand Finale+1","Phantasmal Killer","potionbrewer:Bribery"],"picked":"A Thousand Cuts","floor":31},{"not_picked":["Coolheaded+1","Deflect","Endless Agony+1"],"picked":"potionbrewer:Toxicity","floor":35},{"not_picked":["Steam Power","Stack+1","potionbrewer:ExplosiveReaction"],"picked":"Skim","floor":37},{"not_picked":["Dodge and Roll+1","Cold Snap+1","potionbrewer:FortifiedSerum"],"picked":"Unload+1","floor":38},{"not_picked":["Glass Knife+1","hubris:SpecializedCircuitry","Amplify","potionbrewer:TwoForOne"],"picked":"SKIP","floor":40},{"not_picked":["hubris:DoWhile","Malaise","A Thousand Cuts"],"picked":"potionbrewer:Catalyze","floor":42},{"not_picked":["Wraith Form v2","Die Die Die+1","potionbrewer:TheFinalStraw"],"picked":"After Image","floor":44},{"not_picked":["BootSequence","Ball Lightning+1","potionbrewer:Toxicity"],"picked":"Tactician","floor":45},{"not_picked":["infinitespire:Neurotoxin","Reboot","Burst"],"picked":"potionbrewer:BottomlessFlask","floor":46},{"not_picked":["Rebound+1","Hologram+1","Fusion","potionbrewer:VolatileSolution"],"picked":"SKIP","floor":48}],"player_experience":867883,"relics_obtained":[{"floor":6.0,"key":"Matryoshka"},{"floor":8.0,"key":"hubris:FunFungus"},{"floor":9.0,"key":"Happy Flower"},{"floor":9.0,"key":"hubris:AncientText"},{"floor":10.0,"key":"hubris:CrystalStatue"},{"floor":13.0,"key":"Anchor"},{"floor":14.0,"key":"DemoMod:Metronome"},{"floor":23,"key":"Girya"},{"floor":23,"key":"Tingsha"},{"floor":25,"key":"Regal Pillow"},{"floor":25,"key":"potionbrewer:DrinkingBird"},{"floor":26,"key":"Snake Skull"},{"floor":26,"key":"hubris:DisguiseKit"},{"floor":27,"key":"Centennial Puzzle"},{"floor":27,"key":"Orichalcum"},{"floor":29,"key":"Vajra"},{"floor":29,"key":"Bag of Preparation"},{"floor":31,"key":"hubris:SphereOfDissonance"},{"floor":31,"key":"hubris:BundleOfHerbs"},{"floor":39,"key":"DemoMod:PoisonVial"},{"floor":40,"key":"infinitespire:Joker Card"},{"floor":40,"key":"hubris:Teleporter"},{"floor":42,"key":"infinitespire:CursedDice"},{"floor":42,"key":"hubris:BottledRain"},{"floor":43,"key":"Whetstone"},{"floor":44,"key":"MawBank"},{"floor":44,"key":"Turnip"},{"floor":46,"key":"DemoMod:NanoMachines"},{"floor":46,"key":"The Specimen"}],"event_choices":[{"damage_healed":0.0,"max_hp_gain":0.0,"max_hp_loss":0.0,"gold_gain":75.0,"event_name":"World of Goop","player_choice":"Gather Gold","floor":5.0,"gold_loss":0.0,"damage_taken":11.0},{"damage_healed":0.0,"max_hp_gain":5.0,"max_hp_loss":0.0,"gold_gain":0.0,"event_name":"Forgotten Altar","player_choice":"Shed Blood","floor":21.0,"gold_loss":0.0,"damage_taken":19.0},{"damage_healed":0,"gold_gain":0,"player_choice":"Bought 0 Potions","damage_taken":0,"max_hp_gain":0,"max_hp_loss":0,"event_name":"The Woman in Blue","floor":24,"gold_loss":0},{"cards_removed":["Choke"],"damage_healed":0,"gold_gain":0,"player_choice":"Removed Attack","damage_taken":0,"max_hp_gain":0,"max_hp_loss":0,"event_name":"Falling","floor":47,"gold_loss":0}],"is_beta":false,"boss_relics":[{"not_picked":["Ectoplasm","Velvet Choker"],"picked":"Tiny House"},{"not_picked":["hubris:GrandSneckoEye","hubris:VirtuousBlindfold"],"picked":"Philosopher\u0027s Stone"}],"items_purged_floors":[],"is_endless":false,"potions_floor_spawned":[1,7,8,11,16,23,25,27,28,30,35,38,44,48],"ascension_level":0}}