{"host":"idd82ng1kl6tax1f","time":1610842506,"event":{"mods":["100% Spire Juice","BaseMod","Bestiary","Filter the Spire","KinomotoSakuraMod(????)","Koishi","Marisa????????","Minty Spire (QoL Compilation)","Remilia??????","StSLib","The Dragon Tamer","The Marked","TheSwordswoman","UnlockEverythingMod","WarShipGirlsR/????R mod","Yakumo Yukari mod","[GremlinLeader]The Maniac"],"gold_per_floor":[236,23,41,41,41,41,18,18,18,18,18,18],"floor_reached":11,"language":"ENG","playtime":376,"items_purged":[],"score":59,"play_id":"88cca269-2ab8-4bb2-99c8-e2f056a4ed07","local_time":"20210116181506","is_ascension_mode":false,"campfire_choices":[{"floor":6.0,"key":"RECALL"}],"circlet_count":0,"master_deck":["AT_purpleEX","AT_purpleEX","AT_purpleEX","Defend_purpleEX","Defend_purpleEX","Defend_purpleEX","Defend_purpleEX","Observe_purple_1","Observe_purple_2","DimensionStaggered_purple","Photoelasticity_Doppler_Effect_purple","Shallow_ocean_purpleEX","StateDuplicate_purple","Line_surface_state_purple","DimensionStaggered_purple","MagicEyes_LaplaceDemon_purple","OmniscientAndOmnipotent_Monster_purple","Injury"],"relics":["Boundary_crack","Memoryfragments_purpleEX","Mummified Hand","Golden Idol","Lizard Tail"],"acts_visited":["Exordium"],"potions_floor_usage":[],"damage_taken":[{"damage":0.0,"enemies":"Small Slimes","floor":1.0,"turns":3.0},{"damage":0.0,"enemies":"2 Louse","floor":3.0,"turns":2.0},{"damage":0,"enemies":"Lagavulin","floor":11,"turns":4}],"seed_played":"3768745580297628460","potions_obtained":[],"is_trial":false,"path_per_floor":["M","$","M","?","?","R","$","?","T","?","E"],"character_chosen":"Youkari","items_purchased":["Photoelasticity_Doppler_Effect_purple","Shallow_ocean_purpleEX","StateDuplicate_purple","Line_surface_state_purple","OmniscientAndOmnipotent_Monster_purple"],"campfire_rested":0,"item_purchase_floors":[2,2,2,2,7],"current_hp_per_floor":[70,70,70,67,67,67,67,67,67,47,47,47],"gold":18,"neow_bonus":"HUNDRED_GOLD","is_daily":false,"chose_seed":false,"campfire_upgraded":0,"win_rate":0.0,"timestamp":1610842506,"path_taken":["M","$","M","?","?","R","$","?","T","?","E"],"items_purchased_type":["Card","Card","Card","Card","Card"],"build_version":"2020-12-22","purchased_purges":0,"victory":false,"max_hp_per_floor":[70,70,70,70,70,70,70,70,70,70,70,70],"card_choices":[{"not_picked":["Line_surface_state_purple","SharpContractionReality_purple"],"picked":"DimensionStaggered_purple","floor":1.0},{"not_picked":["SharpContractionReality_purple","Mirror_FormAndEmptin_purple"],"picked":"DimensionStaggered_purple","floor":3.0}],"player_experience":1225,"relics_obtained":[{"floor":9.0,"key":"Lizard Tail"}],"event_choices":[{"damage_healed":0.0,"max_hp_gain":0.0,"max_hp_loss":0.0,"gold_gain":0.0,"event_name":"Scrap Ooze","player_choice":"Success","floor":4.0,"gold_loss":0.0,"damage_taken":3.0,"relics_obtained":["Mummified Hand"]},{"damage_healed":0.0,"max_hp_gain":0.0,"max_hp_loss":0.0,"gold_gain":0.0,"cards_transformed":["AT_purpleEX"],"event_name":"Living Wall","player_choice":"Change","floor":5.0,"gold_loss":0.0,"damage_taken":0.0,"cards_obtained":["MagicEyes_LaplaceDemon_purple"]},{"damage_healed":0.0,"max_hp_gain":0.0,"max_hp_loss":0.0,"gold_gain":0.0,"event_name":"Golden Idol","player_choice":"Take Wound","floor":8.0,"gold_loss":0.0,"damage_taken":0.0,"relics_obtained":["Golden Idol"],"cards_obtained":["Injury"]}],"is_beta":false,"boss_relics":[],"items_purged_floors":[],"is_endless":false,"potions_floor_spawned":[],"killed_by":"Lagavulin","ascension_level":0}}