{"host":"ldsuendt1u5dwthu","time":1610867267,"event":{"mods":["Act Like it!","Arknights The Spire","BaseMod","Hallownest","Minty Spire (QoL Compilation)","Shop Mod","StSLib","The Animator","The Bug Knight"],"gold_per_floor":[114,126,126,301,315,354,354,37,37,37,55,99,168,204,204,333,333,358,383,383,407,407,442,23,63,90,110,141,141,155,174,174,300,300,300,300],"floor_reached":35,"language":"ZHS","playtime":2930,"items_purged":["Doubt","ats:Strike S"],"score":435,"play_id":"1abee168-bd53-49d2-bb84-93c7568b6346","local_time":"20210117150747","is_ascension_mode":false,"campfire_choices":[{"data":"ats:Apocalypse","floor":7.0,"key":"SMITH"},{"data":"Apotheosis","floor":15.0,"key":"SMITH"},{"floor":29.0,"key":"RECALL"},{"data":"ats:Soul Absorption","floor":32,"key":"SMITH"}],"circlet_count":0,"master_deck":["ats:Armor Crushing Shot","ats:Defend","ats:Defend","ats:Emotion Absorption+1","ats:Steam Pump","ats:Red Shift","ats:Consecutive Shot Auto","ats:Apocalypse+1","Apotheosis+1","ats:Revitalization","ats:Blood Oath","ats:Sunburst","ats:Guardian Obelisk+1","ats:Calcification","ats:Hook Shot","ats:Childhood Dance+1","ats:Shell Defense","ats:Blood Oath","Mayhem","ats:Closed Bolt Burst Fire+1","ats:Soul Absorption+1","ats:Calcification","ats:Apocalypse+1","ats:Guardian Obelisk+1","ats:Encircling Forest+1"],"relics":["ats:Sanity","NeowsBlessing","Golden Idol","ats:Originium","Lizard Tail","Smiling Mask","Tiny Chest","ats:Spiritual Recovery","SacredBark","The Courier","StoneCalendar","Anchor","Pen Nib","War Paint","Astrolabe"],"acts_visited":["Exordium","TheCity","TheBeyond"],"potions_floor_usage":[31],"damage_taken":[{"damage":0.0,"enemies":"Jaw Worm","floor":1.0,"turns":1.0},{"damage":0.0,"enemies":"Small Slimes","floor":2.0,"turns":1.0},{"damage":0.0,"enemies":"2 Louse","floor":5.0,"turns":1.0},{"damage":32.0,"enemies":"Gremlin Nob","floor":6.0,"turns":5.0},{"damage":9.0,"enemies":"Exordium Thugs","floor":11.0,"turns":7.0},{"damage":10.0,"enemies":"Lagavulin","floor":12.0,"turns":7.0},{"damage":24.0,"enemies":"3 Sentries","floor":13.0,"turns":9.0},{"damage":22.0,"enemies":"3 Sentries","floor":14.0,"turns":7.0},{"damage":47.0,"enemies":"Slime Boss","floor":16.0,"turns":12.0},{"damage":19.0,"enemies":"Chosen","floor":18.0,"turns":5.0},{"damage":46.0,"enemies":"Shell Parasite","floor":19.0,"turns":11.0},{"damage":30.0,"enemies":"Snake Plant","floor":21.0,"turns":8.0},{"damage":20.0,"enemies":"Gremlin Leader","floor":23.0,"turns":6.0},{"damage":10.0,"enemies":"HollowMod:Nosk","floor":25.0,"turns":11.0},{"damage":10.0,"enemies":"Centurion and Healer","floor":27.0,"turns":7.0},{"damage":24.0,"enemies":"Gremlin Leader","floor":28.0,"turns":8.0},{"damage":32.0,"enemies":"Snecko","floor":30.0,"turns":8.0},{"damage":7,"enemies":"3 Cultists","floor":31,"turns":4},{"damage":34,"enemies":"Collector","floor":33,"turns":15},{"damage":0,"enemies":"3 Darklings","floor":35,"turns":1}],"seed_played":"6480349085544627332","potions_obtained":[{"floor":2.0,"key":"ColorlessPotion"},{"floor":13.0,"key":"Energy Potion"},{"floor":14.0,"key":"DuplicationPotion"},{"floor":16.0,"key":"AttackPotion"},{"floor":18.0,"key":"Fire Potion"},{"floor":19.0,"key":"Energy Potion"},{"floor":25.0,"key":"ColorlessPotion"},{"floor":30.0,"key":"Strength Potion"}],"is_trial":false,"path_per_floor":["M","M","?","?","M","E","R","$","T","?","M","E","?","E","R","B",null,"M","M","?","M","?","E","$","E","T","M","E","R","M","M","R","B",null,"M"],"character_chosen":"DOCTOR_CLASS","items_purchased":["Apotheosis","Energy Potion","StoneCalendar","Mayhem"],"campfire_rested":0,"item_purchase_floors":[8,8,24,24],"current_hp_per_floor":[72,72,54,54,54,22,22,22,22,22,30,35,35,31,31,32,72,53,61,61,51,51,62,62,72,72,71,72,72,54,63,63,72,72,72,72],"gold":300,"neow_bonus":"THREE_ENEMY_KILL","is_daily":false,"chose_seed":false,"campfire_upgraded":3,"win_rate":0.0,"timestamp":1610867267,"path_taken":["M","M","?","?","M","E","R","?","T","?","?","E","?","E","R","BOSS","M","M","?","M","?","E","$","E","T","M","E","R","M","M","R","BOSS","M"],"items_purchased_type":["Card","Potion","Relic","Card"],"build_version":"2020-12-22","purchased_purges":2,"victory":false,"max_hp_per_floor":[72,72,72,72,72,72,72,72,72,72,72,72,72,72,72,72,72,72,72,72,72,72,72,72,72,72,72,72,72,72,72,72,72,72,72,72],"card_choices":[{"not_picked":["ats:Flexible Camouflage","ats:Poison Spread"],"picked":"ats:Steam Pump","floor":1.0},{"not_picked":["ats:Shell Defense","ats:Neurotoxin"],"picked":"ats:Red Shift","floor":2.0},{"not_picked":["ats:Curse Doll","ats:Childhood Dance"],"picked":"ats:Consecutive Shot Auto","floor":5.0},{"not_picked":["ats:Song Of Battle","ats:Part Time Job"],"picked":"ats:Apocalypse","floor":6.0},{"not_picked":["ats:LN2 Cannon","ats:Hammer On"],"picked":"ats:Blood Oath","floor":11.0},{"not_picked":["ats:Durian","ats:Support Order"],"picked":"ats:Sunburst","floor":12.0},{"not_picked":["ats:Sunburst","ats:Shell Defense"],"picked":"ats:Guardian Obelisk","floor":13.0},{"not_picked":["ats:Sword Rain","ats:Hammer On","ats:Cat Scratch"],"picked":"SKIP","floor":14.0},{"not_picked":["ats:Wolf Pack","ats:Fractured Body"],"picked":"ats:Calcification","floor":16.0},{"not_picked":["ats:Poison Spread","ats:Childhood Dance"],"picked":"ats:Hook Shot","floor":18.0},{"not_picked":["ats:Cat Scratch","ats:LN2 Cannon"],"picked":"ats:Childhood Dance+1","floor":19.0},{"not_picked":["ats:Poison Spread","ats:Flexible Camouflage"],"picked":"ats:Shell Defense","floor":21.0},{"not_picked":["ats:Magnetic Hammer","ats:Collapsing Strike"],"picked":"ats:Blood Oath","floor":23.0},{"not_picked":["ats:Flexible Camouflage","ats:Explosion Area Strengthen+1"],"picked":"ats:Closed Bolt Burst Fire+1","floor":25.0},{"not_picked":["ats:Curse Doll+1","ats:Consecutive Shot Auto","ats:Leaping Hammer"],"picked":"SKIP","floor":27.0},{"not_picked":["ats:Curse Doll","ats:Childhood Dance"],"picked":"ats:Soul Absorption","floor":28.0},{"not_picked":["ats:Rat Pack","ats:Spore Proliferation+1","ats:Magnetic Hammer"],"picked":"SKIP","floor":30.0},{"not_picked":["ats:Sunburst+1","ats:Poison Spread","ats:Curse Doll"],"picked":"SKIP","floor":31},{"not_picked":["ats:Fractured Body","ats:Nebulous Foxfire"],"picked":"ats:Calcification","floor":33}],"player_experience":150083,"relics_obtained":[{"floor":6.0,"key":"ats:Originium"},{"floor":6.0,"key":"Lizard Tail"},{"floor":12.0,"key":"ats:Originium"},{"floor":12.0,"key":"Smiling Mask"},{"floor":14.0,"key":"ats:Originium"},{"floor":14.0,"key":"ats:Spiritual Recovery"},{"floor":23.0,"key":"The Courier"},{"floor":25.0,"key":"Anchor"},{"floor":26.0,"key":"Pen Nib"},{"floor":28.0,"key":"War Paint"}],"event_choices":[{"damage_healed":0.0,"max_hp_gain":0.0,"max_hp_loss":0.0,"gold_gain":0.0,"event_name":"Golden Idol","player_choice":"Take Damage","floor":3.0,"gold_loss":0.0,"damage_taken":18.0,"relics_obtained":["Golden Idol"]},{"damage_healed":0.0,"max_hp_gain":0.0,"max_hp_loss":0.0,"gold_gain":175.0,"event_name":"Liars Game","player_choice":"AGREE","floor":4.0,"gold_loss":0.0,"damage_taken":0.0,"cards_obtained":["Doubt"]},{"damage_healed":0.0,"max_hp_gain":0.0,"max_hp_loss":0.0,"gold_gain":0.0,"cards_transformed":["ats:Strike C"],"event_name":"Living Wall","player_choice":"Change","floor":10.0,"gold_loss":0.0,"damage_taken":0.0,"cards_obtained":["ats:Revitalization"]},{"damage_healed":0.0,"max_hp_gain":0.0,"max_hp_loss":0.0,"gold_gain":0.0,"event_name":"Dead Adventurer","player_choice":"Searched \u00273\u0027 times","floor":13.0,"gold_loss":0.0,"damage_taken":0.0,"relics_obtained":["Tiny Chest"]},{"cards_removed":["ats:Strike V"],"damage_healed":0.0,"max_hp_gain":0.0,"max_hp_loss":0.0,"gold_gain":0.0,"event_name":"Back to Basics","player_choice":"Elegance","floor":20.0,"gold_loss":0.0,"damage_taken":0.0},{"damage_healed":0.0,"max_hp_gain":0.0,"max_hp_loss":0.0,"gold_gain":0.0,"event_name":"Vampires","player_choice":"Ignored","floor":22.0,"gold_loss":0.0,"damage_taken":0.0}],"is_beta":false,"boss_relics":[{"not_picked":["Runic Dome","ats:Sanity Plus"],"picked":"SacredBark"},{"not_picked":["ats:Omniscience","Empty Cage"],"picked":"Astrolabe"}],"items_purged_floors":[8,24],"is_endless":false,"potions_floor_spawned":[2,13,14,16,18,19,25,30],"killed_by":"3 Darklings","ascension_level":0}}