{"host":"9jj9tzo2iym4bpat","time":1610842387,"event":{"mods":["Act Like it!","BaseMod","CapriCore","Colored Map","Dark Map","Luminous","Marisa????????","Minty Spire (QoL Compilation)","Permanent Neow","StSLib","Td1madao Mod","The Animator","The Immortal","The Marked","The Servant 0.9.4","Yakumo Yukari mod"],"gold_per_floor":[19,19,39,54,54,54,93,114,140,180,180,220,149,149,149,256,265,285,285,83,110,129,129,129,129],"floor_reached":24,"language":"ENG","playtime":860,"items_purged":[],"score":257,"play_id":"a2433da5-216b-45c9-8d95-b27f187f6274","local_time":"20210116181307","is_ascension_mode":true,"campfire_choices":[{"data":"Sword Boomerang","floor":6,"key":"SMITH"},{"floor":11,"key":"REST"},{"floor":15,"key":"REST"},{"floor":23,"key":"DIG"}],"circlet_count":0,"master_deck":["Strike_R","Strike_R","Strike_R","Strike_R","Strike_R","Defend_R","Defend_R","Defend_R","Defend_R","Bash+1","Sword Boomerang+1","Armaments","Pommel Strike","Cleave","Heavy Blade","Impervious","Perfected Strike","Entrench","Reaper","CurseOfTheBell","Second Wind","Disarm","Barricade","Rage+1","Flex","Intimidate+1","Pommel Strike+1"],"relics":["Burning Blood","Dead Branch","CeramicFish","Potion Belt","Bronze Scales","Bag of Preparation","Centennial Puzzle","Calling Bell","Blood Vial","The Courier","Shovel","CultistMask","Oddly Smooth Stone","Orrery","Kunai"],"acts_visited":["Exordium","TheCity"],"potions_floor_usage":[12,16,24],"damage_taken":[{"damage":0,"enemies":"Small Slimes","floor":1,"turns":3},{"damage":4,"enemies":"Jaw Worm","floor":3,"turns":4},{"damage":12,"enemies":"2 Louse","floor":4,"turns":3},{"damage":24,"enemies":"Gremlin Nob","floor":7,"turns":4},{"damage":5,"enemies":"Red Slaver","floor":8,"turns":4},{"damage":22,"enemies":"3 Sentries","floor":10,"turns":6},{"damage":39,"enemies":"Lagavulin","floor":12,"turns":7},{"damage":29,"enemies":"The Guardian","floor":16,"turns":14},{"damage":5,"enemies":"3 Byrds","floor":18,"turns":3},{"damage":0,"enemies":"Spheric Guardian","floor":21,"turns":8},{"damage":34,"enemies":"Cultist and Chosen","floor":22,"turns":7},{"damage":59,"enemies":"Gremlin Leader","floor":24,"turns":4}],"seed_played":"-2628429886051308613","potions_obtained":[{"floor":3,"key":"Energy Potion"},{"floor":7,"key":"ColorlessPotion"},{"floor":22,"key":"Weak Potion"}],"is_trial":false,"path_per_floor":["M","?","M","M","$","R","E","M","T","E","R","E","$","?","R","B",null,"M","?","$","M","M","R","E"],"character_chosen":"IRONCLAD","items_purchased":["Entrench","Oddly Smooth Stone","Orrery"],"campfire_rested":2,"item_purchase_floors":[13,20,20],"current_hp_per_floor":[80,80,80,74,74,74,56,57,57,41,65,32,32,20,44,21,80,80,80,80,80,55,55,0,0],"gold":129,"neow_bonus":"ONE_RARE_RELIC","is_daily":false,"chose_seed":false,"campfire_upgraded":1,"win_rate":0.0,"timestamp":1610842387,"path_taken":["M","?","M","M","$","R","E","M","T","E","R","E","$","?","R","BOSS","M","?","$","?","M","R","E"],"items_purchased_type":["Card","Relic","Relic"],"build_version":"2020-12-22","purchased_purges":0,"victory":false,"max_hp_per_floor":[80,80,80,80,80,80,80,80,80,80,80,80,80,80,80,80,80,80,80,80,80,80,80,80,80],"card_choices":[{"not_picked":["Clash","Anger"],"picked":"Sword Boomerang","floor":1},{"not_picked":["Body Slam","Clothesline"],"picked":"Armaments","floor":3},{"not_picked":["Clash","Iron Wave"],"picked":"Pommel Strike","floor":4},{"not_picked":["Burning Pact","Pummel"],"picked":"Cleave","floor":7},{"not_picked":["Headbutt","Dark Embrace"],"picked":"Heavy Blade","floor":8},{"not_picked":["Limit Break","Intimidate"],"picked":"Impervious","floor":10},{"not_picked":["Thunderclap","Metallicize"],"picked":"Perfected Strike","floor":12},{"not_picked":["Impervious","Demon Form"],"picked":"Reaper","floor":16},{"not_picked":["Clash+1","Burning Pact"],"picked":"Second Wind","floor":18},{"not_picked":["True Grit","Entrench"],"picked":"Disarm","floor":20},{"not_picked":["Clash","Shockwave"],"picked":"Barricade","floor":20},{"not_picked":["Searing Blow","Twin Strike"],"picked":"Rage+1","floor":20},{"not_picked":["Rampage","Warcry+1"],"picked":"Flex","floor":20},{"not_picked":["True Grit","Clash+1"],"picked":"Intimidate+1","floor":20},{"not_picked":["Carnage","Combust"],"picked":"Pommel Strike+1","floor":21},{"not_picked":["Sword Boomerang","Dropkick","Warcry"],"picked":"SKIP","floor":22}],"player_experience":263046,"relics_obtained":[{"floor":7,"key":"CeramicFish"},{"floor":9,"key":"Potion Belt"},{"floor":10,"key":"Bronze Scales"},{"floor":12,"key":"Bag of Preparation"},{"floor":17,"key":"Blood Vial"},{"floor":17,"key":"The Courier"},{"floor":17,"key":"Shovel"},{"floor":23,"key":"Kunai"}],"event_choices":[{"damage_healed":0,"gold_gain":0,"player_choice":"Grow","damage_taken":0,"max_hp_gain":0,"max_hp_loss":0,"event_name":"Living Wall","floor":2,"gold_loss":0,"cards_upgraded":["Bash"]},{"damage_healed":0,"gold_gain":0,"player_choice":"Success","damage_taken":12,"relics_obtained":["Centennial Puzzle"],"max_hp_gain":0,"max_hp_loss":0,"event_name":"Scrap Ooze","floor":14,"gold_loss":0},{"damage_healed":0,"gold_gain":0,"player_choice":"Trade","damage_taken":0,"relics_obtained":["CultistMask"],"max_hp_gain":0,"max_hp_loss":0,"event_name":"FaceTrader","floor":19,"gold_loss":0}],"is_beta":false,"boss_relics":[{"not_picked":["Fusion Hammer","SacredBark"],"picked":"Calling Bell"}],"items_purged_floors":[],"is_endless":false,"potions_floor_spawned":[3,7,22],"killed_by":"Gremlin Leader","ascension_level":4}}