{"host":"ny1uxs7aco9qql8p","time":1610910662,"event":{"mods":["AchievementEnabler","Alarm Clock","BaseMod","Bestiary","Colored Map","Colored Powertips","DeckTracker","Filter the Spire","Highlight Path","Minty Spire (QoL Compilation)","Permanent Neow","Quick Restart","Rare Cards Sparkle","Relic Stats"],"gold_per_floor":[112,112,66,78,94,94,106,139,162,189,206,226,226,255,255,353,353,365,379,379,379,478,510,510,25,51,0,17,17,37,13,13,111,111,125,125,136,1135,1410,1410,1425,1435,1487,1487,1510,1521,1521,1521],"floor_reached":47,"language":"ENG","playtime":8137,"items_purged":[],"score":553,"play_id":"35fe8292-9e37-412d-bf09-101024e94b86","local_time":"20210117141102","is_ascension_mode":true,"campfire_choices":[{"data":"Juggernaut","floor":6.0,"key":"SMITH"},{"data":"Entrench","floor":13.0,"key":"SMITH"},{"data":"Rage","floor":15.0,"key":"SMITH"},{"data":"Limit Break","floor":24.0,"key":"SMITH"},{"floor":29.0,"key":"REST"},{"floor":32.0,"key":"RECALL"},{"floor":40.0,"key":"REST"},{"floor":44.0,"key":"REST"}],"circlet_count":0,"master_deck":["Strike_R+1","Strike_R+1","Strike_R+1","Strike_R+1","Defend_R+1","Defend_R+1","Defend_R+1","Defend_R+1","Bash","Juggernaut+1","Cleave","Armaments+1","Iron Wave","Headbutt","Dropkick","Entrench+1","Reaper","Power Through","Body Slam","Iron Wave","Rage+1","Impervious+1","Seeing Red+1","Feel No Pain","Dual Wield","Limit Break+1","Body Slam","Second Wind","Clothesline+1","True Grit","Fiend Fire","Armaments+1","Flame Barrier+1","Regret","Sword Boomerang+1","Metallicize","Pommel Strike+1"],"relics":["Black Blood","Oddly Smooth Stone","Strawberry","Omamori","Odd Mushroom","Thread and Needle","HandDrill","Nunchaku","Tiny Chest","PreservedInsect","SlaversCollar","Darkstone Periapt","Bag of Preparation","War Paint"],"acts_visited":["Exordium","TheCity","TheBeyond"],"potions_floor_usage":[46],"damage_taken":[{"damage":10.0,"enemies":"Jaw Worm","floor":1.0,"turns":4.0},{"damage":1.0,"enemies":"Cultist","floor":4.0,"turns":4.0},{"damage":0.0,"enemies":"2 Louse","floor":5.0,"turns":3.0},{"damage":4.0,"enemies":"Blue Slaver","floor":7.0,"turns":4.0},{"damage":33.0,"enemies":"Gremlin Nob","floor":8.0,"turns":5.0},{"damage":26.0,"enemies":"Lagavulin","floor":10.0,"turns":7.0},{"damage":0.0,"enemies":"Large Slime","floor":11.0,"turns":6.0},{"damage":0.0,"enemies":"2 Fungi Beasts","floor":12.0,"turns":4.0},{"damage":15.0,"enemies":"The Mushroom Lair","floor":14.0,"turns":4.0},{"damage":24.0,"enemies":"Slime Boss","floor":16.0,"turns":12.0},{"damage":6.0,"enemies":"Shell Parasite","floor":18.0,"turns":6.0},{"damage":25.0,"enemies":"Spheric Guardian","floor":19.0,"turns":9.0},{"damage":52.0,"enemies":"Book of Stabbing","floor":23.0,"turns":9.0},{"damage":18.0,"enemies":"Shelled Parasite and Fungi","floor":28.0,"turns":7.0},{"damage":0.0,"enemies":"3 Cultists","floor":30.0,"turns":4.0},{"damage":12.0,"enemies":"Collector","floor":33.0,"turns":9.0},{"damage":0.0,"enemies":"3 Shapes","floor":35.0,"turns":5.0},{"damage":43.0,"enemies":"Orb Walker","floor":37.0,"turns":8.0},{"damage":44.0,"enemies":"Spire Growth","floor":41.0,"turns":7.0},{"damage":33.0,"enemies":"3 Darklings","floor":42.0,"turns":9.0},{"damage":49,"enemies":"Transient","floor":46,"turns":5},{"damage":40,"enemies":"Nemesis","floor":47,"turns":5}],"seed_played":"-3471865120182167070","potions_obtained":[{"floor":5.0,"key":"BlessingOfTheForge"},{"floor":7.0,"key":"SkillPotion"},{"floor":10.0,"key":"GamblersBrew"},{"floor":12.0,"key":"Explosive Potion"},{"floor":14.0,"key":"BlessingOfTheForge"},{"floor":16.0,"key":"PowerPotion"},{"floor":23.0,"key":"SpeedPotion"},{"floor":28.0,"key":"SkillPotion"},{"floor":41.0,"key":"DistilledChaos"}],"is_trial":false,"path_per_floor":["M","?","$","M","M","R","M","E","T","E","M","M","R","?","R","B",null,"M","M","?","?","?","E","R","$","T","?","M","R","M","$","R","B",null,"M","T","M","?","?","R","M","M","T","R","T","M","E"],"character_chosen":"IRONCLAD","items_purchased":["Iron Wave","HandDrill","Nunchaku","Tiny Chest","Body Slam","True Grit"],"campfire_rested":3,"item_purchase_floors":[3,25,25,25,25,31],"current_hp_per_floor":[76,76,76,80,80,80,80,53,60,46,60,74,74,77,77,68,87,87,79,79,79,79,39,39,39,39,39,33,59,83,83,83,86,87,87,87,56,56,62,89,57,36,36,63,63,30,0,0],"gold":1521,"neow_bonus":"ONE_RANDOM_RARE_CARD","is_daily":false,"chose_seed":false,"campfire_upgraded":4,"win_rate":0.0,"timestamp":1610910662,"path_taken":["M","?","$","M","M","R","M","E","T","E","M","?","R","?","R","BOSS","M","M","?","?","?","E","R","$","T","?","?","R","M","?","R","BOSS","M","?","M","?","?","R","?","M","T","R","?","M","E"],"items_purchased_type":["Card","Relic","Relic","Relic","Card","Card"],"build_version":"2020-12-22","purchased_purges":0,"victory":false,"max_hp_per_floor":[80,80,80,80,80,80,80,80,87,87,87,87,87,87,87,87,87,87,87,87,87,87,87,87,87,87,87,87,87,87,87,87,87,87,87,87,87,87,93,93,93,93,93,93,93,93,93,93],"relic_stats":{"Darkstone Periapt":6,"Nunchaku":[7],"counters":[22,136],"Black Blood":165,"Tiny Chest":2,"PreservedInsect":47,"HandDrill":[16],"Bag of Preparation":[4],"War Paint":["Armaments","Impervious"],"obtain_stats":[{"Darkstone Periapt":36,"Oddly Smooth Stone":8,"Black Blood":17,"Thread and Needle":23,"PreservedInsect":27,"Omamori":10,"Bag of Preparation":43,"Odd Mushroom":14,"War Paint":45,"Burning Blood":0,"SlaversCollar":34,"Nunchaku":25,"Strawberry":9,"Tiny Chest":25,"HandDrill":25},{"Darkstone Periapt":17,"Oddly Smooth Stone":5,"Black Blood":10,"Thread and Needle":13,"PreservedInsect":13,"Omamori":6,"Bag of Preparation":20,"Odd Mushroom":9,"War Paint":20,"Burning Blood":0,"SlaversCollar":16,"Nunchaku":13,"Strawberry":5,"Tiny Chest":13,"HandDrill":13},{"Darkstone Periapt":102,"Oddly Smooth Stone":20,"Black Blood":53,"Thread and Needle":77,"PreservedInsect":77,"Omamori":27,"Bag of Preparation":126,"Odd Mushroom":41,"War Paint":126,"Burning Blood":0,"SlaversCollar":97,"Nunchaku":77,"Strawberry":20,"Tiny Chest":77,"HandDrill":77}]},"card_choices":[{"not_picked":["Clothesline","Twin Strike"],"picked":"Cleave","floor":1.0},{"not_picked":["True Grit","Clothesline"],"picked":"Headbutt","floor":4.0},{"not_picked":["Clothesline","Combust"],"picked":"Dropkick","floor":5.0},{"not_picked":["Heavy Blade","Thunderclap"],"picked":"Entrench","floor":7.0},{"not_picked":["Pommel Strike","Shockwave"],"picked":"Reaper","floor":8.0},{"not_picked":["Pommel Strike","Uppercut"],"picked":"Power Through","floor":10.0},{"not_picked":["Reckless Charge","Clash"],"picked":"Body Slam","floor":11.0},{"not_picked":["Armaments","Thunderclap"],"picked":"Iron Wave","floor":12.0},{"not_picked":["Perfected Strike","Carnage"],"picked":"Rage","floor":14.0},{"not_picked":["Brutality","Bludgeon"],"picked":"Impervious","floor":16.0},{"not_picked":["Twin Strike","Infernal Blade"],"picked":"Seeing Red+1","floor":18.0},{"not_picked":["Pommel Strike","Spot Weakness"],"picked":"Feel No Pain","floor":19.0},{"not_picked":["Pummel+1","True Grit"],"picked":"Limit Break","floor":23.0},{"not_picked":["Combust","Twin Strike"],"picked":"Second Wind","floor":28.0},{"not_picked":["Havoc+1","Clash+1"],"picked":"Clothesline+1","floor":30.0},{"not_picked":["Offering","Feed"],"picked":"Fiend Fire","floor":33.0},{"not_picked":["True Grit","Wild Strike+1"],"picked":"Armaments+1","floor":35.0},{"not_picked":["Havoc","Armaments"],"picked":"Flame Barrier+1","floor":37.0},{"not_picked":["Thunderclap","Wild Strike"],"picked":"Sword Boomerang+1","floor":41.0},{"not_picked":["Body Slam","Feed"],"picked":"Metallicize","floor":42.0},{"not_picked":["Flex","Clash"],"picked":"Pommel Strike+1","floor":46}],"player_experience":215423,"relics_obtained":[{"floor":8.0,"key":"Oddly Smooth Stone"},{"floor":9.0,"key":"Strawberry"},{"floor":10.0,"key":"Omamori"},{"floor":14.0,"key":"Odd Mushroom"},{"floor":23.0,"key":"Thread and Needle"},{"floor":36.0,"key":"Darkstone Periapt"},{"floor":43.0,"key":"Bag of Preparation"},{"floor":45.0,"key":"War Paint"}],"event_choices":[{"damage_healed":0.0,"max_hp_gain":0.0,"max_hp_loss":0.0,"gold_gain":0.0,"cards_transformed":["Strike_R"],"event_name":"Transmorgrifier","player_choice":"Transformed","floor":2.0,"gold_loss":0.0,"damage_taken":0.0,"cards_obtained":["Armaments"]},{"damage_healed":0.0,"max_hp_gain":0.0,"max_hp_loss":0.0,"gold_gain":0.0,"event_name":"Mushrooms","player_choice":"Fought Mushrooms","floor":14.0,"gold_loss":0.0,"damage_taken":0.0},{"damage_healed":0.0,"max_hp_gain":0.0,"max_hp_loss":0.0,"gold_gain":0.0,"event_name":"Back to Basics","player_choice":"Simplicity","floor":20.0,"gold_loss":0.0,"damage_taken":0.0,"cards_upgraded":["Strike_R","Strike_R","Strike_R","Strike_R","Defend_R","Defend_R","Defend_R","Defend_R"]},{"damage_healed":0.0,"max_hp_gain":0.0,"max_hp_loss":0.0,"gold_gain":0.0,"event_name":"The Library","player_choice":"Read","floor":21.0,"gold_loss":0.0,"damage_taken":0.0,"cards_obtained":["Dual Wield"]},{"damage_healed":0.0,"max_hp_gain":0.0,"max_hp_loss":0.0,"gold_gain":99.0,"event_name":"Nest","player_choice":"Stole From Cult","floor":22.0,"gold_loss":0.0,"damage_taken":0.0},{"damage_healed":0.0,"max_hp_gain":0.0,"max_hp_loss":0.0,"gold_gain":0.0,"event_name":"WeMeetAgain","player_choice":"Paid Gold","floor":27.0,"gold_loss":51.0,"damage_taken":0.0,"relics_obtained":["PreservedInsect"]},{"damage_healed":0.0,"max_hp_gain":0.0,"max_hp_loss":0.0,"gold_gain":999.0,"event_name":"MindBloom","player_choice":"Gold","floor":38.0,"gold_loss":0.0,"damage_taken":0.0,"cards_obtained":["Normality","Normality"]},{"damage_healed":0.0,"max_hp_gain":0.0,"max_hp_loss":0.0,"gold_gain":275.0,"event_name":"Golden Shrine","player_choice":"Desecrate","floor":39.0,"gold_loss":0.0,"damage_taken":0.0,"cards_obtained":["Regret"]}],"is_beta":false,"boss_relics":[{"not_picked":["Busted Crown","Runic Pyramid"],"picked":"Black Blood"},{"not_picked":["Runic Dome","Coffee Dripper"],"picked":"SlaversCollar"}],"items_purged_floors":[],"is_endless":false,"potions_floor_spawned":[5,7,10,12,14,16,23,28,41],"killed_by":"Nemesis","ascension_level":1}}