{"host":"qxeepl7ydvsgmfdb","time":1610874195,"event":{"mods":["AchievementEnabler","BaseMod","Colored Powertips","Minty Spire (QoL Compilation)","Quick Restart","slay the spire mod where everything is the same but ironclad has a cowboy hat"],"gold_per_floor":[118,293,293,293,33,33,61,73,99,30,30,58,58,84,84,186,186,198,211,126,126,154,180,180,180],"floor_reached":24,"language":"ENG","playtime":947,"items_purged":["Regret"],"score":342,"play_id":"19ee0d11-15f5-48b2-8631-618997a8e083","local_time":"20210117040315","is_ascension_mode":true,"campfire_choices":[{"data":"Dramatic Entrance","floor":6.0,"key":"SMITH"},{"data":"Noxious Fumes","floor":11.0,"key":"SMITH"},{"floor":15.0,"key":"REST"}],"circlet_count":0,"master_deck":["Strike_G","Defend_G","Defend_G","Defend_G","Defend_G","Defend_G","Survivor","Neutralize","Backflip+1","PiercingWail+1","Dodge and Roll+1","Cloak And Dagger","Dramatic Entrance+1","Poisoned Stab","Footwork","Backstab","Noxious Fumes+1","Deadly Poison","Dagger Throw","Phantasmal Killer","Dash+1","Cloak And Dagger"],"relics":["Astrolabe","Boot","Pantograph","Art of War","Bird Faced Urn","TungstenRod","Matryoshka","Empty Cage","Mummified Hand","Nilry\u0027s Codex","Red Mask","Sundial"],"acts_visited":["Exordium","TheCity"],"potions_floor_usage":[24,24],"damage_taken":[{"damage":0.0,"enemies":"Small Slimes","floor":1.0,"turns":8.0},{"damage":3.0,"enemies":"Lagavulin","floor":7.0,"turns":8.0},{"damage":0.0,"enemies":"Cultist","floor":8.0,"turns":4.0},{"damage":11.0,"enemies":"Gremlin Nob","floor":12.0,"turns":5.0},{"damage":6.0,"enemies":"Lagavulin","floor":14.0,"turns":5.0},{"damage":23.0,"enemies":"Hexaghost","floor":16.0,"turns":10.0},{"damage":13.0,"enemies":"Chosen","floor":18.0,"turns":5.0},{"damage":26.0,"enemies":"3 Byrds","floor":19.0,"turns":5.0},{"damage":1.0,"enemies":"Masked Bandits","floor":22.0,"turns":5.0},{"damage":25.0,"enemies":"Slavers","floor":23.0,"turns":6.0},{"damage":10,"enemies":"Sentry and Sphere","floor":24,"turns":3}],"seed_played":"6358888166859850020","potions_obtained":[{"floor":4.0,"key":"PowerPotion"},{"floor":4.0,"key":"GhostInAJar"},{"floor":4.0,"key":"EssenceOfSteel"},{"floor":12.0,"key":"PowerPotion"},{"floor":22.0,"key":"BlessingOfTheForge"}],"is_trial":false,"path_per_floor":["M","?","?","?","$","R","E","M","T","$","R","E","?","E","R","B",null,"M","M","?","?","?","E","M"],"character_chosen":"THE_SILENT","items_purchased":["Dramatic Entrance","Poisoned Stab","Footwork","Noxious Fumes"],"campfire_rested":1,"item_purchase_floors":[5,5,5,10],"current_hp_per_floor":[63,63,63,63,63,63,60,60,60,60,60,49,46,44,65,49,65,56,34,34,22,25,2,0,0],"gold":180,"neow_bonus":"BOSS_RELIC","is_daily":false,"chose_seed":false,"campfire_upgraded":2,"win_rate":0.0,"timestamp":1610874195,"path_taken":["M","?","?","?","$","R","E","?","T","$","R","E","?","E","R","BOSS","M","M","?","?","?","E","M"],"items_purchased_type":["Card","Card","Card","Card"],"build_version":"2020-12-22","purchased_purges":1,"victory":false,"max_hp_per_floor":[70,70,70,70,70,70,70,70,70,70,70,70,70,70,70,70,70,70,70,70,70,70,70,70,70],"card_choices":[{"not_picked":["PiercingWail","Predator"],"picked":"Cloak And Dagger","floor":1.0},{"not_picked":["Riddle With Holes","Adrenaline"],"picked":"Backstab","floor":7.0},{"not_picked":["Dagger Throw","Accuracy","Dash"],"picked":"SKIP","floor":8.0},{"not_picked":["Adrenaline","Dodge and Roll"],"picked":"Deadly Poison","floor":12.0},{"not_picked":["Choke","Slice"],"picked":"Dagger Throw","floor":14.0},{"not_picked":["Adrenaline","Die Die Die"],"picked":"Phantasmal Killer","floor":16.0},{"not_picked":["Quick Slash+1","Dodge and Roll"],"picked":"Dash+1","floor":18.0},{"not_picked":["Noxious Fumes","PiercingWail"],"picked":"Cloak And Dagger","floor":19.0},{"not_picked":["Dagger Throw","Dash+1","Cloak And Dagger"],"picked":"SKIP","floor":23.0}],"player_experience":161358,"relics_obtained":[{"floor":7.0,"key":"Pantograph"},{"floor":9.0,"key":"Art of War"},{"floor":12.0,"key":"Bird Faced Urn"},{"floor":14.0,"key":"Matryoshka"},{"floor":21.0,"key":"Nilry\u0027s Codex"},{"floor":22.0,"key":"Red Mask"},{"floor":23.0,"key":"Sundial"}],"event_choices":[{"damage_healed":0.0,"max_hp_gain":0.0,"max_hp_loss":0.0,"gold_gain":175.0,"event_name":"Liars Game","player_choice":"AGREE","floor":2.0,"gold_loss":0.0,"damage_taken":0.0,"cards_obtained":["Doubt"]},{"damage_healed":0.0,"max_hp_gain":0.0,"max_hp_loss":0.0,"gold_gain":0.0,"event_name":"Big Fish","player_choice":"Box","floor":3.0,"gold_loss":0.0,"damage_taken":0.0,"relics_obtained":["Boot"],"cards_obtained":["Regret"]},{"damage_healed":0.0,"max_hp_gain":0.0,"max_hp_loss":0.0,"gold_gain":0.0,"event_name":"Lab","player_choice":"Got Potions","floor":4.0,"gold_loss":0.0,"damage_taken":0.0},{"damage_healed":0.0,"max_hp_gain":0.0,"max_hp_loss":0.0,"gold_gain":0.0,"event_name":"Scrap Ooze","player_choice":"Success","floor":13.0,"gold_loss":0.0,"damage_taken":3.0,"relics_obtained":["TungstenRod"]},{"damage_healed":0.0,"max_hp_gain":0.0,"max_hp_loss":0.0,"gold_gain":0.0,"event_name":"Addict","player_choice":"Obtained Relic","floor":20.0,"gold_loss":85.0,"damage_taken":0.0,"relics_obtained":["Mummified Hand"]},{"damage_healed":0.0,"max_hp_gain":0.0,"max_hp_loss":0.0,"gold_gain":0.0,"event_name":"Cursed Tome","player_choice":"Obtained Book","floor":21.0,"gold_loss":0.0,"damage_taken":16.0},{"damage_healed":0.0,"max_hp_gain":0.0,"max_hp_loss":0.0,"gold_gain":0.0,"event_name":"Masked Bandits","player_choice":"Fought Bandits","floor":22.0,"gold_loss":0.0,"damage_taken":0.0}],"is_beta":false,"boss_relics":[{"not_picked":["Cursed Key","Coffee Dripper"],"picked":"Empty Cage"}],"items_purged_floors":[5],"is_endless":false,"potions_floor_spawned":[12,14,22],"killed_by":"Sentry and Sphere","ascension_level":7}}