{"host":"i58uscbei3sy5089","time":1610902467,"event":{"mods":["ATMod(°¢èªMod)","Act Like it!","BaseMod","Challenge The Spire","Colored Powertips","Conspire","Infinite Spire","KinomotoSakuraMod(Ä¾Ö®±¾Ó£)","Lobotomy","LobotomyExtend","Minty Spire (QoL Compilation)","MostiFishMod","Quick Restart","Replay The Spire","Shop Mod","Spicy Shops","StSLib","TestMod","UnlockEverythingMod","[IsaacMod]ÒÔÈö¼âËþ","vexMod","¡¾¹¦ÄÜMod¡¿»ìãçÖ®»·ÐÞ¸´²¹¶¡","¡¾ÒÅÎï¿¨ÅÆ¡¿REMEMod","óô»ðÖ¸ÄÏ"],"gold_per_floor":[215,18,18,30,40,40,71,85,85,95,106,106,106,123,123,218,218,218,218,218,234,234,234,252,252,300,300,360,455,455,558,558,558,558],"floor_reached":33,"language":"ZHS","playtime":3048,"items_purged":["ClowCardTheShield"],"score":333,"play_id":"a65b1018-87af-48b6-9b9b-6d02c5c0922a","local_time":"20210118005427","is_ascension_mode":true,"campfire_choices":[{"data":"SpellCardSeal","floor":6.0,"key":"SMITH"},{"data":"AT_ShrugMaster","floor":12.0,"key":"SMITH"},{"data":"ReplayTheSpireMod:Necrogeddon","floor":15.0,"key":"SMITH"},{"floor":23.0,"key":"REST"},{"floor":25.0,"key":"REST"},{"data":"ClowCardTheWave","floor":30.0,"key":"SMITH"},{"floor":32.0,"key":"REST"}],"circlet_count":0,"master_deck":["SakuraCardTheMove+","ClowCardTheSword","ClowCardTheSword","ClowCardTheSword","ClowCardTheShield","ClowCardTheShield","ClowCardTheShield","SpellCardSeal+1","SpellCardRelease","ReplayTheSpireMod:Necrogeddon+1","AT_ShrugMaster+1","ClowCardThePower","ClowCardTheBubbles","ClowCardTheFight+1","ClowCardTheShot","ClowCardTheBig","ClowCardTheIllusion+1","ClowCardTheJump","ClowCardTheTwin","ClowCardTheFloat+1","ClowCardTheLight","ClowCardTheWave+1","ClowCardTheBig+1"],"relics":["KSMOD_SealedBook","KSMOD_SealedWand","testmod-TestBox","HushsDoor","DaveBox","AT_ATBox","REME_ComplimentaryCards","Nloth\u0027s Gift","D6","testmod-TimeTraveler","SynthV:TestCard","LetterFromLob","MerchantsRug","Pen Nib","infinitespire:WardingShard","AT_BladeRuinedKing","JellyFishMachine","Moonlight_r","Enchiridion","Smiling Mask","AT_MibuBalloonWealth","Lizard Tail"],"acts_visited":["Exordium","TheCity"],"potions_floor_usage":[],"damage_taken":[{"damage":0.0,"enemies":"Small Slimes","floor":1.0,"turns":3.0},{"damage":0.0,"enemies":"Cultist","floor":4.0,"turns":2.0},{"damage":0.0,"enemies":"conspire:RoseBush","floor":5.0,"turns":2.0},{"damage":5.0,"enemies":"Lagavulin","floor":7.0,"turns":4.0},{"damage":10.0,"enemies":"Looter","floor":8.0,"turns":2.0},{"damage":7.0,"enemies":"Red Slaver","floor":10.0,"turns":3.0},{"damage":7.0,"enemies":"conspire:2 RoseBushes","floor":11.0,"turns":4.0},{"damage":0.0,"enemies":"Large Slime","floor":14.0,"turns":9.0},{"damage":0.0,"enemies":"Hexaghost","floor":16.0,"turns":9.0},{"damage":5.0,"enemies":"3 Byrds","floor":21.0,"turns":9.0},{"damage":14.0,"enemies":"Chosen","floor":24.0,"turns":9.0},{"damage":3.0,"enemies":"Shelled Parasite and Fungi","floor":28.0,"turns":3.0},{"damage":0.0,"enemies":"3 Cultists","floor":29.0,"turns":5.0},{"damage":28.0,"enemies":"Gremlin Leader","floor":31.0,"turns":4.0},{"damage":0,"enemies":"Champ","floor":33,"turns":1}],"seed_played":"-30115564769670114","potions_obtained":[{"floor":4.0,"key":"Doom Potion"},{"floor":5.0,"key":"SpeedPotion"},{"floor":7.0,"key":"SteroidPotion"},{"floor":24.0,"key":"infinitespire:BlackPotion"}],"is_trial":false,"path_per_floor":["M","$","?","M","M","R","E","M","T","M","M","R","?","M","R","B",null,"M","?","AVR","M","?","R","M","R","T","?","M","M","R","E","R","B"],"character_chosen":"KINOMOTOSAKURA","items_purchased":["ClowCardThePower","MerchantsRug"],"campfire_rested":3,"item_purchase_floors":[2,2],"current_hp_per_floor":[70,70,55,55,55,55,50,40,40,33,26,26,26,26,26,26,70,29,13,13,8,8,29,15,36,36,36,33,33,33,5,26,26,26],"gold":558,"neow_bonus":"HUNDRED_GOLD","is_daily":false,"chose_seed":false,"campfire_upgraded":4,"win_rate":0.0,"timestamp":1610902467,"path_taken":["M","$","?","M","M","R","E","M","T","M","M","R","?","M","R","BOSS","M","?","AVR","M","?","R","M","R","T","?","M","M","R","E","R","BOSS"],"items_purchased_type":["Card","Relic"],"build_version":"2020-12-22","purchased_purges":1,"victory":false,"max_hp_per_floor":[70,70,70,70,70,70,70,70,70,70,70,70,70,70,70,70,70,70,70,70,70,70,70,70,70,70,70,70,70,70,70,70,70,70],"card_choices":[{"not_picked":["ClowCardTheDream","ClowCardTheFloat"],"picked":"ClowCardTheMove","floor":1.0},{"not_picked":["ClowCardTheTime","ClowCardTheCloud","ClowCardThePower","ClowCardTheErase"],"picked":"ClowCardTheBubbles","floor":4.0},{"not_picked":["ClowCardTheStorm","ClowCardTheFreeze","ClowCardTheTime","ClowCardTheMaze","ClowCardTheSilent"],"picked":"SKIP","floor":5.0},{"not_picked":["ClowCardTheFloat","ClowCardTheShadow","ClowCardTheWindy","ClowCardTheReturn"],"picked":"ClowCardTheFight","floor":7.0},{"not_picked":["ClowCardThePower","ClowCardTheSilent","ClowCardTheChange","ClowCardTheSnow"],"picked":"ClowCardTheShot","floor":8.0},{"not_picked":["ClowCardTheRain","ClowCardTheShadow","ClowCardTheThrough","ClowCardTheMist"],"picked":"ClowCardTheBig","floor":10.0},{"not_picked":["ClowCardTheMirror","ClowCardTheMist","ClowCardTheArrow","ClowCardTheEarthy"],"picked":"ClowCardTheIllusion","floor":11.0},{"not_picked":["ClowCardTheSilent","ClowCardTheLittle","ClowCardTheIllusion","ClowCardTheFlower"],"picked":"ClowCardTheJump","floor":14.0},{"not_picked":["ClowCardTheDark","ClowCardTheReturn","ClowCardTheFight","ClowCardTheThunder"],"picked":"ClowCardTheTwin","floor":16.0},{"not_picked":["ClowCardTheShot","ClowCardTheMist","ClowCardTheCloud+1","ClowCardTheStorm","ClowCardTheShadow+1"],"picked":"SKIP","floor":21.0},{"not_picked":["ClowCardTheChange+1","ClowCardTheRain","ClowCardTheWood","ClowCardTheThrough"],"picked":"ClowCardTheFloat+1","floor":24.0},{"not_picked":["ClowCardTheStorm","ClowCardTheWave","ClowCardTheCloud","ClowCardTheFreeze"],"picked":"ClowCardTheLight","floor":28.0},{"not_picked":["ClowCardTheSong","ClowCardTheErase","ClowCardTheCloud","ClowCardTheEarthy"],"picked":"ClowCardTheWave","floor":29.0},{"not_picked":["ClowCardTheArrow","ClowCardTheFight","ClowCardTheLoop","ClowCardTheEarthy"],"picked":"ClowCardTheBig+1","floor":31.0}],"player_experience":590867,"relics_obtained":[{"floor":1.0,"key":"SynthV:TestCard"},{"floor":1.0,"key":"LetterFromLob"},{"floor":7.0,"key":"infinitespire:WardingShard"},{"floor":9.0,"key":"AT_BladeRuinedKing"},{"floor":19.0,"key":"Enchiridion"},{"floor":26.0,"key":"AT_MibuBalloonWealth"},{"floor":31.0,"key":"Lizard Tail"}],"event_choices":[{"damage_healed":0.0,"max_hp_gain":0.0,"max_hp_loss":0.0,"gold_gain":0.0,"event_name":"Cursed Tome","player_choice":"Obtained Book","floor":19.0,"gold_loss":0.0,"damage_taken":16.0}],"is_beta":false,"boss_relics":[{"not_picked":["testmod-DreamHouse","NightmareShop"],"picked":"JellyFishMachine"},{"not_picked":[]}],"items_purged_floors":[20],"is_endless":false,"potions_floor_spawned":[4,5,7,8,14,16,24],"killed_by":"Champ","ascension_level":1}}