{"host":"f5mjulaw5aqlqmd7","time":1610922198,"event":{"mods":["Act Like it!","BaseMod","Colored Map","GifTheSpireLib","Hallownest","Minty Spire (QoL Compilation)","StSLib"],"gold_per_floor":[117,117,127,127,139,139,164,181,181,201,221,221,236,254,254,358,358,369,379,379,35,55,55,55],"floor_reached":23,"language":"ENG","playtime":1810,"items_purged":["Pain"],"score":222,"play_id":"837a5a88-5317-4294-be39-cda2b32def1f","local_time":"20210117172318","is_ascension_mode":false,"campfire_choices":[{"data":"Poisoned Stab","floor":6,"key":"SMITH"},{"floor":12,"key":"REST"},{"floor":15,"key":"REST"}],"circlet_count":0,"master_deck":["Strike_G","Strike_G","Strike_G","Strike_G","Strike_G","Defend_G","Defend_G","Defend_G","Defend_G","Defend_G","Survivor","Neutralize","Flying Knee","Poisoned Stab+1","Poisoned Stab","Poisoned Stab","Blade Dance","Poisoned Stab","Escape Plan","PiercingWail","Backflip","Die Die Die","Flying Knee+1","Catalyst","Catalyst","Bouncing Flask","Dark Shackles","All Out Attack"],"relics":["Philosopher\u0027s Stone","WarpedTongs","Blood Vial","Meat on the Bone","WristBlade","Membership Card"],"acts_visited":["Exordium","TheCity"],"potions_floor_usage":[10],"damage_taken":[{"damage":1,"enemies":"Jaw Worm","floor":1,"turns":5},{"damage":0,"enemies":"2 Louse","floor":3,"turns":2},{"damage":6,"enemies":"Cultist","floor":5,"turns":4},{"damage":35,"enemies":"3 Sentries","floor":7,"turns":10},{"damage":4,"enemies":"Exordium Wildlife","floor":8,"turns":3},{"damage":26,"enemies":"Lots of Slimes","floor":10,"turns":2},{"damage":7,"enemies":"Looter","floor":11,"turns":2},{"damage":3,"enemies":"Exordium Wildlife","floor":13,"turns":3},{"damage":1,"enemies":"Red Slaver","floor":14,"turns":3},{"damage":12,"enemies":"Hexaghost","floor":16,"turns":8},{"damage":35,"enemies":"3 Byrds","floor":18,"turns":4},{"damage":1,"enemies":"Spheric Guardian","floor":19,"turns":3},{"damage":22,"enemies":"Centurion and Healer","floor":22,"turns":6},{"damage":42,"enemies":"Gremlin Leader","floor":23,"turns":4}],"seed_played":"1188707049793445492","potions_obtained":[{"floor":5,"key":"Fire Potion"},{"floor":11,"key":"Poison Potion"},{"floor":13,"key":"BlessingOfTheForge"},{"floor":14,"key":"SpeedPotion"}],"is_trial":false,"path_per_floor":["M","?","M","?","M","R","E","M","T","M","M","R","M","M","R","B",null,"M","M","?","$","M","E"],"character_chosen":"THE_SILENT","items_purchased":["Bouncing Flask","Membership Card","Dark Shackles"],"campfire_rested":2,"item_purchase_floors":[21,21,21],"current_hp_per_floor":[69,69,69,69,63,63,28,26,26,14,21,42,41,42,63,53,70,47,48,48,48,40,0,0],"gold":55,"neow_bonus":"BOSS_RELIC","is_daily":false,"chose_seed":false,"campfire_upgraded":1,"win_rate":0.0,"timestamp":1610922198,"path_taken":["M","?","M","?","?","R","E","M","T","M","M","R","M","M","R","BOSS","M","M","?","$","?","E"],"items_purchased_type":["Card","Relic","Card"],"build_version":"2020-12-22","purchased_purges":1,"victory":false,"max_hp_per_floor":[70,70,70,70,70,70,70,70,70,70,70,70,70,70,70,70,70,70,70,70,70,70,70,70],"card_choices":[{"not_picked":["Dagger Throw","Eviscerate"],"picked":"Flying Knee","floor":1},{"not_picked":["Outmaneuver","Riddle With Holes"],"picked":"Poisoned Stab","floor":3},{"not_picked":["Dagger Spray","Underhanded Strike"],"picked":"Poisoned Stab","floor":5},{"not_picked":["Finisher","Dodge and Roll"],"picked":"Poisoned Stab","floor":7},{"not_picked":["Prepared","Footwork"],"picked":"Blade Dance","floor":8},{"not_picked":["Dodge and Roll","Tactician"],"picked":"Poisoned Stab","floor":10},{"not_picked":["Infinite Blades","Dagger Spray"],"picked":"Escape Plan","floor":11},{"not_picked":["Acrobatics","Expertise"],"picked":"PiercingWail","floor":13},{"not_picked":["Underhanded Strike","Reflex"],"picked":"Backflip","floor":14},{"not_picked":["Venomology","Burst"],"picked":"Die Die Die","floor":16},{"not_picked":["Dagger Throw","Skewer"],"picked":"Flying Knee+1","floor":18},{"not_picked":["PiercingWail","Slice"],"picked":"Catalyst","floor":19},{"not_picked":["Caltrops","Prepared"],"picked":"All Out Attack","floor":22}],"player_experience":7108,"relics_obtained":[{"floor":7,"key":"Blood Vial"},{"floor":9,"key":"Meat on the Bone"}],"event_choices":[{"damage_healed":0,"gold_gain":0,"player_choice":"Ignored","damage_taken":0,"max_hp_gain":0,"max_hp_loss":0,"event_name":"Golden Wing","floor":2,"gold_loss":0},{"damage_healed":0,"gold_gain":0,"player_choice":"Rummage","damage_taken":0,"relics_obtained":["WarpedTongs"],"max_hp_gain":0,"max_hp_loss":0,"event_name":"Accursed Blacksmith","floor":4,"gold_loss":0,"cards_obtained":["Pain"]},{"damage_healed":0,"gold_gain":0,"player_choice":"Copied","damage_taken":0,"max_hp_gain":0,"max_hp_loss":0,"event_name":"Duplicator","floor":20,"gold_loss":0,"cards_obtained":["Catalyst"]}],"is_beta":false,"boss_relics":[{"not_picked":["Runic Pyramid","Busted Crown"],"picked":"WristBlade"}],"items_purged_floors":[21],"is_endless":false,"potions_floor_spawned":[5,11,13,14,16,18,19],"killed_by":"Gremlin Leader","ascension_level":0}}