{"host":"wad60ubd84l8p1x5","time":1610876435,"event":{"mods":["AchievementEnabler","BaseMod","Colored Map","Minty Spire (QoL Compilation)","StSLib","SuperFastMode"],"gold_per_floor":[117,127,127,151,151,192,192,42,42,58,58,78,78,98,98,222,222,243,237,41,57,0,0,0,0,0],"floor_reached":25,"language":"KOR","playtime":913,"items_purged":["Strike_B"],"score":203,"play_id":"578a07ee-923c-40af-be4a-9575cd3a0192","local_time":"20210117184035","is_ascension_mode":false,"campfire_choices":[{"floor":7,"key":"REST"},{"data":"Conserve Battery","floor":11,"key":"SMITH"},{"floor":15,"key":"REST"},{"floor":23,"key":"REST"}],"circlet_count":0,"master_deck":["Strike_B","Strike_B+1","Strike_B","Defend_B+1","Defend_B","Defend_B","Defend_B","Zap","Dualcast","Sweeping Beam","Gash","Coolheaded","Go for the Eyes","Conserve Battery+1","Scrape","Beam Cell","Seek","CurseOfTheBell","Steam","BootSequence","Turbo"],"relics":["Cracked Core","Vajra","Golden Idol","Singing Bowl","Juzu Bracelet","Calling Bell","Tiny Chest","Question Card","Girya"],"acts_visited":["Exordium","TheCity"],"potions_floor_usage":[21],"damage_taken":[{"damage":0,"enemies":"Small Slimes","floor":1,"turns":3},{"damage":1,"enemies":"Jaw Worm","floor":2,"turns":3},{"damage":1,"enemies":"Cultist","floor":4,"turns":3},{"damage":32,"enemies":"Gremlin Nob","floor":6,"turns":5},{"damage":4,"enemies":"Exordium Thugs","floor":10,"turns":3},{"damage":5,"enemies":"Exordium Wildlife","floor":12,"turns":3},{"damage":7,"enemies":"Red Slaver","floor":14,"turns":4},{"damage":32,"enemies":"Hexaghost","floor":16,"turns":10},{"damage":17,"enemies":"Spheric Guardian","floor":18,"turns":4},{"damage":15,"enemies":"2 Thieves","floor":19,"turns":4},{"damage":27,"enemies":"Centurion and Healer","floor":21,"turns":6},{"damage":45,"enemies":"Slavers","floor":25,"turns":4}],"seed_played":"4886501558914024310","potions_obtained":[{"floor":10,"key":"PowerPotion"},{"floor":12,"key":"PotionOfCapacity"},{"floor":16,"key":"DuplicationPotion"}],"is_trial":false,"path_per_floor":["M","M","?","M","?","E","R","$","T","M","R","M","?","M","R","B",null,"M","M","$","M","?","R","$","E"],"character_chosen":"DEFECT","items_purchased":["Juzu Bracelet","BootSequence","Turbo"],"campfire_rested":3,"item_purchase_floors":[8,20,20],"current_hp_per_floor":[75,74,56,55,40,8,30,30,30,26,26,21,21,14,36,4,75,60,45,45,20,20,43,43,0,0],"gold":0,"neow_bonus":"RANDOM_COMMON_RELIC","is_daily":false,"chose_seed":false,"campfire_upgraded":1,"win_rate":0.0,"timestamp":1610876435,"path_taken":["M","M","?","M","?","E","R","?","T","M","R","M","?","M","R","BOSS","M","M","?","M","?","R","$","E"],"items_purchased_type":["Relic","Card","Card"],"build_version":"2020-12-22","purchased_purges":1,"victory":false,"max_hp_per_floor":[75,75,75,75,75,75,75,75,75,75,75,75,75,75,75,75,75,77,77,77,79,79,79,79,79,79],"card_choices":[{"not_picked":["Coolheaded","Rip and Tear"],"picked":"Sweeping Beam","floor":1},{"not_picked":["Reinforced Body","Steam"],"picked":"Gash","floor":2},{"not_picked":["Redo","Consume"],"picked":"Coolheaded","floor":4},{"not_picked":["Hologram","Conserve Battery"],"picked":"Go for the Eyes","floor":6},{"not_picked":["Turbo","Leap"],"picked":"Conserve Battery","floor":10},{"not_picked":["Amplify","Genetic Algorithm"],"picked":"Scrape","floor":12},{"not_picked":["Aggregate","Turbo"],"picked":"Beam Cell","floor":14},{"not_picked":["Echo Form","Machine Learning"],"picked":"Seek","floor":16},{"not_picked":["Cold Snap","Blizzard","Double Energy","Leap"],"picked":"Singing Bowl","floor":18},{"not_picked":["Tempest","Barrage","Sweeping Beam"],"picked":"Steam","floor":19},{"not_picked":["Reprogram","Doom and Gloom+1","Auto Shields","Storm"],"picked":"Singing Bowl","floor":21}],"player_experience":87705,"relics_obtained":[{"floor":6,"key":"Singing Bowl"},{"floor":17,"key":"Tiny Chest"},{"floor":17,"key":"Question Card"},{"floor":17,"key":"Girya"}],"event_choices":[{"damage_healed":0,"gold_gain":0,"player_choice":"Take Damage","damage_taken":18,"relics_obtained":["Golden Idol"],"max_hp_gain":0,"max_hp_loss":0,"event_name":"Golden Idol","floor":3,"gold_loss":0},{"damage_healed":0,"gold_gain":0,"player_choice":"Entered Light","damage_taken":15,"max_hp_gain":0,"max_hp_loss":0,"event_name":"Shining Light","floor":5,"gold_loss":0,"cards_upgraded":["Defend_B","Strike_B"]},{"damage_healed":0,"gold_gain":0,"player_choice":"Bought 0 Potions","damage_taken":0,"max_hp_gain":0,"max_hp_loss":0,"event_name":"The Woman in Blue","floor":13,"gold_loss":0},{"damage_healed":0,"gold_gain":0,"player_choice":"Paid Fearfully","damage_taken":0,"max_hp_gain":0,"max_hp_loss":0,"event_name":"Masked Bandits","floor":22,"gold_loss":57}],"is_beta":false,"boss_relics":[{"not_picked":["Snecko Eye","Velvet Choker"],"picked":"Calling Bell"}],"items_purged_floors":[20],"is_endless":false,"potions_floor_spawned":[10,12,16],"killed_by":"Slavers","ascension_level":0}}