{"host":"f5gffvlv6a66yqkd","time":1610879465,"event":{"mods":["2.2 Compatiblity","Alarm Clock","BaseMod","Colored Map","Custom Start","DeckTracker","Keyboard Shortcuts","Minty Spire (QoL Compilation)","Permanent Neow","Quick Restart","Relic Stats","Replay The Spire","StSLib","SuperFastMode"],"gold_per_floor":[114,114,114,129,229,229,242,242,242,254,30,30,41,60,60,60,60,60],"floor_reached":17,"language":"KOR","playtime":508,"items_purged":[],"score":194,"play_id":"172315a9-fda6-44fa-8655-626cf99ab6a4","local_time":"20210117193105","is_ascension_mode":true,"campfire_choices":[{"data":"Zap","floor":6,"key":"SMITH"},{"data":"Dualcast","floor":8,"key":"SMITH"},{"data":"Redo","floor":12,"key":"SMITH"}],"circlet_count":0,"master_deck":["AscendersBane","Strike_B","Strike_B","Defend_B","Defend_B","Defend_B","Defend_B","Zap+1","Dualcast+1","ReplayTheSpireMod:Reroute Power+1","Ball Lightning","Cold Snap","Redo+1","Gash","Reinforced Body","Gash"],"relics":["Cracked Core","ReplayTheSpireMod:Ninjato","Medical Kit"],"acts_visited":["Exordium"],"potions_floor_usage":[17,17,17,17],"damage_taken":[{"damage":7,"enemies":"Jaw Worm","floor":1,"turns":4},{"damage":2,"enemies":"2 Louse","floor":4,"turns":3},{"damage":2,"enemies":"Small Slimes","floor":7,"turns":3},{"damage":11,"enemies":"Gremlin Gang","floor":10,"turns":4},{"damage":10,"enemies":"Red Slaver","floor":13,"turns":4},{"damage":1,"enemies":"Blue Slaver","floor":14,"turns":3},{"damage":32,"enemies":"Fading Forest","floor":17,"turns":10}],"seed_played":"-688057153418476625","potions_obtained":[{"floor":7,"key":"SneckoOil"},{"floor":13,"key":"EntropicBrew"}],"is_trial":false,"path_per_floor":["M","?","?","M","?","R","M","R","T","M","$","R","M","M","PTL","PTL","B"],"character_chosen":"DEFECT","items_purchased":["Medical Kit","Gash"],"campfire_rested":0,"item_purchase_floors":[11,11],"current_hp_per_floor":[57,50,50,48,48,48,46,46,46,35,35,35,25,24,24,24,0,0],"gold":60,"neow_bonus":"REMOVE_CARD","is_daily":false,"chose_seed":false,"campfire_upgraded":3,"win_rate":0.0,"timestamp":1610879465,"path_taken":["M","?","?","M","?","R","?","R","T","M","?","R","M","M","PTL","PTL","BOSS"],"items_purchased_type":["Relic","Card"],"build_version":"2020-12-22","purchased_purges":0,"victory":false,"max_hp_per_floor":[71,71,71,71,71,71,71,71,71,71,71,71,71,71,71,71,71,71],"relic_stats":{"counters":[7,31],"Medical Kit":[5],"obtain_stats":[{"ReplayTheSpireMod:Ninjato":9,"Cracked Core":0,"Medical Kit":11},{"ReplayTheSpireMod:Ninjato":3,"Cracked Core":0,"Medical Kit":4},{"ReplayTheSpireMod:Ninjato":10,"Cracked Core":0,"Medical Kit":14}]},"card_choices":[{"not_picked":["Beam Cell","Hologram"],"picked":"Ball Lightning","floor":1},{"not_picked":["Conserve Battery","Go for the Eyes"],"picked":"Ball Lightning","floor":4},{"not_picked":["Hologram","BasicCrystalCard"],"picked":"Cold Snap","floor":7},{"not_picked":["Beam Cell","Steam Power"],"picked":"Redo","floor":10},{"not_picked":["Stack","Machine Learning"],"picked":"Reinforced Body","floor":13},{"not_picked":["Time Bomb","Beam Cell"],"picked":"Gash","floor":14}],"player_experience":1584413,"relics_obtained":[{"floor":9,"key":"ReplayTheSpireMod:Ninjato"}],"event_choices":[{"cards_removed":["Strike_B"],"damage_healed":0,"gold_gain":0,"player_choice":"Card Removal","damage_taken":7,"max_hp_gain":0,"max_hp_loss":0,"event_name":"Golden Wing","floor":2,"gold_loss":0},{"damage_healed":0,"gold_gain":100,"player_choice":"Gold","damage_taken":0,"max_hp_gain":0,"max_hp_loss":0,"event_name":"Wheel of Change","floor":5,"gold_loss":0}],"is_beta":false,"boss_relics":[],"items_purged_floors":[],"is_endless":false,"potions_floor_spawned":[7,13],"killed_by":"Fading Forest","ascension_level":20}}