{"host":"o8ich17pcr9p9m1c","time":1610876501,"event":{"mods":["Ascension Unlocker","BaseMod","Block Reminder","Colored Map","Colored Powertips","DeckTracker","Highlight Path","Minty Spire (QoL Compilation)","Quick Restart","Random Character Button","StSLib","SuperFastMode","UnlockEverythingMod"],"gold_per_floor":[115,65,82,82,82,122,122,122,148,188,188,188,201,219,219,350,350,368,386,386,386,406,406,440,463,488,535,535,551,571,594,594,717,717,737,677,392,406,426,457,480,523,548,569,569,569,589,614,614,614,614,614,72,116,116],"floor_reached":56,"language":"JPN","playtime":6447,"items_purged":[],"score":1241,"play_id":"04a00664-31e4-409e-8cc7-3856112dcd9a","local_time":"20210117184141","is_ascension_mode":false,"campfire_choices":[{"data":"LessonLearned","floor":7,"key":"SMITH"},{"floor":12,"key":"REST"},{"data":"LikeWater","floor":15,"key":"SMITH"},{"data":"Tantrum","floor":23,"key":"SMITH"},{"data":"Adaptation","floor":28,"key":"SMITH"},{"floor":32,"key":"REST"},{"floor":45,"key":"RECALL"},{"floor":49,"key":"REST"},{"data":"SpiritShield","floor":52,"key":"SMITH"}],"circlet_count":0,"master_deck":["Strike_P+1","Defend_P+1","Defend_P+1","Defend_P+1","Defend_P+1","Eruption+1","Vigilance+1","Worship+1","FearNoEvil+1","LikeWater+1","LessonLearned+1","Tantrum+1","FlurryOfBlows+1","Wallop+1","Blasphemy+1","CurseOfTheBell","Meditate+1","EmptyFist+1","SashWhip+1","Consecrate+1","Adaptation+1","FlurryOfBlows+1","ClearTheMind","Halt+1","Ragnarok+1","BowlingBash+1","FlurryOfBlows+1","Prostrate+1","Deep Breath+1","Study+1","Vengeance+1","Tantrum+1","SashWhip+1","ThirdEye+1","Pray","SpiritShield+1","Fasting2"],"relics":["HolyWater","Golden Idol","Pocketwatch","Ancient Tea Set","InkBottle","Calling Bell","Nunchaku","Sundial","Calipers","Nilry\u0027s Codex","Matryoshka","Lantern","Pen Nib","TeardropLocket","Medical Kit","Akabeko","Oddly Smooth Stone","Strawberry","OrangePellets","Mummified Hand","Orichalcum"],"acts_visited":["Exordium","TheCity","TheBeyond","TheEnding"],"potions_floor_usage":[6,6,16,18,24,50,55,55],"damage_taken":[{"damage":0,"enemies":"Small Slimes","floor":1,"turns":5},{"damage":0,"enemies":"2 Louse","floor":3,"turns":3},{"damage":12,"enemies":"3 Sentries","floor":6,"turns":10},{"damage":39,"enemies":"Gremlin Nob","floor":10,"turns":4},{"damage":0,"enemies":"Cultist","floor":13,"turns":3},{"damage":0,"enemies":"Exordium Thugs","floor":14,"turns":4},{"damage":0,"enemies":"Hexaghost","floor":16,"turns":6},{"damage":0,"enemies":"2 Thieves","floor":18,"turns":2},{"damage":0,"enemies":"3 Byrds","floor":19,"turns":5},{"damage":20,"enemies":"Centurion and Healer","floor":22,"turns":5},{"damage":2,"enemies":"Book of Stabbing","floor":24,"turns":3},{"damage":0,"enemies":"3 Cultists","floor":25,"turns":3},{"damage":2,"enemies":"Cultist and Chosen","floor":29,"turns":3},{"damage":0,"enemies":"Chosen and Byrds","floor":30,"turns":4},{"damage":13,"enemies":"Snake Plant","floor":31,"turns":5},{"damage":1,"enemies":"Champ","floor":33,"turns":9},{"damage":17,"enemies":"3 Shapes","floor":35,"turns":3},{"damage":7,"enemies":"3 Darklings","floor":38,"turns":5},{"damage":0,"enemies":"Jaw Worm Horde","floor":39,"turns":4},{"damage":18,"enemies":"Nemesis","floor":40,"turns":5},{"damage":0,"enemies":"Transient","floor":41,"turns":5},{"damage":10,"enemies":"Reptomancer","floor":42,"turns":4},{"damage":9,"enemies":"Spire Growth","floor":44,"turns":3},{"damage":4,"enemies":"3 Darklings","floor":47,"turns":7},{"damage":0,"enemies":"Maw","floor":48,"turns":9},{"damage":12,"enemies":"Awakened One","floor":50,"turns":13},{"damage":27,"enemies":"Shield and Spear","floor":54,"turns":7},{"damage":4,"enemies":"The Heart","floor":55,"turns":10}],"seed_played":"-8858025566510032669","potions_obtained":[{"floor":1,"key":"Fire Potion"},{"floor":3,"key":"Fire Potion"},{"floor":14,"key":"Fire Potion"},{"floor":16,"key":"Ambrosia"},{"floor":18,"key":"Strength Potion"},{"floor":19,"key":"SpeedPotion"},{"floor":29,"key":"BlessingOfTheForge"},{"floor":30,"key":"Weak Potion"},{"floor":38,"key":"LiquidBronze"},{"floor":40,"key":"EssenceOfSteel"},{"floor":47,"key":"Regen Potion"}],"is_trial":false,"path_per_floor":["M","?","M","?","?","E","R","?","T","E","?","R","M","M","R","B",null,"M","M","?","?","M","R","E","M","T","T","R","M","M","M","R","B",null,"M","?","$","M","M","E","M","E","T","M","R","?","M","M","R","B",null,"R","$","E","B",null],"character_chosen":"WATCHER","items_purchased":["Deep Breath","Medical Kit","Study","OrangePellets","Fasting2","Mummified Hand","GamblersBrew"],"campfire_rested":3,"item_purchase_floors":[37,37,37,53,53,53,53],"current_hp_per_floor":[72,72,72,54,54,42,42,42,42,3,3,24,24,24,24,24,72,72,72,56,56,36,36,34,34,34,34,34,32,32,19,40,39,72,55,55,55,48,48,30,30,20,27,18,18,18,14,14,37,40,79,79,79,52,48],"gold":116,"neow_bonus":"THREE_CARDS","is_daily":false,"chose_seed":false,"campfire_upgraded":5,"win_rate":0.0,"timestamp":1610876501,"path_taken":["M","?","M","?","?","E","R","?","T","E","?","R","M","M","R","BOSS","M","M","?","?","?","R","E","M","T","?","R","M","M","M","R","BOSS","M","?","$","?","M","E","M","E","T","M","R","?","M","M","R","BOSS","R","$","E","BOSS"],"items_purchased_type":["Card","Relic","Card","Relic","Card","Relic","Potion"],"build_version":"2020-12-22","purchased_purges":0,"victory":true,"max_hp_per_floor":[72,72,72,72,72,72,72,72,72,72,72,72,72,72,72,72,72,72,72,72,72,72,72,72,72,72,72,72,72,72,72,72,72,72,72,72,72,72,72,72,72,72,79,79,79,79,79,79,79,79,79,79,79,79,79],"card_choices":[{"not_picked":["SashWhip","Prostrate"],"picked":"Worship","floor":0},{"not_picked":["Adaptation","Indignation"],"picked":"FearNoEvil","floor":1},{"not_picked":["Prostrate","Protect"],"picked":"LikeWater","floor":3},{"not_picked":["InnerPeace","ThirdEye"],"picked":"LessonLearned","floor":6},{"not_picked":["ClearTheMind","Consecrate"],"picked":"Tantrum","floor":10},{"not_picked":["Weave","BowlingBash"],"picked":"FlurryOfBlows","floor":13},{"not_picked":["Indignation","SandsOfTime"],"picked":"Wallop","floor":14},{"not_picked":["Wish","Omniscience"],"picked":"Blasphemy","floor":16},{"not_picked":["FlurryOfBlows","SashWhip+1"],"picked":"Meditate+1","floor":18},{"not_picked":["Indignation","Evaluate"],"picked":"EmptyFist","floor":19},{"not_picked":["FlyingSleeves","FollowUp"],"picked":"SashWhip+1","floor":22},{"not_picked":["EmptyBody","CrushJoints"],"picked":"Consecrate+1","floor":24},{"not_picked":["Perseverance","EmptyMind"],"picked":"Adaptation","floor":25},{"not_picked":["ReachHeaven+1","FearNoEvil"],"picked":"FlurryOfBlows","floor":29},{"not_picked":["Nirvana","FollowUp"],"picked":"ClearTheMind","floor":30},{"not_picked":["Blasphemy","ClearTheMind"],"picked":"Halt+1","floor":31},{"not_picked":["Wish","Omniscience"],"picked":"Ragnarok","floor":33},{"not_picked":["FollowUp+1","Study"],"picked":"BowlingBash+1","floor":35},{"not_picked":["EmptyBody","PathToVictory"],"picked":"Vengeance","floor":38},{"not_picked":["ThirdEye","Alpha"],"picked":"Tantrum+1","floor":39},{"not_picked":["Weave+1","Consecrate"],"picked":"SashWhip+1","floor":40},{"not_picked":["FearNoEvil","BowlingBash+1","Crescendo"],"picked":"SKIP","floor":41},{"not_picked":["Consecrate+1","JustLucky+1","ClearTheMind+1"],"picked":"SKIP","floor":42},{"not_picked":["Crescendo+1","Consecrate+1"],"picked":"ThirdEye+1","floor":44},{"not_picked":["FlyingSleeves+1","Evaluate"],"picked":"Pray","floor":47},{"not_picked":["Worship+1","WindmillStrike+1"],"picked":"SpiritShield","floor":48},{"not_picked":["Consecrate+1","CarveReality","FlurryOfBlows+1"],"picked":"SKIP","floor":54}],"player_experience":0,"relics_obtained":[{"floor":6,"key":"Pocketwatch"},{"floor":9,"key":"Ancient Tea Set"},{"floor":10,"key":"InkBottle"},{"floor":17,"key":"Nunchaku"},{"floor":17,"key":"Sundial"},{"floor":17,"key":"Calipers"},{"floor":20,"key":"Nilry\u0027s Codex"},{"floor":24,"key":"Matryoshka"},{"floor":26,"key":"Lantern"},{"floor":26,"key":"Pen Nib"},{"floor":27,"key":"TeardropLocket"},{"floor":40,"key":"Akabeko"},{"floor":42,"key":"Oddly Smooth Stone"},{"floor":43,"key":"Strawberry"},{"floor":54,"key":"Orichalcum"}],"event_choices":[{"cards_removed":["Strike_P"],"damage_healed":0,"gold_gain":0,"player_choice":"Card Removal","damage_taken":0,"max_hp_gain":0,"max_hp_loss":0,"event_name":"The Cleric","floor":2,"gold_loss":50},{"damage_healed":0,"gold_gain":0,"player_choice":"Take Damage","damage_taken":18,"relics_obtained":["Golden Idol"],"max_hp_gain":0,"max_hp_loss":0,"event_name":"Golden Idol","floor":4,"gold_loss":0},{"damage_healed":0,"gold_gain":0,"player_choice":"Grow","damage_taken":0,"max_hp_gain":0,"max_hp_loss":0,"event_name":"Living Wall","floor":5,"gold_loss":0,"cards_upgraded":["Worship"]},{"damage_healed":0,"gold_gain":0,"player_choice":"Ignored","damage_taken":0,"max_hp_gain":0,"max_hp_loss":0,"event_name":"Shining Light","floor":8,"gold_loss":0},{"damage_healed":0,"gold_gain":0,"player_choice":"Fled","damage_taken":0,"max_hp_gain":0,"max_hp_loss":0,"event_name":"Scrap Ooze","floor":11,"gold_loss":0},{"damage_healed":0,"gold_gain":0,"player_choice":"Obtained Book","damage_taken":16,"max_hp_gain":0,"max_hp_loss":0,"event_name":"Cursed Tome","floor":20,"gold_loss":0},{"damage_healed":0,"gold_gain":0,"player_choice":"Ignored","damage_taken":0,"max_hp_gain":0,"max_hp_loss":0,"event_name":"NoteForYourself","floor":21,"gold_loss":0},{"damage_healed":0,"gold_gain":0,"cards_transformed":["Strike_P","Strike_P"],"player_choice":"Transformed Cards","damage_taken":0,"max_hp_gain":0,"max_hp_loss":0,"event_name":"Designer","floor":36,"gold_loss":60,"cards_obtained":["FlurryOfBlows","Prostrate"]},{"damage_healed":0,"gold_gain":0,"player_choice":"Ignored","damage_taken":0,"max_hp_gain":0,"max_hp_loss":0,"event_name":"Mysterious Sphere","floor":46,"gold_loss":0}],"is_beta":false,"boss_relics":[{"not_picked":["Tiny House","Velvet Choker"],"picked":"Calling Bell"},{"not_picked":["Pandora\u0027s Box","Black Star"],"picked":"HolyWater"}],"items_purged_floors":[],"is_endless":false,"potions_floor_spawned":[1,3,14,16,18,19,29,30,33,38,40,42,47],"ascension_level":0}}