{"host":"qxeepl7ydvsgmfdb","time":1610883138,"event":{"mods":["AchievementEnabler","BaseMod","Colored Powertips","Minty Spire (QoL Compilation)","Quick Restart","slay the spire mod where everything is the same but ironclad has a cowboy hat"],"gold_per_floor":[112,67,82,82,257,292,292,303,303,303,331,341,341,372,372,473,473,490,490,415,415,426,451,451,481,507,507,535,547,573,585,585,680,680,692,692,702,713,178,211,58,92,92,108,158,158,158,0,0,0],"floor_reached":51,"language":"ENG","playtime":1717,"items_purged":["Strike_G"],"score":1255,"play_id":"85b605e8-0e59-48ab-af0c-a56bf7965fc3","local_time":"20210117063218","is_ascension_mode":true,"campfire_choices":[{"data":"Doubt","floor":10,"key":"PURGE"},{"data":"Cloak And Dagger","floor":15,"key":"SMITH"},{"floor":24,"key":"REST"},{"data":"Strike_G","floor":27,"key":"PURGE"},{"floor":32,"key":"REST"},{"floor":46,"key":"REST"},{"data":"Adrenaline","floor":49,"key":"SMITH"}],"circlet_count":0,"master_deck":["Strike_G","Strike_G","Defend_G","Defend_G","Defend_G","Defend_G","Defend_G","Survivor","Neutralize","Deflect","Slice+1","Dagger Spray","Cloak And Dagger+1","RitualDagger","Poisoned Stab","Slice","Backflip","Blade Dance","Adrenaline+1","Blade Dance+1","Quick Slash"],"relics":["Ring of the Snake","NeowsBlessing","Thread and Needle","Peace Pipe","Shuriken","Bag of Preparation","HornCleat","Ornamental Fan","WristBlade","Kunai","Paper Crane","Potion Belt","Bag of Marbles","Orichalcum","SlaversCollar","Mercury Hourglass","Ice Cream","Regal Pillow","Pear","Pantograph","The Specimen","Red Mask"],"acts_visited":["Exordium","TheCity","TheBeyond"],"potions_floor_usage":[16,25,28,33,33,38,50],"damage_taken":[{"damage":0,"enemies":"Cultist","floor":1,"turns":1},{"damage":0,"enemies":"Small Slimes","floor":3,"turns":1},{"damage":0,"enemies":"Gremlin Nob","floor":6,"turns":1},{"damage":0,"enemies":"2 Louse","floor":8,"turns":2},{"damage":7,"enemies":"Lagavulin","floor":11,"turns":7},{"damage":0,"enemies":"Gremlin Gang","floor":12,"turns":3},{"damage":0,"enemies":"3 Sentries","floor":14,"turns":5},{"damage":9,"enemies":"Slime Boss","floor":16,"turns":7},{"damage":0,"enemies":"Shell Parasite","floor":18,"turns":5},{"damage":0,"enemies":"Chosen","floor":22,"turns":3},{"damage":14,"enemies":"Book of Stabbing","floor":23,"turns":6},{"damage":0,"enemies":"Gremlin Leader","floor":25,"turns":5},{"damage":0,"enemies":"Slavers","floor":28,"turns":5},{"damage":0,"enemies":"Shelled Parasite and Fungi","floor":29,"turns":5},{"damage":8,"enemies":"Gremlin Leader","floor":30,"turns":6},{"damage":0,"enemies":"Cultist and Chosen","floor":31,"turns":5},{"damage":47,"enemies":"Collector","floor":33,"turns":9},{"damage":0,"enemies":"Orb Walker","floor":35,"turns":2},{"damage":0,"enemies":"3 Shapes","floor":37,"turns":6},{"damage":17,"enemies":"Maw","floor":38,"turns":8},{"damage":0,"enemies":"Reptomancer","floor":40,"turns":5},{"damage":22,"enemies":"Giant Head","floor":42,"turns":8},{"damage":3,"enemies":"Transient","floor":44,"turns":5},{"damage":0,"enemies":"Mind Bloom Boss Battle","floor":45,"turns":2},{"damage":8,"enemies":"Donu and Deca","floor":50,"turns":6}],"seed_played":"2845287469294409339","potions_obtained":[{"floor":6,"key":"Ancient Potion"},{"floor":12,"key":"DuplicationPotion"},{"floor":16,"key":"CunningPotion"},{"floor":22,"key":"Poison Potion"},{"floor":23,"key":"LiquidBronze"},{"floor":31,"key":"AttackPotion"},{"floor":33,"key":"SpeedPotion"},{"floor":35,"key":"BlessingOfTheForge"},{"floor":40,"key":"Ancient Potion"},{"floor":44,"key":"SpeedPotion"}],"is_trial":false,"path_per_floor":["M","$","M","?","?","E","?","M","T","R","E","M","T","E","R","B",null,"M","?","?","?","M","E","R","E","T","R","E","M","E","M","R","B",null,"M","?","M","M","$","E","$","E","T","M","?","R","?","?","R","B",null],"character_chosen":"THE_SILENT","items_purchased":["Slice","Mercury Hourglass","Blade Dance","PowerPotion","FairyPotion","Regal Pillow"],"campfire_rested":3,"item_purchase_floors":[2,39,39,39,39,41],"current_hp_per_floor":[63,63,63,63,63,63,63,63,63,63,56,56,56,56,56,47,64,64,51,51,45,45,31,53,53,53,53,53,53,45,45,67,20,61,61,61,61,44,44,44,44,32,32,29,54,85,85,85,85,77],"gold":0,"neow_bonus":"THREE_ENEMY_KILL","is_daily":false,"chose_seed":false,"campfire_upgraded":2,"win_rate":0.0,"timestamp":1610883138,"path_taken":["M","$","?","?","?","E","?","M","T","R","E","?","?","E","R","BOSS","M","?","?","?","M","E","R","E","T","R","E","M","E","M","R","BOSS","M","?","M","M","$","E","$","E","T","M","?","R","?","?","R","BOSS"],"items_purchased_type":["Card","Relic","Card","Potion","Potion","Relic"],"build_version":"2020-12-22","purchased_purges":1,"victory":true,"max_hp_per_floor":[70,70,70,70,70,70,70,70,70,70,70,70,70,70,70,70,70,70,75,75,75,75,75,75,75,75,75,75,75,75,75,75,75,75,75,75,75,75,75,75,75,85,85,85,85,85,85,85,85,85],"card_choices":[{"not_picked":["Backflip","Underhanded Strike"],"picked":"Deflect","floor":1},{"not_picked":["Dagger Throw","Bane","Acrobatics"],"picked":"SKIP","floor":3},{"not_picked":["PiercingWail","Sucker Punch"],"picked":"Dagger Spray","floor":6},{"not_picked":["Slice","Flechettes"],"picked":"Cloak And Dagger","floor":8},{"not_picked":["PiercingWail","Calculated Gamble"],"picked":"Cloak And Dagger","floor":11},{"not_picked":["Unload","Caltrops","Setup"],"picked":"SKIP","floor":12},{"not_picked":["Flying Knee","Dagger Spray","PiercingWail"],"picked":"SKIP","floor":14},{"not_picked":["Dodge and Roll","Outmaneuver","Predator"],"picked":"SKIP","floor":18},{"not_picked":["Slice","Flying Knee"],"picked":"Poisoned Stab","floor":22},{"not_picked":["Sucker Punch","Flechettes+1","Bouncing Flask+1"],"picked":"SKIP","floor":23},{"not_picked":["Acrobatics","Dagger Throw+1","Glass Knife"],"picked":"SKIP","floor":25},{"not_picked":["Blur","Caltrops","Skewer+1"],"picked":"SKIP","floor":28},{"not_picked":["Blur","Deflect","Calculated Gamble"],"picked":"SKIP","floor":29},{"not_picked":["Backflip","All Out Attack","PiercingWail"],"picked":"SKIP","floor":30},{"not_picked":["Outmaneuver+1","Dagger Throw"],"picked":"Slice","floor":31},{"not_picked":["Quick Slash+1","Sucker Punch"],"picked":"Backflip","floor":35},{"not_picked":["Dagger Spray","Terror+1","Infinite Blades"],"picked":"SKIP","floor":37},{"not_picked":["Outmaneuver","Backflip+1","Footwork+1"],"picked":"SKIP","floor":38},{"not_picked":["Sucker Punch","Backflip","Outmaneuver+1"],"picked":"SKIP","floor":40},{"not_picked":["Footwork+1","Crippling Poison+1"],"picked":"Adrenaline","floor":42},{"not_picked":["Escape Plan","Expertise+1"],"picked":"Blade Dance+1","floor":44},{"not_picked":["Catalyst+1","Deflect"],"picked":"Quick Slash","floor":45}],"player_experience":162311,"relics_obtained":[{"floor":6,"key":"Thread and Needle"},{"floor":9,"key":"Shuriken"},{"floor":11,"key":"Bag of Preparation"},{"floor":13,"key":"HornCleat"},{"floor":14,"key":"Ornamental Fan"},{"floor":23,"key":"Kunai"},{"floor":25,"key":"Paper Crane"},{"floor":26,"key":"Potion Belt"},{"floor":28,"key":"Bag of Marbles"},{"floor":30,"key":"Orichalcum"},{"floor":40,"key":"Ice Cream"},{"floor":42,"key":"Pear"},{"floor":43,"key":"Pantograph"},{"floor":45,"key":"The Specimen"}],"event_choices":[{"damage_healed":0,"gold_gain":0,"player_choice":"Grow","damage_taken":0,"max_hp_gain":0,"max_hp_loss":0,"event_name":"Living Wall","floor":4,"gold_loss":0,"cards_upgraded":["Slice"]},{"damage_healed":0,"gold_gain":175,"player_choice":"AGREE","damage_taken":0,"max_hp_gain":0,"max_hp_loss":0,"event_name":"Liars Game","floor":5,"gold_loss":0,"cards_obtained":["Doubt"]},{"damage_healed":0,"gold_gain":0,"player_choice":"Gave Potion","damage_taken":0,"relics_obtained":["Peace Pipe"],"max_hp_gain":0,"max_hp_loss":0,"event_name":"WeMeetAgain","floor":7,"gold_loss":0},{"damage_healed":0,"gold_gain":0,"player_choice":"Shed Blood","damage_taken":18,"max_hp_gain":5,"max_hp_loss":0,"event_name":"Forgotten Altar","floor":19,"gold_loss":0},{"cards_removed":["Strike_G"],"damage_healed":0,"gold_gain":0,"player_choice":"Gave Gold","damage_taken":0,"max_hp_gain":0,"max_hp_loss":0,"event_name":"Beggar","floor":20,"gold_loss":75},{"damage_healed":0,"gold_gain":0,"player_choice":"Joined the Cult","damage_taken":6,"max_hp_gain":0,"max_hp_loss":0,"event_name":"Nest","floor":21,"gold_loss":0,"cards_obtained":["RitualDagger"]},{"cards_removed":["Cloak And Dagger"],"damage_healed":0,"gold_gain":0,"player_choice":"Removed Skill","damage_taken":0,"max_hp_gain":0,"max_hp_loss":0,"event_name":"Falling","floor":36,"gold_loss":0},{"damage_healed":0,"gold_gain":0,"player_choice":"Fight","damage_taken":0,"max_hp_gain":0,"max_hp_loss":0,"event_name":"MindBloom","floor":45,"gold_loss":0},{"damage_healed":0,"gold_gain":0,"player_choice":"Memory 1","damage_taken":0,"max_hp_gain":0,"max_hp_loss":0,"event_name":"SensoryStone","floor":47,"gold_loss":0},{"damage_healed":0,"gold_gain":0,"player_choice":"Paid","damage_taken":0,"relics_obtained":["Red Mask"],"max_hp_gain":0,"max_hp_loss":0,"event_name":"Tomb of Lord Red Mask","floor":48,"gold_loss":158}],"is_beta":false,"boss_relics":[{"not_picked":["Ectoplasm","Ring of the Serpent"],"picked":"WristBlade"},{"not_picked":["Fusion Hammer","Busted Crown"],"picked":"SlaversCollar"}],"items_purged_floors":[39],"is_endless":false,"potions_floor_spawned":[6,12,16,22,23,31,33,35,40,44],"ascension_level":7}}