{"host":"jwbw4f4imxd0v0b0","time":1610863604,"event":{"mods":["BaseMod","Colored Map","Highlight Path","Minty Spire (QoL Compilation)","Relic Stats","StSLib"],"gold_per_floor":[118,133,151,151,167,167,16,16,16,43,61,90,90,116,116,189,189,201,218,231,266,466,494,494,123,123,123,136,36,36,53,53,130,130,142,161,181,206,428,428,428,458,458,474,17,46,46,64,64,64],"floor_reached":51,"language":"ENG","playtime":3952,"items_purged":["Strike_G","Strike_G"],"score":1555,"play_id":"08d9f95f-2bfc-4a5b-8646-902940b99daf","local_time":"20210117000644","is_ascension_mode":true,"campfire_choices":[{"data":"Deadly Poison","floor":6.0,"key":"SMITH"},{"data":"Noxious Fumes","floor":8.0,"key":"SMITH"},{"data":"Survivor","floor":13.0,"key":"SMITH"},{"data":"Bouncing Flask","floor":15.0,"key":"SMITH"},{"data":"Footwork","floor":24.0,"key":"SMITH"},{"data":"Footwork","floor":27.0,"key":"SMITH"},{"data":"Acrobatics","floor":32,"key":"SMITH"},{"data":"Reflex","floor":40,"key":"SMITH"},{"data":"PiercingWail","floor":49,"key":"SMITH"}],"circlet_count":0,"master_deck":["AscendersBane","Strike_G","Strike_G","Strike_G","Defend_G","Defend_G","Defend_G","Defend_G","Defend_G","Survivor+1","Neutralize","Dagger Throw","Poisoned Stab","Deadly Poison+1","Noxious Fumes+1","Adrenaline","Backflip","Bouncing Flask+1","Adrenaline","Footwork+1","PiercingWail+1","Blur","PiercingWail","Footwork+1","PiercingWail","Calculated Gamble+1","Acrobatics+1","After Image","Reflex+1","Blur","Blur+1","After Image","PiercingWail"],"relics":["Coffee Dripper","Question Card","Centennial Puzzle","Happy Flower","Matryoshka","Odd Mushroom","Philosopher\u0027s Stone","Red Mask","Bronze Scales","Orrery","Akabeko","Letter Opener","Snecko Eye","Torii","Bag of Marbles","Darkstone Periapt","Tough Bandages","CaptainsWheel","Lee\u0027s Waffle","Lizard Tail","Anchor"],"acts_visited":["Exordium","TheCity","TheBeyond"],"potions_floor_usage":[33,42,42,50,50],"damage_taken":[{"damage":0.0,"enemies":"Jaw Worm","floor":1.0,"turns":5.0},{"damage":5.0,"enemies":"Cultist","floor":2.0,"turns":5.0},{"damage":0.0,"enemies":"2 Louse","floor":3.0,"turns":3.0},{"damage":7.0,"enemies":"Blue Slaver","floor":5.0,"turns":4.0},{"damage":7.0,"enemies":"Lagavulin","floor":10.0,"turns":7.0},{"damage":4.0,"enemies":"Red Slaver","floor":11.0,"turns":3.0},{"damage":26.0,"enemies":"Gremlin Nob","floor":12.0,"turns":4.0},{"damage":3.0,"enemies":"The Mushroom Lair","floor":14.0,"turns":4.0},{"damage":0.0,"enemies":"Hexaghost","floor":16.0,"turns":6.0},{"damage":12.0,"enemies":"Shell Parasite","floor":18.0,"turns":4.0},{"damage":0.0,"enemies":"Chosen","floor":19.0,"turns":4.0},{"damage":13.0,"enemies":"Snake Plant","floor":20.0,"turns":3.0},{"damage":14.0,"enemies":"Masked Bandits","floor":21.0,"turns":5.0},{"damage":6.0,"enemies":"Slavers","floor":23.0,"turns":5.0},{"damage":2.0,"enemies":"Cultist and Chosen","floor":28.0,"turns":4.0},{"damage":0,"enemies":"Centurion and Healer","floor":31,"turns":5},{"damage":0,"enemies":"Automaton","floor":33,"turns":9},{"damage":0,"enemies":"3 Shapes","floor":35,"turns":5},{"damage":0,"enemies":"Orb Walker","floor":36,"turns":4},{"damage":7,"enemies":"Jaw Worm Horde","floor":37,"turns":4},{"damage":0,"enemies":"Mind Bloom Boss Battle","floor":38,"turns":6},{"damage":1,"enemies":"Nemesis","floor":42,"turns":7},{"damage":0,"enemies":"3 Darklings","floor":44,"turns":6},{"damage":1,"enemies":"Reptomancer","floor":46,"turns":7},{"damage":13,"enemies":"Spire Growth","floor":48,"turns":6},{"damage":0,"enemies":"Awakened One","floor":50,"turns":15}],"seed_played":"6470180688554154519","potions_obtained":[{"floor":2.0,"key":"GhostInAJar"},{"floor":5.0,"key":"Fire Potion"},{"floor":14.0,"key":"SkillPotion"},{"floor":16.0,"key":"Regen Potion"},{"floor":19.0,"key":"GamblersBrew"},{"floor":21.0,"key":"Dexterity Potion"},{"floor":23.0,"key":"GamblersBrew"},{"floor":36,"key":"Weak Potion"},{"floor":42,"key":"Poison Potion"},{"floor":46,"key":"BlessingOfTheForge"}],"is_trial":false,"path_per_floor":["M","M","M","?","M","R","$","R","T","E","M","E","R","?","R","B",null,"M","M","M","?","?","E","R","$","T","R","M","$","?","M","R","B",null,"M","M","M","?","?","R","T","E","T","M","$","E","?","M","R","B",null],"character_chosen":"THE_SILENT","items_purchased":["Noxious Fumes","Regen Potion","GhostInAJar","PiercingWail","Orrery","Lee\u0027s Waffle","Lizard Tail"],"campfire_rested":0,"item_purchase_floors":[7,7,25,25,25,45,45],"current_hp_per_floor":[59,54,54,54,47,47,47,47,47,55,51,25,25,22,22,22,55,43,55,42,28,28,22,22,22,22,22,20,20,20,20,20,20,55,55,55,48,48,48,48,48,47,47,47,73,72,69,56,56,56],"gold":64,"neow_bonus":"BOSS_RELIC","is_daily":false,"chose_seed":false,"campfire_upgraded":9,"win_rate":0.0,"timestamp":1610863604,"path_taken":["M","M","M","?","?","R","$","R","T","E","M","E","R","?","R","BOSS","M","M","M","?","?","E","R","$","T","R","?","$","?","?","R","BOSS","M","M","M","?","?","R","?","E","T","M","$","E","?","?","R","BOSS"],"items_purchased_type":["Card","Potion","Potion","Card","Relic","Relic","Relic"],"build_version":"2020-12-22","purchased_purges":2,"victory":true,"max_hp_per_floor":[66,66,66,66,66,66,66,66,66,66,66,66,66,66,66,66,66,66,66,66,66,66,66,66,66,66,66,66,66,66,66,66,66,66,66,66,66,66,66,66,66,66,66,66,73,73,69,69,69,69],"relic_stats":{"Darkstone Periapt":0,"Lee\u0027s Waffle":26,"Happy Flower":[38],"Torii":5,"counters":[26,140],"Letter Opener":[443],"Question Card":27,"Centennial Puzzle":[39],"Tough Bandages":[162],"Lizard Tail":0,"Bronze Scales":[279],"Snecko Eye":[161,134,139,154],"obtain_stats":[{"Darkstone Periapt":41,"Lee\u0027s Waffle":45,"Happy Flower":10,"Torii":38,"Letter Opener":26,"Odd Mushroom":14,"Question Card":4,"Akabeko":26,"Centennial Puzzle":9,"Tough Bandages":42,"CaptainsWheel":43,"Lizard Tail":45,"Anchor":46,"Matryoshka":12,"Bronze Scales":23,"Orrery":25,"Snecko Eye":34,"Philosopher\u0027s Stone":17,"Coffee Dripper":0,"Red Mask":21,"Bag of Marbles":41,"Ring of the Snake":0},{"Darkstone Periapt":21,"Lee\u0027s Waffle":23,"Happy Flower":5,"Torii":21,"Letter Opener":14,"Odd Mushroom":8,"Question Card":3,"Akabeko":14,"Centennial Puzzle":4,"Tough Bandages":22,"CaptainsWheel":22,"Lizard Tail":23,"Anchor":24,"Matryoshka":7,"Bronze Scales":14,"Orrery":14,"Snecko Eye":17,"Philosopher\u0027s Stone":9,"Coffee Dripper":0,"Red Mask":13,"Bag of Marbles":21,"Ring of the Snake":0},{"Darkstone Periapt":99,"Lee\u0027s Waffle":112,"Happy Flower":24,"Torii":99,"Letter Opener":62,"Odd Mushroom":35,"Question Card":13,"Akabeko":62,"Centennial Puzzle":17,"Tough Bandages":106,"CaptainsWheel":106,"Lizard Tail":112,"Anchor":119,"Matryoshka":31,"Bronze Scales":62,"Orrery":62,"Snecko Eye":80,"Philosopher\u0027s Stone":41,"Coffee Dripper":0,"Red Mask":57,"Bag of Marbles":99,"Ring of the Snake":0}]},"card_choices":[{"not_picked":["Dagger Spray","Slice"],"picked":"Cloak And Dagger","floor":1.0},{"not_picked":["Dagger Spray","Dodge and Roll"],"picked":"Dagger Throw","floor":2.0},{"not_picked":["Riddle With Holes","Quick Slash"],"picked":"Poisoned Stab","floor":3.0},{"not_picked":["All Out Attack","Poisoned Stab","Sucker Punch"],"picked":"Deadly Poison","floor":5.0},{"not_picked":["Infinite Blades","Poisoned Stab","Deadly Poison"],"picked":"Adrenaline","floor":10.0},{"not_picked":["Sucker Punch","Infinite Blades","Bane","Quick Slash"],"picked":"SKIP","floor":11.0},{"not_picked":["Tactician","Dagger Spray","Slice"],"picked":"Backflip","floor":12.0},{"not_picked":["Outmaneuver","Blade Dance","Terror"],"picked":"Bouncing Flask","floor":14.0},{"not_picked":["Storm of Steel","Envenom","Doppelganger"],"picked":"Adrenaline","floor":16.0},{"not_picked":["Tactician","Caltrops","Cloak And Dagger","Expertise"],"picked":"SKIP","floor":18.0},{"not_picked":["Predator","Distraction","Deflect+1"],"picked":"Footwork","floor":19.0},{"not_picked":["Backstab","Backflip","Eviscerate","Bane"],"picked":"SKIP","floor":20.0},{"not_picked":["Tactician","Caltrops+1","Backflip"],"picked":"PiercingWail","floor":21.0},{"not_picked":["Expertise","Dash","Acrobatics"],"picked":"Blur","floor":23.0},{"not_picked":["Accuracy","Dash","Sucker Punch"],"picked":"Footwork","floor":25.0},{"not_picked":["Underhanded Strike","Predator","Riddle With Holes"],"picked":"PiercingWail","floor":25.0},{"not_picked":["Dagger Throw","Escape Plan","Poisoned Stab"],"picked":"Calculated Gamble","floor":25.0},{"not_picked":["Quick Slash","Cloak And Dagger","Infinite Blades","Dagger Spray"],"picked":"SKIP","floor":28.0},{"not_picked":["Blade Dance","PiercingWail","Calculated Gamble"],"picked":"Acrobatics","floor":31},{"not_picked":["Die Die Die","Bullet Time","Night Terror"],"picked":"After Image","floor":33},{"not_picked":["Quick Slash","Slice","Acrobatics","Deadly Poison+1"],"picked":"SKIP","floor":35},{"not_picked":["Deflect","Backflip","Flying Knee"],"picked":"Reflex","floor":36},{"not_picked":["Calculated Gamble","Underhanded Strike","Outmaneuver"],"picked":"Blur","floor":37},{"not_picked":["Dagger Spray","Flechettes+1","Catalyst"],"picked":"Blur+1","floor":38},{"not_picked":["Blade Dance","Expertise+1","Poisoned Stab+1","Reflex"],"picked":"SKIP","floor":42},{"not_picked":["Skewer","Tactician","Slice+1","Acrobatics"],"picked":"SKIP","floor":44},{"not_picked":["Concentrate+1","Doppelganger","Crippling Poison"],"picked":"After Image","floor":46},{"not_picked":["Blade Dance","Dagger Throw+1","Poisoned Stab"],"picked":"PiercingWail","floor":48}],"player_experience":1077355,"relics_obtained":[{"floor":9.0,"key":"Centennial Puzzle"},{"floor":10.0,"key":"Happy Flower"},{"floor":12.0,"key":"Matryoshka"},{"floor":14.0,"key":"Odd Mushroom"},{"floor":21.0,"key":"Red Mask"},{"floor":23.0,"key":"Bronze Scales"},{"floor":26.0,"key":"Akabeko"},{"floor":26.0,"key":"Letter Opener"},{"floor":38,"key":"Torii"},{"floor":41,"key":"Bag of Marbles"},{"floor":41,"key":"Darkstone Periapt"},{"floor":42,"key":"Tough Bandages"},{"floor":43,"key":"CaptainsWheel"},{"floor":46,"key":"Anchor"}],"event_choices":[{"cards_removed":["Cloak And Dagger"],"damage_healed":0.0,"max_hp_gain":0.0,"max_hp_loss":0.0,"gold_gain":0.0,"event_name":"WeMeetAgain","player_choice":"Gave Card","floor":4.0,"gold_loss":0.0,"damage_taken":0.0,"relics_obtained":["Question Card"]},{"damage_healed":0.0,"max_hp_gain":0.0,"max_hp_loss":0.0,"gold_gain":0.0,"event_name":"Mushrooms","player_choice":"Fought Mushrooms","floor":14.0,"gold_loss":0.0,"damage_taken":0.0},{"damage_healed":0.0,"max_hp_gain":0.0,"max_hp_loss":0.0,"gold_gain":0.0,"event_name":"Masked Bandits","player_choice":"Fought Bandits","floor":21.0,"gold_loss":0.0,"damage_taken":0.0},{"damage_healed":0.0,"max_hp_gain":0.0,"max_hp_loss":0.0,"gold_gain":250.0,"event_name":"The Joust","player_choice":"Bet on Owner","floor":22.0,"gold_loss":50.0,"damage_taken":0.0},{"damage_healed":0,"gold_gain":0,"player_choice":"Forge","damage_taken":0,"max_hp_gain":0,"max_hp_loss":0,"event_name":"Accursed Blacksmith","floor":30,"gold_loss":0,"cards_upgraded":["Calculated Gamble"]},{"damage_healed":0,"gold_gain":0,"player_choice":"Fight","damage_taken":0,"max_hp_gain":0,"max_hp_loss":0,"event_name":"MindBloom","floor":38,"gold_loss":0},{"damage_healed":0,"gold_gain":222,"player_choice":"Wore Mask","damage_taken":0,"max_hp_gain":0,"max_hp_loss":0,"event_name":"Tomb of Lord Red Mask","floor":39,"gold_loss":0},{"damage_healed":0,"gold_gain":0,"player_choice":"Max HP","damage_taken":0,"max_hp_gain":0,"max_hp_loss":4,"event_name":"Winding Halls","floor":47,"gold_loss":0}],"is_beta":false,"boss_relics":[{"not_picked":["Sozu","Velvet Choker"],"picked":"Philosopher\u0027s Stone"},{"not_picked":["Cursed Key","SlaversCollar"],"picked":"Snecko Eye"}],"items_purged_floors":[25,29],"is_endless":false,"potions_floor_spawned":[2,5,14,16,19,21,23,36,38,42,46],"ascension_level":14}}