{"host":"3pvh99l9qedhoxgj","time":1610882375,"event":{"mods":["Alarm Clock","BaseMod","Better-Laid Plans","Colored Powertips","Conspire","Highlight Path","Infinite Spire","Marisa（F雨　魔理沙）","Minty Spire (QoL Compilation)","Relic Stats","Replay The Spire","StSLib","The Bladedancer","The Bug Knight","The Senshi","[功能]功能增强和修复MOD","【功能Mod】聪明的最终Boss","【遗物卡牌】REMEMod"],"gold_per_floor":[114,114,64,64,339,369,369,404,428,458,448,483,518,522,522,1094,1094,1212,1230,1239,1248,1257,1295,1330,1334,1359,1401,1442,1481,1481,1499,1499,2086,2086,2121,2157,2206,2224,2254,2290,2290,2326,2352,2393,2423,2423,2412,2421,2421,2508,2508],"floor_reached":50,"language":"ZHS","playtime":3702,"items_purged":["Wraith Form v2","HollowMod:QuickDashStart","HollowMod:QuickDashStart","HollowMod:QuickDashStart","HollowMod:QuickDashStart","HollowMod:PogoStrike","Endless Agony","ReplayTheSpireMod:Doomed","conspire:Blindness","Echo Form","Regret","REME_ProfessionalPlagiarism+1","Panacea+1","HollowMod:NailStrikeStart","infinitespire:UltimateForm","HollowMod:SiblingsSouls+1","HollowMod:SoulVessel","HollowMod:SoulEater+1","HollowMod:HeavyBlow"],"score":2281,"play_id":"592ecc2e-d9e3-43a1-9f7b-7e3ac7cc7ba3","local_time":"20210117191935","daily_mods":["Colorless Cards","Heirloom","Flight","DeadlyEvents"],"is_ascension_mode":true,"campfire_choices":[{"floor":15.0,"key":"DIG"},{"data":"Demon Form","floor":30.0,"key":"SMITH"},{"data":"DevaForm","floor":30.0,"key":"SMITH"},{"data":"Demon Form+1","floor":32.0,"key":"SMITH"},{"data":"HollowMod:SoulMaster","floor":32.0,"key":"SMITH"},{"data":"Demon Form+2","floor":46.0,"key":"SMITH"},{"data":"Demon Form+3","floor":46.0,"key":"SMITH"},{"data":"Demon Form+4","floor":49.0,"key":"SMITH"},{"data":"Demon Form+5","floor":49.0,"key":"SMITH"}],"circlet_count":0,"master_deck":["Demon Form+6","DevaForm+1","AscendersBane","HollowMod:NailStrikeStart+1","HollowMod:NailStrikeStart","HollowMod:NailStrikeStart+1","HollowMod:FocusHealStart","HollowMod:CloakDash","HollowMod:PureVessel","infinitespire:FutureSight","HollowMod:SoulShaman","Specialist","HollowMod:SoulEater+1","ReplayTheSpireMod:Private Reserves","HollowMod:ChannelNail","ReplayUltimateDefense","Panache","ReplayTheSpireMod:Private Reserves","ReplayTheSpireMod:Uncanny Aura","Midas Touch","Panache","Chrysalis","Violence+1","HollowMod:SoulMaster+1","HollowMod:DashSlash","HollowMod:CloakDash+1","Violence+1","HollowMod:CloakDash","HollowMod:GreatSlash","REME_MagicPocketWatch","HollowMod:HuntersJournal","HollowMod:SoulSplash","HollowMod:CornifersMapStart","HollowMod:CycloneSlash","HollowMod:SoulStrike+1","HollowMod:SoulStrike","HollowMod:SoulSplash","HollowMod:CloakDash","Secret Technique","HollowMod:SoulMaster","Master of Strategy","HollowMod:DreamGate+1","HollowMod:SoulStrike+1","HollowMod:DashSlash+1","Violence","HollowMod:DashSlash","Panache","HollowMod:CloakDash","HollowMod:DashSlash","HollowMod:SoulVessel+1","HollowMod:HuntersJournal","Metamorphosis"],"relics":["HollowMod:VesselMask","REME_ComplimentaryCards","conspire:InfiniteJournal","Shovel","Meat on the Bone","HandDrill","ReplayTheSpireMod:Lightbulb","Onion Ring","Strange Spoon","Mummified Hand","theSenshi:SailorFukuRelic","Replay:Bottled Flurry","Sling","PreservedInsect","Lantern","War Paint","infinitespire:Satchel","Blood Vial","Replay:Lucky Slots","infinitespire:CheckeredPen","Pantograph","CeramicFish","Tiny Chest","Lee\u0027s Waffle","infinitespire:Lucky Rock","Bottled Tornado","infinitespire:CursedDice","SlaversCollar","CaptainsWheel","conspire:TopHat","ClockworkSouvenir","Toy Ornithopter","Potion Belt","OrangePellets","ReplayTheSpireMod:EnergyBall","Mango","Bronze Scales","Replay:Baseball","infinitespire:Eraser","Toolbox","Pen Nib","Simple Rune","Replay:Arrowhead","infinitespire:EmpoweringShard","infinitespire:FocusingShard","conspire:BottledYoYo","HollowMod:JonisBlessing","Letter Opener","Replay:Accelerometer","REME_DemonsWealth","Orrery","infinitespire:Magic Flask","Gremlin Food","ReplayTheSpireMod:Shallot","conspire:TreasureMap","Frozen Egg 2","theSenshi:SuperSailorFukuRelic","Torii","Replay:Rubber Ducky","Chameleon Ring","Centennial Puzzle","Nunchaku","FossilizedHelix","Guide Book","Bag of Preparation","REME_HandOfSuture","PrismaticShard"],"acts_visited":["Exordium","TheCity","TheBeyond"],"potions_floor_usage":[50],"damage_taken":[{"damage":18.0,"enemies":"Cultist","floor":1.0,"turns":5.0},{"damage":35.0,"enemies":"Replay:BlueRogue","floor":6.0,"turns":4.0},{"damage":25.0,"enemies":"Gremlin Nob","floor":8.0,"turns":4.0},{"damage":2.0,"enemies":"HollowMod:MossKnight","floor":10.0,"turns":3.0},{"damage":7.0,"enemies":"Gremlin Nob","floor":12.0,"turns":3.0},{"damage":0.0,"enemies":"3 Sentries","floor":13.0,"turns":2.0},{"damage":0.0,"enemies":"Fading Forest","floor":16.0,"turns":13.0},{"damage":0.0,"enemies":"conspire:FuzzyDice","floor":18.0,"turns":4.0},{"damage":14.0,"enemies":"Book of Stabbing","floor":23.0,"turns":2.0},{"damage":6.0,"enemies":"conspire:Head Lice","floor":24.0,"turns":5.0},{"damage":35.0,"enemies":"Book of Stabbing","floor":27.0,"turns":3.0},{"damage":0.0,"enemies":"conspire:SneckoGhost","floor":28.0,"turns":2.0},{"damage":0.0,"enemies":"Book of Stabbing","floor":29.0,"turns":1.0},{"damage":0.0,"enemies":"HollowMod:NKGrimm","floor":33.0,"turns":2.0},{"damage":0.0,"enemies":"3 Shapes","floor":35.0,"turns":1.0},{"damage":0.0,"enemies":"2 Orb Walkers","floor":37.0,"turns":2.0},{"damage":0.0,"enemies":"Orb Walker","floor":39.0,"turns":2.0},{"damage":0.0,"enemies":"Giant Head","floor":40.0,"turns":2.0},{"damage":0.0,"enemies":"Reptomancer","floor":42.0,"turns":2.0},{"damage":0.0,"enemies":"Giant Head","floor":44.0,"turns":2.0},{"damage":0.0,"enemies":"R_Hoarder","floor":45.0,"turns":3.0},{"damage":188,"enemies":"Donu and Deca","floor":50,"turns":29}],"seed_played":"2565951211176289144","potions_obtained":[{"floor":6.0,"key":"Dexterity Potion"},{"floor":8.0,"key":"Flashbang"},{"floor":8.0,"key":"AttackPotion"},{"floor":10.0,"key":"Explosive Potion"},{"floor":12.0,"key":"REME_GoldPotion"},{"floor":12.0,"key":"BlessingOfTheForge"},{"floor":12.0,"key":"AttackPotion"},{"floor":13.0,"key":"Venom Potion"},{"floor":16.0,"key":"BlessingOfTheForge"},{"floor":16.0,"key":"Fire Potion"},{"floor":24.0,"key":"Explosive Potion"},{"floor":24.0,"key":"Reflective Coating"},{"floor":27.0,"key":"Languid Potion"},{"floor":27.0,"key":"Toxic Potion"},{"floor":28.0,"key":"FearPotion"},{"floor":29.0,"key":"DistilledChaos"},{"floor":33.0,"key":"Milkshake"},{"floor":35.0,"key":"Explosive Potion"},{"floor":39.0,"key":"Reflective Coating"},{"floor":39.0,"key":"FearPotion"},{"floor":40.0,"key":"FairyPotion"},{"floor":42.0,"key":"Explosive Potion"},{"floor":45.0,"key":"Milkshake"}],"is_trial":true,"path_per_floor":["M","?","$","$","?","E","$","E","T","E","$","E","E","$","R","B",null,"M","$","$","AVR","?","E","E","$","T","E","E","E","R","$","R","B",null,"M","AVR","?","$","M","E","T","E","T","E","E","R","$","$","R","B"],"character_chosen":"THE_BUGKNIGHT","items_purchased":["Shovel","Meat on the Bone","HandDrill","HollowMod:SoulShaman","Specialist","ColorlessPotion","PowerPotion","ReplayTheSpireMod:Lightbulb","Onion Ring","Strange Spoon","HollowMod:SoulEater+1","ReplayTheSpireMod:Private Reserves","REME_ProfessionalPlagiarism","theSenshi:SailorFukuRelic","Replay:Bottled Flurry","Sling","Panacea","ReplayUltimateDefense","infinitespire:Satchel","Blood Vial","Replay:Lucky Slots","Panache","CeramicFish","Tiny Chest","Lee\u0027s Waffle","ReplayTheSpireMod:Uncanny Aura","CaptainsWheel","conspire:TopHat","ClockworkSouvenir","Violence","HollowMod:CloakDash","Toy Ornithopter","Potion Belt","OrangePellets","HollowMod:GreatSlash","Fruit Juice","Adrenaline Potion","Strength Potion","Replay:Baseball","infinitespire:Eraser","Toolbox","AttackPotion","HollowMod:CornifersMapStart","infinitespire:FocusingShard","conspire:BottledYoYo","HollowMod:JonisBlessing","HollowMod:SoulSplash","HollowMod:CloakDash","Adrenaline Potion","Gremlin Food","ReplayTheSpireMod:Shallot","conspire:TreasureMap","Panache","HollowMod:CloakDash","Nunchaku","FossilizedHelix","Guide Book","HollowMod:HuntersJournal","Bag of Preparation","REME_HandOfSuture","PrismaticShard","Metamorphosis"],"campfire_rested":0,"item_purchase_floors":[3,3,3,3,3,3,3,4,4,4,4,4,4,7,7,7,7,7,11,11,11,11,14,14,14,14,19,19,19,19,19,20,20,20,20,20,20,20,25,25,25,25,25,31,31,31,31,31,31,38,38,38,38,38,47,47,47,47,48,48,48,48],"current_hp_per_floor":[56,56,56,56,56,33,33,20,20,40,40,41,49,82,82,82,82,82,82,87,87,87,87,88,88,88,70,88,90,90,90,90,90,98,98,98,98,98,98,98,98,98,98,98,98,98,98,98,98,0,0],"gold":2508,"neow_bonus":"","is_daily":false,"chose_seed":false,"campfire_upgraded":8,"win_rate":0.0,"timestamp":1610882375,"path_taken":["M","?","$","$","?","E","$","E","T","E","$","E","E","$","R","BOSS","M","$","$","AVR","?","E","E","$","T","E","E","E","R","$","R","BOSS","M","AVR","?","$","?","E","?","E","T","E","E","R","$","$","R","BOSS"],"items_purchased_type":["Relic","Relic","Relic","Card","Card","Potion","Potion","Relic","Relic","Relic","Card","Card","Card","Relic","Relic","Relic","Card","Card","Relic","Relic","Relic","Card","Relic","Relic","Relic","Card","Relic","Relic","Relic","Card","Card","Relic","Relic","Relic","Card","Potion","Potion","Potion","Relic","Relic","Relic","Potion","Card","Relic","Relic","Relic","Card","Card","Potion","Relic","Relic","Relic","Card","Card","Relic","Relic","Relic","Card","Relic","Relic","Relic","Card"],"build_version":"2020-12-22","purchased_purges":19,"victory":false,"max_hp_per_floor":[75,75,75,75,75,75,75,75,75,75,75,75,75,82,82,82,82,82,82,87,87,87,101,101,101,101,101,101,101,101,101,101,101,101,101,101,101,101,101,101,101,101,101,101,101,101,101,101,101,101,101],"relic_stats":{"Lee\u0027s Waffle":33,"Torii":3,"counters":[22,96],"CeramicFish":351,"PreservedInsect":697,"Pen Nib":[19],"Bag of Preparation":[2],"Letter Opener":[717],"War Paint":["REME_ProfessionalPlagiarism","Panacea"],"Blood Vial":12,"Strange Spoon":[124],"OrangePellets":[0],"Centennial Puzzle":[3],"Nunchaku":[13],"Shovel":1,"Mummified Hand":[206],"Pantograph":0,"Bronze Scales":[138],"Tiny Chest":1,"HandDrill":[80],"obtain_stats":[{"Replay:Accelerometer":33,"CeramicFish":14,"HollowMod:VesselMask":0,"Bottled Tornado":16,"Sling":7,"Blood Vial":11,"Centennial Puzzle":45,"HandDrill":3,"Replay:Bottled Flurry":7,"theSenshi:SailorFukuRelic":7,"conspire:TreasureMap":38,"HollowMod:JonisBlessing":31,"Pen Nib":26,"Letter Opener":33,"infinitespire:Magic Flask":37,"War Paint":10,"SlaversCollar":17,"OrangePellets":20,"Replay:Baseball":25,"ReplayTheSpireMod:Shallot":38,"Bronze Scales":24,"Onion Ring":4,"Simple Rune":27,"infinitespire:EmpoweringShard":29,"conspire:BottledYoYo":31,"Meat on the Bone":3,"Lantern":9,"theSenshi:SuperSailorFukuRelic":41,"Torii":42,"Mango":23,"Bag of Preparation":48,"PrismaticShard":48,"conspire:TopHat":19,"conspire:InfiniteJournal":0,"ClockworkSouvenir":19,"Replay:Rubber Ducky":43,"ReplayTheSpireMod:EnergyBall":21,"REME_DemonsWealth":34,"Nunchaku":47,"Shovel":3,"Chameleon Ring":44,"Mummified Hand":6,"Pantograph":13,"Toolbox":25,"Tiny Chest":14,"Replay:Lucky Slots":11,"infinitespire:Eraser":25,"Potion Belt":20,"Gremlin Food":38,"Lee\u0027s Waffle":14,"infinitespire:CursedDice":16,"Guide Book":47,"PreservedInsect":8,"infinitespire:FocusingShard":31,"infinitespire:CheckeredPen":12,"infinitespire:Lucky Rock":15,"Frozen Egg 2":40,"Replay:Arrowhead":28,"Strange Spoon":4,"CaptainsWheel":19,"infinitespire:Satchel":11,"Orrery":36,"REME_HandOfSuture":48,"ReplayTheSpireMod:Lightbulb":4,"Toy Ornithopter":20,"FossilizedHelix":47,"REME_ComplimentaryCards":0},{"Replay:Accelerometer":14,"CeramicFish":6,"HollowMod:VesselMask":0,"Bottled Tornado":7,"Sling":2,"Blood Vial":4,"Centennial Puzzle":21,"HandDrill":1,"Replay:Bottled Flurry":2,"theSenshi:SailorFukuRelic":2,"conspire:TreasureMap":16,"HollowMod:JonisBlessing":13,"Pen Nib":10,"Letter Opener":14,"infinitespire:Magic Flask":16,"War Paint":4,"SlaversCollar":7,"OrangePellets":8,"Replay:Baseball":10,"ReplayTheSpireMod:Shallot":16,"Bronze Scales":10,"Onion Ring":1,"Simple Rune":11,"infinitespire:EmpoweringShard":13,"conspire:BottledYoYo":13,"Meat on the Bone":1,"Lantern":3,"theSenshi:SuperSailorFukuRelic":18,"Torii":19,"Mango":9,"Bag of Preparation":21,"PrismaticShard":21,"conspire:TopHat":8,"conspire:InfiniteJournal":0,"ClockworkSouvenir":8,"Replay:Rubber Ducky":19,"ReplayTheSpireMod:EnergyBall":8,"REME_DemonsWealth":14,"Nunchaku":21,"Shovel":1,"Chameleon Ring":20,"Mummified Hand":2,"Pantograph":6,"Toolbox":10,"Tiny Chest":6,"Replay:Lucky Slots":4,"infinitespire:Eraser":10,"Potion Belt":8,"Gremlin Food":16,"Lee\u0027s Waffle":6,"infinitespire:CursedDice":7,"Guide Book":21,"PreservedInsect":3,"infinitespire:FocusingShard":13,"infinitespire:CheckeredPen":5,"infinitespire:Lucky Rock":6,"Frozen Egg 2":18,"Replay:Arrowhead":12,"Strange Spoon":1,"CaptainsWheel":8,"infinitespire:Satchel":4,"Orrery":15,"REME_HandOfSuture":21,"ReplayTheSpireMod:Lightbulb":1,"Toy Ornithopter":8,"FossilizedHelix":21,"REME_ComplimentaryCards":0},{"Replay:Accelerometer":53,"CeramicFish":21,"HollowMod:VesselMask":0,"Bottled Tornado":34,"Sling":9,"Blood Vial":16,"Centennial Puzzle":67,"HandDrill":5,"Replay:Bottled Flurry":9,"theSenshi:SailorFukuRelic":9,"conspire:TreasureMap":56,"HollowMod:JonisBlessing":51,"Pen Nib":45,"Letter Opener":53,"infinitespire:Magic Flask":56,"War Paint":16,"SlaversCollar":34,"OrangePellets":38,"Replay:Baseball":45,"ReplayTheSpireMod:Shallot":56,"Bronze Scales":45,"Onion Ring":5,"Simple Rune":48,"infinitespire:EmpoweringShard":51,"conspire:BottledYoYo":51,"Meat on the Bone":5,"Lantern":13,"theSenshi:SuperSailorFukuRelic":60,"Torii":62,"Mango":40,"Bag of Preparation":67,"PrismaticShard":67,"conspire:TopHat":38,"conspire:InfiniteJournal":0,"ClockworkSouvenir":38,"Replay:Rubber Ducky":62,"ReplayTheSpireMod:EnergyBall":38,"REME_DemonsWealth":53,"Nunchaku":67,"Shovel":5,"Chameleon Ring":64,"Mummified Hand":9,"Pantograph":21,"Toolbox":45,"Tiny Chest":21,"Replay:Lucky Slots":16,"infinitespire:Eraser":45,"Potion Belt":38,"Gremlin Food":56,"Lee\u0027s Waffle":21,"infinitespire:CursedDice":34,"Guide Book":67,"PreservedInsect":13,"infinitespire:FocusingShard":51,"infinitespire:CheckeredPen":19,"infinitespire:Lucky Rock":21,"Frozen Egg 2":60,"Replay:Arrowhead":50,"Strange Spoon":5,"CaptainsWheel":38,"infinitespire:Satchel":16,"Orrery":54,"REME_HandOfSuture":67,"ReplayTheSpireMod:Lightbulb":5,"Toy Ornithopter":38,"FossilizedHelix":67,"REME_ComplimentaryCards":0}],"Toy Ornithopter":30,"Meat on the Bone":36},"card_choices":[{"not_picked":["HollowMod:DescendingDark","HollowMod:NewJinnsSoul"],"picked":"HollowMod:CloakDash","floor":1.0},{"not_picked":["HollowMod:FallenFury","HollowMod:MothsMistake"],"picked":"HollowMod:PureVessel","floor":1.0},{"not_picked":["HollowMod:HowlingWraiths","HollowMod:HeavyBlow","HollowMod:SiblingsSouls"],"picked":"SKIP","floor":1.0},{"not_picked":["HollowMod:HowlingWraiths","HollowMod:HeavyBlow","HollowMod:SiblingsSouls"],"picked":"SKIP","floor":1.0},{"not_picked":["infinitespire:Fortify","infinitespire:TheBestDefense"],"picked":"infinitespire:FutureSight","floor":2.0},{"not_picked":["HollowMod:WraithStrike","HollowMod:InfectedAttack"],"picked":"HollowMod:ChannelNail","floor":6.0},{"not_picked":["HollowMod:LuriensSpire","HollowMod:LifebloodCore","HollowMod:InfectedAttack"],"picked":"SKIP","floor":8.0},{"not_picked":["HollowMod:LifebloodCocoon","Trip","HollowMod:GoodIntentions"],"picked":"SKIP","floor":10.0},{"not_picked":["Replay:Sssssssssshield","HollowMod:HeavyBlow","HollowMod:NewJinnsSoul"],"picked":"SKIP","floor":12.0},{"not_picked":["Replay:Sssssssssstrike","HollowMod:MothsMistake"],"picked":"ReplayTheSpireMod:Private Reserves","floor":13.0},{"not_picked":["HollowMod:VoidDash","REME_MawOfCthun"],"picked":"Midas Touch","floor":16.0},{"not_picked":["Midas Touch","ReplayTheSpireMod:Necrogeddon"],"picked":"Panache","floor":16.0},{"not_picked":["REME_HeartOfCthun","REME_EyeOfCthun"],"picked":"Chrysalis","floor":16.0},{"not_picked":["REME_BattleFury","ReplayTheSpireMod:Brewmster"],"picked":"Violence","floor":16.0},{"not_picked":["HollowMod:AwokenDreamNail","HollowMod:HornetsHelp"],"picked":"HollowMod:SoulMaster","floor":16.0},{"not_picked":["HollowMod:InfectedAttack","REME_TwoStrings"],"picked":"HollowMod:DashSlash","floor":18.0},{"not_picked":["HollowMod:SiblingsSouls","HollowMod:WraithStrike"],"picked":"HollowMod:CloakDash+1","floor":18.0},{"not_picked":["HollowMod:VengefulVoid","HollowMod:WraithStrike","Enlightenment"],"picked":"SKIP","floor":18.0},{"not_picked":["HollowMod:DoubleDash","HollowMod:SoulStrike"],"picked":"HollowMod:HuntersJournal","floor":23.0},{"not_picked":["HollowMod:ShadowDash+1","Flash of Steel"],"picked":"HollowMod:SoulSplash","floor":24.0},{"not_picked":["HollowMod:DesolateDive+1","HollowMod:SharpenedNail+1"],"picked":"HollowMod:CycloneSlash","floor":27.0},{"not_picked":["Enlightenment","Crow Ritual"],"picked":"HollowMod:SoulStrike+1","floor":28.0},{"not_picked":["Panacea","HollowMod:Grubsong"],"picked":"HollowMod:SoulStrike","floor":29.0},{"not_picked":["REME_ProfessionalPlagiarism","HollowMod:SoulMaster"],"picked":"Secret Technique","floor":33.0},{"not_picked":["REME_MawOfCthun","HandOfGreed"],"picked":"HollowMod:SoulMaster","floor":33.0},{"not_picked":["REME_MawOfCthun","Sadistic Nature"],"picked":"Master of Strategy","floor":33.0},{"not_picked":["HollowMod:DashSlash","HollowMod:VengefulVoid","Replay:Hysterical Blindness"],"picked":"HollowMod:DreamGate+1","floor":35.0},{"not_picked":["HollowMod:SiblingsSouls+1","REME_ShortnessOfBreath+1","Doubt"],"picked":"HollowMod:SoulStrike+1","floor":35.0},{"not_picked":["HollowMod:ChannelNail+1","HollowMod:GoodIntentions+1","conspire:Banana","Replay:Hysterical Blindness"],"picked":"SKIP","floor":35.0},{"not_picked":["HollowMod:CornifersMapStart+1","HollowMod:DescendingDark+1","Voices"],"picked":"HollowMod:DashSlash+1","floor":36.0},{"not_picked":["HollowMod:CornifersMapStart","HollowMod:CloakDash","Spreading Infection"],"picked":"Violence","floor":36.0},{"not_picked":["HollowMod:SoulSplash","HollowMod:DescendingDark+1","Looming Evil"],"picked":"HollowMod:DashSlash","floor":36.0},{"not_picked":["Replay:Sssssssssshield","HollowMod:WraithStrike","Decay"],"picked":"HollowMod:SiblingsSouls+1","floor":36.0},{"not_picked":["Metamorphosis","HollowMod:CloakDash","Looming Evil"],"picked":"HollowMod:DashSlash","floor":39.0},{"not_picked":["HandOfGreedSenior","HollowMod:SoulStrike","Parasite"],"picked":"HollowMod:SoulVessel","floor":39.0},{"not_picked":["HollowMod:NewLittleFool","HollowMod:CycloneSlash","HollowMod:GrimmsGift","Overencumbered"],"picked":"SKIP","floor":39.0},{"not_picked":["Trip","HollowMod:CornifersMapStart","blademaster:WrongfulFootwork"],"picked":"HollowMod:SoulVessel+1","floor":40.0},{"not_picked":["Good Instincts","HollowMod:BlackTendrils+1","Doubt"],"picked":"HollowMod:SoulEater+1","floor":42.0},{"not_picked":["REME_MagicPocketWatch","HollowMod:CoiledNail+1","Looming Evil"],"picked":"HollowMod:HeavyBlow","floor":44.0},{"not_picked":["HollowMod:SoulEater+1","HollowMod:WraithStrike","HollowMod:LifebloodCocoon","blademaster:WrongfulFootwork"],"picked":"SKIP","floor":45.0}],"player_experience":112331,"relics_obtained":[{"floor":6.0,"key":"Mummified Hand"},{"floor":8.0,"key":"PreservedInsect"},{"floor":9.0,"key":"Lantern"},{"floor":10.0,"key":"War Paint"},{"floor":12.0,"key":"infinitespire:CheckeredPen"},{"floor":13.0,"key":"Pantograph"},{"floor":15.0,"key":"infinitespire:Lucky Rock"},{"floor":16.0,"key":"Bottled Tornado"},{"floor":16.0,"key":"infinitespire:CursedDice"},{"floor":23.0,"key":"Mango"},{"floor":24.0,"key":"Bronze Scales"},{"floor":26.0,"key":"Pen Nib"},{"floor":27.0,"key":"Simple Rune"},{"floor":28.0,"key":"Replay:Arrowhead"},{"floor":29.0,"key":"infinitespire:EmpoweringShard"},{"floor":33.0,"key":"Letter Opener"},{"floor":33.0,"key":"Replay:Accelerometer"},{"floor":37.0,"key":"infinitespire:Magic Flask"},{"floor":40.0,"key":"Frozen Egg 2"},{"floor":41.0,"key":"theSenshi:SuperSailorFukuRelic"},{"floor":42.0,"key":"Torii"},{"floor":43.0,"key":"Replay:Rubber Ducky"},{"floor":44.0,"key":"Chameleon Ring"},{"floor":45.0,"key":"Centennial Puzzle"}],"event_choices":[{"damage_healed":0.0,"max_hp_gain":0.0,"max_hp_loss":0.0,"gold_gain":275.0,"event_name":"Golden Shrine","player_choice":"Desecrate","floor":5.0,"gold_loss":0.0,"damage_taken":0.0,"cards_obtained":["Regret"]},{"damage_healed":0.0,"max_hp_gain":0.0,"max_hp_loss":0.0,"gold_gain":0.0,"event_name":"The Library","player_choice":"Read","floor":22.0,"gold_loss":0.0,"damage_taken":0.0,"cards_obtained":["REME_MagicPocketWatch"]},{"damage_healed":0.0,"max_hp_gain":0.0,"max_hp_loss":0.0,"gold_gain":0.0,"event_name":"Mysterious Sphere","player_choice":"Fight","floor":37.0,"gold_loss":0.0,"damage_taken":0.0}],"is_beta":false,"boss_relics":[{"not_picked":["REME_ChargedStone","ReplayTheSpireMod:DimensionalGlitch"],"picked":"SlaversCollar"},{"not_picked":["HollowMod:VoidIdolRelic","Kintsugi"],"picked":"REME_DemonsWealth"}],"items_purged_floors":[3,3,3,3,3,3,3,3,3,3,11,11,14,21,25,47,47,47,47],"is_endless":false,"potions_floor_spawned":[6,8,8,8,8,10,12,12,12,12,13,16,16,18,24,24,27,27,28,29,29,29,33,35,39,39,40,42,42,44,45],"killed_by":"Donu and Deca","ascension_level":20}}