{"host":"Qube","time":1610912511,"event":{"mods":["AchievementEnabler","BaseMod","Colored Map","Colored Powertips","Minty Spire (QoL Compilation)","Quick Restart","Random Character Button","StSLib"],"gold_per_floor":[112,128,53,53,71,82,114,114,140,215,147,147,163,192,192,271,271,284,47,65,92,92,92,92,92,92,107,133,144,144,158,158,232,232,242,256,256,269,12,12,30,64,64,64,364,364,380,393,393,393,393],"floor_reached":50,"language":"ENG","playtime":1747,"items_purged":["Strike_R","Defend_R"],"score":1204,"play_id":"a5202c86-6d44-4726-a049-22129045be86","local_time":"20210117114151","is_ascension_mode":true,"campfire_choices":[{"data":"Searing Blow","floor":8.0,"key":"SMITH"},{"data":"Searing Blow+1","floor":12.0,"key":"SMITH"},{"data":"Searing Blow+2","floor":15.0,"key":"SMITH"},{"data":"Searing Blow+3","floor":23.0,"key":"SMITH"},{"data":"Searing Blow+4","floor":25.0,"key":"SMITH"},{"data":"Searing Blow+5","floor":32.0,"key":"SMITH"},{"data":"Searing Blow+6","floor":40.0,"key":"SMITH"},{"data":"Searing Blow+7","floor":46.0,"key":"SMITH"},{"data":"Searing Blow+8","floor":49.0,"key":"SMITH"}],"circlet_count":0,"master_deck":["AscendersBane","Defend_R+1","Defend_R+1","Bash","Searing Blow+9","Havoc","Headbutt","Offering","Reaper","Corruption","Sentinel+1","Pommel Strike","Immolate","Shrug It Off","RitualDagger","Shrug It Off","Offering","Battle Trance"],"relics":["Burning Blood","FossilizedHelix","Omamori","Anchor","War Paint","Bronze Scales","Mark of Pain","Strange Spoon","Red Mask","Nilry\u0027s Codex","Boot","HornCleat","Runic Cube","ClockworkSouvenir","Regal Pillow","Meat on the Bone"],"acts_visited":["Exordium","TheCity","TheBeyond"],"potions_floor_usage":[50,50],"damage_taken":[{"damage":2.0,"enemies":"Jaw Worm","floor":1.0,"turns":3.0},{"damage":0.0,"enemies":"Small Slimes","floor":2.0,"turns":3.0},{"damage":0.0,"enemies":"Cultist","floor":5.0,"turns":3.0},{"damage":0.0,"enemies":"Blue Slaver","floor":6.0,"turns":2.0},{"damage":60.0,"enemies":"3 Sentries","floor":7.0,"turns":14.0},{"damage":0.0,"enemies":"Looter","floor":13.0,"turns":3.0},{"damage":0.0,"enemies":"Gremlin Nob","floor":14.0,"turns":2.0},{"damage":33.0,"enemies":"Slime Boss","floor":16.0,"turns":9.0},{"damage":9.0,"enemies":"2 Thieves","floor":18.0,"turns":3.0},{"damage":5.0,"enemies":"Chosen","floor":20.0,"turns":4.0},{"damage":28.0,"enemies":"Masked Bandits","floor":21.0,"turns":4.0},{"damage":0.0,"enemies":"Snake Plant","floor":27.0,"turns":3.0},{"damage":15.0,"enemies":"Slavers","floor":28.0,"turns":4.0},{"damage":12.0,"enemies":"Centurion and Healer","floor":29.0,"turns":4.0},{"damage":0.0,"enemies":"Sentry and Sphere","floor":31.0,"turns":2.0},{"damage":50.0,"enemies":"Automaton","floor":33.0,"turns":8.0},{"damage":0.0,"enemies":"Orb Walker","floor":35.0,"turns":3.0},{"damage":10.0,"enemies":"3 Darklings","floor":36.0,"turns":4.0},{"damage":6.0,"enemies":"Sphere and 2 Shapes","floor":38.0,"turns":2.0},{"damage":6.0,"enemies":"Jaw Worm Horde","floor":41.0,"turns":3.0},{"damage":6.0,"enemies":"Nemesis","floor":42.0,"turns":3.0},{"damage":6.0,"enemies":"Spire Growth","floor":47.0,"turns":2.0},{"damage":0.0,"enemies":"3 Darklings","floor":48.0,"turns":2.0},{"damage":27,"enemies":"Time Eater","floor":50,"turns":6}],"seed_played":"-8413459447198045966","potions_obtained":[{"floor":1.0,"key":"Fire Potion"},{"floor":2.0,"key":"Block Potion"},{"floor":7.0,"key":"BloodPotion"},{"floor":13.0,"key":"Swift Potion"},{"floor":20.0,"key":"PowerPotion"},{"floor":28.0,"key":"Regen Potion"},{"floor":35.0,"key":"AttackPotion"},{"floor":38.0,"key":"Dexterity Potion"}],"is_trial":false,"path_per_floor":["M","M","?","?","M","M","E","R","T","?","?","R","M","E","R","B",null,"M","$","M","?","?","R","?","R","T","M","E","M","?","M","R","B",null,"M","M","?","M","$","R","M","E","T","?","?","R","M","M","R","B"],"character_chosen":"IRONCLAD","items_purchased":["Strange Spoon","ClockworkSouvenir"],"campfire_rested":0,"item_purchase_floors":[19,39],"current_hp_per_floor":[54,60,60,60,66,72,18,18,18,7,7,7,28,34,34,11,59,60,60,65,55,55,55,34,34,34,40,46,40,34,49,49,21,62,73,71,71,75,75,75,75,75,75,75,75,75,75,75,75,48,48],"gold":393,"neow_bonus":"ONE_RARE_RELIC","is_daily":false,"chose_seed":false,"campfire_upgraded":9,"win_rate":0.0,"timestamp":1610912511,"path_taken":["M","M","?","?","?","M","E","R","T","?","?","R","M","E","R","BOSS","M","$","?","?","?","R","?","R","T","M","E","M","?","M","R","BOSS","M","M","?","M","$","R","?","E","T","?","?","R","?","M","R","BOSS"],"items_purchased_type":["Relic","Relic"],"build_version":"2020-12-18","purchased_purges":2,"victory":false,"max_hp_per_floor":[75,75,75,75,75,75,75,75,75,75,75,75,75,75,75,75,75,75,75,75,75,75,75,75,75,75,75,75,75,75,75,75,75,75,75,75,75,75,75,75,75,75,75,75,75,75,75,75,75,75,75],"card_choices":[{"not_picked":["Dropkick","Rupture"],"picked":"Searing Blow","floor":1.0},{"not_picked":["Flex","Dual Wield","Body Slam"],"picked":"SKIP","floor":2.0},{"not_picked":["Whirlwind","Hemokinesis"],"picked":"Havoc","floor":5.0},{"not_picked":["Entrench","Flex"],"picked":"Headbutt","floor":6.0},{"not_picked":["True Grit","Heavy Blade"],"picked":"Offering","floor":7.0},{"not_picked":["Clothesline","Perfected Strike","Heavy Blade"],"picked":"SKIP","floor":13.0},{"not_picked":["Iron Wave","Fire Breathing"],"picked":"Reaper","floor":14.0},{"not_picked":["Brutality","Juggernaut"],"picked":"Corruption","floor":16.0},{"not_picked":["Rupture","True Grit"],"picked":"Sentinel+1","floor":18.0},{"not_picked":["Sword Boomerang","Flex","Thunderclap"],"picked":"SKIP","floor":20.0},{"not_picked":["Pummel","Disarm","Spot Weakness"],"picked":"SKIP","floor":27.0},{"not_picked":["Juggernaut","Clash+1","Disarm"],"picked":"SKIP","floor":28.0},{"not_picked":["Thunderclap","Body Slam"],"picked":"Shrug It Off","floor":29.0},{"not_picked":["Iron Wave","Entrench","Uppercut"],"picked":"SKIP","floor":31.0},{"not_picked":["Armaments","Dual Wield","Disarm+1"],"picked":"SKIP","floor":35.0},{"not_picked":["Anger","Cleave"],"picked":"Shrug It Off","floor":36.0},{"not_picked":["Body Slam","Hemokinesis+1","Dropkick"],"picked":"SKIP","floor":38.0},{"not_picked":["Perfected Strike+1","Clothesline"],"picked":"Battle Trance","floor":41.0},{"not_picked":["Pommel Strike","Limit Break","Sword Boomerang"],"picked":"SKIP","floor":42.0},{"not_picked":["Sever Soul","Shrug It Off","Pommel Strike"],"picked":"SKIP","floor":47.0},{"not_picked":["Warcry","Inflame","Clash"],"picked":"SKIP","floor":48.0}],"player_experience":912312,"relics_obtained":[{"floor":7.0,"key":"Omamori"},{"floor":9.0,"key":"Anchor"},{"floor":14.0,"key":"Bronze Scales"},{"floor":21.0,"key":"Red Mask"},{"floor":24.0,"key":"Nilry\u0027s Codex"},{"floor":26.0,"key":"Boot"},{"floor":28.0,"key":"HornCleat"},{"floor":42.0,"key":"Regal Pillow"},{"floor":43.0,"key":"Meat on the Bone"}],"event_choices":[{"cards_removed":["Strike_R"],"damage_healed":0.0,"max_hp_gain":0.0,"max_hp_loss":0.0,"gold_gain":0.0,"event_name":"The Cleric","player_choice":"Card Removal","floor":3.0,"gold_loss":75.0,"damage_taken":0.0},{"cards_removed":["Strike_R"],"damage_healed":0.0,"max_hp_gain":0.0,"max_hp_loss":0.0,"gold_gain":0.0,"event_name":"Bonfire Elementals","player_choice":"Offered Basic","floor":4.0,"gold_loss":0.0,"damage_taken":0.0},{"damage_healed":0.0,"max_hp_gain":0.0,"max_hp_loss":0.0,"gold_gain":75.0,"event_name":"World of Goop","player_choice":"Gather Gold","floor":10.0,"gold_loss":0.0,"damage_taken":11.0},{"damage_healed":0.0,"max_hp_gain":0.0,"max_hp_loss":0.0,"gold_gain":0.0,"event_name":"WeMeetAgain","player_choice":"Paid Gold","floor":11.0,"gold_loss":68.0,"damage_taken":0.0,"relics_obtained":["War Paint"]},{"damage_healed":0.0,"max_hp_gain":0.0,"max_hp_loss":0.0,"gold_gain":0.0,"event_name":"Masked Bandits","player_choice":"Fought Bandits","floor":21.0,"gold_loss":0.0,"damage_taken":0.0},{"damage_healed":0.0,"max_hp_gain":0.0,"max_hp_loss":0.0,"gold_gain":0.0,"cards_transformed":["Strike_R","Defend_R"],"event_name":"Drug Dealer","player_choice":"Became Test Subject","floor":22.0,"gold_loss":0.0,"damage_taken":0.0,"cards_obtained":["Pommel Strike","Immolate"]},{"damage_healed":0.0,"max_hp_gain":0.0,"max_hp_loss":0.0,"gold_gain":0.0,"event_name":"Cursed Tome","player_choice":"Obtained Book","floor":24.0,"gold_loss":0.0,"damage_taken":21.0},{"damage_healed":0.0,"max_hp_gain":0.0,"max_hp_loss":0.0,"gold_gain":0.0,"event_name":"Nest","player_choice":"Joined the Cult","floor":30.0,"gold_loss":0.0,"damage_taken":6.0,"cards_obtained":["RitualDagger"]},{"damage_healed":0.0,"max_hp_gain":0.0,"max_hp_loss":0.0,"gold_gain":0.0,"cards_transformed":["Strike_R"],"event_name":"Transmorgrifier","player_choice":"Transformed","floor":37.0,"gold_loss":0.0,"damage_taken":0.0,"cards_obtained":["Offering"]},{"damage_healed":0.0,"max_hp_gain":0.0,"max_hp_loss":0.0,"gold_gain":0.0,"event_name":"SensoryStone","player_choice":"Memory 1","floor":44.0,"gold_loss":0.0,"damage_taken":0.0},{"damage_healed":0.0,"max_hp_gain":0.0,"max_hp_loss":0.0,"gold_gain":300.0,"event_name":"Wheel of Change","player_choice":"Gold","floor":45.0,"gold_loss":0.0,"damage_taken":0.0}],"is_beta":true,"boss_relics":[{"not_picked":["Astrolabe","SacredBark"],"picked":"Mark of Pain"},{"not_picked":["Cursed Key","Fusion Hammer"],"picked":"Runic Cube"}],"items_purged_floors":[19,39],"is_endless":false,"potions_floor_spawned":[1,2,7,13,20,28,29,35,38],"killed_by":"Time Eater","ascension_level":20}}