{"host":"2ulm0pyp8jok7fk5","time":1610894993,"event":{"mods":["100% Spire Juice","Act Like it!","Arknights The Spire","BaseMod","Decade(Õı–°√˜)","Gensokyo","KinomotoSakuraMod(ƒæ÷Æ±æ”£)","Koishi","Lobotomy","LobotomyExtend","Marisa£®ÏF”Í°°ƒß¿Ì…≥£©","Minty Spire (QoL Compilation)","Reimu£®≤©¿ˆ¡È√Œ£©","Replay The Spire","Shop Mod","Spicy Shops","StSLib","The Hierophant","The Servant 0.9.4","Waifu the Spire","vexMod","°æ“≈ŒÔø®≈∆°øREMEMod"],"gold_per_floor":[99,116,116,133,152,152,77,90,115,115,115,127,42,54,54,54,54],"floor_reached":16,"language":"ZHS","playtime":579,"items_purged":["ats:Strike G"],"score":94,"play_id":"0b191ee4-428b-485d-acdf-b621f3df7283","local_time":"20210117224953","is_ascension_mode":false,"campfire_choices":[{"floor":11,"key":"REST"},{"floor":15,"key":"REST"}],"circlet_count":0,"master_deck":["ats:Strike C","ats:Strike S","ats:Strike V","ats:Armor Crushing Shot","ats:Defend","ats:Defend","ats:Defend","ats:Defend","ats:Emotion Absorption","ats:Poison Spread","CherryBlossoms","ats:Explosion Area Strengthen","FieryBird","ats:Revitalization","BigBird","ats:Apocalypse","QueenOfHatred","ats:Ignite","ats:Sunburst","ats:Sunburst","Wellcheers","ats:Shell Defense"],"relics":["ats:Sanity","REME_ComplimentaryCards","CogitoBucket","LetterFromLob","ats:Spiritual Recovery"],"acts_visited":["Exordium"],"potions_floor_usage":[],"damage_taken":[{"damage":1,"enemies":"Cultist","floor":1,"turns":3},{"damage":1,"enemies":"Jaw Worm","floor":2,"turns":3},{"damage":6,"enemies":"2 Louse","floor":4,"turns":2},{"damage":25,"enemies":"Gremlin Gang","floor":5,"turns":8},{"damage":17,"enemies":"Looter","floor":8,"turns":4},{"damage":29,"enemies":"Lots of Slimes","floor":12,"turns":5},{"damage":19,"enemies":"Exordium Thugs","floor":14,"turns":3},{"damage":44,"enemies":"Fading Forest","floor":16,"turns":5}],"seed_played":"7085567146476754618","potions_obtained":[{"floor":2,"key":"Elixir"},{"floor":4,"key":"DuplicationPotion"},{"floor":12,"key":"DistilledChaos"}],"is_trial":false,"path_per_floor":["M","M","$","M","M","E","$","M","T","?","R","M","$","M","R","B"],"character_chosen":"DOCTOR_CLASS","items_purchased":["ats:Sunburst"],"campfire_rested":2,"item_purchase_floors":[13],"current_hp_per_floor":[71,70,70,64,42,42,42,31,31,31,52,29,29,16,37,0,0],"gold":54,"neow_bonus":"","is_daily":false,"chose_seed":false,"campfire_upgraded":0,"win_rate":0.0,"timestamp":1610894993,"path_taken":["M","M","$","M","?","E","$","M","T","?","R","M","$","M","R","BOSS"],"items_purchased_type":["Card"],"build_version":"2020-12-22","purchased_purges":1,"victory":false,"max_hp_per_floor":[72,72,72,72,72,72,72,72,72,72,72,72,72,72,72,72,72],"card_choices":[{"not_picked":["ats:Beaten Up","ats:Cat Scratch"],"picked":"ats:Poison Spread","floor":1},{"not_picked":["BeautyBeast","SpiderBud"],"picked":"CherryBlossoms","floor":2},{"not_picked":["ats:Assault Order","ats:Mental Burst"],"picked":"ats:Explosion Area Strengthen","floor":2},{"not_picked":["FairyFestival","MeatLantern"],"picked":"FieryBird","floor":4},{"not_picked":["ats:Cat Scratch","ats:Healing Strengthening"],"picked":"ats:Revitalization","floor":4},{"not_picked":["MeatLantern","QueenBee"],"picked":"BigBird","floor":5},{"not_picked":["ats:Defend Order","ats:Powerful Strike"],"picked":"ats:Apocalypse","floor":5},{"not_picked":["GreedKing","BeautyBeast"],"picked":"QueenOfHatred","floor":8},{"not_picked":["ats:Childhood Dance","ats:Thorns"],"picked":"ats:Ignite","floor":8},{"not_picked":["ats:Childhood Dance","ats:Flexible Camouflage","ats:Assault Order"],"picked":"SKIP","floor":12},{"not_picked":["GreedKing","OldLady"],"picked":"Wellcheers","floor":14},{"not_picked":["ats:Poison Spread","ats:Apocalypse"],"picked":"ats:Shell Defense","floor":14}],"player_experience":99533,"relics_obtained":[{"floor":1,"key":"LetterFromLob"},{"floor":9,"key":"ats:Spiritual Recovery"}],"event_choices":[],"is_beta":false,"boss_relics":[],"items_purged_floors":[7],"is_endless":false,"potions_floor_spawned":[2,4,12],"killed_by":"Fading Forest","ascension_level":0}}