{"host":"ffr5b81dwr7aggfd","time":1610853077,"event":{"mods":["BaseMod","Better Match","Better Third Choice","Block Reminder","Colored Map","Downfall","Hubris","Minty Spire (QoL Compilation)","Rare Cards Sparkle","Say the Spire","StSLib"],"gold_per_floor":[119,119,132,148,148,177,177,204,251,271,32,42,62,62,62,162,162,180,180,194,194,194],"floor_reached":21,"language":"ENG","playtime":1868,"items_purged":[],"score":191,"play_id":"6576527c-53d5-4d99-87df-971fd8521efd","local_time":"20210116221117","is_ascension_mode":false,"campfire_choices":[{"floor":7.0,"key":"REST"},{"floor":15.0,"key":"REST"}],"circlet_count":0,"master_deck":["Strike_P","Strike_P","Strike_P","Strike_P","Defend_P","Defend_P","Defend_P","Defend_P","Eruption+1","Vigilance","EmptyMind","WindmillStrike","EmptyBody","ClearTheMind","DeusExMachina","WindmillStrike","expansioncontent:HyperBeam","WaveOfTheHand","Swivel","Devotion","Conclude+1","Consecrate+1"],"relics":["PureWater","Singing Bowl","Bronze Scales","Regal Pillow","Sling","VioletLotus"],"acts_visited":[],"potions_floor_usage":[],"damage_taken":[{"damage":0.0,"enemies":"2 Louse","floor":1.0,"turns":5.0},{"damage":2.0,"enemies":"Cultist","floor":3.0,"turns":5.0},{"damage":0.0,"enemies":"Small Slimes","floor":4.0,"turns":2.0},{"damage":18.0,"enemies":"3 Sentries","floor":6.0,"turns":12.0},{"damage":38.0,"enemies":"Gremlin Nob","floor":8.0,"turns":5.0},{"damage":0.0,"enemies":"Blue Slaver","floor":10.0,"turns":3.0},{"damage":1.0,"enemies":"Red Slaver","floor":12.0,"turns":2.0},{"damage":6.0,"enemies":"Exordium Wildlife","floor":13.0,"turns":2.0},{"damage":30.0,"enemies":"Slime Boss","floor":16.0,"turns":6.0},{"damage":9.0,"enemies":"Chosen","floor":18.0,"turns":5.0},{"damage":5.0,"enemies":"Shell Parasite","floor":20.0,"turns":4.0},{"damage":0,"enemies":"Shelled Parasite and Fungi","floor":21,"turns":1}],"seed_played":"-6866065259234095411","potions_obtained":[{"floor":1.0,"key":"Explosive Potion"},{"floor":8.0,"key":"PowerPotion"},{"floor":10.0,"key":"DistilledChaos"},{"floor":13.0,"key":"DuplicationPotion"},{"floor":16.0,"key":"Weak Potion"}],"is_trial":false,"path_per_floor":["M","?","M","M","?","E","R","E","T","M","$","M","M","?","R","B",null,"M","?","M","M"],"character_chosen":"WATCHER","items_purchased":["expansioncontent:HyperBeam","Sling"],"campfire_rested":2,"item_purchase_floors":[11,11],"current_hp_per_floor":[72,72,70,70,70,52,72,34,34,34,34,33,27,27,63,33,72,63,63,58,58,58],"gold":194,"neow_bonus":"UPGRADE_CARD","is_daily":false,"chose_seed":false,"campfire_upgraded":0,"win_rate":0.0,"timestamp":1610853077,"path_taken":["M","?","M","?","?","E","R","E","T","M","$","M","M","?","R","BOSS","M","?","?","M"],"items_purchased_type":["Card","Relic"],"build_version":"2020-12-22","purchased_purges":0,"victory":false,"max_hp_per_floor":[72,72,72,72,72,72,72,72,72,72,72,72,72,72,72,72,72,72,72,72,72,72],"card_choices":[{"not_picked":["Meditate","Crescendo"],"picked":"EmptyMind","floor":1.0},{"not_picked":["Pray","Crescendo"],"picked":"WindmillStrike","floor":3.0},{"not_picked":["ClearTheMind","Crescendo"],"picked":"EmptyBody","floor":4.0},{"not_picked":["Wallop","WindmillStrike"],"picked":"ClearTheMind","floor":6.0},{"not_picked":["CutThroughFate","Worship"],"picked":"DeusExMachina","floor":8.0},{"not_picked":["ClearTheMind","ThirdEye"],"picked":"WindmillStrike","floor":10.0},{"not_picked":["Nirvana","CutThroughFate"],"picked":"WaveOfTheHand","floor":12.0},{"not_picked":["Pray","Evaluate"],"picked":"Swivel","floor":13.0},{"not_picked":["DeusExMachina","Vault"],"picked":"Devotion","floor":16.0},{"not_picked":["SandsOfTime+1","WaveOfTheHand"],"picked":"Conclude+1","floor":18.0},{"not_picked":["CutThroughFate+1","Weave"],"picked":"Consecrate+1","floor":20.0}],"player_experience":529423,"relics_obtained":[{"floor":6.0,"key":"Singing Bowl"},{"floor":8.0,"key":"Bronze Scales"},{"floor":9.0,"key":"Regal Pillow"}],"event_choices":[{"damage_healed":0.0,"max_hp_gain":0.0,"max_hp_loss":0.0,"gold_gain":0.0,"event_name":"Purifier","player_choice":"Ignored","floor":2.0,"gold_loss":0.0,"damage_taken":0.0},{"damage_healed":0.0,"max_hp_gain":0.0,"max_hp_loss":0.0,"gold_gain":0.0,"event_name":"The Cleric","player_choice":"Leave","floor":5.0,"gold_loss":0.0,"damage_taken":0.0},{"damage_healed":0.0,"max_hp_gain":0.0,"max_hp_loss":0.0,"gold_gain":0.0,"event_name":"Golden Idol","player_choice":"Ignored","floor":14.0,"gold_loss":0.0,"damage_taken":0.0},{"damage_healed":0.0,"max_hp_gain":0.0,"max_hp_loss":0.0,"gold_gain":0.0,"event_name":"N\u0027loth","player_choice":"Ignored","floor":19.0,"gold_loss":0.0,"damage_taken":0.0}],"is_beta":false,"boss_relics":[{"not_picked":["Black Star","hubris:Stopwatch"],"picked":"VioletLotus"}],"items_purged_floors":[],"is_endless":false,"potions_floor_spawned":[1,8,10,13,16],"killed_by":"Shelled Parasite and Fungi","ascension_level":0}}