{"host":"r9v0g0iwbsx9dzwu","time":1610855993,"event":{"mods":["ATMod(阿瑾Mod)","Aspiration","BaseMod","Minty Spire (QoL Compilation)","MostiFishMod","Replay The Spire","RumiaBox-露米娅的神秘盒子","StSLib","TestMod","[IsaacMod]以撒尖塔","vexMod","【功能Mod】聪明的最终Boss","【遗物卡牌】REMEMod"],"gold_per_floor":[16,16,27,46,18,58,94,94,166,166,200,200,200,217,217,294,-1106,-1087,-1073,-1073,-1057,-957,-932,-932,-898,-898,-898,-898,-848,-848,-848,-848,-724,-724,-724,-724],"floor_reached":35,"language":"ZHS","playtime":867,"items_purged":["Defend_P"],"score":1281,"play_id":"ed9f9495-bee2-4018-9a13-ab9899589570","local_time":"20210117115953","is_ascension_mode":true,"campfire_choices":[{"data":"MostiFishMod:RacingGame","floor":8.0,"key":"SMITH"},{"data":"AT_FocusSwordFire","floor":13.0,"key":"SMITH"},{"data":"TalkToTheHand","floor":15.0,"key":"SMITH"},{"data":"Eruption","floor":24.0,"key":"SMITH"},{"data":"EpicFetus","floor":28.0,"key":"SMITH"},{"data":"Wallop","floor":30.0,"key":"SMITH"},{"floor":32.0,"key":"RECALL"}],"circlet_count":0,"master_deck":["Strike_P+1","Strike_P+1","Strike_P","Strike_P","Defend_P","Eruption+1","Vigilance","EpicFetus+1","MostiFishMod:RacingGame+1","AT_FocusSwordFire+1","TalkToTheHand+1","FlurryOfBlows","MasterReality","FlurryOfBlows+1","AT_IrregularMenstruation","Wallop+1","DevaForm","MostiFishMod:StarWish"],"relics":["PureWater","AT_ATBox","DaveBox","testmod-TestBox","HushsDoor","REME_ComplimentaryCards","BelialBook","testmod-OneHitWonder","SynthV","Baka2","NineVolt","AT_SpeedBoots","Smiling Mask","SynthV:MejaisSoulstealer","GuppysHead","SatanicBible","Letter Opener","vexMod:RedPlottingStone","REME_HandOfSuture","SlaversCollar"],"acts_visited":["Exordium","TheCity","TheBeyond"],"potions_floor_usage":[],"damage_taken":[{"damage":0.0,"enemies":"Cultist","floor":1.0,"turns":2.0},{"damage":5.0,"enemies":"2 Louse","floor":3.0,"turns":3.0},{"damage":2.0,"enemies":"Small Slimes","floor":4.0,"turns":2.0},{"damage":11.0,"enemies":"Exordium Wildlife","floor":6.0,"turns":3.0},{"damage":4.0,"enemies":"Replay:BlueRogue","floor":7.0,"turns":3.0},{"damage":12.0,"enemies":"2 Fungi Beasts","floor":10.0,"turns":2.0},{"damage":10.0,"enemies":"3 Sentries","floor":11.0,"turns":2.0},{"damage":0.0,"enemies":"Gremlin Gang","floor":14.0,"turns":1.0},{"damage":1.0,"enemies":"The Guardian","floor":16.0,"turns":4.0},{"damage":9.0,"enemies":"Chosen","floor":18.0,"turns":2.0},{"damage":0.0,"enemies":"Shell Parasite","floor":19.0,"turns":1.0},{"damage":23.0,"enemies":"Shelled Parasite and Fungi","floor":21.0,"turns":2.0},{"damage":0.0,"enemies":"REME_1_Revenger","floor":23.0,"turns":1.0},{"damage":0.0,"enemies":"Gremlin Leader","floor":25.0,"turns":1.0},{"damage":3,"enemies":"Pondfish","floor":33,"turns":3},{"damage":0,"enemies":"3 Darklings","floor":35,"turns":1}],"seed_played":"-1466674467997940644","potions_obtained":[{"floor":6.0,"key":"BlessingOfTheForge"},{"floor":10.0,"key":"Fire Potion"},{"floor":11.0,"key":"Ambrosia"},{"floor":23.0,"key":"testmod-EscapePotion"},{"floor":33,"key":"FearPotion"}],"is_trial":false,"path_per_floor":["M","?","M","M","$","M","E","R","T","M","E","?","R","M","R","B",null,"M","M","?","M","?","E","R","E","T","$","R","?","R","?","R","B",null,"M"],"character_chosen":"WATCHER","items_purchased":["FlurryOfBlows","GuppysHead","SatanicBible","FairyPotion"],"campfire_rested":0,"item_purchase_floors":[5,17,17,17],"current_hp_per_floor":[61,41,41,39,39,28,28,28,28,16,6,6,6,6,6,5,31,22,25,25,2,2,2,2,2,2,2,2,2,2,2,2,12,35,35,35],"gold":-724,"neow_bonus":"REMOVE_TWO","is_daily":false,"chose_seed":false,"campfire_upgraded":6,"win_rate":0.0,"timestamp":1610855993,"path_taken":["M","?","?","M","$","M","E","R","T","M","E","?","R","M","R","BOSS","M","M","?","M","?","E","R","E","T","$","R","?","R","?","R","BOSS","M"],"items_purchased_type":["Card","Relic","Relic","Potion"],"build_version":"2020-12-22","purchased_purges":1,"victory":false,"max_hp_per_floor":[68,68,68,68,68,68,68,68,68,68,68,68,68,68,68,68,39,39,42,42,42,42,42,42,42,42,42,42,42,42,42,42,42,42,42,42],"card_choices":[{"not_picked":[],"picked":"EpicFetus","floor":0.0},{"not_picked":["Conclude","Replay:AtTheReady"],"picked":"TalkToTheHand","floor":1.0},{"not_picked":["PathToVictory","REME_Repentance","EmptyBody"],"picked":"SKIP","floor":3.0},{"not_picked":["WindmillStrike","Replay:Anticipation"],"picked":"Bomb","floor":4.0},{"not_picked":["Replay:Hum","EmptyFist"],"picked":"MasterReality","floor":6.0},{"not_picked":["CutThroughFate","SashWhip","Replay:ManipulateFuture"],"picked":"SKIP","floor":7.0},{"not_picked":["Evaluate","ReachHeaven","REME_Repentance"],"picked":"SKIP","floor":10.0},{"not_picked":["Replay:AtTheReady","Conclude"],"picked":"FlurryOfBlows","floor":11.0},{"not_picked":["Replay:BluntJabs","ThirdEye","ReachHeaven"],"picked":"SKIP","floor":14.0},{"not_picked":["REME_EmptyShield","Omniscience"],"picked":"AT_IrregularMenstruation","floor":16.0},{"not_picked":["ClearTheMind","FlurryOfBlows","Indignation"],"picked":"SKIP","floor":18.0},{"not_picked":["MentalFortress","Evaluate","WreathOfFlame"],"picked":"SKIP","floor":19.0},{"not_picked":["EmptyBody","JustLucky","CrushJoints"],"picked":"SKIP","floor":21.0},{"not_picked":["Consecrate","ClearTheMind"],"picked":"Wallop","floor":22.0},{"not_picked":["EmptyBody","EmptyFist","Establishment"],"picked":"SKIP","floor":23.0},{"not_picked":["ClearTheMind+1","SignatureMove","DeceiveReality+1"],"picked":"SKIP","floor":25.0},{"not_picked":["MostiFishMod:StarOceanP","MostiFishMod:Minus"],"picked":"MostiFishMod:StarWish","floor":33}],"player_experience":23418,"relics_obtained":[{"floor":1.0,"key":"Baka"},{"floor":3.0,"key":"Baka2"},{"floor":7.0,"key":"NineVolt"},{"floor":11.0,"key":"AT_SpeedBoots"},{"floor":11.0,"key":"Smiling Mask"},{"floor":23.0,"key":"Letter Opener"},{"floor":25.0,"key":"vexMod:RedPlottingStone"},{"floor":26.0,"key":"REME_HandOfSuture"}],"event_choices":[{"damage_healed":0.0,"max_hp_gain":0.0,"max_hp_loss":0.0,"gold_gain":0.0,"event_name":"Shining Light","player_choice":"Entered Light","floor":2.0,"gold_loss":0.0,"damage_taken":20.0,"cards_upgraded":["Strike_P","Strike_P"]},{"damage_healed":0.0,"max_hp_gain":0.0,"max_hp_loss":0.0,"gold_gain":0.0,"event_name":"Vampires","player_choice":"Ignored","floor":20.0,"gold_loss":0.0,"damage_taken":0.0},{"damage_healed":0.0,"max_hp_gain":0.0,"max_hp_loss":0.0,"gold_gain":50.0,"event_name":"Nest","player_choice":"Stole From Cult","floor":29.0,"gold_loss":0.0,"damage_taken":0.0}],"is_beta":false,"boss_relics":[{"not_picked":["JellyFishMachine","Replay:Ancient Bell"],"picked":"SynthV:MejaisSoulstealer"},{"not_picked":[]},{"not_picked":["PatriotShield","REME_ChargedStone"],"picked":"SlaversCollar"},{"not_picked":[]}],"items_purged_floors":[17],"is_endless":false,"potions_floor_spawned":[6,10,11,16,18,23,33],"killed_by":"3 Darklings","ascension_level":20}}