{"host":"te4ihy0orbpglf07","time":1610887811,"event":{"mods":["Act Like it!","Arknights The Spire","BaseMod","BetterRewards","Chen","Friendly Minions","Gensokyo","Hubris","Infinite Spire","Marisa????????","Minty Spire (QoL Compilation)","Onozuka Komachi Mod","Reimu??????","Remilia??????","RumiaBox-????????","Small Relic Pack","StSLib","SuperFastMode","Td1madao Mod","The Servant 0.9.4"],"gold_per_floor":[115,115,115,130,130,130,142,156,156,174,205,50,68,68,68,163,163,379,89,108,108,108,108,134,134,180,209,209,209,209,209,209],"floor_reached":31,"language":"ENG","playtime":1327,"items_purged":["ats:Strike G"],"score":396,"play_id":"b9c7267d-ec34-43eb-80ea-7729dd2f2f66","local_time":"20210117155011","is_ascension_mode":false,"campfire_choices":[{"data":"ats:Emotion Absorption","floor":6,"key":"SMITH"},{"data":"ats:Thorns","floor":15,"key":"SMITH"},{"data":"Gensokyo:FourOfAKind","floor":23,"key":"SMITH"},{"data":"ats:Healing Drone","floor":25,"key":"SMITH"}],"circlet_count":0,"master_deck":["ats:Strike C","ats:Strike S","ats:Strike V","ats:Armor Crushing Shot","ats:Defend","ats:Defend","ats:Defend","ats:Defend","ats:Emotion Absorption+1","ats:Hook Shot","ats:Overload","ats:Flexible Camouflage","infinitespire:SevenWalls+1","ats:Thorns+1","ats:Apocalypse","ats:Disruption Kick","ats:Explosion Area Strengthen","ats:Explosion Area Strengthen","ats:Calcification","ats:Calcification","ats:Apocalypse","ats:Healing Drone+1","Gensokyo:FourOfAKind+1","Gensokyo:FourOfAKind","Gensokyo:FourOfAKind","Gensokyo:FourOfAKind","ats:Thorns","infinitespire:Collect"],"relics":["ats:Sanity","Strawberry","PreservedInsect","ats:Originium","ats:Lavender","Coffee Dripper","Sling","relicPack:WeightedSword","CaptainsWheel","Kunai","Toy Ornithopter","hubris:BottledRain","Gensokyo:RedStar","Gensokyo:UndefinedDarkness"],"acts_visited":["Exordium","Gensokyo:Gensokyo"],"potions_floor_usage":[16,16,24,24,25,27,27,27],"damage_taken":[{"damage":4,"enemies":"Gensokyo:Gryphon","floor":1,"turns":4},{"damage":0,"enemies":"Gensokyo:2_Kodama","floor":4,"turns":3},{"damage":0,"enemies":"Gensokyo:3_Fairies","floor":7,"turns":5},{"damage":0,"enemies":"Gensokyo:Kitsune","floor":8,"turns":3},{"damage":0,"enemies":"Gensokyo:Gryphon_and_Rabbit","floor":10,"turns":5},{"damage":4,"enemies":"Gensokyo:Mamizou","floor":11,"turns":7},{"damage":36,"enemies":"Gensokyo:2_Rabbits","floor":13,"turns":7},{"damage":16,"enemies":"Gensokyo:Yukari","floor":16,"turns":13},{"damage":2,"enemies":"Gensokyo:2_Gloops","floor":18,"turns":7},{"damage":3,"enemies":"Gensokyo:CosmicMonolith","floor":20,"turns":5},{"damage":60,"enemies":"Gensokyo:Tenshi","floor":24,"turns":3},{"damage":27,"enemies":"Gensokyo:Reisen","floor":27,"turns":7},{"damage":60,"enemies":"Gensokyo:3_Gloops","floor":31,"turns":4}],"seed_played":"-6927758838553531542","potions_obtained":[{"floor":4,"key":"Weak Potion"},{"floor":10,"key":"BlessingOfTheForge"},{"floor":11,"key":"BlessingOfTheForge"},{"floor":13,"key":"EntropicBrew"},{"floor":18,"key":"PowerPotion"},{"floor":20,"key":"MagicPotion:ReiMu"}],"is_trial":false,"path_per_floor":["M","?","?","M","?","R","M","M","T","M","E","COS","M","$","R","B",null,"M","COS","M","?","?","R","E","R","T","E","AVR","?","?","M"],"character_chosen":"DOCTOR_CLASS","items_purchased":["ats:Hook Shot","ats:Overload"],"campfire_rested":0,"item_purchase_floors":[0,0],"current_hp_per_floor":[68,50,50,50,47,47,47,47,47,59,63,63,45,45,45,56,79,79,79,79,79,56,56,1,1,1,29,29,29,29,0,0],"gold":209,"neow_bonus":"","is_daily":false,"chose_seed":false,"campfire_upgraded":4,"win_rate":0.0,"timestamp":1610887811,"path_taken":["M","?","?","M","?","R","?","?","T","M","E","COS","M","?","R","BOSS","M","COS","M","?","?","R","E","R","T","E","AVR","?","?","M"],"items_purchased_type":["Card","Card"],"build_version":"2020-12-22","purchased_purges":1,"victory":false,"max_hp_per_floor":[72,72,72,72,79,79,79,79,79,79,79,79,79,79,79,79,79,79,79,79,79,56,56,56,56,56,56,56,56,56,56,56],"card_choices":[{"not_picked":["ats:Counter Healing Mode","ats:Leaping Hammer"],"picked":"ats:Flexible Camouflage","floor":1},{"not_picked":["infinitespire:TheBestDefense","hubris:Rewind"],"picked":"infinitespire:SevenWalls","floor":2},{"not_picked":["ats:Consecutive Shot Auto","ats:Blood Oath"],"picked":"ats:Thorns","floor":4},{"not_picked":["ats:Ignite","ats:Leaping Hammer","ats:Steam Pump"],"picked":"SKIP","floor":7},{"not_picked":["ats:Thermite Blade","ats:Poison Spread"],"picked":"ats:Apocalypse","floor":8},{"not_picked":["ats:Powerful Strike","ats:Consecutive Shot Auto"],"picked":"ats:Disruption Kick","floor":10},{"not_picked":["ats:Flexible Camouflage","ats:Shell Defense"],"picked":"ats:Explosion Area Strengthen","floor":11},{"not_picked":["ats:Red Shift","ats:Ignite"],"picked":"ats:Explosion Area Strengthen","floor":13},{"not_picked":["ats:Disruption Kick","ats:Echo Reverb"],"picked":"ats:Calcification","floor":16},{"not_picked":["ats:Volcano","ats:Nebulous Foxfire"],"picked":"ats:Calcification","floor":16},{"not_picked":["ats:Ignite+1","ats:Hammer On"],"picked":"ats:Apocalypse","floor":18},{"not_picked":["ats:Cat Scratch","ats:Explosion Area Strengthen"],"picked":"ats:Healing Drone","floor":20},{"not_picked":["ats:Ignite","ats:Poison Spread","ats:Hammer On"],"picked":"SKIP","floor":24},{"not_picked":["ats:Hammer On+1","ats:Very Hot Blade"],"picked":"ats:Thorns","floor":27}],"player_experience":117299,"relics_obtained":[{"floor":9,"key":"PreservedInsect"},{"floor":11,"key":"ats:Originium"},{"floor":11,"key":"ats:Lavender"},{"floor":24,"key":"ats:Originium"},{"floor":24,"key":"Kunai"},{"floor":26,"key":"Toy Ornithopter"},{"floor":27,"key":"ats:Originium"},{"floor":27,"key":"hubris:BottledRain"}],"event_choices":[],"is_beta":false,"boss_relics":[{"not_picked":["Black Star","Empty Cage"],"picked":"Coffee Dripper"}],"items_purged_floors":[28],"is_endless":false,"potions_floor_spawned":[4,10,11,13,18,20],"killed_by":"Gensokyo:3_Gloops","ascension_level":0}}