{"host":"j6mgjir4ee1lqn1j","time":1610864284,"event":{"mods":["BaseMod","Colored Map","Colored Powertips","DeckTracker","Highlight Path","Keyboard Shortcuts","Minty Spire (QoL Compilation)","Permanent Neow","Quick Restart","Rare Cards Sparkle","Shop Mod","StSLib","SuperFastMode"],"gold_per_floor":[114,125,136,211,211,211,243,243,243,58,89,100,133,8,8,104,104,115,115,115,135,135,135,166,178,178,98,98,124,139,164,164,259,259,272,322,332,332,232,264,277,311,362,362,362,362],"floor_reached":45,"language":"ENG","playtime":4387,"items_purged":["Strike_G","Strike_G+1"],"score":653,"play_id":"f2b4f852-4986-442b-b58d-73b63e2f75ff","local_time":"20210117011804","is_ascension_mode":true,"campfire_choices":[{"floor":6,"key":"REST"},{"floor":8,"key":"REST"},{"floor":15,"key":"REST"},{"floor":23,"key":"REST"},{"floor":28,"key":"REST"},{"floor":32,"key":"REST"}],"circlet_count":0,"master_deck":["Strike_G+1","Strike_G+1","Defend_G+1","Defend_G+1","Defend_G+1","Defend_G+1","Defend_G+1","Survivor","Neutralize","Deadly Poison","Expertise","Outmaneuver","Apotheosis","Burst","Blur","Prepared","Poisoned Stab+1","Malaise","Acrobatics","Footwork+1","Blur","Backflip","Calculated Gamble+1","Catalyst","Blur","Madness","Madness"],"relics":["Fusion Hammer","Unceasing Top","Molten Egg 2","Pantograph","Oddly Smooth Stone","WristBlade","Frozen Egg 2","Matryoshka","Meat on the Bone","Du-Vu Doll","Lantern","Girya","SacredBark","Thread and Needle","Happy Flower","Snake Skull","Juzu Bracelet","Ancient Tea Set"],"acts_visited":["Exordium","TheCity","TheBeyond"],"potions_floor_usage":[16,18,18,18,24,29,40,40],"damage_taken":[{"damage":0,"enemies":"Small Slimes","floor":1,"turns":3},{"damage":0,"enemies":"Cultist","floor":2,"turns":4},{"damage":3,"enemies":"Jaw Worm","floor":3,"turns":2},{"damage":14,"enemies":"Lagavulin","floor":7,"turns":8},{"damage":7,"enemies":"3 Sentries","floor":11,"turns":10},{"damage":0,"enemies":"Exordium Wildlife","floor":12,"turns":5},{"damage":0,"enemies":"Lagavulin","floor":13,"turns":7},{"damage":18,"enemies":"Slime Boss","floor":16,"turns":13},{"damage":8,"enemies":"2 Thieves","floor":18,"turns":4},{"damage":0,"enemies":"Shell Parasite","floor":21,"turns":7},{"damage":50,"enemies":"Slavers","floor":24,"turns":12},{"damage":0,"enemies":"Snecko","floor":25,"turns":7},{"damage":13,"enemies":"Gremlin Leader","floor":29,"turns":10},{"damage":3,"enemies":"Shelled Parasite and Fungi","floor":30,"turns":7},{"damage":0,"enemies":"Book of Stabbing","floor":31,"turns":7},{"damage":4,"enemies":"Champ","floor":33,"turns":17},{"damage":0,"enemies":"3 Darklings","floor":35,"turns":9},{"damage":0,"enemies":"Mind Bloom Boss Battle","floor":36,"turns":10},{"damage":0,"enemies":"Orb Walker","floor":37,"turns":7},{"damage":30,"enemies":"Reptomancer","floor":40,"turns":11},{"damage":0,"enemies":"3 Darklings","floor":41,"turns":8},{"damage":0,"enemies":"Giant Head","floor":42,"turns":8},{"damage":50,"enemies":"Transient","floor":45,"turns":4}],"seed_played":"5192516483476534050","potions_obtained":[{"floor":3,"key":"FearPotion"},{"floor":11,"key":"Block Potion"},{"floor":12,"key":"Block Potion"},{"floor":16,"key":"Fire Potion"},{"floor":21,"key":"Swift Potion"},{"floor":24,"key":"EntropicBrew"},{"floor":37,"key":"Weak Potion"},{"floor":42,"key":"Explosive Potion"}],"is_trial":false,"path_per_floor":["M","M","M","?","?","R","E","R","T","$","E","M","E","$","R","B",null,"M","?","T","M","$","R","E","M","T","$","R","E","M","E","R","B",null,"M","?","M","?","$","E","M","E","T","?","M"],"character_chosen":"THE_SILENT","items_purchased":["Apotheosis","Poisoned Stab+1","Blur"],"campfire_rested":6,"item_purchase_floors":[10,14,27],"current_hp_per_floor":[70,70,67,56,56,70,56,70,70,70,63,63,63,63,70,52,70,62,62,62,62,62,70,20,20,20,20,41,40,37,37,58,66,70,70,70,70,70,70,40,40,40,40,31,0,0],"gold":362,"neow_bonus":"BOSS_RELIC","is_daily":false,"chose_seed":false,"campfire_upgraded":0,"win_rate":0.0,"timestamp":1610864284,"path_taken":["M","M","M","?","?","R","E","R","T","$","E","?","E","$","R","BOSS","M","?","?","M","$","R","E","M","T","$","R","E","M","E","R","BOSS","M","?","M","?","$","E","M","E","T","?","M"],"items_purchased_type":["Card","Card","Card"],"build_version":"2020-12-13","purchased_purges":2,"victory":false,"max_hp_per_floor":[70,70,70,70,70,70,70,70,70,70,70,70,70,70,70,70,70,70,70,70,70,70,70,70,70,70,70,70,70,70,70,70,70,70,70,70,70,70,70,70,70,70,70,70,70,70],"card_choices":[{"not_picked":["Sucker Punch","Dash"],"picked":"Deadly Poison","floor":1},{"not_picked":["Eviscerate","Dagger Throw"],"picked":"Expertise","floor":2},{"not_picked":["Caltrops","Dagger Throw","Backstab"],"picked":"SKIP","floor":3},{"not_picked":["Doppelganger","Night Terror"],"picked":"Outmaneuver","floor":7},{"not_picked":["Sucker Punch+1","Finisher+1"],"picked":"Burst","floor":11},{"not_picked":["Riddle With Holes+1","Acrobatics"],"picked":"Blur","floor":12},{"not_picked":["Venomology","Choke+1"],"picked":"Prepared","floor":13},{"not_picked":["Glass Knife+1","Bullet Time"],"picked":"Malaise","floor":16},{"not_picked":["Eviscerate+1","Prepared"],"picked":"Acrobatics","floor":18},{"not_picked":["PiercingWail+1","Slice+1","Flechettes+1"],"picked":"SKIP","floor":21},{"not_picked":["Infinite Blades+1","Underhanded Strike+1","Masterful Stab+1"],"picked":"SKIP","floor":24},{"not_picked":["Deadly Poison","Eviscerate+1"],"picked":"Footwork+1","floor":25},{"not_picked":["Cloak And Dagger","PiercingWail"],"picked":"Backflip","floor":29},{"not_picked":["Underhanded Strike+1","Dash+1","Quick Slash+1"],"picked":"SKIP","floor":30},{"not_picked":["Accuracy+1","Acrobatics","Flechettes+1"],"picked":"SKIP","floor":31},{"not_picked":["All Out Attack+1","Deflect","Dagger Spray+1"],"picked":"SKIP","floor":35},{"not_picked":["Heel Hook+1","Blade Dance+1"],"picked":"Calculated Gamble+1","floor":37},{"not_picked":["Calculated Gamble","Underhanded Strike+1","Flechettes+1"],"picked":"SKIP","floor":40},{"not_picked":["Acrobatics","Outmaneuver"],"picked":"Catalyst","floor":41},{"not_picked":["Quick Slash+1","Dodge and Roll"],"picked":"Blur","floor":42}],"player_experience":16139,"relics_obtained":[{"floor":7,"key":"Unceasing Top"},{"floor":9,"key":"Molten Egg 2"},{"floor":11,"key":"Pantograph"},{"floor":13,"key":"Oddly Smooth Stone"},{"floor":20,"key":"Frozen Egg 2"},{"floor":24,"key":"Matryoshka"},{"floor":26,"key":"Meat on the Bone"},{"floor":26,"key":"Du-Vu Doll"},{"floor":29,"key":"Lantern"},{"floor":31,"key":"Girya"},{"floor":36,"key":"Thread and Needle"},{"floor":40,"key":"Happy Flower"},{"floor":42,"key":"Snake Skull"},{"floor":43,"key":"Juzu Bracelet"},{"floor":43,"key":"Ancient Tea Set"}],"event_choices":[{"damage_healed":0,"gold_gain":75,"player_choice":"Gather Gold","damage_taken":11,"max_hp_gain":0,"max_hp_loss":0,"event_name":"World of Goop","floor":4,"gold_loss":0},{"cards_removed":["Strike_G"],"damage_healed":0,"gold_gain":0,"player_choice":"Purged","damage_taken":0,"max_hp_gain":0,"max_hp_loss":0,"event_name":"Purifier","floor":5,"gold_loss":0},{"damage_healed":0,"gold_gain":0,"player_choice":"Simplicity","damage_taken":0,"max_hp_gain":0,"max_hp_loss":0,"event_name":"Back to Basics","floor":19,"gold_loss":0,"cards_upgraded":["Strike_G","Strike_G","Strike_G","Defend_G","Defend_G","Defend_G","Defend_G","Defend_G"]},{"damage_healed":0,"gold_gain":0,"player_choice":"Fight","damage_taken":0,"max_hp_gain":0,"max_hp_loss":0,"event_name":"MindBloom","floor":36,"gold_loss":0},{"damage_healed":0,"gold_gain":0,"player_choice":"0 cards matched","damage_taken":0,"max_hp_gain":0,"max_hp_loss":0,"event_name":"Match and Keep!","floor":38,"gold_loss":0,"cards_obtained":[]},{"damage_healed":0,"gold_gain":0,"player_choice":"Embrace Madness","damage_taken":9,"max_hp_gain":0,"max_hp_loss":0,"event_name":"Winding Halls","floor":44,"gold_loss":0,"cards_obtained":["Madness","Madness"]}],"is_beta":false,"boss_relics":[{"not_picked":["Calling Bell","Runic Dome"],"picked":"WristBlade"},{"not_picked":["Astrolabe","Velvet Choker"],"picked":"SacredBark"}],"items_purged_floors":[14,39],"is_endless":false,"potions_floor_spawned":[3,11,12,16,21,24,29,31,37,42],"killed_by":"Transient","ascension_level":1}}