{"host":"7l2t4psy44vpcd9q","time":1610872019,"event":{"mods":["AchievementEnabler","BaseMod","DeckTracker","Minty Spire (QoL Compilation)","SuperFastMode"],"gold_per_floor":[110,110,110,124,124,156,176,208,208,208,208],"floor_reached":10,"language":"KOR","playtime":237,"items_purged":[],"score":202,"play_id":"5ff2b37e-4e02-4318-a2b8-60f55c51759b","local_time":"20210117172659","is_ascension_mode":true,"campfire_choices":[],"circlet_count":0,"master_deck":["AscendersBane","Strike_B","Strike_B","Strike_B","Defend_B","Defend_B","Defend_B","Defend_B","Zap","Dualcast","Compile Driver","Doom and Gloom","Pain","Defragment","Undo","FTL"],"relics":["Cracked Core","NeowsBlessing","Thread and Needle","WarpedTongs","Letter Opener","Tiny Chest","White Beast Statue"],"acts_visited":["Exordium"],"potions_floor_usage":[10,10],"damage_taken":[{"damage":0,"enemies":"Jaw Worm","floor":1,"turns":1},{"damage":0,"enemies":"Cultist","floor":4,"turns":1},{"damage":1,"enemies":"Lagavulin","floor":6,"turns":1},{"damage":0,"enemies":"2 Louse","floor":7,"turns":2},{"damage":16,"enemies":"3 Sentries","floor":8,"turns":6},{"damage":45,"enemies":"Gremlin Nob","floor":10,"turns":4}],"seed_played":"6346274554636817670","potions_obtained":[{"floor":4,"key":"SneckoOil"},{"floor":8,"key":"SpeedPotion"}],"is_trial":false,"path_per_floor":["M","?","?","M","?","E","M","E","T","E"],"character_chosen":"DEFECT","items_purchased":[],"campfire_rested":0,"item_purchase_floors":[],"current_hp_per_floor":[64,53,53,53,53,52,52,36,36,0,0],"gold":208,"neow_bonus":"THREE_ENEMY_KILL","is_daily":false,"chose_seed":false,"campfire_upgraded":0,"win_rate":0.0,"timestamp":1610872019,"path_taken":["M","?","?","?","?","E","M","E","T","E"],"items_purchased_type":[],"build_version":"2020-12-22","purchased_purges":0,"victory":false,"max_hp_per_floor":[71,71,71,71,71,71,71,71,71,71,71],"card_choices":[{"not_picked":["Coolheaded","Hologram"],"picked":"Compile Driver","floor":1},{"not_picked":["Leap","White Noise"],"picked":"Doom and Gloom","floor":4},{"not_picked":["Compile Driver","Auto Shields"],"picked":"Defragment","floor":6},{"not_picked":["Heatsinks","Recycle"],"picked":"Undo","floor":7},{"not_picked":["Doom and Gloom","Beam Cell"],"picked":"FTL","floor":8}],"player_experience":1243165,"relics_obtained":[{"floor":6,"key":"Letter Opener"},{"floor":8,"key":"Tiny Chest"},{"floor":9,"key":"White Beast Statue"}],"event_choices":[{"damage_healed":0,"gold_gain":0,"player_choice":"Success","damage_taken":11,"relics_obtained":["Thread and Needle"],"max_hp_gain":0,"max_hp_loss":0,"event_name":"Scrap Ooze","floor":2,"gold_loss":0},{"cards_removed":["Strike_B"],"damage_healed":0,"gold_gain":0,"player_choice":"Offered Basic","damage_taken":0,"max_hp_gain":0,"max_hp_loss":0,"event_name":"Bonfire Elementals","floor":3,"gold_loss":0},{"damage_healed":0,"gold_gain":0,"player_choice":"Rummage","damage_taken":0,"relics_obtained":["WarpedTongs"],"max_hp_gain":0,"max_hp_loss":0,"event_name":"Accursed Blacksmith","floor":5,"gold_loss":0,"cards_obtained":["Pain"]}],"is_beta":false,"boss_relics":[],"items_purged_floors":[],"is_endless":false,"potions_floor_spawned":[4,8],"killed_by":"Gremlin Nob","ascension_level":20}}