{"host":"1zjc08c6hob33401","time":1610914679,"event":{"mods":["AchievementEnabler","Act Like it!","Aspiration","BaseMod","Downfall","Energized Spire","Evolution","Friendly Minions","Gensokyo","GifTheSpireLib","Hubris","Infinite Spire","Jedi Mod","Minty Spire (QoL Compilation)","Pale of the Ancients","Quick Restart","Retaliation","Shop Mod","StS++","StSLib","Stuff the Spire","The Blue Laboratory","The Mystic","Wandering Minibosses","vexMod","??????REMEMod"],"gold_per_floor":[109,127,52,52,70,70,83,83,134,134,151,151,165,190,190,295,295,307,323,723,734,734,761,772,772,849,869,869,869],"floor_reached":28,"language":"RUS","playtime":3976,"items_purged":["mysticmod:Defend_Mystic"],"score":242,"play_id":"e8bafceb-6633-4148-a792-7762a30cde97","local_time":"20210117221759","is_ascension_mode":false,"campfire_choices":[{"data":"mysticmod:RapidCaster","floor":6.0,"key":"SMITH"},{"data":"mysticmod:ComboCaster","floor":8.0,"key":"SMITH"},{"data":"mysticmod:FiveFootStep","floor":12.0,"key":"SMITH"},{"data":"mysticmod:SpontaneousCaster","floor":15.0,"key":"SMITH"},{"floor":25.0,"key":"REST"}],"circlet_count":0,"master_deck":["mysticmod:Strike_Mystic","mysticmod:Strike_Mystic","mysticmod:Strike_Mystic","mysticmod:Defend_Mystic","mysticmod:ArcaneDodge","mysticmod:ShockingGrasp","mysticmod:ComboCaster+1","mysticmod:Probe","mysticmod:RapidCaster+1","mysticmod:Sideswipe","mysticmod:Grapple","PiercingWail","Eviscerate","Adrenaline","mysticmod:FiveFootStep+1","mysticmod:SpontaneousCaster+1","mysticmod:Probe","mysticmod:Lunge","mysticmod:SummonFamiliar","mysticmod:Haste","mysticmod:Disengage+1","mysticmod:CureLightWounds","mysticmod:Alacrity+1","mysticmod:Daze+1","mysticmod:Disintegrate"],"relics":["mysticmod:SpellBook","EVO:Axolotl","REME_ComplimentaryCards","Centennial Puzzle","Mercury Hourglass","vexMod:CursedCompass","aspiration:HatOfInfinitePower","Old Coin","hubris:Towel","jedi:shrinkray","infinitespire:ShieldingShard"],"acts_visited":["Gensokyo:Gensokyo","Gensokyo:Gensokyoer"],"potions_floor_usage":[],"damage_taken":[{"damage":0.0,"enemies":"Gensokyo:2_Kodama","floor":1.0,"turns":4.0},{"damage":0.0,"enemies":"Gensokyo:Gryphon","floor":2.0,"turns":4.0},{"damage":2.0,"enemies":"Gensokyo:Python","floor":5.0,"turns":3.0},{"damage":1.0,"enemies":"Gensokyo:2_Rabbits","floor":7.0,"turns":4.0},{"damage":6.0,"enemies":"Gensokyo:Python_and_Kodama","floor":11.0,"turns":4.0},{"damage":0.0,"enemies":"Gensokyo:VengefulSpirit","floor":13.0,"turns":3.0},{"damage":33.0,"enemies":"Gensokyo:Cirno","floor":14.0,"turns":8.0},{"damage":32.0,"enemies":"Gensokyo:Kokoro","floor":16.0,"turns":11.0},{"damage":29.0,"enemies":"Gensokyo:AngelMirror","floor":18.0,"turns":3.0},{"damage":7.0,"enemies":"Gensokyo:CosmicMonolith","floor":19.0,"turns":4.0},{"damage":28.0,"enemies":"Gensokyo:CosmicMonolith","floor":20.0,"turns":9.0},{"damage":0.0,"enemies":"Gensokyo:Wraith","floor":21.0,"turns":5.0},{"damage":20.0,"enemies":"Nightmare","floor":23.0,"turns":9.0},{"damage":0.0,"enemies":"Gensokyo:Chomper_and_Gloop","floor":24.0,"turns":4.0},{"damage":24,"enemies":"Gensokyo:Swordslinger","floor":27,"turns":3},{"damage":15,"enemies":"Gensokyo:Wraith","floor":28,"turns":3}],"seed_played":"4832899549258253401","potions_obtained":[{"floor":1.0,"key":"Weak Potion"},{"floor":5.0,"key":"Explosive Potion"},{"floor":7.0,"key":"SkillPotion"},{"floor":13.0,"key":"blueLaboratory:FruitPunch"},{"floor":16.0,"key":"blueLaboratory:BottleOfRum"},{"floor":18.0,"key":"LiquidMemories"},{"floor":19.0,"key":"GamblersBrew"},{"floor":20.0,"key":"SpeedPotion"}],"is_trial":false,"path_per_floor":["M","M","$","?","M","R","M","R","T","?","M","R","M","E","R","B",null,"M","M","?","M","?","NM","M","R","T","M","M"],"character_chosen":"MYSTIC_CLASS","items_purchased":[],"campfire_rested":1,"item_purchase_floors":[],"current_hp_per_floor":[84,84,84,84,82,82,81,81,81,81,75,75,75,44,44,12,86,57,50,22,22,22,5,8,33,33,9,0,0],"gold":869,"neow_bonus":"TEN_PERCENT_HP_BONUS","is_daily":false,"chose_seed":false,"campfire_upgraded":4,"win_rate":0.0,"timestamp":1610914679,"path_taken":["M","M","$","?","M","R","M","R","T","?","M","R","M","E","R","BOSS","M","?","?","M","?","NM","M","R","T","M","M"],"items_purchased_type":[],"build_version":"2020-12-22","purchased_purges":1,"victory":false,"max_hp_per_floor":[84,84,84,84,84,84,84,84,84,84,84,84,84,86,86,86,86,86,86,86,86,86,86,86,86,86,86,86,86],"card_choices":[{"not_picked":["mysticmod:DiviningBlow","mysticmod:Alacrity"],"picked":"mysticmod:Probe","floor":1.0},{"not_picked":["mysticmod:AllIn","mysticmod:MirrorStrike"],"picked":"mysticmod:RapidCaster","floor":2.0},{"not_picked":["mysticmod:BladeMaster","mysticmod:MagicMissile"],"picked":"mysticmod:Sideswipe","floor":5.0},{"not_picked":["mysticmod:SuddenClarity","mysticmod:TomeOfSpells"],"picked":"mysticmod:Grapple","floor":7.0},{"not_picked":["mysticmod:Disengage","mysticmod:TomeOfSpells"],"picked":"mysticmod:FiveFootStep","floor":11.0},{"not_picked":["mysticmod:HeavyStrike","mysticmod:MirrorStrike"],"picked":"mysticmod:SpontaneousCaster","floor":13.0},{"not_picked":["mysticmod:Alacrity","mysticmod:EnergizedRift"],"picked":"mysticmod:Probe","floor":14.0},{"not_picked":["mysticmod:MirrorEntity","mysticmod:SpontaneousCaster"],"picked":"mysticmod:Lunge","floor":16.0},{"not_picked":["mysticmod:Probe","mysticmod:FloatingDisk+1"],"picked":"mysticmod:SummonFamiliar","floor":18.0},{"not_picked":["mysticmod:AllIn+1","mysticmod:SummonFamiliar"],"picked":"mysticmod:Haste","floor":19.0},{"not_picked":["mysticmod:StyleChange","mysticmod:PowerSlash+1"],"picked":"mysticmod:Disengage+1","floor":20.0},{"not_picked":["mysticmod:PowerSlash+1","mysticmod:HeavyStrike"],"picked":"mysticmod:CureLightWounds","floor":21.0},{"not_picked":["mysticmod:VorpalThrust","mysticmod:ChargedParry"],"picked":"mysticmod:Alacrity+1","floor":23.0},{"not_picked":["mysticmod:Flourish","mysticmod:BulkUp"],"picked":"mysticmod:Daze+1","floor":24.0},{"not_picked":["mysticmod:Daze","mysticmod:Snowball+1"],"picked":"mysticmod:Disintegrate","floor":27}],"player_experience":624148,"relics_obtained":[{"floor":9.0,"key":"Centennial Puzzle"},{"floor":14.0,"key":"Mercury Hourglass"},{"floor":20.0,"key":"aspiration:HatOfInfinitePower"},{"floor":20.0,"key":"Old Coin"},{"floor":23.0,"key":"jedi:shrinkray"},{"floor":26.0,"key":"infinitespire:ShieldingShard"}],"event_choices":[],"is_beta":false,"boss_relics":[{"not_picked":["StSpp:PileOfSugar","hubris:ScarierMask"],"picked":"vexMod:CursedCompass"}],"items_purged_floors":[3],"is_endless":false,"potions_floor_spawned":[1,5,7,13,16,18,19,20],"killed_by":"Gensokyo:Wraith","ascension_level":0}}