{"host":"gkh5j5k5w4qf7k7n","time":1610888515,"event":{"mods":["2.2 Compatiblity","AchievementEnabler","Arknights The Spire","BaseMod","Colored Map","Colored Powertips","GifTheSpireLib","Hermit","Keyboard Shortcuts","Minty Spire (QoL Compilation)","Quick Restart","Replay The Spire","StSLib","SuperFastMode","The Druid","The Problem Sleuth","TheBandit","¡¼?Úª?ø«¡½REMEMod"],"gold_per_floor":[112,59,59,59,22,55,55,84,84,99,99,99,117,117,117,194,194,210,260,175,175,175,450,87,87,141,157,173,73,73,107,107,137,137],"floor_reached":33,"language":"KOR","playtime":1076,"items_purged":["Regret","Strike_B"],"score":555,"play_id":"de5be6ee-c0a0-47d2-aa5b-34afb2a75d4d","local_time":"20210117220155","is_ascension_mode":true,"campfire_choices":[{"data":"Recycle","floor":7.0,"key":"SMITH"},{"data":"Zap","floor":12.0,"key":"SMITH"},{"data":"Dualcast","floor":15.0,"key":"SMITH"},{"data":"Skim","floor":25.0,"key":"SMITH"},{"data":"Defragment","floor":30.0,"key":"SMITH"},{"data":"ReplayTheSpireMod:Fabricate Wheel","floor":32.0,"key":"SMITH"}],"circlet_count":0,"master_deck":["AscendersBane","Strike_B","Strike_B","Defend_B","Defend_B","Defend_B","Defend_B","Zap+1","Dualcast+1","DeusExMachina","Recycle+1","Streamline","Loop","Defragment+1","Scrape","Turbo","Rainbow","Coolheaded+1","Go for the Eyes","Skim+1","FIFO Queue+1","Pot Of Greed","Pot Of Greed","Redo+1","Hologram+1","Pot Of Greed","Meteor Strike"],"relics":["Cracked Core","REME_ComplimentaryCards","NeowsBlessing","ReplayTheSpireMod:Ring of Exchange","Pet Ghost","Pen Nib","Orichalcum","StoneCalendar","REME_ChargedStone","theSleuth:JesterOfEncumbrance","Frozen Egg 2","Replay:Antivirus Software","Grinning Jar","REME_LimitBreaker","Prayer Wheel"],"acts_visited":["Exordium","TheCity"],"potions_floor_usage":[33],"damage_taken":[{"damage":0.0,"enemies":"Small Slimes","floor":1.0,"turns":1.0},{"damage":0.0,"enemies":"Replay:BlueRogue","floor":6.0,"turns":1.0},{"damage":0.0,"enemies":"Lagavulin","floor":8.0,"turns":1.0},{"damage":0.0,"enemies":"2 Louse","floor":10.0,"turns":2.0},{"damage":0.0,"enemies":"Cultist","floor":13.0,"turns":3.0},{"damage":33.0,"enemies":"Slime Boss","floor":16.0,"turns":7.0},{"damage":29.0,"enemies":"3 Byrds","floor":18.0,"turns":4.0},{"damage":6.0,"enemies":"Spheric Guardian","floor":27.0,"turns":4.0},{"damage":0.0,"enemies":"Snake Plant","floor":28.0,"turns":3.0},{"damage":27.0,"enemies":"REME_1_Revenger","floor":31.0,"turns":5.0},{"damage":23,"enemies":"Champ","floor":33,"turns":2}],"seed_played":"-9047559289621948792","potions_obtained":[{"floor":6.0,"key":"Weak Potion"},{"floor":16.0,"key":"Regen Potion"},{"floor":18.0,"key":"Elixir"},{"floor":31.0,"key":"REME_GoldPotion"}],"is_trial":false,"path_per_floor":["M","$","?","?","$","E","R","E","T","M","?","R","M","?","R","B",null,"M","?","?","?","T","?","$","R","T","M","M","$","R","E","R","B"],"character_chosen":"DEFECT","items_purchased":["Streamline","Loop","Replay:Antivirus Software","Skim","FIFO Queue+1"],"campfire_rested":0,"item_purchase_floors":[2,5,24,24,24],"current_hp_per_floor":[64,64,64,38,38,38,38,38,38,38,38,38,38,43,43,10,60,31,31,31,31,31,31,31,31,31,25,25,25,25,7,7,0,0],"gold":137,"neow_bonus":"THREE_ENEMY_KILL","is_daily":false,"chose_seed":false,"campfire_upgraded":6,"win_rate":0.0,"timestamp":1610888515,"path_taken":["M","$","?","?","$","E","R","E","T","M","?","R","?","?","R","BOSS","M","?","?","?","?","?","$","R","T","M","?","?","R","E","R","BOSS"],"items_purchased_type":["Card","Card","Relic","Card","Card"],"build_version":"2020-12-22","purchased_purges":2,"victory":false,"max_hp_per_floor":[71,71,71,71,71,71,71,71,71,71,71,71,71,76,76,76,76,76,76,76,76,76,76,76,76,76,76,76,76,76,76,76,76,76],"card_choices":[{"not_picked":["Hologram","Undo"],"picked":"Recycle","floor":1.0},{"not_picked":["Storm","Sweeping Beam","Streamline"],"picked":"SKIP","floor":6.0},{"not_picked":["Blizzard","Barrage"],"picked":"Defragment","floor":8.0},{"not_picked":["Recycle","BasicCrystalCard"],"picked":"Scrape","floor":10.0},{"not_picked":["Reprogram","Coolheaded"],"picked":"Turbo","floor":13.0},{"not_picked":["Biased Cognition","Reboot"],"picked":"Rainbow","floor":16.0},{"not_picked":["ReplaySort","Redo"],"picked":"Coolheaded+1","floor":18.0},{"not_picked":["Compile Driver","Sunder"],"picked":"Redo+1","floor":27.0},{"not_picked":["Leap","Conserve Battery"],"picked":"Hologram+1","floor":28.0},{"not_picked":["Panic Button+1","REME_SelfUpgrade+1"],"picked":"ReplayTheSpireMod:Fabricate Wheel","floor":31.0}],"player_experience":828699,"relics_obtained":[{"floor":3.0,"key":"ReplayTheSpireMod:Ring of Exchange"},{"floor":6.0,"key":"Pen Nib"},{"floor":8.0,"key":"Orichalcum"},{"floor":9.0,"key":"StoneCalendar"},{"floor":22.0,"key":"Frozen Egg 2"},{"floor":26.0,"key":"Grinning Jar"},{"floor":31.0,"key":"REME_LimitBreaker"}],"event_choices":[{"damage_healed":0.0,"max_hp_gain":0.0,"max_hp_loss":0.0,"gold_gain":0.0,"event_name":"Scrap Ooze","player_choice":"Success","floor":4.0,"gold_loss":0.0,"damage_taken":26.0,"relics_obtained":["Pet Ghost"]},{"cards_removed":["Strike_B"],"damage_healed":0.0,"max_hp_gain":0.0,"max_hp_loss":0.0,"gold_gain":0.0,"event_name":"Purifier","player_choice":"Purged","floor":11.0,"gold_loss":0.0,"damage_taken":0.0},{"damage_healed":0.0,"max_hp_gain":5.0,"max_hp_loss":0.0,"gold_gain":0.0,"event_name":"Big Fish","player_choice":"Donut","floor":14.0,"gold_loss":0.0,"damage_taken":0.0},{"damage_healed":0.0,"max_hp_gain":0.0,"max_hp_loss":0.0,"gold_gain":50.0,"event_name":"Nest","player_choice":"Stole From Cult","floor":19.0,"gold_loss":0.0,"damage_taken":0.0},{"damage_healed":0.0,"max_hp_gain":0.0,"max_hp_loss":0.0,"gold_gain":0.0,"event_name":"Addict","player_choice":"Obtained Relic","floor":20.0,"gold_loss":85.0,"damage_taken":0.0,"relics_obtained":["theSleuth:JesterOfEncumbrance"]},{"damage_healed":0.0,"max_hp_gain":0.0,"max_hp_loss":0.0,"gold_gain":0.0,"event_name":"The Library","player_choice":"Read","floor":21.0,"gold_loss":0.0,"damage_taken":0.0,"cards_obtained":["Go for the Eyes"]},{"damage_healed":0.0,"max_hp_gain":0.0,"max_hp_loss":0.0,"gold_gain":275.0,"event_name":"Golden Shrine","player_choice":"Desecrate","floor":23.0,"gold_loss":0.0,"damage_taken":0.0,"cards_obtained":["Regret"]}],"is_beta":false,"boss_relics":[{"not_picked":["FrozenCore","TheAbacus"],"picked":"REME_ChargedStone"}],"items_purged_floors":[24,29],"is_endless":false,"potions_floor_spawned":[6,16,18,31],"killed_by":"Champ","ascension_level":15}}