{"host":"1ewlj51w384ajcbv","time":1610870787,"event":{"mods":["BaseMod","Better Third Choice","Downfall","Minty Spire (QoL Compilation)","StSLib"],"gold_per_floor":[112,112,126,136,155,155,181,158,195,227,239,263,275,305,317,428,440,466,478,472,484,509,521,533,533],"floor_reached":24,"language":"ENG","playtime":1581,"items_purged":[],"score":200,"play_id":"edb72fcc-6a77-44a9-82b1-85003cc60b32","local_time":"20210117000627","is_ascension_mode":false,"campfire_choices":[{"floor":6,"key":"REST"},{"data":"Envenom","floor":11,"key":"SMITH"},{"floor":13,"key":"REST"},{"floor":15,"key":"REST"},{"floor":23,"key":"REST"}],"circlet_count":0,"master_deck":["Strike_G","Strike_G","Strike_G","Defend_G","Defend_G","Defend_G","Defend_G","Survivor","Neutralize","Deadly Poison+1","Flying Knee","Sucker Punch","Catalyst","Envenom+1","Distraction","Sucker Punch","Heel Hook","Bullet Time","Glass Knife+1","Quick Slash+1","Phantasmal Killer+1","Infinite Blades+1","Deadly Poison"],"relics":["Ring of the Snake","MawBank","Omamori","Astrolabe"],"acts_visited":["Exordium","TheCity"],"potions_floor_usage":[7,20,22,24],"damage_taken":[{"damage":2,"enemies":"Jaw Worm","floor":1,"turns":5},{"damage":0,"enemies":"Cultist","floor":3,"turns":3},{"damage":0,"enemies":"2 Louse","floor":4,"turns":2},{"damage":9,"enemies":"Large Slime","floor":5,"turns":8},{"damage":22,"enemies":"Lagavulin","floor":7,"turns":6},{"damage":12,"enemies":"3 Louse","floor":10,"turns":5},{"damage":11,"enemies":"Red Slaver","floor":12,"turns":3},{"damage":4,"enemies":"Large Slime","floor":14,"turns":7},{"damage":28,"enemies":"Hexaghost","floor":16,"turns":9},{"damage":18,"enemies":"Chosen","floor":18,"turns":5},{"damage":19,"enemies":"2 Thieves","floor":20,"turns":4},{"damage":26,"enemies":"Snake Plant","floor":22,"turns":4},{"damage":37,"enemies":"Shelled Parasite and Fungi","floor":24,"turns":4}],"seed_played":"3553597496623998984","potions_obtained":[{"floor":0,"key":"Dexterity Potion"},{"floor":0,"key":"Explosive Potion"},{"floor":0,"key":"SpeedPotion"},{"floor":10,"key":"GamblersBrew"},{"floor":22,"key":"Weak Potion"}],"is_trial":false,"path_per_floor":["M","?","M","M","M","R","E","?","T","M","R","M","R","M","R","B",null,"M","?","M","?","M","R","M"],"character_chosen":"THE_SILENT","items_purchased":[],"campfire_rested":4,"item_purchase_floors":[],"current_hp_per_floor":[68,68,68,68,59,70,48,65,65,53,53,42,63,59,70,42,70,52,52,33,33,7,28,0,0],"gold":533,"neow_bonus":"THREE_SMALL_POTIONS","is_daily":false,"chose_seed":false,"campfire_upgraded":1,"win_rate":0.0,"timestamp":1610870787,"path_taken":["M","?","?","M","M","R","E","?","T","M","R","M","R","M","R","BOSS","M","?","M","?","?","R","M"],"items_purchased_type":[],"build_version":"2020-12-22","purchased_purges":0,"victory":false,"max_hp_per_floor":[70,70,70,70,70,70,70,70,70,70,70,70,70,70,70,70,70,70,70,70,70,70,70,70,70],"card_choices":[{"not_picked":["Flying Knee","Footwork"],"picked":"Deadly Poison","floor":1},{"not_picked":["Deflect","Flechettes"],"picked":"Flying Knee","floor":3},{"not_picked":["Dash","Prepared"],"picked":"Sucker Punch","floor":4},{"not_picked":["Deflect","Dagger Throw"],"picked":"Catalyst","floor":5},{"not_picked":["Prepared","PiercingWail"],"picked":"Envenom","floor":7},{"not_picked":["Underhanded Strike","Dagger Throw"],"picked":"Distraction","floor":10},{"not_picked":["Backflip","Quick Slash"],"picked":"Sucker Punch","floor":12},{"not_picked":["Terror","Slice"],"picked":"Heel Hook","floor":14},{"not_picked":["Night Terror","Unload"],"picked":"Bullet Time","floor":16},{"not_picked":["Riddle With Holes","Eviscerate","Underhanded Strike"],"picked":"SKIP","floor":18},{"not_picked":["Quick Slash","Slice"],"picked":"Infinite Blades","floor":20},{"not_picked":["Slice+1","Finisher+1"],"picked":"Deadly Poison","floor":22}],"player_experience":112423,"relics_obtained":[{"floor":7,"key":"MawBank"},{"floor":9,"key":"Omamori"}],"event_choices":[{"damage_healed":0,"gold_gain":0,"player_choice":"Upgraded","damage_taken":0,"max_hp_gain":0,"max_hp_loss":0,"event_name":"Upgrade Shrine","floor":2,"gold_loss":0,"cards_upgraded":["Deadly Poison"]},{"damage_healed":17,"gold_gain":0,"player_choice":"Healed","damage_taken":0,"max_hp_gain":0,"max_hp_loss":0,"event_name":"The Cleric","floor":8,"gold_loss":35},{"damage_healed":0,"gold_gain":0,"player_choice":"Ignored","damage_taken":0,"max_hp_gain":0,"max_hp_loss":0,"event_name":"Vampires","floor":19,"gold_loss":0},{"damage_healed":0,"gold_gain":0,"player_choice":"Upgraded","damage_taken":0,"max_hp_gain":0,"max_hp_loss":0,"event_name":"Upgrade Shrine","floor":21,"gold_loss":0,"cards_upgraded":["Infinite Blades"]}],"is_beta":false,"boss_relics":[{"not_picked":["Tiny House","Snecko Eye"],"picked":"Astrolabe"}],"items_purged_floors":[],"is_endless":false,"potions_floor_spawned":[1,3,10,18,22],"killed_by":"Shelled Parasite and Fungi","ascension_level":0}}