{"host":"lvhfn8l5bvc4nolx","time":1610856354,"event":{"mods":["AchievementEnabler","BaseMod","Colored Map","Keyboard Shortcuts","Minty Spire (QoL Compilation)","Permanent Neow","Quick Restart","SuperFastMode"],"gold_per_floor":[113,288,59,59,74,74,90,90,90],"floor_reached":8,"language":"KOR","playtime":194,"items_purged":["Doubt"],"score":78,"play_id":"ec925740-5d6d-4ec9-8990-1c0a2d9c01af","local_time":"20210117130554","is_ascension_mode":true,"campfire_choices":[{"data":"Entrench","floor":6,"key":"SMITH"}],"circlet_count":0,"master_deck":["AscendersBane","Strike_R","Strike_R","Strike_R","Strike_R","Strike_R","Defend_R","Defend_R","Defend_R","Defend_R","Bash","Barricade+1","Whirlwind","Entrench+1","Bloodletting","Intimidate","Body Slam"],"relics":["Burning Blood","Orrery"],"acts_visited":["Exordium"],"potions_floor_usage":[8],"damage_taken":[{"damage":7,"enemies":"2 Louse","floor":1,"turns":3},{"damage":14,"enemies":"Cultist","floor":5,"turns":4},{"damage":12,"enemies":"Jaw Worm","floor":7,"turns":6},{"damage":28,"enemies":"Gremlin Nob","floor":8,"turns":4}],"seed_played":"7892746226835143857","potions_obtained":[{"floor":7,"key":"Strength Potion"}],"is_trial":false,"path_per_floor":["M","?","$","?","M","R","M","E"],"character_chosen":"IRONCLAD","items_purchased":["Orrery"],"campfire_rested":0,"item_purchase_floors":[3],"current_hp_per_floor":[49,49,49,49,41,41,35,7,7],"gold":90,"neow_bonus":"THREE_RARE_CARDS","is_daily":false,"chose_seed":false,"campfire_upgraded":1,"win_rate":0.0,"timestamp":1610856354,"path_taken":["M","?","$","?","M","R","?","E"],"items_purchased_type":["Relic"],"build_version":"2020-12-22","purchased_purges":1,"victory":false,"max_hp_per_floor":[75,75,75,75,75,75,75,75,75],"card_choices":[{"not_picked":["Limit Break","Feed"],"picked":"Barricade","floor":0},{"not_picked":["Anger","Clash"],"picked":"Whirlwind","floor":1},{"not_picked":["Heavy Blade","Seeing Red"],"picked":"Entrench","floor":3},{"not_picked":["Warcry","Anger"],"picked":"Bloodletting","floor":3},{"not_picked":["Iron Wave","Inflame"],"picked":"Intimidate","floor":3},{"not_picked":["Headbutt","Shrug It Off"],"picked":"Body Slam","floor":5},{"not_picked":["Searing Blow","Cleave","Sword Boomerang"],"picked":"SKIP","floor":7}],"player_experience":376602,"relics_obtained":[],"event_choices":[{"damage_healed":0,"gold_gain":175,"player_choice":"AGREE","damage_taken":0,"max_hp_gain":0,"max_hp_loss":0,"event_name":"Liars Game","floor":2,"gold_loss":0,"cards_obtained":["Doubt"]},{"damage_healed":0,"gold_gain":0,"player_choice":"Upgraded","damage_taken":0,"max_hp_gain":0,"max_hp_loss":0,"event_name":"Upgrade Shrine","floor":4,"gold_loss":0,"cards_upgraded":["Barricade"]}],"is_beta":false,"boss_relics":[],"items_purged_floors":[3],"is_endless":false,"potions_floor_spawned":[7],"killed_by":"Gremlin Nob","ascension_level":14}}