{"host":"u9xtr94typ21duox","time":1610857949,"event":{"mods":["BaseMod","Key Reminder","KinomotoSakuraMod(ƒæ÷Æ±æ”£)","LagranYue(¿≠∏Ò¿ °§‘¬)","Marisa£®ÏF”Í°°ƒß¿Ì…≥£©","Minty Spire (QoL Compilation)","Reimu£®≤©¿ˆ¡È√Œ£©","Remilia£®¿Ÿ√◊¿Ú—«£©","Replay The Spire","StSLib","Td1madao Mod","The Administrix","The Bladedancer","The Bug Knight","The Construct","The Cursed","The Gatherer","The Runesmith","The Servant 0.9.4","WarShipGirlsR/’ΩΩ¢…Ÿ≈ÆR mod","Youmu£®ªÍ∆«—˝√Œ£©","vexMod"],"gold_per_floor":[113,129,89,52,52,79,90,125,174,174,7,7,19,39,39,143,143,154,171,171,27,27,53,53,53,108,108,122,142,173,33,33,128,794,809,552,571,571,587,587,620,620,620,632,215,215,246,264,264,264,264,264,3,31,31],"floor_reached":56,"language":"ZHS","playtime":5038,"items_purged":["Strike_G","Strike_G","Strike_G","Defend_G","Defend_G"],"score":1221,"play_id":"b2e3a8bd-3f4b-4eb8-a937-4e3929947aa7","local_time":"20210117123229","is_ascension_mode":true,"campfire_choices":[{"floor":10.0,"key":"REST"},{"data":"Footwork","floor":12,"key":"SMITH"},{"data":"Blade Dance","floor":15,"key":"SMITH"},{"data":"Footwork","floor":25,"key":"SMITH"},{"data":"Blade Dance","floor":27,"key":"SMITH"},{"data":"Neutralize","floor":32,"key":"SMITH"},{"data":"Hidden Blade","floor":40,"key":"SMITH"},{"data":"ReplayTheSpireMod:The Works","floor":42,"key":"SMITH"},{"floor":44,"key":"RECALL"},{"data":"Escape Plan","floor":49,"key":"SMITH"},{"data":"Escape Plan","floor":52,"key":"SMITH"}],"circlet_count":0,"master_deck":["Defend_G","Defend_G","Defend_G","Survivor","Neutralize+1","Blade Dance+1","Blade Dance+1","Infinite Blades","Footwork+1","Hidden Blade+1","Dodge and Roll+1","Adrenaline+1","Footwork+1","Terror+1","ReplayTheSpireMod:Private Reserves+1","Footwork+1","Escape Plan+1","Infinite Blades","Panache+1","Envenom+1","Escape Plan+1","Impatience+1","Acrobatics+1","After Image+1","Hidden Blade+1","ReplayTheSpireMod:The Works+1","Panache+1","Calculated Gamble+1","Acrobatics+1","Master of Strategy+1","Finisher"],"relics":["Ring of the Snake","LagranYue:RandomDrawCardRelic","PaintedHorse:ReiMu","Golden Egg","Tiny Chest","Replay:Baseball","Membership Card","vexMod:TanglingVine","Pantograph","Question Card","Bottled Tornado","vexMod:RockOfEvil","Sling","Ancient Tea Set","vexMod:FocusSash","MawBank","TheAbacus","PureWhite:ReiMu","Du-Vu Doll","Medical Kit","Sundial"],"acts_visited":["Exordium","TheCity","TheBeyond","TheEnding"],"potions_floor_usage":[16,23,37,55,55,55],"damage_taken":[{"damage":0.0,"enemies":"Cultist","floor":1.0,"turns":6.0},{"damage":0.0,"enemies":"Small Slimes","floor":2.0,"turns":3.0},{"damage":29.0,"enemies":"Lagavulin","floor":6.0,"turns":9.0},{"damage":0.0,"enemies":"Jaw Worm","floor":7.0,"turns":3.0},{"damage":30.0,"enemies":"Gremlin Nob","floor":8.0,"turns":5.0},{"damage":1,"enemies":"2 Fungi Beasts","floor":13,"turns":3},{"damage":0,"enemies":"Looter","floor":14,"turns":3},{"damage":0,"enemies":"Slime Boss","floor":16,"turns":8},{"damage":1,"enemies":"3 Byrds","floor":18,"turns":5},{"damage":5,"enemies":"2 Thieves","floor":19,"turns":4},{"damage":21,"enemies":"Slavers","floor":23,"turns":7},{"damage":5,"enemies":"Snake Plant","floor":28,"turns":7},{"damage":2,"enemies":"3 Cultists","floor":29,"turns":6},{"damage":0,"enemies":"Book of Stabbing","floor":30,"turns":6},{"damage":22,"enemies":"Automaton","floor":33,"turns":10},{"damage":7,"enemies":"3 Darklings","floor":35,"turns":4},{"damage":0,"enemies":"3 Shapes","floor":37,"turns":6},{"damage":0,"enemies":"Spire Growth","floor":39,"turns":4},{"damage":0,"enemies":"Reptomancer","floor":41,"turns":3},{"damage":4,"enemies":"R_Hoarder","floor":47,"turns":3},{"damage":0,"enemies":"Writhing Mass","floor":48,"turns":2},{"damage":0,"enemies":"Replay:Hell Engine","floor":50,"turns":1},{"damage":0,"enemies":"Shield and Spear","floor":54,"turns":1},{"damage":4,"enemies":"The Heart","floor":55,"turns":3}],"seed_played":"-3485846298770876350","potions_obtained":[{"floor":2.0,"key":"FearPotion"},{"floor":13,"key":"Strength Potion"},{"floor":14,"key":"SkillPotion"},{"floor":16,"key":"LiquidBronze"},{"floor":28,"key":"Explosive Potion"},{"floor":29,"key":"AttackPotion"},{"floor":35,"key":"Adrenaline Potion"},{"floor":47,"key":"Elixir"}],"is_trial":false,"path_per_floor":["M","M","?","$","?","E","M","E","T","R","$","R","M","M","R","B",null,"M","M","?","$","?","E","T","R","T","R","M","M","E","$","R","B",null,"M","$","M","?","M","R","E","R","T","R","$","?","E","M","R","B",null,"R","$","E","B",null],"character_chosen":"THE_SILENT","items_purchased":["Infinite Blades","Membership Card","Dodge and Roll","Infinite Blades","Terror","ReplayTheSpireMod:Private Reserves","Panache","Impatience","Sling","Ancient Tea Set","TheAbacus","PureWhite:ReiMu","Panache","Calculated Gamble","Medical Kit","Master of Strategy"],"campfire_rested":1,"item_purchase_floors":[4,11,11,21,21,21,31,36,36,36,45,45,45,45,53,53],"current_hp_per_floor":[70,70,70,70,63,34,34,4,4,25,25,25,24,24,24,24,70,69,64,64,64,64,43,43,43,43,43,38,36,36,36,36,39,70,63,63,63,63,63,63,63,63,63,63,63,63,59,59,59,70,70,70,70,70,66],"gold":31,"neow_bonus":"RANDOM_EVENT","is_daily":false,"chose_seed":false,"campfire_upgraded":9,"win_rate":0.0,"timestamp":1610857949,"path_taken":["M","M","?","$","?","E","M","E","T","R","?","R","M","M","R","BOSS","M","M","?","$","?","E","?","R","T","R","M","?","E","$","R","BOSS","M","$","M","?","M","R","E","R","T","R","$","?","E","M","R","BOSS","R","$","E","BOSS"],"items_purchased_type":["Card","Relic","Card","Card","Card","Card","Card","Card","Relic","Relic","Relic","Relic","Card","Card","Relic","Card"],"build_version":"2020-12-22","purchased_purges":5,"victory":true,"max_hp_per_floor":[70,70,70,70,70,70,70,70,70,70,70,70,70,70,70,70,70,70,70,70,70,70,70,70,70,70,70,70,70,70,70,70,70,70,70,70,70,70,70,70,70,70,70,70,70,70,70,70,70,70,70,70,70,70,70],"card_choices":[{"not_picked":["ReplayTheSpireMod:Tripwire","Flying Knee"],"picked":"Blade Dance","floor":1.0},{"not_picked":["Outmaneuver","PiercingWail"],"picked":"Blade Dance","floor":2.0},{"not_picked":["Endless Agony","Expertise","Bane"],"picked":"SKIP","floor":6.0},{"not_picked":["Predator","Dagger Spray"],"picked":"Footwork","floor":7.0},{"not_picked":["Quick Slash","Endless Agony"],"picked":"Hidden Blade","floor":8.0},{"not_picked":["All Out Attack","Dodge and Roll","Flying Knee"],"picked":"SKIP","floor":13},{"not_picked":["Deflect","Bane","Acrobatics"],"picked":"SKIP","floor":14},{"not_picked":["Malaise","Glass Knife"],"picked":"Adrenaline","floor":16},{"not_picked":["Outmaneuver+1","Slice","Sucker Punch"],"picked":"SKIP","floor":18},{"not_picked":["Backflip","Distraction","Toxin Wave"],"picked":"SKIP","floor":19},{"not_picked":["ReplayTheSpireMod:Tripwire+1","Underhanded Strike","Backflip"],"picked":"SKIP","floor":23},{"not_picked":["Outmaneuver","Choke","ReplayTheSpireMod:From All Sides"],"picked":"Escape Plan","floor":28},{"not_picked":["Endless Agony+1","Backflip","Noxious Fumes","Heel Hook"],"picked":"SKIP","floor":29},{"not_picked":["Acrobatics","Distraction","Hidden Blade+1"],"picked":"Infinite Blades","floor":30},{"not_picked":["Night Terror","ReplayTheSpireMod:Necrosis","Glass Knife"],"picked":"Envenom","floor":33},{"not_picked":["Flying Knee","Deflect+1","Well Laid Plans"],"picked":"Escape Plan","floor":35},{"not_picked":["Crippling Poison","Fluid Movement","Expertise"],"picked":"Acrobatics+1","floor":37},{"not_picked":[],"picked":"After Image","floor":38},{"not_picked":["PiercingWail+1","Deflect+1","Slice"],"picked":"Hidden Blade+1","floor":39},{"not_picked":["Sneak Up","Sucker Punch","Poisoned Stab"],"picked":"ReplayTheSpireMod:The Works","floor":41},{"not_picked":["Bane+1","Wraith Form v2","Outmaneuver"],"picked":"Acrobatics+1","floor":47},{"not_picked":["Acrobatics","All Out Attack","Underhanded Strike","Hidden Blade+1"],"picked":"SKIP","floor":48},{"not_picked":["Prepared+1","Bane","Caltrops+1"],"picked":"Finisher","floor":54}],"player_experience":302222,"relics_obtained":[{"floor":6.0,"key":"Golden Egg"},{"floor":8.0,"key":"Tiny Chest"},{"floor":9.0,"key":"Replay:Baseball"},{"floor":23,"key":"Pantograph"},{"floor":24,"key":"Question Card"},{"floor":30,"key":"Bottled Tornado"},{"floor":41,"key":"vexMod:FocusSash"},{"floor":43,"key":"MawBank"},{"floor":47,"key":"Du-Vu Doll"},{"floor":54,"key":"Sundial"}],"event_choices":[{"damage_healed":0.0,"max_hp_gain":0.0,"max_hp_loss":0.0,"gold_gain":0.0,"event_name":"yidonshenshe","player_choice":"»˚«Æ","floor":3.0,"gold_loss":40.0,"damage_taken":0.0,"relics_obtained":["PaintedHorse:ReiMu"]},{"cards_removed":["Strike_G"],"damage_healed":0.0,"max_hp_gain":0.0,"max_hp_loss":0.0,"gold_gain":0.0,"event_name":"Golden Wing","player_choice":"Card Removal","floor":5.0,"gold_loss":0.0,"damage_taken":7.0},{"damage_healed":0,"gold_gain":0,"player_choice":"Read","damage_taken":0,"max_hp_gain":0,"max_hp_loss":0,"event_name":"The Library","floor":20,"gold_loss":0,"cards_obtained":["Footwork"]},{"damage_healed":0,"gold_gain":0,"player_choice":"Copied","damage_taken":0,"max_hp_gain":0,"max_hp_loss":0,"event_name":"Duplicator","floor":22,"gold_loss":0,"cards_obtained":["Footwork"]},{"cards_removed":["Infinite Blades"],"damage_healed":0,"gold_gain":0,"player_choice":"Removed Power","damage_taken":0,"max_hp_gain":0,"max_hp_loss":0,"event_name":"Falling","floor":46,"gold_loss":0}],"is_beta":false,"boss_relics":[{"not_picked":["Philosopher\u0027s Stone","Honey Jar"],"picked":"vexMod:TanglingVine"},{"not_picked":["SacredBark","Replay:Drink Me"],"picked":"vexMod:RockOfEvil"}],"items_purged_floors":[21,31,36,45,53],"is_endless":false,"potions_floor_spawned":[2,13,14,16,28,29,35,47],"ascension_level":1}}