{"host":"2se5dq1do2gp0x9k","time":1610865180,"event":{"mods":["AchievementEnabler","BaseMod","Block Reminder","Colored Map","Colored Powertips","Minty Spire (QoL Compilation)","Relic Stats","StSLib","SuperFastMode"],"gold_per_floor":[115,131,81,81,156,182,182,210,210,222,222,248,248,265,265,339,339,359,372,372,372,24,59,76,89,89,99,130,80,80,91,91,164,164,175,175,4,21,35,66,288,314,349,379,391,403,403],"floor_reached":46,"language":"ENG","playtime":1698,"items_purged":[],"score":1151,"play_id":"6fb2cf7a-55a3-4141-b5ab-eb816644989a","local_time":"20210116223300","is_ascension_mode":true,"campfire_choices":[{"data":"Noxious Fumes","floor":7.0,"key":"SMITH"},{"data":"Footwork","floor":11.0,"key":"SMITH"},{"data":"Adrenaline","floor":13.0,"key":"SMITH"},{"data":"Bouncing Flask","floor":15.0,"key":"SMITH"},{"floor":30.0,"key":"REST"},{"data":"Wraith Form v2","floor":32,"key":"SMITH"},{"data":"Catalyst","floor":45,"key":"SMITH"}],"circlet_count":0,"master_deck":["AscendersBane","Strike_G","Strike_G","Strike_G","Strike_G","Strike_G","Defend_G","Defend_G+1","Defend_G","Defend_G+1","Defend_G","Survivor","Neutralize","Bouncing Flask+1","Noxious Fumes+1","Dagger Spray","Adrenaline+1","Doppelganger","Footwork+1","Dash","PiercingWail","Wraith Form v2+1","Backflip","Catalyst","Magnetism","Riddle With Holes","Catalyst+1","Predator","Night Terror","The Bomb","Crippling Poison","Crippling Poison"],"relics":["Ring of the Snake","NeowsBlessing","Singing Bowl","War Paint","Lantern","Oddly Smooth Stone","Snecko Eye","Snake Skull","Nunchaku","Red Mask","Sozu","OrangePellets","Boot","MawBank","Vajra"],"acts_visited":["Exordium","TheCity","TheBeyond"],"potions_floor_usage":[31],"damage_taken":[{"damage":0.0,"enemies":"Cultist","floor":1.0,"turns":1.0},{"damage":0.0,"enemies":"Jaw Worm","floor":2.0,"turns":1.0},{"damage":0.0,"enemies":"Lagavulin","floor":6.0,"turns":2.0},{"damage":2.0,"enemies":"3 Sentries","floor":8.0,"turns":5.0},{"damage":0.0,"enemies":"2 Louse","floor":10.0,"turns":3.0},{"damage":1.0,"enemies":"Lagavulin","floor":12.0,"turns":8.0},{"damage":16.0,"enemies":"2 Fungi Beasts","floor":14.0,"turns":3.0},{"damage":12.0,"enemies":"Hexaghost","floor":16.0,"turns":9.0},{"damage":0.0,"enemies":"Chosen","floor":18.0,"turns":5.0},{"damage":0.0,"enemies":"Spheric Guardian","floor":19.0,"turns":3.0},{"damage":22.0,"enemies":"Gremlin Leader","floor":23.0,"turns":7.0},{"damage":7.0,"enemies":"Shelled Parasite and Fungi","floor":24.0,"turns":5.0},{"damage":13.0,"enemies":"Centurion and Healer","floor":25.0,"turns":7.0},{"damage":0.0,"enemies":"3 Cultists","floor":27.0,"turns":4.0},{"damage":6.0,"enemies":"Masked Bandits","floor":28.0,"turns":4.0},{"damage":2,"enemies":"Sentry and Sphere","floor":31,"turns":5},{"damage":15,"enemies":"Automaton","floor":33,"turns":8},{"damage":0,"enemies":"Orb Walker","floor":35,"turns":3},{"damage":3,"enemies":"3 Darklings","floor":38,"turns":4},{"damage":3,"enemies":"Writhing Mass","floor":39,"turns":3},{"damage":0,"enemies":"Giant Head","floor":40,"turns":7},{"damage":0,"enemies":"Spire Growth","floor":44,"turns":3},{"damage":62,"enemies":"Reptomancer","floor":46,"turns":3}],"seed_played":"-557673031209496059","potions_obtained":[{"floor":1.0,"key":"AttackPotion"},{"floor":2.0,"key":"AttackPotion"},{"floor":10.0,"key":"CultistPotion"},{"floor":14.0,"key":"Strength Potion"},{"floor":18.0,"key":"FearPotion"}],"is_trial":false,"path_per_floor":["M","M","$","?","?","E","R","E","T","M","R","E","R","M","R","B",null,"M","M","?","?","$","E","M","M","T","M","?","?","R","M","R","B",null,"M","?","$","M","M","E","?","T","T","M","R","E"],"character_chosen":"THE_SILENT","items_purchased":["Dagger Spray","Snake Skull","Magnetism","OrangePellets"],"campfire_rested":1,"item_purchase_floors":[3,22,22,37],"current_hp_per_floor":[59,59,59,64,53,53,53,51,51,51,51,50,50,34,34,22,59,59,61,61,61,61,41,34,23,23,23,17,17,40,40,40,25,66,68,62,62,61,58,58,58,58,58,60,60,0,0],"gold":403,"neow_bonus":"THREE_ENEMY_KILL","is_daily":false,"chose_seed":false,"campfire_upgraded":6,"win_rate":0.0,"timestamp":1610865180,"path_taken":["M","?","$","?","?","E","R","E","T","M","R","E","R","M","R","BOSS","M","M","?","?","$","E","M","M","T","?","?","?","R","M","R","BOSS","M","?","$","M","M","E","?","?","T","M","R","E"],"items_purchased_type":["Card","Relic","Card","Relic"],"build_version":"2020-12-22","purchased_purges":0,"victory":false,"max_hp_per_floor":[66,66,66,71,71,71,71,71,71,71,71,71,71,71,71,71,71,71,73,73,73,73,75,75,77,77,77,77,77,77,79,79,79,79,81,85,85,87,87,87,87,87,87,89,89,89,89],"relic_stats":{"Sozu":2,"OrangePellets":[5],"Nunchaku":[8],"Singing Bowl":18,"counters":[23,103],"Snecko Eye":[109,125,127,132],"Snake Skull":[117],"War Paint":["Defend_G","Defend_G"],"Boot":[11],"MawBank":48,"obtain_stats":[{"Lantern":9,"NeowsBlessing":0,"Singing Bowl":6,"Oddly Smooth Stone":12,"Vajra":43,"Snake Skull":22,"War Paint":8,"Boot":40,"MawBank":42,"Sozu":34,"OrangePellets":37,"Nunchaku":23,"Snecko Eye":17,"Red Mask":28,"Ring of the Snake":0},{"Lantern":4,"NeowsBlessing":0,"Singing Bowl":3,"Oddly Smooth Stone":6,"Vajra":21,"Snake Skull":10,"War Paint":4,"Boot":21,"MawBank":21,"Sozu":17,"OrangePellets":18,"Nunchaku":11,"Snecko Eye":8,"Red Mask":15,"Ring of the Snake":0},{"Lantern":9,"NeowsBlessing":0,"Singing Bowl":4,"Oddly Smooth Stone":20,"Vajra":97,"Snake Skull":40,"War Paint":9,"Boot":97,"MawBank":97,"Sozu":80,"OrangePellets":83,"Nunchaku":47,"Snecko Eye":32,"Red Mask":67,"Ring of the Snake":0}],"Ring of the Snake":[46]},"card_choices":[{"not_picked":["Heel Hook","Flying Knee"],"picked":"Bouncing Flask","floor":1.0},{"not_picked":["Dagger Throw","Acrobatics"],"picked":"Noxious Fumes","floor":2.0},{"not_picked":["Skewer","Quick Slash"],"picked":"Adrenaline","floor":6.0},{"not_picked":["Concentrate","Prepared"],"picked":"Doppelganger","floor":8.0},{"not_picked":["Outmaneuver","Backstab"],"picked":"Footwork","floor":10.0},{"not_picked":["Infinite Blades","Distraction"],"picked":"Dash","floor":12.0},{"not_picked":["Distraction","Finisher"],"picked":"PiercingWail","floor":14.0},{"not_picked":["Tools of the Trade","After Image"],"picked":"Wraith Form v2","floor":16.0},{"not_picked":["Flechettes","Blade Dance"],"picked":"Backflip","floor":18.0},{"not_picked":["Dodge and Roll","Blur","Endless Agony+1"],"picked":"Singing Bowl","floor":19.0},{"not_picked":["Bane","Quick Slash","All Out Attack"],"picked":"Singing Bowl","floor":23.0},{"not_picked":["Sucker Punch","Slice"],"picked":"Riddle With Holes","floor":24.0},{"not_picked":["Cloak And Dagger+1","Backflip","Poisoned Stab"],"picked":"Singing Bowl","floor":25.0},{"not_picked":["Masterful Stab","Leg Sweep"],"picked":"Catalyst","floor":27.0},{"not_picked":["Dodge and Roll","Calculated Gamble"],"picked":"Predator","floor":28.0},{"not_picked":["Bane","Finisher","Poisoned Stab"],"picked":"Singing Bowl","floor":31},{"not_picked":["Unload","Die Die Die"],"picked":"Night Terror","floor":33},{"not_picked":["Poisoned Stab","Dagger Throw","Dodge and Roll+1"],"picked":"Singing Bowl","floor":35},{"not_picked":["PanicButton","Flash of Steel","Dramatic Entrance"],"picked":"Singing Bowl","floor":36},{"not_picked":["Deep Breath","Madness"],"picked":"The Bomb","floor":36},{"not_picked":["Enlightenment","Deep Breath","Swift Strike"],"picked":"Singing Bowl","floor":36},{"not_picked":["Cloak And Dagger+1","Sucker Punch","Deflect"],"picked":"Singing Bowl","floor":38},{"not_picked":["Cloak And Dagger","PiercingWail"],"picked":"Crippling Poison","floor":39},{"not_picked":["Caltrops","Expertise"],"picked":"Crippling Poison","floor":40},{"not_picked":["Dagger Spray+1","Backstab","Acrobatics"],"picked":"Singing Bowl","floor":44}],"player_experience":3884346,"relics_obtained":[{"floor":6.0,"key":"Singing Bowl"},{"floor":8.0,"key":"War Paint"},{"floor":9.0,"key":"Lantern"},{"floor":12.0,"key":"Oddly Smooth Stone"},{"floor":23.0,"key":"Nunchaku"},{"floor":28.0,"key":"Red Mask"},{"floor":40,"key":"Boot"},{"floor":42,"key":"MawBank"},{"floor":43,"key":"Vajra"}],"event_choices":[{"damage_healed":0.0,"max_hp_gain":5.0,"max_hp_loss":0.0,"gold_gain":0.0,"event_name":"Big Fish","player_choice":"Donut","floor":4.0,"gold_loss":0.0,"damage_taken":0.0},{"damage_healed":0.0,"max_hp_gain":0.0,"max_hp_loss":0.0,"gold_gain":75.0,"event_name":"World of Goop","player_choice":"Gather Gold","floor":5.0,"gold_loss":0.0,"damage_taken":11.0},{"damage_healed":0.0,"max_hp_gain":0.0,"max_hp_loss":0.0,"gold_gain":0.0,"event_name":"The Library","player_choice":"Read","floor":20.0,"gold_loss":0.0,"damage_taken":0.0,"cards_obtained":["Catalyst"]},{"damage_healed":0.0,"max_hp_gain":0.0,"max_hp_loss":0.0,"gold_gain":0.0,"event_name":"Lab","player_choice":"Got Potions","floor":21.0,"gold_loss":0.0,"damage_taken":0.0},{"damage_healed":0.0,"max_hp_gain":0.0,"max_hp_loss":0.0,"gold_gain":0.0,"event_name":"Masked Bandits","player_choice":"Fought Bandits","floor":28.0,"gold_loss":0.0,"damage_taken":0.0},{"damage_healed":0.0,"max_hp_gain":0.0,"max_hp_loss":0.0,"gold_gain":0.0,"event_name":"The Joust","player_choice":"Bet on Murderer","floor":29.0,"gold_loss":50.0,"damage_taken":0.0},{"damage_healed":0,"gold_gain":0,"player_choice":"Memory 3","damage_taken":10,"max_hp_gain":0,"max_hp_loss":0,"event_name":"SensoryStone","floor":36,"gold_loss":0},{"damage_healed":0,"gold_gain":222,"player_choice":"Wore Mask","damage_taken":0,"max_hp_gain":0,"max_hp_loss":0,"event_name":"Tomb of Lord Red Mask","floor":41,"gold_loss":0}],"is_beta":false,"boss_relics":[{"not_picked":["Coffee Dripper","Tiny House"],"picked":"Snecko Eye"},{"not_picked":["SacredBark","Velvet Choker"],"picked":"Sozu"}],"items_purged_floors":[],"is_endless":false,"potions_floor_spawned":[1,2,10,14,18,23,24,25,28,39,44],"killed_by":"Reptomancer","ascension_level":20}}