{"host":"2se5dq1do2gp0x9k","time":1610847753,"event":{"mods":["AchievementEnabler","BaseMod","Block Reminder","Colored Map","Colored Powertips","Minty Spire (QoL Compilation)","Relic Stats","StSLib","SuperFastMode"],"gold_per_floor":[112,128,128,140,157,157,157,157],"floor_reached":7,"language":"ENG","playtime":253,"items_purged":[],"score":82,"play_id":"5e6baade-046f-4939-8e25-4780288762bc","local_time":"20210116174233","is_ascension_mode":true,"campfire_choices":[{"data":"FearNoEvil","floor":6,"key":"SMITH"}],"circlet_count":0,"master_deck":["AscendersBane","Strike_P","Strike_P","Strike_P","Strike_P","Defend_P","Defend_P","Defend_P","Defend_P","Eruption","Vigilance","Consecrate","FearNoEvil+1","Protect","CutThroughFate"],"relics":["Velvet Choker"],"acts_visited":[],"potions_floor_usage":[],"damage_taken":[{"damage":4,"enemies":"2 Louse","floor":1,"turns":2},{"damage":8,"enemies":"Small Slimes","floor":2,"turns":4},{"damage":2,"enemies":"Cultist","floor":4,"turns":3},{"damage":0,"enemies":"Blue Slaver","floor":5,"turns":3},{"damage":6,"enemies":"Lagavulin","floor":7,"turns":7}],"seed_played":"-3403079192061414414","potions_obtained":[{"floor":2,"key":"GamblersBrew"},{"floor":5,"key":"Strength Potion"}],"is_trial":false,"path_per_floor":["M","M","?","M","M","R","E"],"character_chosen":"WATCHER","items_purchased":[],"campfire_rested":0,"item_purchase_floors":[],"current_hp_per_floor":[57,49,49,47,47,47,41,41],"gold":157,"neow_bonus":"BOSS_RELIC","is_daily":false,"chose_seed":false,"campfire_upgraded":1,"win_rate":0.0,"timestamp":1610847753,"path_taken":["M","M","?","M","M","R","E"],"items_purchased_type":[],"build_version":"2020-12-22","purchased_purges":0,"victory":false,"max_hp_per_floor":[68,68,68,68,68,68,68,68],"relic_stats":{"counters":[5,19],"obtain_stats":[{"Velvet Choker":0,"PureWater":0},{"Velvet Choker":0,"PureWater":0},{"Velvet Choker":0,"PureWater":0}]},"card_choices":[{"not_picked":["CrushJoints","FlurryOfBlows"],"picked":"Consecrate","floor":1},{"not_picked":["ForeignInfluence","Sanctity"],"picked":"FearNoEvil","floor":2},{"not_picked":["EmptyFist","Crescendo"],"picked":"Protect","floor":4},{"not_picked":["EmptyMind","WreathOfFlame"],"picked":"CutThroughFate","floor":5}],"player_experience":3872094,"relics_obtained":[],"event_choices":[{"damage_healed":0,"gold_gain":0,"player_choice":"Leave","damage_taken":0,"max_hp_gain":0,"max_hp_loss":0,"event_name":"The Cleric","floor":3,"gold_loss":0}],"is_beta":false,"boss_relics":[],"items_purged_floors":[],"is_endless":false,"potions_floor_spawned":[2,5],"killed_by":"Lagavulin","ascension_level":18}}