{"host":"rj1j8apb2x4vafcu","time":1610867732,"event":{"mods":["AchievementEnabler","BaseMod","Colored Map","Colored Powertips","Minty Spire (QoL Compilation)","StSLib"],"gold_per_floor":[126,158,181,212,224,236,281,293,374,401,413,425,463,292,292,395,395,405,405,480,21,35,35,64,78,78,78,98,98,98,114,114,214,214,229,244,224,26,75,106,117,137,137,168,168,213,213,229,229,229],"floor_reached":51,"language":"ENG","playtime":4695,"items_purged":["Strike_G","Strike_G"],"score":735,"play_id":"fc220849-4429-49b9-9924-e5274d08466a","local_time":"20210117051532","is_ascension_mode":false,"campfire_choices":[{"data":"Neutralize","floor":6,"key":"SMITH"},{"data":"Strike_G","floor":8,"key":"PURGE"},{"data":"Defend_G","floor":11,"key":"PURGE"},{"floor":15,"key":"REST"},{"data":"Burst","floor":23,"key":"SMITH"},{"data":"Blade Dance","floor":27,"key":"SMITH"},{"data":"Writhe","floor":29,"key":"PURGE"},{"data":"Strike_G","floor":32,"key":"PURGE"},{"data":"Defend_G","floor":45,"key":"PURGE"},{"data":"After Image","floor":47,"key":"SMITH"},{"data":"Distraction","floor":49,"key":"SMITH"}],"circlet_count":0,"master_deck":["Strike_G","Defend_G","Survivor","Neutralize+1","Slice","Backstab","Prepared","Well Laid Plans","Deflect","Underhanded Strike","Backstab","Underhanded Strike","Backflip","Burst+1","Backflip+1","Blade Dance+1","Infinite Blades","Terror","Underhanded Strike","Noxious Fumes","Unload","After Image+1","Heel Hook+1","Sucker Punch","Distraction+1","Escape Plan","Tactician+1","Footwork+1","Acrobatics"],"relics":["Ring of the Serpent","MawBank","Peace Pipe","Gremlin Horn","Boot","Coffee Dripper","Pantograph","Membership Card","Nunchaku","Paper Crane","InkBottle","Question Card","Eternal Feather","Lee\u0027s Waffle","PreservedInsect","Potion Belt","Bird Faced Urn","Oddly Smooth Stone","FossilizedHelix"],"acts_visited":["Exordium","TheCity","TheBeyond"],"potions_floor_usage":[7,13,13,22,24,28,33,40,42,46,46,46],"damage_taken":[{"damage":0,"enemies":"Small Slimes","floor":1,"turns":3},{"damage":3,"enemies":"Jaw Worm","floor":2,"turns":4},{"damage":0,"enemies":"Cultist","floor":3,"turns":3},{"damage":2,"enemies":"Looter","floor":4,"turns":3},{"damage":14,"enemies":"Lagavulin","floor":7,"turns":7},{"damage":0,"enemies":"Lots of Slimes","floor":10,"turns":3},{"damage":15,"enemies":"Gremlin Nob","floor":13,"turns":4},{"damage":42,"enemies":"The Guardian","floor":16,"turns":13},{"damage":3,"enemies":"Shell Parasite","floor":18,"turns":6},{"damage":5,"enemies":"3 Byrds","floor":22,"turns":3},{"damage":1,"enemies":"Gremlin Leader","floor":24,"turns":5},{"damage":6,"enemies":"Snake Plant","floor":25,"turns":4},{"damage":0,"enemies":"Centurion and Healer","floor":28,"turns":5},{"damage":1,"enemies":"Shelled Parasite and Fungi","floor":31,"turns":3},{"damage":51,"enemies":"Collector","floor":33,"turns":6},{"damage":25,"enemies":"3 Darklings","floor":35,"turns":4},{"damage":0,"enemies":"Orb Walker","floor":36,"turns":3},{"damage":3,"enemies":"Giant Head","floor":40,"turns":4},{"damage":0,"enemies":"Maw","floor":41,"turns":6},{"damage":11,"enemies":"Jaw Worm Horde","floor":42,"turns":3},{"damage":11,"enemies":"Reptomancer","floor":44,"turns":4},{"damage":1,"enemies":"2 Orb Walkers","floor":46,"turns":5},{"damage":0,"enemies":"Spire Growth","floor":48,"turns":4},{"damage":26,"enemies":"Donu and Deca","floor":50,"turns":10}],"seed_played":"-7313840993102850474","potions_obtained":[{"floor":1,"key":"AttackPotion"},{"floor":7,"key":"AttackPotion"},{"floor":10,"key":"Explosive Potion"},{"floor":18,"key":"AttackPotion"},{"floor":22,"key":"ColorlessPotion"},{"floor":25,"key":"Poison Potion"},{"floor":31,"key":"Fire Potion"},{"floor":35,"key":"SkillPotion"},{"floor":37,"key":"Dexterity Potion"},{"floor":41,"key":"SkillPotion"},{"floor":42,"key":"EntropicBrew"},{"floor":46,"key":"Strength Potion"}],"is_trial":false,"path_per_floor":["M","M","M","M","?","R","E","R","T","M","R","?","E","$","R","B",null,"M","?","?","$","M","R","E","M","T","R","M","R","?","M","R","B",null,"M","M","?","$","T","E","M","M","T","E","R","?","R","M","R","B",null],"character_chosen":"THE_SILENT","items_purchased":["Underhanded Strike","Backflip","Membership Card","Blade Dance","Infinite Blades","Nunchaku","Paper Crane","Eternal Feather","Lee\u0027s Waffle"],"campfire_rested":1,"item_purchase_floors":[14,14,21,21,21,21,21,38,38],"current_hp_per_floor":[70,67,67,65,58,58,44,44,44,44,44,49,34,34,56,14,75,72,72,65,65,60,60,59,53,53,53,53,53,53,52,52,24,75,50,50,50,82,82,79,79,68,68,65,80,82,82,82,82,66],"gold":229,"neow_bonus":"RANDOM_COMMON_RELIC","is_daily":false,"chose_seed":false,"campfire_upgraded":5,"win_rate":0.0,"timestamp":1610867732,"path_taken":["M","M","M","M","?","R","E","R","T","M","R","?","E","?","R","BOSS","M","?","?","$","M","R","E","?","T","R","M","R","?","?","R","BOSS","M","M","?","$","?","E","M","M","T","E","R","?","R","M","R","BOSS"],"items_purchased_type":["Card","Card","Relic","Card","Card","Relic","Relic","Relic","Relic"],"build_version":"2020-12-22","purchased_purges":2,"victory":true,"max_hp_per_floor":[70,70,70,70,70,70,70,70,70,70,70,75,75,75,75,75,75,75,75,75,75,75,75,75,75,75,75,75,75,75,75,75,75,75,75,75,75,82,82,82,82,82,82,82,82,82,82,82,82,82],"card_choices":[{"not_picked":["Calculated Gamble","Eviscerate"],"picked":"Slice","floor":1},{"not_picked":["Well Laid Plans","Footwork"],"picked":"Backstab","floor":2},{"not_picked":["Poisoned Stab","Outmaneuver"],"picked":"Prepared","floor":3},{"not_picked":["Outmaneuver","Prepared"],"picked":"Well Laid Plans","floor":4},{"not_picked":["Flying Knee","Noxious Fumes"],"picked":"Deflect","floor":7},{"not_picked":["Bane","Riddle With Holes"],"picked":"Underhanded Strike","floor":10},{"not_picked":["Poisoned Stab","Envenom"],"picked":"Backstab","floor":13},{"not_picked":["Envenom","Unload"],"picked":"Burst","floor":16},{"not_picked":["Dash","Outmaneuver+1"],"picked":"Backflip+1","floor":18},{"not_picked":["Well Laid Plans","Backflip"],"picked":"Terror","floor":22},{"not_picked":["Deadly Poison","Skewer+1"],"picked":"Underhanded Strike","floor":24},{"not_picked":["Endless Agony","Bane"],"picked":"Noxious Fumes","floor":25},{"not_picked":["Deflect","Dagger Spray","Acrobatics","Underhanded Strike+1"],"picked":"SKIP","floor":28},{"not_picked":["Dash","Bouncing Flask","PiercingWail","Slice"],"picked":"SKIP","floor":31},{"not_picked":["Malaise","Tools of the Trade","Bullet Time"],"picked":"After Image","floor":33},{"not_picked":["Deflect","Blade Dance","Acrobatics"],"picked":"Heel Hook+1","floor":35},{"not_picked":["Quick Slash+1","Finisher","Dagger Throw+1"],"picked":"Sucker Punch","floor":36},{"not_picked":["Crippling Poison+1","Outmaneuver+1","Sucker Punch+1"],"picked":"Distraction","floor":40},{"not_picked":["Poisoned Stab+1","Dagger Throw","Dodge and Roll"],"picked":"Escape Plan","floor":41},{"not_picked":["Dash+1","Well Laid Plans","Outmaneuver+1"],"picked":"Tactician+1","floor":42},{"not_picked":["Masterful Stab+1","Deadly Poison+1","Outmaneuver"],"picked":"Footwork+1","floor":44},{"not_picked":["Terror+1","Die Die Die","Prepared"],"picked":"Acrobatics","floor":46},{"not_picked":["Sucker Punch+1","Acrobatics","Deadly Poison+1","Poisoned Stab+1"],"picked":"SKIP","floor":48}],"player_experience":75861,"relics_obtained":[{"floor":7,"key":"Peace Pipe"},{"floor":9,"key":"Gremlin Horn"},{"floor":13,"key":"Boot"},{"floor":24,"key":"InkBottle"},{"floor":26,"key":"Question Card"},{"floor":39,"key":"PreservedInsect"},{"floor":40,"key":"Potion Belt"},{"floor":43,"key":"Bird Faced Urn"},{"floor":44,"key":"Oddly Smooth Stone"},{"floor":46,"key":"FossilizedHelix"}],"event_choices":[{"cards_removed":["Defend_G"],"damage_healed":0,"gold_gain":0,"player_choice":"Card Removal","damage_taken":7,"max_hp_gain":0,"max_hp_loss":0,"event_name":"Golden Wing","floor":5,"gold_loss":0},{"damage_healed":0,"gold_gain":0,"player_choice":"Donut","damage_taken":0,"max_hp_gain":5,"max_hp_loss":0,"event_name":"Big Fish","floor":12,"gold_loss":0},{"damage_healed":0,"gold_gain":0,"player_choice":"Opened","damage_taken":0,"relics_obtained":["Pantograph"],"max_hp_gain":0,"max_hp_loss":0,"event_name":"The Mausoleum","floor":19,"gold_loss":0,"cards_obtained":["Writhe"]},{"damage_healed":0,"gold_gain":75,"player_choice":"Touch","damage_taken":7,"max_hp_gain":0,"max_hp_loss":0,"event_name":"FaceTrader","floor":20,"gold_loss":0},{"damage_healed":0,"gold_gain":0,"cards_transformed":["Defend_G"],"player_choice":"Transformed","damage_taken":0,"max_hp_gain":0,"max_hp_loss":0,"event_name":"Transmorgrifier","floor":30,"gold_loss":0,"cards_obtained":["Unload"]},{"damage_healed":0,"gold_gain":0,"player_choice":"Bought 1 Potion","damage_taken":0,"max_hp_gain":0,"max_hp_loss":0,"event_name":"The Woman in Blue","floor":37,"gold_loss":0},{"damage_healed":0,"gold_gain":0,"player_choice":"Fight","damage_taken":0,"max_hp_gain":0,"max_hp_loss":0,"event_name":"Mysterious Sphere","floor":46,"gold_loss":0}],"is_beta":false,"boss_relics":[{"not_picked":["Runic Pyramid","Calling Bell"],"picked":"Coffee Dripper"},{"not_picked":["Snecko Eye","Velvet Choker"],"picked":"Ring of the Serpent"}],"items_purged_floors":[14,21],"is_endless":false,"potions_floor_spawned":[1,7,10,18,22,25,31,35,41,42,46],"ascension_level":0}}