{"host":"jyuuog6ydc2s7nd8","time":1610874503,"event":{"mods":["BaseMod","Better Vampires","Minty Spire (QoL Compilation)","Shop Mod","StSLib","The Hierophant","The Servant 0.9.4","TheBandit","[IsaacMod]ÒÔÈö¼âËþ"],"gold_per_floor":[114,39,39,39,55,99,99,113,136,136,169,169,190,234,234,327,327,343,343,368,368,274,312,312,330,330,407,197,212,162,185,185,278,278,297,297,247,278,228,228,253,321,392,408,427,427,460,480,480,480,480,480,480,157,196,196],"floor_reached":57,"language":"ZHS","playtime":1959,"items_purged":["Strike_R","Strike_R","Strike_R","Shame","Strike_R","Doubt","Defend_R","Defend_R","Defend_R"],"score":3386,"play_id":"62cf10a0-421c-40f6-b65f-f09b1dd09a0d","local_time":"20210117170823","is_ascension_mode":true,"campfire_choices":[{"data":"Bash","floor":7.0,"key":"SMITH"},{"data":"Power Through","floor":10.0,"key":"SMITH"},{"data":"True Grit","floor":12.0,"key":"SMITH"},{"data":"Fire Breathing","floor":15.0,"key":"SMITH"},{"data":"Barricade","floor":24.0,"key":"SMITH"},{"data":"Feel No Pain","floor":32.0,"key":"SMITH"},{"data":"Pommel Strike","floor":40.0,"key":"SMITH"},{"floor":49.0,"key":"RECALL"},{"data":"Burning Pact","floor":53.0,"key":"SMITH"}],"circlet_count":0,"master_deck":["AscendersBane","Defend_R","Bash+1","Power Through+1","True Grit+1","Fire Breathing+1","Barricade+1","Second Wind","Feel No Pain+1","Shrug It Off","Burning Pact+1","Pommel Strike+1","Sentinel+1","Body Slam+1","Armaments+1"],"relics":["Burning Blood","HushsDoor","Nunchaku","DeathBook","Regal Pillow","Golden Idol","BookofShadows","PreservedInsect","Smiling Mask","TuHaoJin","Cursed Key","SatanicBible","GuppysTail","Ancient Tea Set","Gremlin Horn","Omamori","Mark of Pain","GuppysCollar","GuppysPaw","EdensBlessing","Leech","Bottled Tornado","SharpPlug","Sundial","Thread and Needle"],"acts_visited":["Exordium","TheCity","TheBeyond","TheEnding"],"potions_floor_usage":[],"damage_taken":[{"damage":13.0,"enemies":"Cultist","floor":1.0,"turns":5.0},{"damage":2.0,"enemies":"2 Louse","floor":5.0,"turns":4.0},{"damage":35.0,"enemies":"Lagavulin","floor":6.0,"turns":6.0},{"damage":2.0,"enemies":"Jaw Worm","floor":8.0,"turns":5.0},{"damage":8.0,"enemies":"Gremlin Nob","floor":11.0,"turns":3.0},{"damage":10.0,"enemies":"Large Slime","floor":13.0,"turns":13.0},{"damage":0.0,"enemies":"Lagavulin","floor":14.0,"turns":3.0},{"damage":0.0,"enemies":"Slime Boss","floor":16.0,"turns":6.0},{"damage":12.0,"enemies":"Shell Parasite","floor":18.0,"turns":9.0},{"damage":8.0,"enemies":"2 Thieves","floor":20.0,"turns":2.0},{"damage":0.0,"enemies":"Gremlin Leader","floor":23.0,"turns":7.0},{"damage":5.0,"enemies":"Centurion and Healer","floor":25.0,"turns":8.0},{"damage":10.0,"enemies":"Shelled Parasite and Fungi","floor":29.0,"turns":9.0},{"damage":21.0,"enemies":"Chosen and Byrds","floor":31.0,"turns":6.0},{"damage":0.0,"enemies":"Collector","floor":33.0,"turns":17.0},{"damage":0.0,"enemies":"3 Darklings","floor":35.0,"turns":2.0},{"damage":0.0,"enemies":"Mind Bloom Boss Battle","floor":38.0,"turns":4.0},{"damage":0.0,"enemies":"3 Shapes","floor":41.0,"turns":4.0},{"damage":0.0,"enemies":"2 Orb Walkers","floor":42.0,"turns":3.0},{"damage":0.0,"enemies":"Maw","floor":44.0,"turns":6.0},{"damage":0.0,"enemies":"Sphere and 2 Shapes","floor":45.0,"turns":4.0},{"damage":0.0,"enemies":"Nemesis","floor":47.0,"turns":5.0},{"damage":0.0,"enemies":"4 Shapes","floor":48.0,"turns":1.0},{"damage":0.0,"enemies":"Time Eater","floor":50.0,"turns":4.0},{"damage":0.0,"enemies":"Donu and Deca","floor":51.0,"turns":5.0},{"damage":0.0,"enemies":"Shield and Spear","floor":55.0,"turns":5.0},{"damage":0,"enemies":"The Heart","floor":56,"turns":9}],"seed_played":"7436297571783823450","potions_obtained":[{"floor":8.0,"key":"Explosive Potion"},{"floor":13.0,"key":"ColorlessPotion"},{"floor":14.0,"key":"ElixirPotion"},{"floor":20.0,"key":"Dexterity Potion"},{"floor":23.0,"key":"Block Potion"},{"floor":25.0,"key":"EntropicBrew"},{"floor":44.0,"key":"BlessingOfTheForge"},{"floor":47.0,"key":"HeartOfIron"},{"floor":48.0,"key":"Dexterity Potion"}],"is_trial":false,"path_per_floor":["M","$","?","?","M","E","R","M","T","R","E","R","M","E","R","B",null,"M","?","M","?","$","E","R","M","T","T","$","M","$","M","R","B",null,"M","?","$","?","$","R","M","?","T","M","M","?","E","M","R","B","B",null,"R","$","E","B",null],"character_chosen":"IRONCLAD","items_purchased":["SatanicBible","GuppysTail","Feel No Pain","Omamori","GuppysCollar","GuppysPaw","Sundial"],"campfire_rested":0,"item_purchase_floors":[17,17,22,28,34,34,54],"current_hp_per_floor":[61,61,61,35,39,10,10,14,14,14,12,12,8,14,14,20,40,34,34,32,32,32,38,38,39,39,39,39,35,35,20,20,26,17,17,17,17,17,17,17,17,17,17,17,17,17,17,17,17,17,17,17,17,17,17,1],"gold":196,"neow_bonus":"RANDOM_COMMON_RELIC","is_daily":false,"chose_seed":false,"campfire_upgraded":8,"win_rate":0.0,"timestamp":1610874503,"path_taken":["M","$","?","?","M","E","R","M","T","R","E","R","M","E","R","BOSS","M","?","?","?","$","E","R","M","T","?","$","M","$","M","R","BOSS","M","?","$","?","?","R","M","?","T","?","M","?","E","M","R","BOSS","BOSS","R","$","E","BOSS"],"items_purchased_type":["Relic","Relic","Card","Relic","Relic","Relic","Relic"],"build_version":"2020-12-22","purchased_purges":9,"victory":true,"max_hp_per_floor":[75,75,75,75,75,75,75,75,75,75,75,75,75,72,72,72,47,47,47,47,47,47,47,47,47,47,47,47,47,47,47,47,47,17,17,17,17,17,17,17,17,17,17,17,17,17,17,17,17,17,17,17,17,17,17,1],"card_choices":[{"not_picked":[],"picked":"Bomb","floor":0.0},{"not_picked":["Cleave","Iron Wave","Clash"],"picked":"SKIP","floor":1.0},{"not_picked":["Cleave","Juggernaut","Evolve"],"picked":"SKIP","floor":5.0},{"not_picked":["Wild Strike","Heavy Blade"],"picked":"Power Through","floor":6.0},{"not_picked":["Clash","Havoc","Iron Wave"],"picked":"SKIP","floor":8.0},{"not_picked":["Wild Strike","Power Through"],"picked":"True Grit","floor":11.0},{"not_picked":["Inflame","Infernal Blade"],"picked":"Bomb","floor":13.0},{"not_picked":["Pummel","Flex"],"picked":"Fire Breathing","floor":14.0},{"not_picked":["Demon Form","Bludgeon"],"picked":"Barricade","floor":16.0},{"not_picked":["Uppercut","Clash","Seeing Red"],"picked":"SKIP","floor":18.0},{"not_picked":["Reckless Charge","Warcry"],"picked":"Second Wind","floor":20.0},{"not_picked":["Perfected Strike+1","Armaments"],"picked":"Shrug It Off","floor":23.0},{"not_picked":["Clash","Uppercut"],"picked":"Burning Pact","floor":25.0},{"not_picked":["Twin Strike","Iron Wave+1","Rage+1"],"picked":"SKIP","floor":29.0},{"not_picked":["Twin Strike","Warcry","Carnage"],"picked":"SKIP","floor":31.0},{"not_picked":["Sword Boomerang","Clothesline"],"picked":"Pommel Strike","floor":35.0},{"not_picked":["Metallicize","Cleave"],"picked":"Sentinel+1","floor":38.0},{"not_picked":["Clothesline","Blood for Blood","Havoc"],"picked":"SKIP","floor":41.0},{"not_picked":["Pommel Strike","Warcry","Flex+1"],"picked":"SKIP","floor":44.0},{"not_picked":["Demon Form","Havoc+1","Sentinel"],"picked":"SKIP","floor":45.0},{"not_picked":["Shrug It Off","Heavy Blade+1"],"picked":"Body Slam+1","floor":47.0},{"not_picked":["Sword Boomerang+1","Heavy Blade"],"picked":"Armaments+1","floor":48.0},{"not_picked":["Flex+1","Combust","Shrug It Off"],"picked":"SKIP","floor":55.0}],"player_experience":1825256,"relics_obtained":[{"floor":6.0,"key":"BookofShadows"},{"floor":9.0,"key":"PreservedInsect"},{"floor":11.0,"key":"Smiling Mask"},{"floor":14.0,"key":"TuHaoJin"},{"floor":23.0,"key":"Ancient Tea Set"},{"floor":27.0,"key":"Gremlin Horn"},{"floor":38.0,"key":"EdensBlessing"},{"floor":42.0,"key":"Leech"},{"floor":43.0,"key":"Bottled Tornado"},{"floor":47.0,"key":"SharpPlug"},{"floor":55.0,"key":"Thread and Needle"}],"event_choices":[{"cards_removed":["Bomb"],"damage_healed":0.0,"max_hp_gain":0.0,"max_hp_loss":0.0,"gold_gain":0.0,"event_name":"WeMeetAgain","player_choice":"Gave Card","floor":3.0,"gold_loss":0.0,"damage_taken":0.0,"relics_obtained":["Regal Pillow"]},{"damage_healed":0.0,"max_hp_gain":0.0,"max_hp_loss":0.0,"gold_gain":0.0,"event_name":"Golden Idol","player_choice":"Take Damage","floor":4.0,"gold_loss":0.0,"damage_taken":26.0,"relics_obtained":["Golden Idol"]},{"damage_healed":0.0,"max_hp_gain":0.0,"max_hp_loss":0.0,"gold_gain":0.0,"event_name":"Vampires","player_choice":"Ignored","floor":19.0,"gold_loss":0.0,"damage_taken":0.0},{"damage_healed":0.0,"max_hp_gain":0.0,"max_hp_loss":0.0,"gold_gain":0.0,"event_name":"The Mausoleum","player_choice":"Ignored","floor":21.0,"gold_loss":0.0,"damage_taken":0.0},{"cards_removed":["Strike_R"],"damage_healed":0.0,"max_hp_gain":0.0,"max_hp_loss":0.0,"gold_gain":0.0,"event_name":"Falling","player_choice":"Removed Attack","floor":36.0,"gold_loss":0.0,"damage_taken":0.0},{"damage_healed":0.0,"max_hp_gain":0.0,"max_hp_loss":0.0,"gold_gain":0.0,"event_name":"MindBloom","player_choice":"Fight","floor":38.0,"gold_loss":0.0,"damage_taken":0.0},{"damage_healed":0.0,"max_hp_gain":0.0,"max_hp_loss":0.0,"gold_gain":0.0,"event_name":"Mysterious Sphere","player_choice":"Fight","floor":42.0,"gold_loss":0.0,"damage_taken":0.0},{"damage_healed":0.0,"max_hp_gain":0.0,"max_hp_loss":0.0,"gold_gain":0.0,"event_name":"Tomb of Lord Red Mask","player_choice":"Ignored","floor":46.0,"gold_loss":0.0,"damage_taken":0.0}],"is_beta":false,"boss_relics":[{"not_picked":["Runic Dome","Snecko Eye"],"picked":"Cursed Key"},{"not_picked":[]},{"not_picked":["Black Blood","MagicMushroom"],"picked":"Mark of Pain"},{"not_picked":[]}],"items_purged_floors":[2,17,22,28,30,34,37,39,54],"is_endless":false,"potions_floor_spawned":[8,13,14,20,23,25,31,44,47,48],"ascension_level":20}}