{"host":"Zandorum","time":1610880855,"event":{"mods":["100% Spire Juice","2.2 Compatiblity","Act Like it!","Bard","BaseMod","Better Note","Hermit","Hubris","Jorbs\u0027s Wanderer Trilogy","Mimic Mod","Minty Spire (QoL Compilation)","Quick Restart","Rare Cards Sparkle","Reorder Act Four","Somnambulant","StSLib","The Cursed","The Disciple","The Hierophant","The Jungle","The Runesmith","TheVacant"],"gold_per_floor":[113,38,38,57,132,160,160,60,107,120,120,136,136,160,160,290,290,310,310,323,248,268,268,268,268,313,351,371,371,390,414,414,414,414],"floor_reached":33,"language":"ENG","playtime":911,"items_purged":["Defend_B","Defend_B"],"score":272,"play_id":"1ccb2972-4472-4db7-87c5-7492a3ac6fbb","local_time":"20210117025415","is_ascension_mode":false,"campfire_choices":[{"data":"Zap","floor":7,"key":"SMITH"},{"data":"Storm","floor":13,"key":"SMITH"},{"data":"Hello World","floor":15,"key":"SMITH"},{"data":"White Noise","floor":23,"key":"SMITH"},{"data":"Defragment","floor":25,"key":"SMITH"},{"floor":32,"key":"REST"}],"circlet_count":0,"master_deck":["Strike_B","Strike_B","Strike_B","Defend_B","Defend_B","Zap+1","Dualcast","Steam","Defragment+1","White Noise+1","Ball Lightning","Storm+1","hubris:PowerSurge","Hello World+1","Echo Form","Writhe","Heatsinks","Static Discharge","Redo+1","Hologram"],"relics":["Cracked Core","NeowsBlessing","Mercury Hourglass","Bag of Preparation","Golden Idol","hubris:Backtick","hubris:Reverence","Molten Egg 2","The Courier","Red Mask"],"acts_visited":["Exordium","TheCity"],"potions_floor_usage":[16,16,16,27,30,31],"damage_taken":[{"damage":0,"enemies":"Jaw Worm","floor":1,"turns":1},{"damage":0,"enemies":"Cultist","floor":4,"turns":1},{"damage":0,"enemies":"Gremlin Nob","floor":6,"turns":1},{"damage":0,"enemies":"Small Slimes","floor":10,"turns":2},{"damage":7,"enemies":"Blue Slaver","floor":12,"turns":3},{"damage":14,"enemies":"3 Louse","floor":14,"turns":2},{"damage":20,"enemies":"Hexaghost","floor":16,"turns":4},{"damage":10,"enemies":"Chosen","floor":18,"turns":3},{"damage":0,"enemies":"Spheric Guardian","floor":20,"turns":2},{"damage":1,"enemies":"3 Cultists","floor":22,"turns":3},{"damage":1,"enemies":"Centurion and Healer","floor":26,"turns":3},{"damage":17,"enemies":"Masked Bandits","floor":27,"turns":3},{"damage":15,"enemies":"Centurion and Healer","floor":28,"turns":4},{"damage":0,"enemies":"Sentry and Sphere","floor":30,"turns":2},{"damage":10,"enemies":"Snecko","floor":31,"turns":3},{"damage":53,"enemies":"Champ","floor":33,"turns":6}],"seed_played":"-8807975643423433222","potions_obtained":[{"floor":1,"key":"FocusPotion"},{"floor":12,"key":"EssenceOfSteel"},{"floor":14,"key":"Strength Potion"},{"floor":22,"key":"Weak Potion"},{"floor":28,"key":"Fire Potion"},{"floor":30,"key":"Swift Potion"}],"is_trial":false,"path_per_floor":["M","$","?","M","?","E","R","$","T","M","?","M","R","M","R","B",null,"M","?","M","?","M","R","?","R","MIM","?","M","?","M","M","R","B"],"character_chosen":"DEFECT","items_purchased":[],"campfire_rested":1,"item_purchase_floors":[],"current_hp_per_floor":[75,75,75,75,64,64,64,64,64,64,64,57,57,43,43,23,69,59,59,59,59,58,58,58,58,57,40,25,25,25,15,35,0,0],"gold":414,"neow_bonus":"THREE_ENEMY_KILL","is_daily":false,"chose_seed":false,"campfire_upgraded":5,"win_rate":0.0,"timestamp":1610880855,"path_taken":["M","$","?","?","?","E","R","$","T","M","?","M","R","M","R","BOSS","M","?","?","?","M","R","?","R","MIM","?","M","?","M","?","R","BOSS"],"items_purchased_type":[],"build_version":"2020-12-18","purchased_purges":2,"victory":false,"max_hp_per_floor":[75,75,75,75,75,75,75,75,75,75,69,69,69,69,69,69,69,69,69,69,69,69,69,69,69,69,69,69,69,69,69,69,69,69],"card_choices":[{"not_picked":["Rip and Tear","Heatsinks"],"picked":"Steam","floor":1},{"not_picked":["Conserve Battery","Beam Cell"],"picked":"White Noise","floor":4},{"not_picked":["Steam","Conserve Battery"],"picked":"Ball Lightning","floor":6},{"not_picked":["Sunder","Beam Cell"],"picked":"Storm","floor":10},{"not_picked":["Doom and Gloom","Turbo"],"picked":"hubris:PowerSurge","floor":12},{"not_picked":["Steam","Reprogram"],"picked":"Hello World","floor":14},{"not_picked":["All For One","hubris:Prefetch"],"picked":"Echo Form","floor":16},{"not_picked":["Genetic Algorithm","Sunder","Undo"],"picked":"SKIP","floor":18},{"not_picked":["Conserve Battery","Streamline+1","Scrape"],"picked":"SKIP","floor":20},{"not_picked":["Self Repair","Cold Snap","Steam Power"],"picked":"SKIP","floor":22},{"not_picked":["Go for the Eyes+1","Compile Driver+1"],"picked":"Heatsinks","floor":26},{"not_picked":["Barrage+1","Compile Driver+1"],"picked":"Static Discharge","floor":27},{"not_picked":["Lockon+1","Cold Snap+1"],"picked":"Redo","floor":28},{"not_picked":["Consume","Beam Cell+1","Blizzard+1"],"picked":"SKIP","floor":30},{"not_picked":["Barrage+1","Stack+1"],"picked":"Hologram","floor":31}],"player_experience":146145,"relics_obtained":[{"floor":6,"key":"Mercury Hourglass"},{"floor":9,"key":"Bag of Preparation"},{"floor":26,"key":"The Courier"},{"floor":27,"key":"Red Mask"}],"event_choices":[{"damage_healed":0,"gold_gain":0,"player_choice":"1 cards matched","damage_taken":0,"max_hp_gain":0,"max_hp_loss":0,"event_name":"Match and Keep!","floor":3,"gold_loss":0,"cards_obtained":["Defragment"]},{"damage_healed":0,"gold_gain":75,"player_choice":"Gather Gold","damage_taken":11,"max_hp_gain":0,"max_hp_loss":0,"event_name":"World of Goop","floor":5,"gold_loss":0},{"damage_healed":0,"gold_gain":0,"player_choice":"Lose Max HP","damage_taken":0,"relics_obtained":["Golden Idol"],"max_hp_gain":0,"max_hp_loss":6,"event_name":"Golden Idol","floor":11,"gold_loss":0},{"damage_healed":0,"gold_gain":0,"player_choice":"Ignored","damage_taken":0,"max_hp_gain":0,"max_hp_loss":0,"event_name":"betterNote:BetterNote","floor":19,"gold_loss":0,"cards_obtained":["Madness"]},{"cards_removed":["Strike_B"],"damage_healed":0,"gold_gain":0,"player_choice":"Gave Gold","damage_taken":0,"max_hp_gain":0,"max_hp_loss":0,"event_name":"Beggar","floor":21,"gold_loss":75},{"damage_healed":0,"gold_gain":0,"player_choice":"Opened","damage_taken":0,"relics_obtained":["Molten Egg 2"],"max_hp_gain":0,"max_hp_loss":0,"event_name":"The Mausoleum","floor":24,"gold_loss":0,"cards_obtained":["Writhe"]},{"damage_healed":0,"gold_gain":0,"player_choice":"Fought Bandits","damage_taken":0,"max_hp_gain":0,"max_hp_loss":0,"event_name":"Masked Bandits","floor":27,"gold_loss":0}],"is_beta":true,"boss_relics":[{"not_picked":["hubris:ScarierMask","hubris:BlackHole"],"picked":"hubris:Backtick"}],"items_purged_floors":[2,8],"is_endless":false,"potions_floor_spawned":[1,12,14,22,28,30],"killed_by":"Champ","ascension_level":0}}