{"host":"5w3ov2q8o40mj89d","time":1610882810,"event":{"mods":["ATMod(阿瑾Mod)","Arknights The Spire","Bard","BaseMod","Downfall","FutureSeer","Good Game Mod","Hunter 猎人","KinomotoSakuraMod(木之本樱)","LagranYue(拉格朗・月)","Luminous","Marisa（F雨　魔理沙）","Minty Spire (QoL Compilation)","Nova Terra(诺娃・泰拉)","Reimu（博丽灵梦）","Remilia_Scarlet Moed（蕾米莉亚・斯卡雷特）3.3.5","Remilia（蕾米莉亚）","RumiaBox-露米娅的神秘盒子","StSLib","Td1madao Mod","The Alterego","The Blackbeard","The Construct","The Gatherer","The Hierophant","The Invoker Mod","The Runesmith","The Senshi","The Servant 0.9.4","Waifu the Spire","WarShipGirlsR/战舰少女R mod","Yakumo Yukari mod","Youmu（魂魄妖梦）","Yuri Mod","Yuyuko","vexMod"],"gold_per_floor":[110,110,110,8,23,57,68,84,84],"floor_reached":8,"language":"ZHS","playtime":316,"items_purged":[],"score":81,"play_id":"a4b60903-24fc-4bd3-a07a-a454d4376a09","local_time":"20210117192650","is_ascension_mode":false,"campfire_choices":[],"circlet_count":0,"master_deck":["rmod:strick","rmod:strick","rmod:strick","rmod:strick","rmod:defend","rmod:defend","rmod:defend","rmod:basicallowance","rmod:maingunfire","AT_FamilyPortrait","construct:MemoryTap","rmod:goodfighter","rmod:intelligenceanalysis","rmod:aviationdawn","rmod:wolves","rmod:ammunitionsupply","rmod:intelligenceanalysis"],"relics":["rmod:firstchargereward","AT_ATBox","REME:ComplimentaryCards","LagranYue:RandomDrawCardRelic","NeowsBlessing","CrazyTorch:ReiMu"],"acts_visited":["Exordium"],"potions_floor_usage":[],"damage_taken":[{"damage":0,"enemies":"Jaw Worm","floor":1,"turns":1},{"damage":0,"enemies":"Small Slimes","floor":5,"turns":1},{"damage":0,"enemies":"Lagavulin","floor":6,"turns":1},{"damage":0,"enemies":"Cultist","floor":7,"turns":2},{"damage":95,"enemies":"Gremlin Nob","floor":8,"turns":5}],"seed_played":"-6826482842511250920","potions_obtained":[{"floor":2,"key":"Block Potion"}],"is_trial":false,"path_per_floor":["M","?","?","$","M","E","M","E"],"character_chosen":"PRAEFECT","items_purchased":["rmod:intelligenceanalysis","rmod:aviationdawn"],"campfire_rested":0,"item_purchase_floors":[4,4],"current_hp_per_floor":[75,75,68,68,68,68,68,0,0],"gold":84,"neow_bonus":"THREE_ENEMY_KILL","is_daily":false,"chose_seed":false,"campfire_upgraded":0,"win_rate":0.0,"timestamp":1610882810,"path_taken":["M","?","?","?","M","E","M","E"],"items_purchased_type":["Card","Card"],"build_version":"2020-12-22","purchased_purges":0,"victory":false,"max_hp_per_floor":[75,75,75,75,75,75,75,75,75],"card_choices":[{"not_picked":["rmod:supportescort","rmod:tearstotiara"],"picked":"rmod:goodfighter","floor":1},{"not_picked":["rmod:luckystar","rmod:advancebysurprise"],"picked":"rmod:wolves","floor":5},{"not_picked":["rmod:lonelyqueen","rmod:unsinkable"],"picked":"rmod:ammunitionsupply","floor":6},{"not_picked":["rmod:ammunitionsupply","rmod:goodsister"],"picked":"rmod:intelligenceanalysis","floor":7}],"player_experience":18088,"relics_obtained":[{"floor":6,"key":"CrazyTorch:ReiMu"}],"event_choices":[{"cards_removed":["rmod:defend"],"damage_healed":0,"gold_gain":0,"player_choice":"Card Removal","damage_taken":7,"max_hp_gain":0,"max_hp_loss":0,"event_name":"Golden Wing","floor":3,"gold_loss":0}],"is_beta":false,"boss_relics":[],"items_purged_floors":[],"is_endless":false,"potions_floor_spawned":[],"killed_by":"Gremlin Nob","ascension_level":0}}