{"host":"6ve8qn5s1am4lo6s","time":1610915771,"event":{"mods":["AchievementEnabler","BaseMod","Better Altar","Better Match","Better Note","Better Vampires","BetterRewards","CapriCore","Displayed Cursed Tome","Duelist Mod","Evolution","Minty Spire (QoL Compilation)","Permanent Neow","Relic Stats","StSLib"],"gold_per_floor":[141,156,169,169,169,193,193,37,115,112,112,112,123,123,123,203,203,206,38,37,50,0,33,33,48,48,48,67,67,67,67,67],"floor_reached":31,"language":"ENG","playtime":3859,"items_purged":["theDuelist:CursedBill"],"score":305,"play_id":"cf20553c-2f55-42de-ad40-3c0dbf7bd273","local_time":"20210117153611","is_ascension_mode":false,"campfire_choices":[{"data":"theDuelist:GraydleCobra","floor":7,"key":"SMITH"},{"floor":11,"key":"RECALL"},{"data":"theDuelist:GishkiReliever","floor":15,"key":"SMITH"},{"data":"theDuelist:RainbowKuriboh","floor":27,"key":"SMITH"},{"data":"theDuelist:SwampFrog","floor":30,"key":"SMITH"}],"circlet_count":0,"master_deck":["theDuelist:ArchfiendSoldier","theDuelist:ArchfiendSoldier","theDuelist:ArchfiendSoldier+1","theDuelist:CastleWalls+1","theDuelist:CastleWalls","theDuelist:FiendMegacyber","theDuelist:Sparks","theDuelist:Sparks","theDuelist:SummonedSkull+1","theDuelist:AquaSpirit","theDuelist:GraydleCobra+1","theDuelist:SmashingGround","theDuelist:SwampFrog+1","theDuelist:GishkiAriel","theDuelist:GishkiReliever+1","theDuelist:AquaactressArowana","theDuelist:CallAtlanteans+1","theDuelist:RainbowKuriboh+1","theDuelist:LeviaDragon+1","theDuelist:Skystarray","theDuelist:RageDeepSea+1"],"relics":["theDuelist:MillenniumPuzzle","theDuelist:CardPoolRelic","theDuelist:CardPoolBasicRelic","theDuelist:BoosterPackPoolRelic","theDuelist:CardPoolAddRelic","theDuelist:CardPoolMinusRelic","theDuelist:CardPoolSaveRelic","theDuelist:CardPoolOptionsRelic","EVO:Axolotl","theDuelist:MillenniumArmor","Bag of Preparation","theDuelist:ArmorPlateA","Singing Bowl","SlaversCollar","theDuelist:ArmorPlateE","theDuelist:MillenniumRod","theDuelist:WhiteBowlRelic","theDuelist:CursedHealer"],"acts_visited":["Exordium","TheCity"],"potions_floor_usage":[],"damage_taken":[{"damage":3,"enemies":"2 Louse","floor":1,"turns":2},{"damage":0,"enemies":"Jaw Worm","floor":2,"turns":3},{"damage":0,"enemies":"Small Slimes","floor":3,"turns":3},{"damage":19,"enemies":"3 Sentries","floor":6,"turns":8},{"damage":0,"enemies":"Red Slaver","floor":10,"turns":4},{"damage":0,"enemies":"2 Fungi Beasts","floor":13,"turns":2},{"damage":5,"enemies":"Hexaghost","floor":16,"turns":9},{"damage":11,"enemies":"Shell Parasite","floor":18,"turns":7},{"damage":6,"enemies":"2 Thieves","floor":20,"turns":4},{"damage":26,"enemies":"Chosen and Byrds","floor":21,"turns":8},{"damage":0,"enemies":"Book of Stabbing","floor":23,"turns":6},{"damage":0,"enemies":"Snake Plant","floor":25,"turns":5},{"damage":0,"enemies":"Snecko","floor":28,"turns":7},{"damage":0,"enemies":"Chosen and Byrds","floor":31,"turns":1}],"seed_played":"5833146776930768253","potions_obtained":[{"floor":6,"key":"EntropicBrew"},{"floor":10,"key":"theDuelist:VampireVial"},{"floor":13,"key":"theDuelist:OrbBottle"},{"floor":16,"key":"PowerPotion"},{"floor":23,"key":"theDuelist:BigOrbBottle"}],"is_trial":false,"path_per_floor":["M","M","M","?","?","E","R","$","T","M","R","?","M","?","R","B",null,"M","$","M","M","?","E","?","M","T","R","M","?","R","M"],"character_chosen":"THE_DUELIST","items_purchased":["theDuelist:ArmorPlateA","theDuelist:SeaLordAmulet","theDuelist:ArmorPlateE"],"campfire_rested":0,"item_purchase_floors":[8,19,19],"current_hp_per_floor":[77,77,77,61,61,42,42,42,42,42,42,47,47,47,47,42,85,74,74,68,42,42,42,42,44,44,44,44,69,69,69,69],"gold":67,"neow_bonus":"UPGRADE_CARD","is_daily":false,"chose_seed":false,"campfire_upgraded":4,"win_rate":0.0,"timestamp":1610915771,"path_taken":["M","M","M","?","?","E","R","$","T","M","R","?","M","?","R","BOSS","M","$","M","M","?","E","?","M","T","R","M","?","R","M"],"items_purchased_type":["Relic","Card","Relic"],"build_version":"2020-12-22","purchased_purges":1,"victory":false,"max_hp_per_floor":[80,80,80,80,80,80,80,80,80,80,80,85,85,85,85,85,85,85,85,85,85,85,85,85,87,87,87,87,87,87,87,87],"relic_stats":{"Singing Bowl":2,"counters":[14,69],"Bag of Preparation":[20],"obtain_stats":[{"theDuelist:MillenniumArmor":5,"theDuelist:MillenniumRod":22,"theDuelist:CursedHealer":29,"Singing Bowl":9,"Bag of Preparation":6,"EVO:Axolotl":0,"theDuelist:MillenniumPuzzle":0,"theDuelist:CardPoolSaveRelic":0,"theDuelist:WhiteBowlRelic":23,"SlaversCollar":17,"theDuelist:BoosterPackPoolRelic":0,"theDuelist:CardPoolMinusRelic":0,"theDuelist:ArmorPlateE":19,"theDuelist:CardPoolBasicRelic":0,"theDuelist:ArmorPlateA":8,"theDuelist:CardPoolAddRelic":0,"theDuelist:CardPoolOptionsRelic":0,"theDuelist:CardPoolRelic":0},{"theDuelist:MillenniumArmor":3,"theDuelist:MillenniumRod":10,"theDuelist:CursedHealer":13,"Singing Bowl":4,"Bag of Preparation":4,"EVO:Axolotl":0,"theDuelist:MillenniumPuzzle":0,"theDuelist:CardPoolSaveRelic":0,"theDuelist:WhiteBowlRelic":11,"SlaversCollar":7,"theDuelist:BoosterPackPoolRelic":0,"theDuelist:CardPoolMinusRelic":0,"theDuelist:ArmorPlateE":8,"theDuelist:CardPoolBasicRelic":0,"theDuelist:ArmorPlateA":4,"theDuelist:CardPoolAddRelic":0,"theDuelist:CardPoolOptionsRelic":0,"theDuelist:CardPoolRelic":0},{"theDuelist:MillenniumArmor":8,"theDuelist:MillenniumRod":50,"theDuelist:CursedHealer":68,"Singing Bowl":16,"Bag of Preparation":16,"EVO:Axolotl":0,"theDuelist:MillenniumPuzzle":0,"theDuelist:CardPoolSaveRelic":0,"theDuelist:WhiteBowlRelic":56,"SlaversCollar":31,"theDuelist:BoosterPackPoolRelic":0,"theDuelist:CardPoolMinusRelic":0,"theDuelist:ArmorPlateE":38,"theDuelist:CardPoolBasicRelic":0,"theDuelist:ArmorPlateA":16,"theDuelist:CardPoolAddRelic":0,"theDuelist:CardPoolOptionsRelic":0,"theDuelist:CardPoolRelic":0}]},"card_choices":[{"not_picked":["theDuelist:DepthShark","theDuelist:Dewdark","theDuelist:MermaidKnight","theDuelist:AbyssSoldier"],"picked":"theDuelist:AquaSpirit","floor":1},{"not_picked":["theDuelist:BigWhale","theDuelist:NimbleSunfish","theDuelist:Wetlands","theDuelist:EvigishkiMindAugus"],"picked":"theDuelist:GraydleCobra","floor":2},{"not_picked":["theDuelist:AttackTheMoon","theDuelist:BattleOx","theDuelist:LightningRodLord","theDuelist:PowerGiant"],"picked":"theDuelist:SmashingGround","floor":3},{"not_picked":["theDuelist:BoulderTortoise","theDuelist:EagleShark","theDuelist:HydraViper","theDuelist:GishkiZielgigas"],"picked":"theDuelist:SwampFrog","floor":6},{"not_picked":["theDuelist:CatShark","theDuelist:EagleShark","theDuelist:CannonballSpearShellfish","theDuelist:SpearfishSoldier"],"picked":"theDuelist:GishkiAriel","floor":10},{"not_picked":["theDuelist:GishkiBeast","theDuelist:GishkiMollusk","theDuelist:GishkiAvance","theDuelist:GishkiZielgigas"],"picked":"theDuelist:GishkiReliever","floor":13},{"not_picked":["theDuelist:AtlanteanAttackSquad","theDuelist:LostBlueBreaker","theDuelist:Monokeros","theDuelist:TorrentialReborn"],"picked":"theDuelist:AquaactressArowana","floor":16},{"not_picked":["theDuelist:DiamondDust","theDuelist:FishKicks","theDuelist:BigWaveSmallWave","theDuelist:ColdWave"],"picked":"theDuelist:CallAtlanteans+1","floor":18},{"not_picked":["theDuelist:LeviaDragon","theDuelist:GreenGraveOni","theDuelist:PurplePainOni","theDuelist:RedHeadedOni+1"],"picked":"theDuelist:RainbowKuriboh","floor":20},{"not_picked":["theDuelist:GraydleDragon+1","theDuelist:GreenGraveOni","theDuelist:GreyGreedOni","theDuelist:RedHeadedOni+1"],"picked":"theDuelist:LeviaDragon+1","floor":21},{"not_picked":["theDuelist:AbyssDweller","theDuelist:AbyssWarrior+1","theDuelist:OldWhiteTurtle","theDuelist:AtlanteanAttackSquad"],"picked":"theDuelist:Skystarray","floor":23},{"not_picked":["theDuelist:DokiDoki+1","theDuelist:DummyGolem","theDuelist:EvilswarmHeliotrope+1","theDuelist:GolemSentry+1","theDuelist:RainbowOverdragon"],"picked":"Singing Bowl","floor":25},{"not_picked":["theDuelist:AbyssWarrior+1","theDuelist:DepthShark","theDuelist:GishkiBeast","theDuelist:DrillBarnacle"],"picked":"theDuelist:RageDeepSea+1","floor":28}],"player_experience":325052,"relics_obtained":[{"floor":6,"key":"Bag of Preparation"},{"floor":9,"key":"Singing Bowl"},{"floor":23,"key":"theDuelist:WhiteBowlRelic"}],"event_choices":[{"damage_healed":0,"gold_gain":0,"player_choice":"Entered Light","damage_taken":16,"max_hp_gain":0,"max_hp_loss":0,"event_name":"Shining Light","floor":4,"gold_loss":0,"cards_upgraded":["theDuelist:CastleWalls","theDuelist:ArchfiendSoldier"]},{"damage_healed":0,"gold_gain":0,"player_choice":"Took item - Received: Millennium Armor","duelist":true,"damage_taken":0,"max_hp_gain":0,"max_hp_loss":0,"event_name":"Millennium Items","floor":5,"gold_loss":0},{"damage_healed":0,"gold_gain":0,"player_choice":"Donut","damage_taken":0,"max_hp_gain":5,"max_hp_loss":0,"event_name":"Big Fish","floor":12,"gold_loss":0},{"cards_removed":["theDuelist:CastleWalls"],"damage_healed":0,"gold_gain":0,"player_choice":"Forget","damage_taken":0,"max_hp_gain":0,"max_hp_loss":0,"event_name":"Living Wall","floor":14,"gold_loss":0},{"damage_healed":0,"gold_gain":0,"player_choice":"Paid Gold","damage_taken":0,"relics_obtained":["theDuelist:MillenniumRod"],"max_hp_gain":0,"max_hp_loss":0,"event_name":"WeMeetAgain","floor":22,"gold_loss":50},{"cards_removed":["theDuelist:Sparks"],"damage_healed":0,"gold_gain":0,"player_choice":"Give","damage_taken":0,"max_hp_gain":0,"max_hp_loss":0,"event_name":"betterNote:BetterNote","floor":24,"gold_loss":0,"cards_obtained":["Pain"]},{"damage_healed":0,"gold_gain":0,"player_choice":"Succumb - +25HP/Cursed Relic","duelist":true,"damage_taken":0,"max_hp_gain":0,"max_hp_loss":0,"event_name":"Tomb of the Nameless","floor":29,"gold_loss":0}],"is_beta":false,"boss_relics":[{"not_picked":["Runic Dome","Empty Cage"],"picked":"SlaversCollar"}],"items_purged_floors":[19],"is_endless":false,"potions_floor_spawned":[6,10,13,16,23,25],"killed_by":"Chosen and Byrds","ascension_level":0}}