{"host":"9cgbyp2ufcg2zrdm","time":1610887963,"event":{"mods":["BaseMod","BetterRewards","Colored Map","Downfall","Highlight Path","Minty Spire (QoL Compilation)","Quick Restart","StSLib"],"gold_per_floor":[99,274,274,274,292,322,322,322,341,15,28,55,55,70,90,90,90],"floor_reached":16,"language":"ENG","playtime":1265,"items_purged":[],"score":110,"play_id":"a21127ca-17b8-454f-8c47-76be562d095e","local_time":"20210117205243","is_ascension_mode":false,"campfire_choices":[{"data":"bronze:Goto","floor":1,"key":"SMITH"},{"floor":8,"key":"RECALL"},{"floor":13,"key":"DIG"}],"circlet_count":0,"master_deck":["bronze:Strike","bronze:Strike","bronze:Strike","bronze:Strike","bronze:Defend","bronze:Defend","bronze:Defend","bronze:Defend","bronze:Replicate+1","bronze:Goto+1","Doubt","bronze:ClassDefault","bronze:ChosenStrike","bronze:Philosophize","bronze:Allocate","bronze:Format","bronze:MaxOutput","bronze:ItsAFeature"],"relics":["bronze:BronzeCore","downfall:BrokenWingStatue","Mummified Hand","Meat on the Bone","Shovel","White Beast Statue","Pen Nib"],"acts_visited":["Exordium"],"potions_floor_usage":[15],"damage_taken":[{"damage":1,"enemies":"2 Louse","floor":5,"turns":4},{"damage":53,"enemies":"3 Sentries","floor":6,"turns":10},{"damage":3,"enemies":"Small Slimes","floor":9,"turns":4},{"damage":10,"enemies":"downfall:FleeingMerchant","floor":10,"turns":4},{"damage":8,"enemies":"Jaw Worm","floor":11,"turns":4},{"damage":25,"enemies":"Lagavulin","floor":12,"turns":5},{"damage":15,"enemies":"Red Slaver","floor":14,"turns":3},{"damage":0,"enemies":"Exordium Wildlife","floor":15,"turns":4},{"damage":52,"enemies":"IC_STATUS_ARCHETYPE","floor":16,"turns":4}],"seed_played":"-3052556785109370605","potions_obtained":[{"floor":6,"key":"sneckomod:MuddlingPotion"},{"floor":9,"key":"Block Potion"},{"floor":14,"key":"Ancient Potion"},{"floor":15,"key":"Slimebound:ThreeZeroPotion"}],"is_trial":false,"path_per_floor":["R","?","?","?","M","E","T","R","M","$","M","E","R","M","M","B"],"character_chosen":"THE_AUTOMATON","items_purchased":["Shovel"],"campfire_rested":0,"item_purchase_floors":[10],"current_hp_per_floor":[77,77,77,77,76,23,23,23,32,34,38,25,25,22,34,0,0],"gold":90,"neow_bonus":"TEN_PERCENT_HP_BONUS","is_daily":false,"chose_seed":false,"campfire_upgraded":1,"win_rate":0.0,"timestamp":1610887963,"path_taken":["R","?","?","?","M","E","T","R","M","$","M","E","R","?","M","BOSS"],"items_purchased_type":["Relic"],"build_version":"2020-12-22","purchased_purges":0,"victory":false,"max_hp_per_floor":[77,77,77,77,77,77,77,77,77,77,77,77,77,77,77,77,77],"card_choices":[{"not_picked":["bronze:Turbo","bronze:Shield"],"picked":"bronze:ClassDefault","floor":5},{"not_picked":["bronze:Shield","bronze:Branch"],"picked":"bronze:ChosenStrike","floor":6},{"not_picked":["bronze:Shield","bronze:Overheat"],"picked":"bronze:Philosophize","floor":9},{"not_picked":["bronze:BitShift","bronze:Safeguard","bronze:WhirlingStrike"],"picked":"SKIP","floor":10},{"not_picked":["bronze:Deprecate","bronze:Overheat"],"picked":"bronze:Allocate","floor":11},{"not_picked":["bronze:WhirlingStrike","bronze:Deprecate"],"picked":"bronze:Format","floor":12},{"not_picked":["bronze:OilSpill","bronze:BugBarrage"],"picked":"bronze:MaxOutput","floor":14},{"not_picked":["bronze:NullPointer","bronze:Invalidate"],"picked":"bronze:ItsAFeature","floor":15}],"player_experience":775943,"relics_obtained":[{"floor":6,"key":"Mummified Hand"},{"floor":7,"key":"Meat on the Bone"},{"floor":12,"key":"White Beast Statue"},{"floor":13,"key":"Pen Nib"}],"event_choices":[],"is_beta":false,"boss_relics":[],"items_purged_floors":[],"is_endless":false,"potions_floor_spawned":[6,9,14,15],"killed_by":"IC_STATUS_ARCHETYPE","ascension_level":0}}