{"host":"cjmwurvrz00ml9vd","time":1610920809,"event":{"mods":["2.2 Compatiblity","AchievementEnabler","Act Like it!","Aspiration","BaseMod","Beaked The Cultist","Better Third Choice","BetterRewards","Colored Powertips","Conspire","Energized Spire","Infinite Spire","Marisa????????","Marked Mod","Minty Spire (QoL Compilation)","Replay The Spire","Say the Spire","StSLib","The Blackbeard","The Cursed","The Disciple","The Hierophant","The Jungle","The Necromancer","The Servant 0.9.4","TheFirefly","vexMod"],"gold_per_floor":[109,109,120,195,195,195,223,240,263,70,101,116,116,130,130,229,229,248,248,261,275,124,124,124,124,124,138,138,153,153,167,167,167,167],"floor_reached":33,"language":"ENG","playtime":1055,"items_purged":["Defy"],"score":509,"play_id":"bf8ba19f-d7e8-4f80-8c56-cae14d31ed4e","local_time":"20210117230009","is_ascension_mode":true,"campfire_choices":[{"data":"KidneyShot","floor":6,"key":"SMITH"},{"floor":13,"key":"REST"},{"floor":15,"key":"REST"},{"data":"infinitespire:Collect","floor":23,"key":"SMITH"},{"data":"SilverBlades","floor":28,"key":"SMITH"},{"floor":30,"key":"REST"},{"data":"Sadistic Nature","floor":32,"key":"SMITH"}],"circlet_count":0,"master_deck":["Strike_S","Strike_S","Strike_S","Strike_S","Defend_S","Defend_S","Defend_S","Defend_S","KidneyShot+1","Exchange","Rearm","InstantArmor","Sunlight","Sadistic Nature+1","SilverBlades+1","BottledTime","BottledTime","TheWorld","infinitespire:Collect+1","Comet","Deadline","Replace+1","Ricochet+1","Advance"],"relics":["Uniform","TheAbacus","Dream Catcher","Boot","vexMod:HeadHunter","beaked:SacredDeck","Bottled Lightning","Prayer Wheel"],"acts_visited":["Exordium","TheCity"],"potions_floor_usage":[7,14,16,29,33,33],"damage_taken":[{"damage":7,"enemies":"2 Louse","floor":1,"turns":3},{"damage":1,"enemies":"Small Slimes","floor":3,"turns":3},{"damage":23,"enemies":"Gremlin Nob","floor":7,"turns":5},{"damage":0,"enemies":"conspire:RoseBush","floor":8,"turns":2},{"damage":8,"enemies":"Lagavulin","floor":11,"turns":5},{"damage":5,"enemies":"Looter","floor":12,"turns":2},{"damage":8,"enemies":"Exordium Wildlife","floor":14,"turns":3},{"damage":0,"enemies":"Slime Boss","floor":16,"turns":9},{"damage":16,"enemies":"3 Byrds","floor":18,"turns":4},{"damage":1,"enemies":"Chosen","floor":20,"turns":3},{"damage":1,"enemies":"Sentry and Sphere","floor":21,"turns":4},{"damage":2,"enemies":"Cultist and Chosen","floor":27,"turns":3},{"damage":3,"enemies":"Centurion and Healer","floor":29,"turns":3},{"damage":7,"enemies":"3 Cultists","floor":31,"turns":4},{"damage":68,"enemies":"Champ","floor":33,"turns":6}],"seed_played":"8676021158274217094","potions_obtained":[{"floor":11,"key":"Weak Potion"},{"floor":12,"key":"FearPotion"},{"floor":16,"key":"Strength Potion"},{"floor":21,"key":"ColorlessPotion"},{"floor":27,"key":"Dexterity Potion"},{"floor":31,"key":"SteroidPotion"}],"is_trial":false,"path_per_floor":["M","?","M","?","?","R","E","M","T","$","E","M","R","M","R","B",null,"M","$","M","M","$","R","?","T","T","M","R","M","R","M","R","B"],"character_chosen":"THE_SERVANT","items_purchased":["Rearm","TheAbacus","Swift Potion","Sadistic Nature","Deadline"],"campfire_rested":3,"item_purchase_floors":[0,0,0,10,22],"current_hp_per_floor":[53,53,52,41,46,46,23,23,23,23,15,10,31,23,44,44,64,48,48,47,46,46,46,46,46,46,44,44,41,62,55,55,0,0],"gold":167,"neow_bonus":"","is_daily":false,"chose_seed":false,"campfire_upgraded":4,"win_rate":0.0,"timestamp":1610920809,"path_taken":["M","?","M","?","?","R","E","M","T","$","E","M","R","M","R","BOSS","M","$","M","M","$","R","?","?","T","?","R","M","R","M","R","BOSS"],"items_purchased_type":["Card","Relic","Potion","Card","Card"],"build_version":"2020-12-22","purchased_purges":1,"victory":false,"max_hp_per_floor":[65,65,65,65,70,70,70,70,70,70,70,70,70,70,70,70,70,70,70,70,70,70,70,70,70,70,70,70,70,70,70,70,70,70],"card_choices":[{"not_picked":["TimeWarp","Replace"],"picked":"InstantArmor","floor":1},{"not_picked":["BestPractice","Deadline","Contraction"],"picked":"SKIP","floor":3},{"not_picked":["Advance","Manipulate"],"picked":"Sunlight","floor":7},{"not_picked":["Alleviate","FastForward","Spin"],"picked":"SKIP","floor":8},{"not_picked":["FloweringNight","FastForward"],"picked":"SilverBlades","floor":11},{"not_picked":["Unruled","Alleviate","TimeWarp"],"picked":"SKIP","floor":12},{"not_picked":["Foresight","Desolation"],"picked":"BottledTime","floor":13},{"not_picked":["Rearm","TimeWarp","Contraction"],"picked":"SKIP","floor":14},{"not_picked":["ShatteredReality","BestPractice"],"picked":"BottledTime","floor":15},{"not_picked":["LightFlow","Initiator"],"picked":"TheWorld","floor":16},{"not_picked":["Reset","GearUp","Unruled"],"picked":"SKIP","floor":18},{"not_picked":["Rewind","Alleviate"],"picked":"Defy","floor":20},{"not_picked":["TimeWarp","BottledTime"],"picked":"Comet","floor":21},{"not_picked":["SoulSculpture","Rearm"],"picked":"Replace+1","floor":27},{"not_picked":["Unruled","Foresight","Luminosity"],"picked":"SKIP","floor":27},{"not_picked":["Deadline","MoonPhase","FanOfKnives"],"picked":"SKIP","floor":29},{"not_picked":["RealityMarble","Hightail","Unruled"],"picked":"SKIP","floor":29},{"not_picked":["Revamp","GearUp"],"picked":"Ricochet+1","floor":30},{"not_picked":["Unruled","FastForward"],"picked":"Advance","floor":31},{"not_picked":["Replace","Unruled","Manipulate"],"picked":"SKIP","floor":31}],"player_experience":623483,"relics_obtained":[{"floor":7,"key":"Dream Catcher"},{"floor":9,"key":"Boot"},{"floor":11,"key":"vexMod:HeadHunter"},{"floor":25,"key":"Bottled Lightning"},{"floor":26,"key":"Prayer Wheel"}],"event_choices":[{"damage_healed":0,"gold_gain":75,"player_choice":"Gold","damage_taken":11,"max_hp_gain":0,"max_hp_loss":0,"event_name":"betterThird:BetterGoop","floor":4,"gold_loss":0},{"damage_healed":0,"gold_gain":0,"player_choice":"Donut","damage_taken":0,"max_hp_gain":5,"max_hp_loss":0,"event_name":"Big Fish","floor":5,"gold_loss":0}],"is_beta":false,"boss_relics":[{"not_picked":["beaked:MawFillet","ReplayTheSpireMod:DimensionalGlitch"],"picked":"beaked:SacredDeck"}],"items_purged_floors":[22],"is_endless":false,"potions_floor_spawned":[11,12,16,21,27,31],"killed_by":"Champ","ascension_level":5}}