{"host":"19t2eyow02s954g8","time":1610895523,"event":{"mods":["BaseMod","Colored Map","DeckTracker","Minty Spire (QoL Compilation)","StSLib","SuperFastMode"],"gold_per_floor":[116,116,130,55,55,55,89,89,166,66,94,104,104,120,120,192,192,112,33,33,33,48,48,48,60,60,89,89,89,89,89,89],"floor_reached":31,"language":"KOR","playtime":952,"items_purged":["Strike_G","Strike_G"],"score":664,"play_id":"8e3f7d21-981a-46aa-bb79-973795857dd4","local_time":"20210117235843","is_ascension_mode":true,"campfire_choices":[{"data":"Bouncing Flask","floor":6.0,"key":"SMITH"},{"data":"Expertise","floor":8.0,"key":"SMITH"},{"data":"Footwork","floor":13.0,"key":"SMITH"},{"data":"Concentrate","floor":15.0,"key":"SMITH"},{"data":"Adrenaline","floor":24,"key":"SMITH"},{"data":"Venomology","floor":28,"key":"SMITH"},{"data":"Adrenaline","floor":30,"key":"SMITH"}],"circlet_count":0,"master_deck":["AscendersBane","Defend_G","Defend_G","Defend_G","Defend_G","Defend_G","Survivor","Neutralize+1","Expertise+1","Adrenaline+1","Bouncing Flask+1","Concentrate+1","PiercingWail","Footwork+1","Adrenaline+1","Reflex","Ghostly","Ghostly","Ghostly","Acrobatics","Footwork","Venomology+1"],"relics":["Ring of the Snake","NeowsBlessing","Akabeko","White Beast Statue","Ice Cream","Empty Cage","Pantograph","Question Card"],"acts_visited":["Exordium","TheCity"],"potions_floor_usage":[27,31,31],"damage_taken":[{"damage":0.0,"enemies":"Jaw Worm","floor":1.0,"turns":1.0},{"damage":0.0,"enemies":"Cultist","floor":3.0,"turns":1.0},{"damage":0.0,"enemies":"Gremlin Nob","floor":7.0,"turns":1.0},{"damage":50.0,"enemies":"3 Sentries","floor":11.0,"turns":7.0},{"damage":0.0,"enemies":"2 Louse","floor":12.0,"turns":1.0},{"damage":0.0,"enemies":"Red Slaver","floor":14.0,"turns":3.0},{"damage":0.0,"enemies":"Hexaghost","floor":16.0,"turns":7.0},{"damage":0.0,"enemies":"2 Thieves","floor":18.0,"turns":4.0},{"damage":0,"enemies":"Shell Parasite","floor":22,"turns":5},{"damage":0,"enemies":"Snake Plant","floor":25,"turns":4},{"damage":2,"enemies":"Book of Stabbing","floor":27,"turns":5},{"damage":3,"enemies":"Slavers","floor":31,"turns":5}],"seed_played":"-5995386410134615537","potions_obtained":[{"floor":3.0,"key":"PowerPotion"},{"floor":11.0,"key":"EssenceOfSteel"},{"floor":12.0,"key":"DistilledChaos"},{"floor":14.0,"key":"GhostInAJar"},{"floor":22,"key":"LiquidMemories"},{"floor":27,"key":"LiquidBronze"}],"is_trial":false,"path_per_floor":["M","?","M","$","?","R","E","R","T","$","E","M","R","M","R","B",null,"M","$","?","?","M","?","R","M","T","E","R","$","R","E"],"character_chosen":"THE_SILENT","items_purchased":["Reflex"],"campfire_rested":0,"item_purchase_floors":[19],"current_hp_per_floor":[59,59,59,59,59,59,59,59,59,59,9,9,9,9,9,9,52,52,52,34,34,34,35,35,35,35,33,33,33,33,30,30],"gold":89,"neow_bonus":"THREE_ENEMY_KILL","is_daily":false,"chose_seed":false,"campfire_upgraded":7,"win_rate":0.0,"timestamp":1610895523,"path_taken":["M","?","?","$","?","R","E","R","T","$","E","M","R","M","R","BOSS","M","$","?","?","M","?","R","?","T","E","R","?","R","E"],"items_purchased_type":["Card"],"build_version":"2020-12-22","purchased_purges":2,"victory":false,"max_hp_per_floor":[66,66,66,66,66,66,66,66,66,66,66,66,66,66,66,66,66,66,66,71,35,35,35,35,35,35,35,35,35,35,35,35],"card_choices":[{"not_picked":["Sucker Punch","Leg Sweep"],"picked":"Expertise","floor":1.0},{"not_picked":["Heel Hook","Skewer"],"picked":"Bouncing Flask","floor":3.0},{"not_picked":["Backflip","Dagger Spray"],"picked":"Concentrate","floor":7.0},{"not_picked":["Outmaneuver","Deadly Poison"],"picked":"PiercingWail","floor":11.0},{"not_picked":["Cloak And Dagger","Poisoned Stab"],"picked":"Footwork","floor":12.0},{"not_picked":["Infinite Blades","Doppelganger","Dagger Throw"],"picked":"SKIP","floor":14.0},{"not_picked":["A Thousand Cuts","Venomology"],"picked":"Adrenaline","floor":16.0},{"not_picked":["Bouncing Flask","Dagger Spray+1","Underhanded Strike"],"picked":"SKIP","floor":18.0},{"not_picked":["Bouncing Flask","Dagger Spray+1","Underhanded Strike"],"picked":"SKIP","floor":18.0},{"not_picked":["Dagger Throw+1","Quick Slash+1"],"picked":"Acrobatics","floor":22},{"not_picked":["Dagger Throw","Quick Slash"],"picked":"Footwork","floor":25},{"not_picked":["Distraction","Infinite Blades"],"picked":"Venomology","floor":27}],"player_experience":4296010,"relics_obtained":[{"floor":7.0,"key":"Akabeko"},{"floor":9.0,"key":"White Beast Statue"},{"floor":11.0,"key":"Ice Cream"},{"floor":26,"key":"Pantograph"},{"floor":27,"key":"Question Card"}],"event_choices":[{"damage_healed":0.0,"max_hp_gain":0.0,"max_hp_loss":0.0,"gold_gain":0.0,"cards_transformed":["Strike_G"],"event_name":"Transmorgrifier","player_choice":"Transformed","floor":2.0,"gold_loss":0.0,"damage_taken":0.0,"cards_obtained":["Adrenaline"]},{"damage_healed":0.0,"max_hp_gain":0.0,"max_hp_loss":0.0,"gold_gain":0.0,"event_name":"Upgrade Shrine","player_choice":"Upgraded","floor":5.0,"gold_loss":0.0,"damage_taken":0.0,"cards_upgraded":["Neutralize"]},{"damage_healed":0,"gold_gain":0,"player_choice":"Shed Blood","damage_taken":23,"max_hp_gain":5,"max_hp_loss":0,"event_name":"Forgotten Altar","floor":20,"gold_loss":0},{"damage_healed":0,"gold_gain":0,"player_choice":"Became a Ghost","damage_taken":0,"max_hp_gain":0,"max_hp_loss":36,"event_name":"Ghosts","floor":21,"gold_loss":0,"cards_obtained":["Ghostly","Ghostly","Ghostly"]},{"damage_healed":1,"gold_gain":0,"player_choice":"Full Heal","damage_taken":0,"max_hp_gain":0,"max_hp_loss":0,"event_name":"Wheel of Change","floor":23,"gold_loss":0}],"is_beta":false,"boss_relics":[{"not_picked":["WristBlade","Tiny House"],"picked":"Empty Cage"}],"items_purged_floors":[4,10],"is_endless":false,"potions_floor_spawned":[3,11,12,14,16,18,22,25,27],"killed_by":"Slavers","ascension_level":20}}