{"host":"0997y4wz57mwz0jp","time":1610893036,"event":{"mods":["2.2 Compatiblity","AchievementEnabler","BaseMod","CapriCore","Hermit","Koishi","Marisa£¨Ùöéë¡¡Øª×âÞÞ£©","Minty Spire (QoL Compilation)","StSLib","The Cursed","The Dragon Tamer","The Gatherer","The Hierophant","The Immortal"],"gold_per_floor":[117,130,143,161,180,213,213,213,266,297,311,291,322,332,332,436,436,453,473,60,70,86,86,86],"floor_reached":23,"language":"KOR","playtime":2899,"items_purged":[],"score":217,"play_id":"1a86792f-c004-4806-873f-259ca3c2abb9","local_time":"20210117231716","is_ascension_mode":false,"campfire_choices":[{"floor":7.0,"key":"REST"},{"floor":15.0,"key":"REST"}],"circlet_count":0,"master_deck":["Koishi:BasicStrike","Koishi:BasicStrike","Koishi:BasicStrike","Koishi:BasicDefend","Koishi:BasicDefend","Koishi:BasicDefend","Koishi:Provoke","Koishi:HauntingSlash","TheCursedMod:Dregs","Koishi:VengefulSpirit","Koishi:RacingHeart","Koishi:DreadfulBlow","Koishi:ParalyzingFear","Koishi:ParalyzingFear","Koishi:FidgetySnatcher","Koishi:Jaunt","Koishi:FidgetySnatcher","Koishi:HeartStoppingHorror","Koishi:GhostParty","Koishi:Untouchable","Koishi:MindNumbingTerror","Koishi:FreudianInstinct","Koishi:MentalBreakdown","CurseOfTheBell","Koishi:UnseenTerror+1"],"relics":["Koishi:ImaginaryFriend","Bag of Marbles","Centennial Puzzle","Eternal Feather","Koishi:BloodstainedWhiteRose","Calling Bell","Regal Pillow","Singing Bowl","Incense Burner","Molten Egg 2","Lantern"],"acts_visited":["Exordium","TheCity"],"potions_floor_usage":[19],"damage_taken":[{"damage":2.0,"enemies":"Small Slimes","floor":1.0,"turns":4.0},{"damage":0.0,"enemies":"Cultist","floor":2.0,"turns":3.0},{"damage":4.0,"enemies":"Jaw Worm","floor":3.0,"turns":3.0},{"damage":8.0,"enemies":"Lots of Slimes","floor":4.0,"turns":5.0},{"damage":18.0,"enemies":"3 Louse","floor":5.0,"turns":3.0},{"damage":32.0,"enemies":"3 Sentries","floor":6.0,"turns":7.0},{"damage":5.0,"enemies":"Lagavulin","floor":10.0,"turns":6.0},{"damage":14.0,"enemies":"Large Slime","floor":11.0,"turns":7.0},{"damage":11.0,"enemies":"3 Sentries","floor":13.0,"turns":9.0},{"damage":0.0,"enemies":"Exordium Wildlife","floor":14.0,"turns":5.0},{"damage":19.0,"enemies":"Slime Boss","floor":16.0,"turns":14.0},{"damage":15.0,"enemies":"3 Byrds","floor":18.0,"turns":8.0},{"damage":7,"enemies":"Spheric Guardian","floor":19,"turns":8},{"damage":24,"enemies":"Cultist and Chosen","floor":21,"turns":9},{"damage":25,"enemies":"Sentry and Sphere","floor":22,"turns":10},{"damage":23,"enemies":"Book of Stabbing","floor":23,"turns":6}],"seed_played":"-6391903023882690862","potions_obtained":[{"floor":4.0,"key":"LiquidMemories"},{"floor":5.0,"key":"FearPotion"},{"floor":6.0,"key":"LiquidBronze"},{"floor":10.0,"key":"Swift Potion"},{"floor":12.0,"key":"Strength Potion"},{"floor":14.0,"key":"SkillPotion"},{"floor":18.0,"key":"SkillPotion"}],"is_trial":false,"path_per_floor":["M","M","M","M","M","E","R","?","T","E","M","?","E","M","R","B",null,"M","M","$","M","M","E"],"character_chosen":"KOISHI","items_purchased":["Molten Egg 2","Lantern"],"campfire_rested":2,"item_purchase_floors":[20,20],"current_hp_per_floor":[59,60,60,55,38,13,31,31,31,32,23,23,16,25,55,37,60,58,59,59,47,23,0,0],"gold":86,"neow_bonus":"TRANSFORM_TWO_CARDS","is_daily":false,"chose_seed":false,"campfire_upgraded":0,"win_rate":0.0,"timestamp":1610893036,"path_taken":["M","M","M","M","M","E","R","?","T","E","?","?","E","M","R","BOSS","M","M","$","M","?","E"],"items_purchased_type":["Relic","Relic"],"build_version":"2020-12-22","purchased_purges":0,"victory":false,"max_hp_per_floor":[60,60,60,60,60,60,60,60,60,60,60,60,60,60,60,60,60,62,64,64,66,66,66,66],"card_choices":[{"not_picked":["Koishi:SubterraneanRose","Koishi:FreudianInstinct"],"picked":"Koishi:DreadfulBlow","floor":1.0},{"not_picked":["Koishi:SubterraneanRose","Koishi:Jaunt"],"picked":"Koishi:ParalyzingFear","floor":2.0},{"not_picked":["Koishi:EmbersOfLove","Koishi:Jaunt"],"picked":"Koishi:ParalyzingFear","floor":3.0},{"not_picked":["Koishi:ApparitionsStalkTheNight","Koishi:Jaunt"],"picked":"Koishi:FidgetySnatcher","floor":4.0},{"not_picked":["Koishi:HeartfeltFancy","Koishi:LastRemote"],"picked":"Koishi:Jaunt","floor":5.0},{"not_picked":["Koishi:Bloodlust","Koishi:Untouchable"],"picked":"Koishi:FidgetySnatcher","floor":6.0},{"not_picked":["Koishi:ReflexRadar","Koishi:VengefulSpirit"],"picked":"Koishi:GhostParty","floor":10.0},{"not_picked":["Koishi:RollingInRichesHeart","Koishi:UnansweredLove"],"picked":"Koishi:Untouchable","floor":11.0},{"not_picked":["Koishi:DNAsFlaw","Koishi:TraumaticStroke"],"picked":"Koishi:MindNumbingTerror","floor":13.0},{"not_picked":["Koishi:FidgetySnatcher","Koishi:DanmakuParanoia"],"picked":"Koishi:FreudianInstinct","floor":14.0},{"not_picked":["Koishi:RollingInRichesHeart","Koishi:MindStellarRelief"],"picked":"Koishi:MentalBreakdown","floor":16.0},{"not_picked":["Koishi:HeartfeltFancy+1","Koishi:HeartAttack","Koishi:UnansweredLove"],"picked":"Singing Bowl","floor":18.0},{"not_picked":["Koishi:PhantomStrike","Koishi:SubterraneanRose+1","Koishi:ReflexRadar"],"picked":"Singing Bowl","floor":19},{"not_picked":["Koishi:EmbersOfLove","Koishi:BramblyRoseGarden","Koishi:CatchAndRose"],"picked":"Singing Bowl","floor":21},{"not_picked":["Koishi:ParalyzingFear+1","Koishi:MassHysteria"],"picked":"Koishi:UnseenTerror+1","floor":22}],"player_experience":104992,"relics_obtained":[{"floor":6.0,"key":"Bag of Marbles"},{"floor":9.0,"key":"Centennial Puzzle"},{"floor":10.0,"key":"Eternal Feather"},{"floor":13.0,"key":"Koishi:BloodstainedWhiteRose"},{"floor":17.0,"key":"Regal Pillow"},{"floor":17.0,"key":"Singing Bowl"},{"floor":17.0,"key":"Incense Burner"}],"event_choices":[{"damage_healed":0.0,"max_hp_gain":0.0,"max_hp_loss":0.0,"gold_gain":0.0,"event_name":"Match and Keep!","player_choice":"1 cards matched","floor":8.0,"gold_loss":0.0,"damage_taken":0.0,"cards_obtained":["Koishi:HeartStoppingHorror"]},{"damage_healed":0.0,"max_hp_gain":0.0,"max_hp_loss":0.0,"gold_gain":0.0,"event_name":"The Woman in Blue","player_choice":"Bought 1 Potion","floor":12.0,"gold_loss":0.0,"damage_taken":0.0}],"is_beta":false,"boss_relics":[{"not_picked":["Philosopher\u0027s Stone","Koishi:ColorfulDays"],"picked":"Calling Bell"}],"items_purged_floors":[],"is_endless":false,"potions_floor_spawned":[4,5,6,10,14,18],"killed_by":"Book of Stabbing","ascension_level":0}}