{"host":"vyjryxuuuxkt43k4","time":1610851729,"event":{"mods":["AchievementEnabler","BaseMod","Colored Map","DeckTracker","Minty Spire (QoL Compilation)","Permanent Neow","Quick Restart","StSLib","SuperFastMode","everything is the same but u backflip on backflip"],"gold_per_floor":[117,134,145,36,46,46,60,60,60,91,102,52,52,70,70,167,167,182,452,471,19,34,66,66,93,139,164,176,176],"floor_reached":28,"language":"KOR","playtime":1283,"items_purged":["Strike_B","Strike_B"],"score":301,"play_id":"cd16bcbc-e5b7-4410-99ff-2a75e39f5c56","local_time":"20210117114849","is_ascension_mode":true,"campfire_choices":[{"floor":6.0,"key":"REST"},{"floor":8.0,"key":"REST"},{"floor":15.0,"key":"REST"},{"floor":24.0,"key":"REST"}],"circlet_count":0,"master_deck":["Defend_B","Defend_B","Defend_B","Zap","Dualcast","Capacitor","Hologram","Biased Cognition","Consume","Cold Snap","BootSequence","Turbo","Electrodynamics","Core Surge","Redo+1","Compile Driver"],"relics":["Cracked Core","Dead Branch","Pear","Centennial Puzzle","Emotion Chip","Empty Cage","Runic Capacitor","Nunchaku","Gremlin Horn","Mercury Hourglass","MawBank"],"acts_visited":["Exordium","TheCity"],"potions_floor_usage":[28],"damage_taken":[{"damage":1.0,"enemies":"Small Slimes","floor":1.0,"turns":3.0},{"damage":2.0,"enemies":"Jaw Worm","floor":2.0,"turns":3.0},{"damage":1.0,"enemies":"Cultist","floor":3.0,"turns":4.0},{"damage":47.0,"enemies":"Gremlin Gang","floor":5.0,"turns":4.0},{"damage":13.0,"enemies":"Large Slime","floor":7.0,"turns":6.0},{"damage":23.0,"enemies":"3 Sentries","floor":10.0,"turns":7.0},{"damage":16.0,"enemies":"Exordium Wildlife","floor":11.0,"turns":4.0},{"damage":0.0,"enemies":"Exordium Thugs","floor":14.0,"turns":4.0},{"damage":29.0,"enemies":"Slime Boss","floor":16.0,"turns":4.0},{"damage":0.0,"enemies":"3 Byrds","floor":18.0,"turns":2.0},{"damage":17.0,"enemies":"Shell Parasite","floor":20.0,"turns":4.0},{"damage":10.0,"enemies":"Snecko","floor":22.0,"turns":4.0},{"damage":13.0,"enemies":"Gremlin Leader","floor":23.0,"turns":6.0},{"damage":24.0,"enemies":"Book of Stabbing","floor":25.0,"turns":4.0},{"damage":3.0,"enemies":"Centurion and Healer","floor":27.0,"turns":3.0},{"damage":10,"enemies":"Snake Plant","floor":28,"turns":2}],"seed_played":"53210293463477908","potions_obtained":[{"floor":2.0,"key":"FearPotion"},{"floor":3.0,"key":"Energy Potion"},{"floor":7.0,"key":"AttackPotion"},{"floor":14.0,"key":"LiquidMemories"},{"floor":16.0,"key":"DistilledChaos"},{"floor":23.0,"key":"Block Potion"},{"floor":25.0,"key":"PotionOfCapacity"}],"is_trial":false,"path_per_floor":["M","M","M","$","M","R","M","R","T","E","M","?","?","M","R","B",null,"M","?","M","$","M","E","R","E","T","M","M"],"character_chosen":"DEFECT","items_purchased":["Consume","Runic Capacitor","Nunchaku","Energy Potion"],"campfire_rested":4,"item_purchase_floors":[4,21,21,21],"current_hp_per_floor":[67,65,64,64,17,37,24,44,54,31,15,15,12,12,35,6,78,78,51,34,34,24,11,34,10,10,7,0,0],"gold":176,"neow_bonus":"ONE_RARE_RELIC","is_daily":false,"chose_seed":false,"campfire_upgraded":0,"win_rate":0.0,"timestamp":1610851729,"path_taken":["M","M","M","$","M","R","M","R","T","E","M","?","?","M","R","BOSS","M","?","M","$","?","E","R","E","T","?","M"],"items_purchased_type":["Card","Relic","Relic","Potion"],"build_version":"2020-12-22","purchased_purges":2,"victory":false,"max_hp_per_floor":[68,68,68,68,68,68,68,68,78,78,78,78,78,78,78,78,78,78,78,78,78,78,78,78,78,78,78,78,78],"card_choices":[{"not_picked":["Barrage","Force Field"],"picked":"Capacitor","floor":1.0},{"not_picked":["Sweeping Beam","Rebound"],"picked":"Hologram","floor":2.0},{"not_picked":["Steam Power","Hologram"],"picked":"Biased Cognition","floor":3.0},{"not_picked":["Hologram","Force Field"],"picked":"Cold Snap","floor":5.0},{"not_picked":["Turbo","Leap"],"picked":"BootSequence","floor":7.0},{"not_picked":["Melter","Sweeping Beam"],"picked":"Turbo","floor":10.0},{"not_picked":["Turbo","Rebound","Leap"],"picked":"SKIP","floor":11.0},{"not_picked":["Beam Cell","Leap"],"picked":"Electrodynamics","floor":14.0},{"not_picked":["Creative AI","Reboot"],"picked":"Core Surge","floor":16.0},{"not_picked":["Turbo","Rebound"],"picked":"Redo+1","floor":18.0},{"not_picked":["Reinforced Body","Gash","Stack"],"picked":"SKIP","floor":20.0},{"not_picked":["Rebound","Reinforced Body","Sweeping Beam+1"],"picked":"SKIP","floor":22.0},{"not_picked":["Rebound","Rip and Tear"],"picked":"Compile Driver","floor":23.0},{"not_picked":["Steam","Barrage","Redo"],"picked":"SKIP","floor":25.0},{"not_picked":["Hello World","Reprogram+1","Redo+1"],"picked":"SKIP","floor":27.0}],"player_experience":393131,"relics_obtained":[{"floor":9.0,"key":"Pear"},{"floor":10.0,"key":"Centennial Puzzle"},{"floor":23.0,"key":"Gremlin Horn"},{"floor":25.0,"key":"Mercury Hourglass"},{"floor":26.0,"key":"MawBank"}],"event_choices":[{"cards_removed":["Defend_B"],"damage_healed":0.0,"max_hp_gain":0.0,"max_hp_loss":0.0,"gold_gain":0.0,"event_name":"The Cleric","player_choice":"Card Removal","floor":12.0,"gold_loss":50.0,"damage_taken":0.0},{"damage_healed":0.0,"max_hp_gain":0.0,"max_hp_loss":0.0,"gold_gain":0.0,"event_name":"Scrap Ooze","player_choice":"Success","floor":13.0,"gold_loss":0.0,"damage_taken":3.0,"relics_obtained":["Emotion Chip"]},{"damage_healed":0.0,"max_hp_gain":0.0,"max_hp_loss":0.0,"gold_gain":270.0,"event_name":"Knowing Skull","player_choice":"GOLD GOLD GOLD ","floor":19.0,"potions_obtained":[],"gold_loss":0.0,"damage_taken":27.0,"cards_obtained":[]}],"is_beta":false,"boss_relics":[{"not_picked":["Runic Dome","Snecko Eye"],"picked":"Empty Cage"}],"items_purged_floors":[4,21],"is_endless":false,"potions_floor_spawned":[2,3,7,14,16,23,25],"killed_by":"Snake Plant","ascension_level":3}}