{"host":"p1xsuo25udtrkbq2","time":1610880860,"event":{"mods":["BaseMod","Colored Map","Highlight Path","Minty Spire (QoL Compilation)","Rare Cards Sparkle","Relic Stats","Slay the Relics Exporter","StSLib","everything is the same but u backflip on backflip"],"gold_per_floor":[111,126,140,153,41,41,41,41,88,88,117,117,145,110,110,182,182,193,129,146,164,176,176,67,67,116,148,164,181,197,221,221,295,295,306,31,31,50,50,50,50,78,78,103,53,66,82,28,28,28,28],"floor_reached":50,"language":"ENG","playtime":5230,"items_purged":["Strike_G","Strike_G","Strike_G"],"score":1024,"play_id":"4f9d267e-dcf0-4b83-ab01-180f9fa7b736","local_time":"20210117055420","is_ascension_mode":true,"campfire_choices":[{"data":"Wraith Form v2","floor":6.0,"key":"SMITH"},{"floor":8.0,"key":"REST"},{"data":"Well Laid Plans","floor":10.0,"key":"SMITH"},{"floor":12.0,"key":"REST"},{"data":"Noxious Fumes","floor":15.0,"key":"SMITH"},{"floor":23.0,"key":"REST"},{"data":"Envenom","floor":25.0,"key":"SMITH"},{"floor":32.0,"key":"REST"},{"data":"Concentrate","floor":40.0,"key":"SMITH"},{"floor":49.0,"key":"REST"}],"circlet_count":0,"master_deck":["AscendersBane","Strike_G","Defend_G+1","Defend_G","Defend_G+1","Defend_G","Defend_G","Survivor","Neutralize","Wraith Form v2+1","Acrobatics","Die Die Die","Noxious Fumes+1","Quick Slash","Well Laid Plans+1","PiercingWail","Blade Dance","Terror","Envenom+1","Blade Dance","Acrobatics","Bouncing Flask+1","Backflip+1","Infinite Blades","Concentrate+1","Setup","Adrenaline","Underhanded Strike","Leg Sweep","Blur+1","Adrenaline","CurseOfTheBell","Sadistic Nature","Backflip","Bullet Time","Flechettes+1","Calculated Gamble","Deflect+1","PiercingWail","PiercingWail+1"],"relics":["Ring of the Snake","Dream Catcher","War Paint","Bottled Tornado","Philosopher\u0027s Stone","Prayer Wheel","Centennial Puzzle","Smiling Mask","Vajra","Calling Bell","Bag of Preparation","Mummified Hand","FossilizedHelix","Snake Skull","Molten Egg 2","Art of War"],"acts_visited":["Exordium","TheCity","TheBeyond"],"potions_floor_usage":[50,50],"damage_taken":[{"damage":7.0,"enemies":"Small Slimes","floor":1.0,"turns":5.0},{"damage":2.0,"enemies":"2 Louse","floor":2.0,"turns":3.0},{"damage":8.0,"enemies":"Cultist","floor":3.0,"turns":6.0},{"damage":5.0,"enemies":"Gremlin Gang","floor":4.0,"turns":4.0},{"damage":22.0,"enemies":"Lagavulin","floor":11.0,"turns":11.0},{"damage":17.0,"enemies":"3 Sentries","floor":13.0,"turns":8.0},{"damage":24.0,"enemies":"Hexaghost","floor":16.0,"turns":11.0},{"damage":10.0,"enemies":"3 Byrds","floor":18.0,"turns":4.0},{"damage":14.0,"enemies":"Shell Parasite","floor":20.0,"turns":6.0},{"damage":2.0,"enemies":"Snecko","floor":21.0,"turns":6.0},{"damage":10.0,"enemies":"Sentry and Sphere","floor":22.0,"turns":5.0},{"damage":33.0,"enemies":"Slavers","floor":27.0,"turns":6.0},{"damage":40.0,"enemies":"Shelled Parasite and Fungi","floor":28.0,"turns":5.0},{"damage":3.0,"enemies":"Snake Plant","floor":29.0,"turns":5.0},{"damage":1.0,"enemies":"Chosen and Byrds","floor":30.0,"turns":5.0},{"damage":21.0,"enemies":"Automaton","floor":33.0,"turns":10.0},{"damage":11.0,"enemies":"3 Darklings","floor":35.0,"turns":7.0},{"damage":0.0,"enemies":"3 Shapes","floor":38.0,"turns":1.0},{"damage":0.0,"enemies":"Nemesis","floor":42.0,"turns":5.0},{"damage":23.0,"enemies":"Reptomancer","floor":44.0,"turns":5.0},{"damage":0.0,"enemies":"Jaw Worm Horde","floor":46.0,"turns":3.0},{"damage":0.0,"enemies":"Spire Growth","floor":47.0,"turns":4.0},{"damage":35,"enemies":"Time Eater","floor":50,"turns":9}],"seed_played":"-7065638003477911504","potions_obtained":[{"floor":2.0,"key":"Block Potion"},{"floor":4.0,"key":"ColorlessPotion"},{"floor":13.0,"key":"Fire Potion"},{"floor":18.0,"key":"PowerPotion"},{"floor":27.0,"key":"BlessingOfTheForge"},{"floor":29.0,"key":"Energy Potion"},{"floor":30.0,"key":"SteroidPotion"},{"floor":38.0,"key":"BlessingOfTheForge"},{"floor":44.0,"key":"Poison Potion"},{"floor":47.0,"key":"Poison Potion"}],"is_trial":false,"path_per_floor":["M","M","M","M","$","R","?","R","T","R","E","R","E","?","R","B",null,"M","?","M","M","M","R","$","R","T","E","M","M","M","T","R","B",null,"M","$","?","M","?","R","T","E","T","E","$","M","M","$","R","B"],"character_chosen":"THE_SILENT","items_purchased":["Well Laid Plans","FairyPotion","Sadistic Nature","Backflip","PiercingWail"],"campfire_rested":5,"item_purchase_floors":[5,24,36,36,48],"current_hp_per_floor":[52,50,42,37,37,37,30,49,49,49,27,46,29,45,45,21,55,45,45,31,29,19,38,38,38,38,5,12,9,8,8,27,6,51,40,40,40,40,40,40,40,40,40,17,17,17,17,17,35,0,0],"gold":28,"neow_bonus":"ONE_RANDOM_RARE_CARD","is_daily":false,"chose_seed":false,"campfire_upgraded":5,"win_rate":0.0,"timestamp":1610880860,"path_taken":["M","M","M","M","$","R","?","R","T","R","E","R","E","?","R","BOSS","M","?","M","?","M","R","$","R","T","E","M","M","?","?","R","BOSS","M","$","?","M","?","R","?","E","T","E","?","M","M","$","R","BOSS"],"items_purchased_type":["Card","Potion","Card","Card","Card"],"build_version":"2020-12-22","purchased_purges":3,"victory":false,"max_hp_per_floor":[66,66,66,66,66,66,66,66,66,66,66,66,66,66,66,66,66,66,66,66,66,66,66,66,66,66,66,66,66,66,66,66,66,66,66,66,63,63,63,63,63,63,63,63,63,63,63,63,63,63,63],"relic_stats":{"Dream Catcher":4,"Centennial Puzzle":[24],"counters":[23,134],"Mummified Hand":[42],"Prayer Wheel":10,"Snake Skull":[101],"Bag of Preparation":[14],"Art of War":[3],"War Paint":["Defend_G","Defend_G"],"Smiling Mask":125,"obtain_stats":[{"Vajra":31,"Snake Skull":41,"Bag of Preparation":34,"War Paint":11,"Bottled Tornado":13,"Smiling Mask":27,"Calling Bell":34,"Dream Catcher":9,"Centennial Puzzle":26,"Mummified Hand":34,"Philosopher\u0027s Stone":17,"Prayer Wheel":19,"Molten Egg 2":42,"Art of War":44,"FossilizedHelix":34,"Ring of the Snake":0},{"Vajra":15,"Snake Skull":18,"Bag of Preparation":16,"War Paint":5,"Bottled Tornado":6,"Smiling Mask":12,"Calling Bell":16,"Dream Catcher":4,"Centennial Puzzle":11,"Mummified Hand":16,"Philosopher\u0027s Stone":7,"Prayer Wheel":8,"Molten Egg 2":19,"Art of War":20,"FossilizedHelix":16,"Ring of the Snake":0},{"Vajra":90,"Snake Skull":108,"Bag of Preparation":100,"War Paint":29,"Bottled Tornado":37,"Smiling Mask":75,"Calling Bell":100,"Dream Catcher":18,"Centennial Puzzle":69,"Mummified Hand":100,"Philosopher\u0027s Stone":48,"Prayer Wheel":52,"Molten Egg 2":113,"Art of War":118,"FossilizedHelix":100,"Ring of the Snake":0}],"Ring of the Snake":[46]},"card_choices":[{"not_picked":["Prepared","Tactician"],"picked":"Acrobatics","floor":1.0},{"not_picked":["Flying Knee","Cloak And Dagger"],"picked":"Die Die Die","floor":2.0},{"not_picked":["Deadly Poison","Blur"],"picked":"Noxious Fumes","floor":3.0},{"not_picked":["Acrobatics","Phantasmal Killer"],"picked":"Quick Slash","floor":4.0},{"not_picked":["Backstab","Reflex"],"picked":"PiercingWail","floor":11.0},{"not_picked":["Quick Slash","Slice"],"picked":"Blade Dance","floor":12.0},{"not_picked":["PiercingWail","Skewer"],"picked":"Terror","floor":13.0},{"not_picked":["Glass Knife","A Thousand Cuts"],"picked":"Envenom","floor":16.0},{"not_picked":["Calculated Gamble","Flying Knee","Prepared"],"picked":"SKIP","floor":18.0},{"not_picked":["Slice","Acrobatics"],"picked":"Blade Dance","floor":20.0},{"not_picked":["Setup","Slice"],"picked":"Acrobatics","floor":20.0},{"not_picked":["Finisher+1","Masterful Stab"],"picked":"Bouncing Flask+1","floor":21.0},{"not_picked":["Bane","Calculated Gamble"],"picked":"Backflip+1","floor":21.0},{"not_picked":["PiercingWail","Dagger Throw"],"picked":"Infinite Blades","floor":22.0},{"not_picked":["Dagger Throw","Tactician","Acrobatics"],"picked":"SKIP","floor":22.0},{"not_picked":["Well Laid Plans","Backflip"],"picked":"Concentrate","floor":23.0},{"not_picked":["Acrobatics","Dodge and Roll"],"picked":"Setup","floor":27.0},{"not_picked":["Tactician","Quick Slash"],"picked":"Adrenaline","floor":28.0},{"not_picked":["Quick Slash","Slice","Underhanded Strike"],"picked":"SKIP","floor":28.0},{"not_picked":["Quick Slash","Slice"],"picked":"Underhanded Strike","floor":28.0},{"not_picked":["Expertise","Quick Slash"],"picked":"Leg Sweep","floor":29.0},{"not_picked":["Slice","Leg Sweep","Noxious Fumes"],"picked":"SKIP","floor":29.0},{"not_picked":["Venomology","Cloak And Dagger","Underhanded Strike"],"picked":"SKIP","floor":30.0},{"not_picked":["Outmaneuver","Dagger Spray","Heel Hook"],"picked":"SKIP","floor":30.0},{"not_picked":["Blade Dance","Escape Plan"],"picked":"Blur+1","floor":32.0},{"not_picked":["Grand Finale","Glass Knife"],"picked":"Adrenaline","floor":33.0},{"not_picked":["Endless Agony","Distraction+1","Sucker Punch"],"picked":"SKIP","floor":35.0},{"not_picked":["Escape Plan+1","Choke","Quick Slash+1"],"picked":"SKIP","floor":35.0},{"not_picked":["Dagger Throw+1","Crippling Poison"],"picked":"Bullet Time","floor":38.0},{"not_picked":["Acrobatics+1","Sucker Punch","Riddle With Holes"],"picked":"SKIP","floor":38.0},{"not_picked":["Blade Dance","Endless Agony+1"],"picked":"Flechettes+1","floor":42.0},{"not_picked":["Prepared","Blade Dance"],"picked":"Calculated Gamble","floor":44.0},{"not_picked":["Dash+1","Dagger Throw+1"],"picked":"Deflect+1","floor":46.0},{"not_picked":["Dagger Spray+1","Accuracy+1","Dodge and Roll"],"picked":"SKIP","floor":46.0},{"not_picked":["Slice+1","Prepared","Quick Slash+1"],"picked":"SKIP","floor":47.0},{"not_picked":["Flying Knee+1","Backstab+1","Prepared"],"picked":"SKIP","floor":47.0},{"not_picked":["Slice+1","Dagger Throw+1"],"picked":"PiercingWail+1","floor":49.0}],"player_experience":916824,"relics_obtained":[{"floor":9.0,"key":"Dream Catcher"},{"floor":11.0,"key":"War Paint"},{"floor":13.0,"key":"Bottled Tornado"},{"floor":26.0,"key":"Centennial Puzzle"},{"floor":27.0,"key":"Smiling Mask"},{"floor":31.0,"key":"Vajra"},{"floor":34.0,"key":"Bag of Preparation"},{"floor":34.0,"key":"Mummified Hand"},{"floor":34.0,"key":"FossilizedHelix"},{"floor":41.0,"key":"Snake Skull"},{"floor":42.0,"key":"Molten Egg 2"},{"floor":44.0,"key":"Art of War"}],"event_choices":[{"cards_removed":["Strike_G"],"damage_healed":0.0,"max_hp_gain":0.0,"max_hp_loss":0.0,"gold_gain":0.0,"event_name":"Golden Wing","player_choice":"Card Removal","floor":7.0,"gold_loss":0.0,"damage_taken":7.0},{"damage_healed":16.0,"max_hp_gain":0.0,"max_hp_loss":0.0,"gold_gain":0.0,"event_name":"The Cleric","player_choice":"Healed","floor":14.0,"gold_loss":35.0,"damage_taken":0.0},{"damage_healed":0.0,"max_hp_gain":0.0,"max_hp_loss":0.0,"gold_gain":0.0,"event_name":"WeMeetAgain","player_choice":"Paid Gold","floor":19.0,"gold_loss":64.0,"damage_taken":0.0,"relics_obtained":["Prayer Wheel"]},{"damage_healed":0.0,"max_hp_gain":0.0,"max_hp_loss":3.0,"gold_gain":0.0,"event_name":"Winding Halls","player_choice":"Max HP","floor":37.0,"gold_loss":0.0,"damage_taken":0.0},{"damage_healed":0.0,"max_hp_gain":0.0,"max_hp_loss":0.0,"gold_gain":0.0,"event_name":"Mysterious Sphere","player_choice":"Ignored","floor":39.0,"gold_loss":0.0,"damage_taken":0.0}],"is_beta":false,"boss_relics":[{"not_picked":["SacredBark","HoveringKite"],"picked":"Philosopher\u0027s Stone"},{"not_picked":["Black Star","Fusion Hammer"],"picked":"Calling Bell"}],"items_purged_floors":[5,36,45],"is_endless":false,"potions_floor_spawned":[2,4,13,18,27,29,30,38,44,47],"killed_by":"Time Eater","ascension_level":16}}