{"host":"cfnmff32z0ky6ioz","time":1610861004,"event":{"mods":["BaseMod","Bestiary","Curses Come First","Dota2Spire","Minty Spire (QoL Compilation)","Quick Restart","Replay The Spire","StSLib","The Marked","¡i?ª«¥dµP¡jREMEMod"],"gold_per_floor":[109,109,109,125,125,125,137,137,163,177,193,213,213,23,23,119,119,136,186,204,204,224,224,242,242,319,349,349,349,360,370,370,470,470,488,503,515,515,515,515,525,543,543,543,559,123,180,230,230,230],"floor_reached":51,"language":"ZHS","playtime":3668,"items_purged":["Parasite"],"score":636,"play_id":"f5c89461-010d-446c-b27d-400b663f036d","local_time":"20210117132324","is_ascension_mode":false,"campfire_choices":[{"data":"Hidden Blade","floor":6.0,"key":"SMITH"},{"data":"Finisher","floor":8.0,"key":"SMITH"},{"data":"Concentrate","floor":13,"key":"SMITH"},{"floor":15,"key":"DIG"},{"data":"ReplayTheSpireMod:Scrap Shanks","floor":23,"key":"SMITH"},{"floor":25,"key":"REST"},{"data":"Phantasmal Killer","floor":32,"key":"SMITH"},{"data":"Jack Of All Trades","floor":40,"key":"SMITH"},{"data":"ReplaySort","floor":44,"key":"SMITH"},{"floor":49,"key":"REST"}],"circlet_count":0,"master_deck":["Strike_G+1","Strike_G+1","Strike_G+1","Strike_G+1","Strike_G+1","Defend_G+1","Defend_G+1","Defend_G+1","Defend_G+1","Defend_G+1","Survivor","Neutralize","ReplaySort+1","A Thousand Cuts+1","Hidden Blade+1","Blade Dance","Finisher+1","Concentrate+1","PiercingWail","Blur","ReplayTheSpireMod:Scrap Shanks+1","Phantasmal Killer+1","Tactician","Acrobatics","Hidden Blade","Dodge and Roll","Blade Dance","Atom Bomb","Jack Of All Trades+1","ReplayTheSpireMod:The Works+1","Reflex+1","Cloak And Dagger","Well Laid Plans","Cloak And Dagger","Dagger Throw","Backflip","Metamorphosis","Replay:BasicMightCard","ReplayTheSpireMod:Splinters","Doppelganger","Finisher+1"],"relics":["Ring of the Snake","REME_ComplimentaryCards","Bag of Preparation","Regal Pillow","Juzu Bracelet","Replay:Bottled Flurry","Busted Crown","Ornamental Fan","Omamori","MutagenicStrength","Abe\u0027s Treasure","ReplayTheSpireMod:Ring of Challenge","ReplayTheSpireMod:Ring of Addiction","Potion Belt","Chameleon Ring","Divine Protection","BargainBundle","REME_HandOfSuture","ReplayFunnel","Unceasing Top"],"acts_visited":["Exordium","TheCity","TheBeyond"],"potions_floor_usage":[11,11,18,20,22,27,33,36,41,45,48,48,50,50,50],"damage_taken":[{"damage":4.0,"enemies":"Cultist","floor":1.0,"turns":5.0},{"damage":2.0,"enemies":"2 Louse","floor":4.0,"turns":4.0},{"damage":0.0,"enemies":"Small Slimes","floor":7.0,"turns":4.0},{"damage":9,"enemies":"Blue Slaver","floor":10,"turns":6},{"damage":1,"enemies":"3 Louse","floor":11,"turns":2},{"damage":2,"enemies":"Large Slime","floor":12,"turns":5},{"damage":22,"enemies":"Fading Forest","floor":16,"turns":11},{"damage":0,"enemies":"Chosen","floor":18,"turns":4},{"damage":15,"enemies":"2 Thieves","floor":20,"turns":3},{"damage":6,"enemies":"Snake Plant","floor":22,"turns":4},{"damage":6,"enemies":"Chosen and Byrds","floor":24,"turns":3},{"damage":16,"enemies":"REME_1_Revenger","floor":27,"turns":3},{"damage":4,"enemies":"Shelled Parasite and Fungi","floor":30,"turns":4},{"damage":0,"enemies":"Sentry and Sphere","floor":31,"turns":3},{"damage":46,"enemies":"Collector","floor":33,"turns":8},{"damage":2,"enemies":"3 Shapes","floor":35,"turns":3},{"damage":0,"enemies":"3 Darklings","floor":36,"turns":2},{"damage":0,"enemies":"4 Shapes","floor":37,"turns":2},{"damage":0,"enemies":"Jaw Worm Horde","floor":41,"turns":3},{"damage":0,"enemies":"Writhing Mass","floor":42,"turns":7},{"damage":0,"enemies":"Sphere and 2 Shapes","floor":45,"turns":2},{"damage":14,"enemies":"Mind Bloom Boss Battle","floor":48,"turns":4},{"damage":10,"enemies":"Donu and Deca","floor":50,"turns":6}],"seed_played":"-5263093241320046381","potions_obtained":[{"floor":4.0,"key":"Dota2Spire:Clarity"},{"floor":7.0,"key":"DistilledChaos"},{"floor":10,"key":"Dota2Spire:HealingSalve"},{"floor":16,"key":"SteroidPotion"},{"floor":20,"key":"Elixir"},{"floor":24,"key":"AttackPotion"},{"floor":30,"key":"PowerPotion"},{"floor":35,"key":"Energy Potion"},{"floor":37,"key":"Block Potion"},{"floor":39,"key":"BlessingOfTheForge"},{"floor":39,"key":"Swift Potion"},{"floor":39,"key":"CunningPotion"},{"floor":41,"key":"Explosive Potion"},{"floor":42,"key":"BlessingOfTheForge"}],"is_trial":false,"path_per_floor":["M","?","?","M","?","R","M","R","T","M","M","M","R","$","R","B",null,"M","?","M","?","M","R","M","R","T","E","?","?","M","M","R","B",null,"M","M","M","?","?","R","M","M","T","R","M","$","?","?","R","B",null],"character_chosen":"THE_SILENT","items_purchased":["Juzu Bracelet","ReplayTheSpireMod:Scrap Shanks","BargainBundle","Well Laid Plans","Cloak And Dagger","Dagger Throw","Backflip","Metamorphosis","AttackPotion","Strength Potion","REME_HandOfSuture","Replay:BasicMightCard"],"campfire_rested":2,"item_purchase_floors":[14,14,46,46,46,46,46,46,46,46,46,46],"current_hp_per_floor":[66,66,59,57,57,57,57,57,57,48,50,48,48,48,48,46,70,70,70,55,55,49,49,43,70,70,54,54,54,50,50,50,4,70,68,68,68,63,63,63,63,63,63,63,63,63,63,49,65,55],"gold":230,"neow_bonus":"ONE_RANDOM_RARE_CARD","is_daily":false,"chose_seed":false,"campfire_upgraded":7,"win_rate":0.0,"timestamp":1610861004,"path_taken":["M","?","?","M","?","R","?","R","T","M","M","M","R","?","R","BOSS","M","?","M","?","M","R","M","R","T","E","?","?","M","M","R","BOSS","M","M","M","?","?","R","M","M","T","R","M","$","?","?","R","BOSS"],"items_purchased_type":["Relic","Card","Relic","Card","Card","Card","Card","Card","Potion","Potion","Relic","Card"],"build_version":"2020-12-22","purchased_purges":1,"victory":true,"max_hp_per_floor":[70,70,70,70,70,70,70,70,70,70,70,70,70,70,70,70,70,70,70,70,70,70,70,70,70,70,70,70,70,70,70,70,70,70,70,70,70,70,70,70,70,70,70,70,68,65,65,65,65,65],"card_choices":[{"not_picked":["Leg Sweep","Acrobatics"],"picked":"Hidden Blade","floor":1.0},{"not_picked":["Riddle With Holes","Hidden Blade"],"picked":"Blade Dance","floor":4.0},{"not_picked":["Blade Dance","Concentrate"],"picked":"Finisher","floor":7.0},{"not_picked":["Bane","Unload"],"picked":"Concentrate","floor":10},{"not_picked":["Noxious Fumes","Well Laid Plans"],"picked":"PiercingWail","floor":11},{"not_picked":["Skewer","Eviscerate"],"picked":"Blur","floor":12},{"not_picked":["Poison Darts","REME_LeechingPoison"],"picked":"Phantasmal Killer","floor":16},{"not_picked":["Skewer"],"picked":"SKIP","floor":18},{"not_picked":[],"picked":"Tactician","floor":20},{"not_picked":[],"picked":"Acrobatics","floor":22},{"not_picked":[],"picked":"Hidden Blade","floor":24},{"not_picked":[],"picked":"Dodge and Roll","floor":27},{"not_picked":["Bouncing Flask"],"picked":"SKIP","floor":30},{"not_picked":["Flying Knee+1"],"picked":"SKIP","floor":31},{"not_picked":[],"picked":"Atom Bomb","floor":33},{"not_picked":["Sucker Punch+1"],"picked":"SKIP","floor":35},{"not_picked":["Deadly Poison"],"picked":"SKIP","floor":36},{"not_picked":["ReplayTheSpireMod:Exploit Weakness"],"picked":"SKIP","floor":37},{"not_picked":[],"picked":"Jack Of All Trades","floor":38},{"not_picked":[],"picked":"ReplayTheSpireMod:The Works+1","floor":41},{"not_picked":[],"picked":"Reflex+1","floor":42},{"not_picked":[],"picked":"Cloak And Dagger","floor":45},{"not_picked":[],"picked":"Doppelganger","floor":47},{"not_picked":[],"picked":"Finisher+1","floor":48}],"player_experience":347186,"relics_obtained":[{"floor":9.0,"key":"Regal Pillow"},{"floor":15,"key":"Replay:Bottled Flurry"},{"floor":26,"key":"Ornamental Fan"},{"floor":27,"key":"Omamori"},{"floor":39,"key":"ReplayTheSpireMod:Ring of Challenge"},{"floor":39,"key":"ReplayTheSpireMod:Ring of Addiction"},{"floor":39,"key":"Potion Belt"},{"floor":39,"key":"Chameleon Ring"},{"floor":43,"key":"Divine Protection"},{"floor":47,"key":"ReplayFunnel"},{"floor":48,"key":"Unceasing Top"}],"event_choices":[{"damage_healed":0.0,"max_hp_gain":0.0,"max_hp_loss":0.0,"gold_gain":0.0,"event_name":"Living Wall","player_choice":"Grow","floor":2.0,"gold_loss":0.0,"damage_taken":0.0,"cards_upgraded":["A Thousand Cuts"]},{"damage_healed":0.0,"max_hp_gain":0.0,"max_hp_loss":0.0,"gold_gain":0.0,"event_name":"Scrap Ooze","player_choice":"Success","floor":3.0,"gold_loss":0.0,"damage_taken":7.0,"relics_obtained":["Bag of Preparation"]},{"damage_healed":0.0,"max_hp_gain":0.0,"max_hp_loss":0.0,"gold_gain":0.0,"event_name":"NoteForYourself","player_choice":"Ignored","floor":5.0,"gold_loss":0.0,"damage_taken":0.0},{"damage_healed":0,"gold_gain":100,"player_choice":"Bet on Murderer","damage_taken":0,"max_hp_gain":0,"max_hp_loss":0,"event_name":"The Joust","floor":19,"gold_loss":50},{"damage_healed":0,"gold_gain":0,"player_choice":"Simplicity","damage_taken":0,"max_hp_gain":0,"max_hp_loss":0,"event_name":"Back to Basics","floor":21,"gold_loss":0,"cards_upgraded":["Strike_G","Strike_G","Strike_G","Strike_G","Strike_G","Defend_G","Defend_G","Defend_G","Defend_G","Defend_G"]},{"damage_healed":0,"gold_gain":0,"player_choice":"1 cards matched","damage_taken":0,"max_hp_gain":0,"max_hp_loss":0,"event_name":"Match and Keep!","floor":28,"gold_loss":0,"cards_obtained":["Blade Dance"]},{"damage_healed":0,"gold_gain":0,"player_choice":"Inject Mutagens","damage_taken":0,"relics_obtained":["MutagenicStrength"],"max_hp_gain":0,"max_hp_loss":0,"event_name":"Drug Dealer","floor":29,"gold_loss":0},{"damage_healed":0,"gold_gain":0,"player_choice":"Memory 2","damage_taken":5,"max_hp_gain":0,"max_hp_loss":0,"event_name":"SensoryStone","floor":38,"gold_loss":0},{"damage_healed":0,"gold_gain":0,"player_choice":"Fight","damage_taken":0,"max_hp_gain":0,"max_hp_loss":0,"event_name":"MindBloom","floor":48,"gold_loss":0}],"is_beta":false,"boss_relics":[{"not_picked":["Velvet Choker","Philosopher\u0027s Stone"],"picked":"Busted Crown"},{"not_picked":["Runic Dome","ChewingGum"],"picked":"Abe\u0027s Treasure"}],"items_purged_floors":[46],"is_endless":false,"potions_floor_spawned":[4,7,10,16,20,24,30,35,37,41,42],"ascension_level":0}}