{"host":"3498uni0c31c9bdm","time":1610925356,"event":{"mods":["BaseMod","Better Third Choice","Minty Spire (QoL Compilation)","Replay The Spire","StSLib"],"gold_per_floor":[116,132,23,23,42,72,72,72,95,120,45,45,72,82,82,184,184,200,200,200,200,200,44,134,134,150,150,150,150,179,179,179,179,179],"floor_reached":33,"language":"ENG","playtime":1099,"items_purged":["Shame"],"score":360,"play_id":"4db3e816-68bb-4b82-b832-94c2ed970398","local_time":"20210118101556","is_ascension_mode":true,"campfire_choices":[{"floor":8,"key":"RECALL"},{"floor":12,"key":"REST"},{"floor":15,"key":"REST"},{"floor":25,"key":"REST"},{"floor":27,"key":"REST"},{"floor":31,"key":"REST"}],"circlet_count":0,"master_deck":["Strike_B","Strike_B","Strike_B","Defend_B","Defend_B","Defend_B","Defend_B","Zap","Dualcast","Streamline","Ball Lightning","ReplayTheSpireMod:Reroute Power+1","Hologram","Genetic Algorithm","Apotheosis+1","Stack","Creative AI","Ball Lightning","Mirror Shield","Turbo","Decay","Replay:Parry","Darkness+1","Beam Cell"],"relics":["Cracked Core","MealTicket","ReplayTheSpireMod:CursedCoin","Question Card","PreservedInsect","Replay:Antivirus Software","Odd Mushroom","Ornamental Fan","Inserter","Strange Spoon","Golden Egg","MutagenicStrength","Blue Doll"],"acts_visited":["Exordium","TheCity"],"potions_floor_usage":[6,13,30,33],"damage_taken":[{"damage":6,"enemies":"Cultist","floor":1,"turns":4},{"damage":0,"enemies":"Small Slimes","floor":2,"turns":3},{"damage":3,"enemies":"2 Louse","floor":5,"turns":2},{"damage":29,"enemies":"3 Sentries","floor":6,"turns":5},{"damage":24,"enemies":"The Mushroom Lair","floor":10,"turns":4},{"damage":15,"enemies":"Lagavulin","floor":13,"turns":4},{"damage":6,"enemies":"Looter","floor":14,"turns":3},{"damage":38,"enemies":"Hexaghost","floor":16,"turns":8},{"damage":29,"enemies":"2 Thieves","floor":18,"turns":5},{"damage":44,"enemies":"3 Byrds","floor":26,"turns":5},{"damage":3,"enemies":"Book of Stabbing","floor":30,"turns":4},{"damage":58,"enemies":"Colosseum Slavers","floor":32,"turns":5},{"damage":6,"enemies":"Shelled Parasite and Fungi","floor":33,"turns":1}],"seed_played":"556911926176711071","potions_obtained":[{"floor":2,"key":"PowerPotion"},{"floor":5,"key":"AttackPotion"},{"floor":14,"key":"SpeedPotion"},{"floor":26,"key":"DistilledChaos"}],"is_trial":false,"path_per_floor":["M","M","$","?","M","E","?","R","T","?","$","R","E","M","R","B",null,"M","$","?","PTL","PTL","$","?","R","M","R","T","?","E","R","?","M"],"character_chosen":"DEFECT","items_purchased":["ReplayTheSpireMod:CursedCoin","Question Card","Strange Spoon"],"campfire_rested":5,"item_purchase_floors":[3,3,23],"current_hp_per_floor":[62,62,75,75,72,43,43,43,43,19,34,56,41,35,57,19,61,32,47,47,47,47,62,44,66,22,44,44,44,41,63,5,0,0],"gold":179,"neow_bonus":"RANDOM_COMMON_RELIC","is_daily":false,"chose_seed":false,"campfire_upgraded":0,"win_rate":0.0,"timestamp":1610925356,"path_taken":["M","?","$","?","M","E","?","R","T","?","$","R","E","M","R","BOSS","M","$","?","PTL","PTL","$","?","R","?","R","T","?","E","R","?","M"],"items_purchased_type":["Relic","Relic","Relic"],"build_version":"2020-12-22","purchased_purges":1,"victory":false,"max_hp_per_floor":[75,75,75,75,75,75,75,75,75,75,75,75,75,75,75,75,75,75,75,75,75,75,75,75,75,75,75,75,75,75,75,75,75,75],"card_choices":[{"not_picked":["Leap","Crystallizer"],"picked":"Streamline","floor":1},{"not_picked":["Recycle","Turbo"],"picked":"Ball Lightning","floor":2},{"not_picked":["Streamline","Sweeping Beam","Redo"],"picked":"Hologram","floor":5},{"not_picked":["Blizzard","Melter","Undo"],"picked":"Genetic Algorithm","floor":6},{"not_picked":["ReplayTheSpireMod:GoodbyeWorld","Turbo","Cold Snap"],"picked":"Stack","floor":10},{"not_picked":["Fusion","Defragment","Loop"],"picked":"Creative AI","floor":13},{"not_picked":["Compile Driver","Doom and Gloom","Barrage"],"picked":"Ball Lightning","floor":14},{"not_picked":["Reboot","Meteor Strike","Fission"],"picked":"Mirror Shield","floor":16},{"not_picked":["Rebound+1","Leap+1","Hologram"],"picked":"Turbo","floor":18},{"not_picked":["Auto Shields","ReplaySolidLightProjector","Double Energy"],"picked":"Darkness+1","floor":26},{"not_picked":["Sweeping Beam","Coolheaded","Mirror Shield"],"picked":"Beam Cell","floor":30}],"player_experience":694744,"relics_obtained":[{"floor":6,"key":"PreservedInsect"},{"floor":9,"key":"Replay:Antivirus Software"},{"floor":10,"key":"Odd Mushroom"},{"floor":13,"key":"Ornamental Fan"},{"floor":28,"key":"Golden Egg"},{"floor":30,"key":"Blue Doll"}],"event_choices":[{"damage_healed":43,"gold_gain":0,"player_choice":"Embrace","damage_taken":0,"max_hp_gain":0,"max_hp_loss":75,"event_name":"betterThird:BetterShining","floor":7,"gold_loss":0},{"damage_healed":0,"gold_gain":0,"player_choice":"Fought Mushrooms","damage_taken":0,"max_hp_gain":0,"max_hp_loss":0,"event_name":"Mushrooms","floor":10,"gold_loss":0},{"damage_healed":0,"gold_gain":0,"player_choice":"Smashed Altar","damage_taken":0,"max_hp_gain":0,"max_hp_loss":0,"event_name":"Forgotten Altar","floor":20,"gold_loss":0,"cards_obtained":["Decay"]},{"damage_healed":0,"gold_gain":90,"player_choice":"CARD GOLD ","damage_taken":18,"max_hp_gain":0,"max_hp_loss":0,"event_name":"Knowing Skull","floor":24,"potions_obtained":[],"gold_loss":0,"cards_obtained":["Replay:Parry"]},{"damage_healed":0,"gold_gain":0,"player_choice":"Inject Mutagens","damage_taken":0,"relics_obtained":["MutagenicStrength"],"max_hp_gain":0,"max_hp_loss":0,"event_name":"Drug Dealer","floor":29,"gold_loss":0},{"damage_healed":0,"gold_gain":0,"player_choice":"Fight","damage_taken":0,"max_hp_gain":0,"max_hp_loss":0,"event_name":"Colosseum","floor":32,"gold_loss":0},{"damage_healed":0,"gold_gain":0,"player_choice":"Fled From Nobs","damage_taken":0,"max_hp_gain":0,"max_hp_loss":0,"event_name":"Colosseum","floor":32,"gold_loss":0}],"is_beta":false,"boss_relics":[{"not_picked":["Runic Dome","Replay:Drink Me"],"picked":"Inserter"}],"items_purged_floors":[11],"is_endless":false,"potions_floor_spawned":[2,5,14,26],"killed_by":"Shelled Parasite and Fungi","ascension_level":7}}