{"host":"5fpb1gzflhq9886n","time":1610851223,"event":{"mods":["AchievementEnabler","BaseMod","Colored Map","Colored Powertips","Minty Spire (QoL Compilation)","Permanent Neow"],"gold_per_floor":[116,66,66,81,95,129,129,161,188,188,188,188,203,219,219,316,316,326,97,97,97,125,159,159,159,159,159,193,47,76,93,93,188,188,198,211,261,274,284,309,89,89,113,148,171,189,209,58,58,58,58],"floor_reached":50,"language":"ENG","playtime":9375,"items_purged":["Strike_P"],"score":799,"play_id":"74457dd5-e9b0-42bd-91ef-1318f549e451","local_time":"20210116214023","is_ascension_mode":true,"campfire_choices":[{"floor":7.0,"key":"REST"},{"data":"BattleHymn","floor":11.0,"key":"SMITH"},{"floor":15.0,"key":"REST"},{"floor":24.0,"key":"REST"},{"floor":27.0,"key":"REST"},{"floor":32.0,"key":"RECALL"},{"floor":42.0,"key":"REST"},{"floor":49,"key":"REST"}],"circlet_count":0,"master_deck":["Strike_P","Defend_P","Defend_P","Defend_P","Defend_P+1","Eruption+1","Vigilance","Devotion","BattleHymn+1","EmptyBody+1","FlyingSleeves","Scrawl","LessonLearned+1","Consecrate+1","Prostrate+1","Omniscience","WheelKick","SpiritShield","BowlingBash","Tantrum","Omniscience","Vengeance+1","Establishment","Alpha","CurseOfTheBell","SandsOfTime","FlyingSleeves+1","Consecrate+1","ClearTheMind+1","Wallop+1","ConjureBlade","Worship+1","Fasting2+1","Indignation+1"],"relics":["PureWater","Ancient Tea Set","Bag of Marbles","Fusion Hammer","MutagenicStrength","CloakClasp","Red Mask","Bag of Preparation","WingedGreaves","Happy Flower","DollysMirror","Bottled Lightning","Calling Bell","Lantern","Question Card","Ginger","TungstenRod","Strawberry","Nunchaku","Potion Belt","Unceasing Top","Dream Catcher","PreservedInsect"],"acts_visited":["Exordium","TheCity","TheBeyond"],"potions_floor_usage":[],"damage_taken":[{"damage":0.0,"enemies":"Jaw Worm","floor":1.0,"turns":2.0},{"damage":11.0,"enemies":"Small Slimes","floor":4.0,"turns":3.0},{"damage":1.0,"enemies":"Cultist","floor":5.0,"turns":3.0},{"damage":22.0,"enemies":"3 Sentries","floor":6.0,"turns":5.0},{"damage":8.0,"enemies":"Gremlin Nob","floor":8.0,"turns":3.0},{"damage":13.0,"enemies":"Large Slime","floor":13.0,"turns":2.0},{"damage":11.0,"enemies":"Blue Slaver","floor":14.0,"turns":4.0},{"damage":32.0,"enemies":"Slime Boss","floor":16.0,"turns":4.0},{"damage":4.0,"enemies":"Chosen","floor":18.0,"turns":5.0},{"damage":0.0,"enemies":"Masked Bandits","floor":22.0,"turns":2.0},{"damage":49.0,"enemies":"Book of Stabbing","floor":23.0,"turns":7.0},{"damage":5.0,"enemies":"Slavers","floor":28.0,"turns":4.0},{"damage":9.0,"enemies":"Book of Stabbing","floor":30.0,"turns":4.0},{"damage":0.0,"enemies":"2 Thieves","floor":31.0,"turns":1.0},{"damage":0.0,"enemies":"Collector","floor":33.0,"turns":2.0},{"damage":0.0,"enemies":"Orb Walker","floor":35.0,"turns":1.0},{"damage":0.0,"enemies":"3 Shapes","floor":36.0,"turns":3.0},{"damage":29.0,"enemies":"Mind Bloom Boss Battle","floor":37.0,"turns":4.0},{"damage":14.0,"enemies":"Spire Growth","floor":38.0,"turns":3.0},{"damage":12.0,"enemies":"4 Shapes","floor":39.0,"turns":1.0},{"damage":0.0,"enemies":"Giant Head","floor":40.0,"turns":3.0},{"damage":0.0,"enemies":"Reptomancer","floor":44.0,"turns":1.0},{"damage":0,"enemies":"Writhing Mass","floor":46,"turns":1},{"damage":0,"enemies":"3 Darklings","floor":47,"turns":1},{"damage":121,"enemies":"Time Eater","floor":50,"turns":4}],"seed_played":"6284836275357646520","potions_obtained":[{"floor":4.0,"key":"SmokeBomb"},{"floor":5.0,"key":"SpeedPotion"},{"floor":6.0,"key":"SpeedPotion"},{"floor":22.0,"key":"FearPotion"},{"floor":23.0,"key":"Weak Potion"},{"floor":28.0,"key":"BottledMiracle"},{"floor":30.0,"key":"Fire Potion"},{"floor":33.0,"key":"Block Potion"},{"floor":36.0,"key":"Swift Potion"},{"floor":38.0,"key":"FearPotion"},{"floor":39.0,"key":"LiquidMemories"},{"floor":44.0,"key":"CultistPotion"}],"is_trial":false,"path_per_floor":["M","?","?","M","M","E","R","E","T","?","R","?","M","M","R","B",null,"M","$","?","T","?","E","R","?","T","R","E","$","E","M","R","B",null,"M","M","?","M","M","E","$","R","T","E","T","M","M","$","R","B"],"character_chosen":"WATCHER","items_purchased":["SpiritShield","DollysMirror","Nunchaku","DuplicationPotion","PreservedInsect"],"campfire_rested":6,"item_purchase_floors":[19,29,41,41,48],"current_hp_per_floor":[72,72,72,61,60,38,59,51,51,51,51,51,38,27,48,16,72,68,68,68,68,68,19,40,40,40,61,56,56,47,47,47,47,72,72,72,43,29,17,24,24,47,47,47,47,47,47,47,70,0,0],"gold":58,"neow_bonus":"ONE_RANDOM_RARE_CARD","is_daily":false,"chose_seed":false,"campfire_upgraded":1,"win_rate":0.0,"timestamp":1610851223,"path_taken":["M","?","?","M","?","E","R","E","T","?","R","?","M","M","R","BOSS","M","$","?","?","?","E","R","?","T","R","E","$","E","M","R","BOSS","M","M","?","M","M","E","$","R","T","E","?","M","M","$","R","BOSS"],"items_purchased_type":["Card","Relic","Relic","Potion","Relic"],"build_version":"2020-12-22","purchased_purges":1,"victory":false,"max_hp_per_floor":[72,72,72,72,72,72,72,72,72,72,72,72,72,72,72,72,72,72,72,72,72,72,72,72,72,72,72,72,72,72,72,72,72,72,72,72,72,72,72,79,79,79,79,79,79,79,79,79,79,79,79],"card_choices":[{"not_picked":["Crescendo","SashWhip"],"picked":"BattleHymn","floor":1.0},{"not_picked":["ClearTheMind","CutThroughFate"],"picked":"EmptyBody","floor":4.0},{"not_picked":["CutThroughFate","CrushJoints"],"picked":"FlyingSleeves","floor":5.0},{"not_picked":["Protect","FlurryOfBlows"],"picked":"Scrawl","floor":6.0},{"not_picked":["InnerPeace","BattleHymn"],"picked":"LessonLearned","floor":8.0},{"not_picked":["BowlingBash","Vengeance"],"picked":"Consecrate","floor":13.0},{"not_picked":["Weave","Pray"],"picked":"Prostrate","floor":14.0},{"not_picked":["Brilliance","Devotion"],"picked":"Omniscience","floor":16.0},{"not_picked":["CrushJoints","Collect"],"picked":"WheelKick","floor":18.0},{"not_picked":["JustLucky","Consecrate"],"picked":"BowlingBash","floor":22.0},{"not_picked":["MentalFortress","Brilliance","FlyingSleeves"],"picked":"SKIP","floor":23.0},{"not_picked":["ClearTheMind","WheelKick"],"picked":"Tantrum","floor":28.0},{"not_picked":["EmptyBody","PathToVictory+1"],"picked":"Vengeance+1","floor":30.0},{"not_picked":["WreathOfFlame","CutThroughFate"],"picked":"Establishment","floor":31.0},{"not_picked":["Scrawl","DeusExMachina"],"picked":"Alpha","floor":33.0},{"not_picked":["ClearTheMind+1","CrushJoints","FollowUp+1"],"picked":"SandsOfTime","floor":35.0},{"not_picked":["Study","CrushJoints+1","EmptyFist"],"picked":"FlyingSleeves+1","floor":36.0},{"not_picked":["JustLucky+1","FollowUp","PathToVictory"],"picked":"Consecrate+1","floor":37.0},{"not_picked":["EmptyFist","CrushJoints+1","LikeWater"],"picked":"ClearTheMind+1","floor":38.0},{"not_picked":["Protect","CarveReality","Consecrate+1"],"picked":"Wallop+1","floor":39.0},{"not_picked":["LikeWater","Halt","BowlingBash+1"],"picked":"ConjureBlade","floor":40.0},{"not_picked":["CutThroughFate+1","FollowUp","InnerPeace"],"picked":"Worship+1","floor":44.0},{"not_picked":["Pray+1","JustLucky+1","CutThroughFate+1"],"picked":"Fasting2+1","floor":46},{"not_picked":["LikeWater","PathToVictory+1","FlyingSleeves"],"picked":"Indignation+1","floor":47}],"player_experience":696412,"relics_obtained":[{"floor":6.0,"key":"Ancient Tea Set"},{"floor":8.0,"key":"Bag of Marbles"},{"floor":21.0,"key":"CloakClasp"},{"floor":22.0,"key":"Red Mask"},{"floor":23.0,"key":"Bag of Preparation"},{"floor":26.0,"key":"WingedGreaves"},{"floor":28.0,"key":"Happy Flower"},{"floor":30.0,"key":"Bottled Lightning"},{"floor":34.0,"key":"Lantern"},{"floor":34.0,"key":"Question Card"},{"floor":34.0,"key":"Ginger"},{"floor":37.0,"key":"TungstenRod"},{"floor":40.0,"key":"Strawberry"},{"floor":43.0,"key":"Potion Belt"},{"floor":44.0,"key":"Unceasing Top"},{"floor":45.0,"key":"Dream Catcher"}],"event_choices":[{"cards_removed":["Strike_P"],"damage_healed":0.0,"max_hp_gain":0.0,"max_hp_loss":0.0,"gold_gain":0.0,"event_name":"The Cleric","player_choice":"Card Removal","floor":2.0,"gold_loss":50.0,"damage_taken":0.0},{"damage_healed":0.0,"max_hp_gain":0.0,"max_hp_loss":0.0,"gold_gain":0.0,"event_name":"Upgrade Shrine","player_choice":"Upgraded","floor":3.0,"gold_loss":0.0,"damage_taken":0.0,"cards_upgraded":["Eruption"]},{"damage_healed":0.0,"max_hp_gain":0.0,"max_hp_loss":0.0,"gold_gain":0.0,"event_name":"Liars Game","player_choice":"Ignored","floor":10.0,"gold_loss":0.0,"damage_taken":0.0},{"damage_healed":0.0,"max_hp_gain":0.0,"max_hp_loss":0.0,"gold_gain":0.0,"event_name":"Living Wall","player_choice":"Grow","floor":12.0,"gold_loss":0.0,"damage_taken":0.0,"cards_upgraded":["EmptyBody"]},{"damage_healed":0.0,"max_hp_gain":0.0,"max_hp_loss":0.0,"gold_gain":0.0,"event_name":"Drug Dealer","player_choice":"Inject Mutagens","floor":20.0,"gold_loss":0.0,"damage_taken":0.0,"relics_obtained":["MutagenicStrength"]},{"damage_healed":0.0,"max_hp_gain":0.0,"max_hp_loss":0.0,"gold_gain":0.0,"event_name":"Masked Bandits","player_choice":"Fought Bandits","floor":22.0,"gold_loss":0.0,"damage_taken":0.0},{"cards_removed":["Strike_P"],"damage_healed":0.0,"max_hp_gain":0.0,"max_hp_loss":0.0,"gold_gain":0.0,"event_name":"Purifier","player_choice":"Purged","floor":25.0,"gold_loss":0.0,"damage_taken":0.0},{"damage_healed":0.0,"max_hp_gain":0.0,"max_hp_loss":0.0,"gold_gain":0.0,"event_name":"MindBloom","player_choice":"Fight","floor":37.0,"gold_loss":0.0,"damage_taken":0.0}],"is_beta":false,"boss_relics":[{"not_picked":["Tiny House","Philosopher\u0027s Stone"],"picked":"Fusion Hammer"},{"not_picked":["Black Star","Runic Dome"],"picked":"Calling Bell"}],"items_purged_floors":[19],"is_endless":false,"potions_floor_spawned":[4,5,6,22,23,28,30,33,36,38,39,40,44],"killed_by":"Time Eater","ascension_level":4}}