{"host":"684z1xpuwaoqmmh1","time":1610882565,"event":{"mods":["Bard","BaseMod","Downfall","Hermit","Jorbs\u0027s Wanderer Trilogy","Marisa????????","Minty Spire (QoL Compilation)","Robot Space Explorer","Shade Mod","StSLib","The Bug Knight","The Cursed","The Hayseed","The Hierophant","The Marked","The Mystic","The Runesmith","The Senshi","The Spell Scribe"],"gold_per_floor":[113,127,127,144,34,34,68,88,88,123,143,143,173,188,188,286,286,300,319,319,345,357,384,400,428,503,522,522,535,535,114,114,213,213,231,281,129,140,156,156,181,230,230,230,249,280,299,309,309,309,309,309,6,39,39],"floor_reached":56,"language":"ENG","playtime":3434,"items_purged":["TheCursedMod:Strike_TheCursed","TheCursedMod:Defend_TheCursed","TheCursedMod:Strike_TheCursed","TheCursedMod:Strike_TheCursed"],"score":1651,"play_id":"e7dc6e09-03d8-40c5-a9c3-65c87368e8ca","local_time":"20210117132245","is_ascension_mode":true,"campfire_choices":[{"data":"TheCursedMod:StingEye","floor":6.0,"key":"SMITH"},{"data":"TheCursedMod:Hemoplague","floor":12.0,"key":"SMITH"},{"data":"TheCursedMod:StunningStrike","floor":15.0,"key":"SMITH"},{"data":"TheCursedMod:StingEye","floor":32.0,"key":"SMITH"},{"floor":40.0,"key":"RECALL"},{"floor":44.0,"key":"REST"},{"data":"TheCursedMod:VoidForm","floor":49.0,"key":"SMITH"},{"data":"TheCursedMod:Neurasthenia","floor":52.0,"key":"SMITH"}],"circlet_count":0,"master_deck":["TheCursedMod:Strike_TheCursed","TheCursedMod:Defend_TheCursed","TheCursedMod:Defend_TheCursed+1","TheCursedMod:Defend_TheCursed+1","TheCursedMod:CursedWand","TheCursedMod:CleanUpWorkshop","TheCursedMod:Dregs","TheCursedMod:StingEye+1","TheCursedMod:Grudge","TheCursedMod:Hemoplague+1","TheCursedMod:SoulReap","TheCursedMod:VitalStrike","TheCursedMod:SaltUponWound","TheCursedMod:CursedBlade","TheCursedMod:StingEye+1","TheCursedMod:StunningStrike+1","TheCursedMod:CollectTribute+1","TheCursedMod:WearCloak+1","TheCursedMod:FleshFromBone","TheCursedMod:ReleasedKnowledge","TheCursedMod:DoubleShield","TheCursedMod:Grudge+1","TheCursedMod:RapidMovement+1","Shame","TheCursedMod:VitalStrike","TheCursedMod:Neurasthenia+1","TheCursedMod:CursedBoomerang+1","TheCursedMod:VitalStrike","TheCursedMod:Obscuration+1","TheCursedMod:VoidForm+1","TheCursedMod:CollectTribute+1","TheCursedMod:CursedArmor+1"],"relics":["TheCursedMod:BlackMagic101","TheCursedMod:Tack","Pantograph","sneckomod:BlankCard","Odd Mushroom","Orichalcum","Philosopher\u0027s Stone","MutagenicStrength","Vajra","theSenshi:SpiralHeartMoonRodRelic","Regal Pillow","HollowMod:LifeEnderRelic","Ancient Tea Set","OrangePellets","Art of War","SlaversCollar","CatCart","Nunchaku","champ:DeflectingBracers","Mummified Hand","Oddly Smooth Stone","DollysMirror","HollowMod:PaleOreRelic"],"acts_visited":["Exordium","TheCity","TheBeyond","TheEnding"],"potions_floor_usage":[55,55,55],"damage_taken":[{"damage":2.0,"enemies":"Cultist","floor":1.0,"turns":4.0},{"damage":5.0,"enemies":"2 Louse","floor":2.0,"turns":3.0},{"damage":2.0,"enemies":"Jaw Worm","floor":4.0,"turns":4.0},{"damage":0.0,"enemies":"HollowMod:MossKnight","floor":7.0,"turns":13.0},{"damage":2.0,"enemies":"3 Louse","floor":8.0,"turns":3.0},{"damage":32.0,"enemies":"3 Sentries","floor":10.0,"turns":7.0},{"damage":3.0,"enemies":"The Mushroom Lair","floor":11.0,"turns":3.0},{"damage":5.0,"enemies":"HollowMod:MossKnight","floor":13.0,"turns":7.0},{"damage":12.0,"enemies":"Gremlin Gang","floor":14.0,"turns":3.0},{"damage":10.0,"enemies":"Hexaghost","floor":16.0,"turns":5.0},{"damage":0.0,"enemies":"Shell Parasite","floor":18.0,"turns":3.0},{"damage":13.0,"enemies":"Snecko","floor":19.0,"turns":4.0},{"damage":0.0,"enemies":"Centurion and Healer","floor":22.0,"turns":4.0},{"damage":26.0,"enemies":"Slavers","floor":23.0,"turns":6.0},{"damage":7.0,"enemies":"Cultist and Chosen","floor":24.0,"turns":5.0},{"damage":17.0,"enemies":"Book of Stabbing","floor":25.0,"turns":4.0},{"damage":14.0,"enemies":"Snake Plant","floor":27.0,"turns":2.0},{"damage":8.0,"enemies":"Chosen and Byrds","floor":29.0,"turns":3.0},{"damage":15.0,"enemies":"Champ","floor":33.0,"turns":13.0},{"damage":16.0,"enemies":"3 Darklings","floor":35.0,"turns":3.0},{"damage":52.0,"enemies":"Orin","floor":36.0,"turns":8.0},{"damage":0.0,"enemies":"Orb Walker","floor":38.0,"turns":3.0},{"damage":4.0,"enemies":"Sphere and 2 Shapes","floor":39.0,"turns":5.0},{"damage":2.0,"enemies":"Nemesis","floor":41.0,"turns":3.0},{"damage":9.0,"enemies":"2 Orb Walkers","floor":42.0,"turns":4.0},{"damage":5.0,"enemies":"Writhing Mass","floor":45.0,"turns":3.0},{"damage":5.0,"enemies":"Giant Head","floor":46.0,"turns":8.0},{"damage":0.0,"enemies":"Transient","floor":47.0,"turns":5.0},{"damage":4.0,"enemies":"4 Shapes","floor":48.0,"turns":3.0},{"damage":3.0,"enemies":"Time Eater","floor":50.0,"turns":6.0},{"damage":42.0,"enemies":"Shield and Spear","floor":54.0,"turns":5.0},{"damage":59,"enemies":"The Heart","floor":55,"turns":8}],"seed_played":"-3141769630011834026","potions_obtained":[{"floor":2.0,"key":"Regen Potion"},{"floor":4.0,"key":"Energy Potion"},{"floor":8.0,"key":"hexamod:SoulburnPotion"},{"floor":13.0,"key":"SteroidPotion"},{"floor":14.0,"key":"Explosive Potion"},{"floor":16.0,"key":"SkillPotion"},{"floor":25.0,"key":"Strength Potion"},{"floor":27.0,"key":"Block Potion"},{"floor":29.0,"key":"FearPotion"},{"floor":36.0,"key":"ColorlessPotion"},{"floor":38.0,"key":"FearPotion"},{"floor":41.0,"key":"SneckoOil"},{"floor":45.0,"key":"LiquidMemories"}],"is_trial":false,"path_per_floor":["M","M","?","M","$","R","E","M","T","E","?","R","E","M","R","B",null,"M","M","?","T","M","E","M","E","T","M","?","M","?","$","R","B",null,"M","?","$","M","M","R","E","?","T","R","M","E","M","M","R","B",null,"R","$","E","B",null],"character_chosen":"THE_CURSED","items_purchased":["TheCursedMod:SoulReap","OrangePellets","TheCursedMod:VitalStrike","Art of War","TheCursedMod:VitalStrike","DollysMirror"],"campfire_rested":1,"item_purchase_floors":[5,31,31,31,37,53],"current_hp_per_floor":[66,61,46,44,44,44,64,67,67,40,42,42,37,25,25,45,68,73,62,62,62,68,46,49,48,48,36,36,38,38,38,38,59,71,67,29,29,31,42,42,42,37,37,74,71,75,75,75,75,74,75,75,75,37,5],"gold":39,"neow_bonus":"RANDOM_COMMON_RELIC","is_daily":false,"chose_seed":false,"campfire_upgraded":6,"win_rate":0.0,"timestamp":1610882565,"path_taken":["M","M","?","M","$","R","E","M","T","E","?","R","E","M","R","BOSS","M","M","?","?","M","E","M","E","T","M","?","?","?","$","R","BOSS","M","?","$","M","M","R","E","?","T","R","M","E","M","M","R","BOSS","R","$","E","BOSS"],"items_purchased_type":["Card","Relic","Card","Relic","Card","Relic"],"build_version":"2020-12-22","purchased_purges":4,"victory":true,"max_hp_per_floor":[75,75,75,75,75,75,75,75,75,75,75,75,75,75,75,75,75,75,75,75,75,75,75,75,75,75,75,75,75,75,75,75,75,75,75,75,75,75,75,75,75,75,75,75,75,75,75,75,75,75,75,75,75,75,75],"card_choices":[{"not_picked":["TheCursedMod:Torture","TheCursedMod:CircleOfCorruption"],"picked":"TheCursedMod:StingEye","floor":1.0},{"not_picked":["TheCursedMod:CursedAmulet","TheCursedMod:CircleOfAmplification"],"picked":"TheCursedMod:Grudge","floor":2.0},{"not_picked":["TheCursedMod:DemonicPact","TheCursedMod:SoulReap"],"picked":"TheCursedMod:Hemoplague","floor":4.0},{"not_picked":["TheCursedMod:Hemoplague","TheCursedMod:TacticalStrike"],"picked":"TheCursedMod:VitalStrike","floor":7.0},{"not_picked":["TheCursedMod:FuryStrike","TheCursedMod:SpitefulPlan"],"picked":"TheCursedMod:SaltUponWound","floor":8.0},{"not_picked":["TheCursedMod:Hemoplague","TheCursedMod:CircleOfCorruption"],"picked":"TheCursedMod:CursedBlade","floor":10.0},{"not_picked":["TheCursedMod:TacticalStrike","TheCursedMod:Hemoplague"],"picked":"TheCursedMod:StingEye","floor":11.0},{"not_picked":["TheCursedMod:SaltUponWound","TheCursedMod:CircleOfFlame"],"picked":"TheCursedMod:StunningStrike","floor":13.0},{"not_picked":["TheCursedMod:RapidMovement","TheCursedMod:SmokeScreen","TheCursedMod:TacticalStrike"],"picked":"SKIP","floor":14.0},{"not_picked":["TheCursedMod:NeowsMight","TheCursedMod:CursedRelics"],"picked":"TheCursedMod:CollectTribute","floor":16.0},{"not_picked":["TheCursedMod:CircleOfFlame","TheCursedMod:CursedBlade"],"picked":"TheCursedMod:WearCloak+1","floor":18.0},{"not_picked":["TheCursedMod:SpitefulStrike","TheCursedMod:CursedMace"],"picked":"TheCursedMod:FleshFromBone","floor":19.0},{"not_picked":["TheCursedMod:CircleOfFocus","TheCursedMod:TroublousMinions+1"],"picked":"TheCursedMod:ReleasedKnowledge","floor":22.0},{"not_picked":["TheCursedMod:SpitefulPlan","TheCursedMod:CursedMace"],"picked":"TheCursedMod:DoubleShield","floor":23.0},{"not_picked":["TheCursedMod:FleshFromBone","TheCursedMod:SurpriseAttack"],"picked":"TheCursedMod:Grudge+1","floor":24.0},{"not_picked":["TheCursedMod:CollectTribute","TheCursedMod:CircleOfCorruption"],"picked":"TheCursedMod:RapidMovement+1","floor":25.0},{"not_picked":["TheCursedMod:HellsGateOpen","TheCursedMod:FleshFromBone","TheCursedMod:Hemoplague"],"picked":"SKIP","floor":27.0},{"not_picked":["TheCursedMod:PrepareRite","TheCursedMod:CircleOfAmplification","TheCursedMod:SpitefulStrike"],"picked":"SKIP","floor":29.0},{"not_picked":["TheCursedMod:ForbiddenAlchemy","TheCursedMod:DemonSword"],"picked":"TheCursedMod:Neurasthenia","floor":33.0},{"not_picked":["TheCursedMod:SpitefulStrike","TheCursedMod:FuryStrike","TheCursedMod:AshesToAshes+1"],"picked":"SKIP","floor":35.0},{"not_picked":["TheCursedMod:CursedStaff+1","TheCursedMod:Stigma"],"picked":"TheCursedMod:CursedBoomerang+1","floor":36.0},{"not_picked":["TheCursedMod:ReleasedKnowledge","TheCursedMod:CircleOfFlame+1","TheCursedMod:CursedBlade+1"],"picked":"SKIP","floor":38.0},{"not_picked":["TheCursedMod:DoubleShield","TheCursedMod:Stretching+1","TheCursedMod:ReleasedKnowledge"],"picked":"SKIP","floor":39.0},{"not_picked":["TheCursedMod:SmokeScreen+1","TheCursedMod:FleshFromBone","TheCursedMod:Torture"],"picked":"SKIP","floor":41.0},{"not_picked":["TheCursedMod:Stretching","TheCursedMod:VitalStrike+1"],"picked":"TheCursedMod:Obscuration+1","floor":45.0},{"not_picked":["TheCursedMod:CircleOfFlame","TheCursedMod:CursedStaff","TheCursedMod:SpitefulPray+1"],"picked":"SKIP","floor":46.0},{"not_picked":["TheCursedMod:CircleOfFlame+1","TheCursedMod:SurpriseAttack"],"picked":"TheCursedMod:VoidForm","floor":47.0},{"not_picked":["TheCursedMod:CircleOfFlame+1","TheCursedMod:Stretching","TheCursedMod:CursedStaff+1"],"picked":"SKIP","floor":48.0},{"not_picked":["TheCursedMod:ReleasedStrength+1","TheCursedMod:Hemoplague"],"picked":"TheCursedMod:CursedArmor+1","floor":54.0}],"player_experience":2845219,"relics_obtained":[{"floor":7.0,"key":"Pantograph"},{"floor":10.0,"key":"sneckomod:BlankCard"},{"floor":11.0,"key":"Odd Mushroom"},{"floor":13.0,"key":"Orichalcum"},{"floor":21.0,"key":"Vajra"},{"floor":23.0,"key":"theSenshi:SpiralHeartMoonRodRelic"},{"floor":25.0,"key":"Regal Pillow"},{"floor":26.0,"key":"HollowMod:LifeEnderRelic"},{"floor":36.0,"key":"CatCart"},{"floor":41.0,"key":"Nunchaku"},{"floor":42.0,"key":"champ:DeflectingBracers"},{"floor":43.0,"key":"Mummified Hand"},{"floor":46.0,"key":"Oddly Smooth Stone"},{"floor":54.0,"key":"HollowMod:PaleOreRelic"}],"event_choices":[{"damage_healed":0.0,"max_hp_gain":0.0,"max_hp_loss":0.0,"gold_gain":0.0,"event_name":"Shining Light","player_choice":"Entered Light","floor":3.0,"gold_loss":0.0,"damage_taken":15.0,"cards_upgraded":["TheCursedMod:Defend_TheCursed","TheCursedMod:Defend_TheCursed"]},{"damage_healed":0.0,"max_hp_gain":0.0,"max_hp_loss":0.0,"gold_gain":0.0,"event_name":"Mushrooms","player_choice":"Fought Mushrooms","floor":11.0,"gold_loss":0.0,"damage_taken":0.0},{"damage_healed":0.0,"max_hp_gain":0.0,"max_hp_loss":0.0,"gold_gain":0.0,"event_name":"Drug Dealer","player_choice":"Inject Mutagens","floor":20.0,"gold_loss":0.0,"damage_taken":0.0,"relics_obtained":["MutagenicStrength"]},{"damage_healed":0.0,"max_hp_gain":0.0,"max_hp_loss":0.0,"gold_gain":0.0,"event_name":"Upgrade Shrine","player_choice":"Upgraded","floor":28.0,"gold_loss":0.0,"damage_taken":0.0,"cards_upgraded":["TheCursedMod:CollectTribute"]},{"damage_healed":0.0,"max_hp_gain":0.0,"max_hp_loss":0.0,"gold_gain":0.0,"event_name":"Addict","player_choice":"Stole Relic","floor":30.0,"gold_loss":0.0,"damage_taken":0.0,"relics_obtained":["Ancient Tea Set"],"cards_obtained":["Shame"]},{"damage_healed":0.0,"max_hp_gain":0.0,"max_hp_loss":0.0,"gold_gain":0.0,"event_name":"OrinTheCat","player_choice":"Fight","floor":36.0,"gold_loss":0.0,"damage_taken":0.0},{"damage_healed":0.0,"max_hp_gain":0.0,"max_hp_loss":0.0,"gold_gain":0.0,"event_name":"Mysterious Sphere","player_choice":"Fight","floor":42.0,"gold_loss":0.0,"damage_taken":0.0}],"is_beta":false,"boss_relics":[{"not_picked":["theSenshi:MoonKaleidoScopeRelic","Fusion Hammer"],"picked":"Philosopher\u0027s Stone"},{"not_picked":["Sozu","Velvet Choker"],"picked":"SlaversCollar"}],"items_purged_floors":[5,31,37,53],"is_endless":false,"potions_floor_spawned":[2,4,8,13,14,16,22,25,27,29,36,38,41,45,47,48],"ascension_level":7}}