{"host":"fmwbmnqnrup981we","time":1610889927,"event":{"mods":["AchievementEnabler","Act Like it!","Alarm Clock","BaseMod","Better Altar","Better Match","Better Note","Better Skull","Better Synergies","Better Third Choice","Better Vampires","Block Reminder","Curses Come First","Displayed Cursed Tome","Downfall","Duelist Mod","Ekko","Elementarium","GungeonMod","HexUI Lib","HornydragonMod","Kratos Character Expansion","Marked Mod","Minty Spire (QoL Compilation)","Pikachu Mod","Poor People Problems","Quick Restart","Relic Stats","SIMod","StSLib","The Bug Knight","The Death Knight","The Forsaken","The Marked","The Necromancer","The Runesmith","The Servant 0.9.4","The Wild Card","TheHero","TheVacant","TheVelvet","Thieving Mod","Transform Curses","Waifu the Spire","Yuri Mod","everything is the same but u backflip on backflip"],"gold_per_floor":[116,41,41,60,10,10,36,51,51,79,93,112,143,143,143,248,248,268,268,318,593,604,638,638,653,653,653,681,681,681,706,706,802,802,812,826,826,826,826,826],"floor_reached":39,"language":"ENG","playtime":1080,"items_purged":[],"score":562,"play_id":"810c8f1e-1ebc-4c91-9751-318596767f85","local_time":"20210117132527","is_ascension_mode":true,"campfire_choices":[{"floor":6,"key":"RECALL"},{"floor":15,"key":"REST"},{"floor":24,"key":"REST"},{"floor":27,"key":"REST"},{"floor":29,"key":"REST"},{"floor":32,"key":"REST"}],"circlet_count":0,"master_deck":["Strike_P","Strike_P","Strike_P","Defend_P","Defend_P","Defend_P","Defend_P","Alpha+1","JustLucky","FlurryOfBlows","Study","DevaForm+1","TalkToTheHand+1","Devotion","EmptyMind+1","Prostrate","MasterReality","FlurryOfBlows"],"relics":["PureWater","NeowsBlessing","Oddly Smooth Stone","Shuriken","Shovel","Omamori","Juzu Bracelet","SlaversCollar","Matryoshka","Potion Belt","DemoMod:WhiteGuonStone","TeardropLocket","Red Mask","Black Star","DemoMod:GlassGuonStoneRelic"],"acts_visited":["Exordium","TheCity","TheBeyond"],"potions_floor_usage":[16,16,23,28,31,33,39],"damage_taken":[{"damage":0,"enemies":"Small Slimes","floor":1,"turns":1},{"damage":0,"enemies":"Cultist","floor":4,"turns":1},{"damage":0,"enemies":"Lagavulin","floor":7,"turns":1},{"damage":0,"enemies":"2 Louse","floor":8,"turns":3},{"damage":40,"enemies":"Gremlin Nob","floor":10,"turns":4},{"damage":18,"enemies":"2 Fungi Beasts","floor":11,"turns":4},{"damage":0,"enemies":"Large Slime","floor":12,"turns":3},{"damage":0,"enemies":"Lagavulin","floor":13,"turns":4},{"damage":0,"enemies":"Slime Boss","floor":16,"turns":5},{"damage":13,"enemies":"Shell Parasite","floor":18,"turns":5},{"damage":37,"enemies":"2 Thieves","floor":22,"turns":3},{"damage":32,"enemies":"Book of Stabbing","floor":23,"turns":6},{"damage":25,"enemies":"Snake Plant","floor":25,"turns":5},{"damage":24,"enemies":"Gremlin Leader","floor":28,"turns":6},{"damage":29,"enemies":"Masked Bandits","floor":31,"turns":3},{"damage":10,"enemies":"Collector","floor":33,"turns":6},{"damage":30,"enemies":"Orb Walker","floor":35,"turns":5},{"damage":46,"enemies":"3 Shapes","floor":36,"turns":4},{"damage":21,"enemies":"Sphere and 2 Shapes","floor":39,"turns":3}],"seed_played":"-8666711732324959436","potions_obtained":[{"floor":8,"key":"SkillPotion"},{"floor":11,"key":"DemoMod:LeadSkinPotion"},{"floor":16,"key":"BottledMiracle"},{"floor":18,"key":"DemoMod:LeadSkinPotion"},{"floor":22,"key":"Ancient Potion"},{"floor":33,"key":"Swift Potion"}],"is_trial":false,"path_per_floor":["M","?","?","M","?","R","E","M","T","E","M","M","E","?","R","B",null,"M","?","?","?","M","E","R","M","T","R","E","R","?","?","R","B",null,"M","M","?","?","M"],"character_chosen":"WATCHER","items_purchased":[],"campfire_rested":5,"item_purchase_floors":[],"current_hp_per_floor":[72,72,72,72,72,72,72,72,72,32,14,14,14,7,28,28,72,59,82,82,82,45,13,37,12,12,36,12,36,36,7,31,21,82,52,6,6,6,0,0],"gold":826,"neow_bonus":"THREE_ENEMY_KILL","is_daily":false,"chose_seed":false,"campfire_upgraded":0,"win_rate":0.0,"timestamp":1610889927,"path_taken":["M","?","?","?","?","R","E","M","T","E","M","M","E","?","R","BOSS","M","?","?","?","M","E","R","M","T","R","E","R","?","?","R","BOSS","M","M","?","?","M"],"items_purchased_type":[],"build_version":"2020-12-22","purchased_purges":0,"victory":false,"max_hp_per_floor":[72,72,72,72,72,72,72,72,72,72,72,72,72,72,72,72,72,72,82,82,82,82,82,82,82,82,82,82,82,82,82,82,82,82,82,82,78,78,78,78],"relic_stats":{"Shovel":0,"counters":[19,72],"Shuriken":[15],"Juzu Bracelet":1,"Black Star":0,"obtain_stats":[{"Potion Belt":26,"NeowsBlessing":0,"Oddly Smooth Stone":7,"DemoMod:GlassGuonStoneRelic":13,"Omamori":13,"Juzu Bracelet":14,"TeardropLocket":28,"DemoMod:WhiteGuonStone":26,"SlaversCollar":17,"Shovel":10,"Matryoshka":23,"Shuriken":9,"Red Mask":31,"Black Star":34,"PureWater":0},{"Potion Belt":13,"NeowsBlessing":0,"Oddly Smooth Stone":3,"DemoMod:GlassGuonStoneRelic":8,"Omamori":8,"Juzu Bracelet":8,"TeardropLocket":14,"DemoMod:WhiteGuonStone":13,"SlaversCollar":9,"Shovel":5,"Matryoshka":12,"Shuriken":4,"Red Mask":15,"Black Star":16,"PureWater":0},{"Potion Belt":45,"NeowsBlessing":0,"Oddly Smooth Stone":3,"DemoMod:GlassGuonStoneRelic":21,"Omamori":21,"Juzu Bracelet":21,"TeardropLocket":51,"DemoMod:WhiteGuonStone":45,"SlaversCollar":26,"Shovel":10,"Matryoshka":40,"Shuriken":6,"Red Mask":54,"Black Star":60,"PureWater":0}]},"card_choices":[{"not_picked":["ClearTheMind","Protect","MarkedMod:FirstStrike"],"picked":"SKIP","floor":1},{"not_picked":["Omniscience+1","Wish+1"],"picked":"Alpha+1","floor":2},{"not_picked":["FollowUp","Protect"],"picked":"JustLucky","floor":4},{"not_picked":["MarkedMod:GentlePulse","Collect"],"picked":"FlurryOfBlows","floor":7},{"not_picked":["CrushJoints","BowlingBash"],"picked":"Alpha","floor":8},{"not_picked":["BowlingBash","MarkedMod:FirstStrike"],"picked":"Study","floor":10},{"not_picked":["Perseverance","ReachHeaven","ClearTheMind"],"picked":"SKIP","floor":11},{"not_picked":["SignatureMove","BowlingBash","Evaluate"],"picked":"SKIP","floor":12},{"not_picked":["CarveReality","DeceiveReality","Scrawl"],"picked":"SKIP","floor":13},{"not_picked":["Vault","Ragnarok"],"picked":"DevaForm","floor":16},{"not_picked":["WindmillStrike","BattleHymn"],"picked":"TalkToTheHand+1","floor":18},{"not_picked":["Pray","Indignation+1","EmptyFist"],"picked":"SKIP","floor":22},{"not_picked":["WaveOfTheHand","MarkedMod:SlowDance"],"picked":"Devotion","floor":23},{"not_picked":["ReachHeaven","MarkedMod:FirstStrike","Evaluate"],"picked":"SKIP","floor":25},{"not_picked":["Vengeance+1","EmptyFist"],"picked":"EmptyMind+1","floor":28},{"not_picked":["Vengeance","Study+1"],"picked":"Prostrate","floor":31},{"not_picked":["Judgement","ConjureBlade"],"picked":"MasterReality","floor":33},{"not_picked":["PathToVictory","Fasting2","Crescendo+1"],"picked":"SKIP","floor":35},{"not_picked":["MarkedMod:GentlePulse","JustLucky"],"picked":"FlurryOfBlows","floor":36}],"player_experience":451476,"relics_obtained":[{"floor":7,"key":"Oddly Smooth Stone"},{"floor":9,"key":"Shuriken"},{"floor":10,"key":"Shovel"},{"floor":13,"key":"Omamori"},{"floor":23,"key":"Matryoshka"},{"floor":26,"key":"Potion Belt"},{"floor":26,"key":"DemoMod:WhiteGuonStone"},{"floor":28,"key":"TeardropLocket"},{"floor":31,"key":"Red Mask"}],"event_choices":[{"damage_healed":0,"gold_gain":0,"player_choice":"2","damage_taken":0,"max_hp_gain":0,"max_hp_loss":0,"event_name":"betterMatch:BetterMatch","floor":2,"gold_loss":0,"cards_obtained":["betterMatch:RareCard"]},{"cards_removed":["Eruption"],"damage_healed":0,"gold_gain":0,"player_choice":"Purged","damage_taken":0,"max_hp_gain":0,"max_hp_loss":0,"event_name":"Purifier","floor":3,"gold_loss":0},{"cards_removed":["Vigilance"],"damage_healed":0,"gold_gain":0,"player_choice":"Card Removal","damage_taken":0,"max_hp_gain":0,"max_hp_loss":0,"event_name":"The Cleric","floor":5,"gold_loss":50},{"damage_healed":0,"gold_gain":0,"player_choice":"Relic ","damage_taken":7,"max_hp_gain":0,"max_hp_loss":0,"event_name":"betterThird:BetterScrap","floor":14,"gold_loss":0,"cards_obtained":["Grand Finale"]},{"cards_removed":["Alpha"],"damage_healed":13,"gold_gain":0,"player_choice":"Offered Rare","damage_taken":0,"max_hp_gain":10,"max_hp_loss":0,"event_name":"Bonfire Elementals","floor":19,"gold_loss":0},{"damage_healed":0,"gold_gain":100,"player_choice":"Bet on Murderer","damage_taken":0,"max_hp_gain":0,"max_hp_loss":0,"event_name":"The Joust","floor":20,"gold_loss":50},{"damage_healed":0,"gold_gain":275,"player_choice":"Desecrate","damage_taken":0,"max_hp_gain":0,"max_hp_loss":0,"event_name":"Golden Shrine","floor":21,"gold_loss":0,"cards_obtained":["Regret"]},{"damage_healed":0,"gold_gain":0,"player_choice":"Upgraded","damage_taken":0,"max_hp_gain":0,"max_hp_loss":0,"event_name":"Upgrade Shrine","floor":30,"gold_loss":0,"cards_upgraded":["DevaForm"]},{"damage_healed":0,"gold_gain":0,"player_choice":"Fought Bandits","damage_taken":0,"max_hp_gain":0,"max_hp_loss":0,"event_name":"Masked Bandits","floor":31,"gold_loss":0},{"damage_healed":0,"gold_gain":0,"player_choice":"Max HP","damage_taken":0,"max_hp_gain":0,"max_hp_loss":4,"event_name":"Winding Halls","floor":37,"gold_loss":0},{"cards_removed":["Strike_P"],"damage_healed":0,"gold_gain":0,"player_choice":"Removed Attack","damage_taken":0,"max_hp_gain":0,"max_hp_loss":0,"event_name":"Falling","floor":38,"gold_loss":0}],"is_beta":false,"boss_relics":[{"not_picked":["theForsaken:PaleLantern","Velvet Choker"],"picked":"SlaversCollar"},{"not_picked":["bronze:MakeshiftBattery","Busted Crown"],"picked":"Black Star"}],"items_purged_floors":[],"is_endless":false,"potions_floor_spawned":[8,11,16,18,22,33],"killed_by":"Sphere and 2 Shapes","ascension_level":1}}