{"host":"cdcsem0stf6rethc","time":1610889257,"event":{"mods":["AchievementEnabler","BaseMod","Colored Map","Highlight Path","Minty Spire (QoL Compilation)","StSLib","The Animator"],"gold_per_floor":[118,118,118,128,78,78,24,24,24,46,57,85,85,104,104,104,104],"floor_reached":16,"language":"ENG","playtime":660,"items_purged":[],"score":92,"play_id":"c38d9f78-9538-48b5-90ba-db896c478914","local_time":"20210117211417","is_ascension_mode":false,"campfire_choices":[{"data":"animator:ZankiKiguchi","floor":6,"key":"SMITH"},{"data":"animator:Mitsurugi","floor":8,"key":"SMITH"},{"data":"animator:Hans","floor":13,"key":"SMITH"},{"data":"animator:Konayuki","floor":15,"key":"SMITH"}],"circlet_count":0,"master_deck":["animator:Strike_DateALive+1","animator:Defend_DateALive","animator:Strike","animator:Strike","animator:Defend","animator:Defend+1","animator:ShidoItsuka","animator:YamaiSisters","animator:ZankiKiguchi+1","animator:Tetora","animator:Mitsurugi+1","animator:Aqua","animator:YaoHaDucy","animator:Konayuki+1","animator:TukaLunaMarceau","animator:KyokoSakura","animator:Hans+1","animator:ZankiKiguchi"],"relics":["animator:LivingPicture","animator:TheMissingPiece","PreservedInsect","Prayer Wheel"],"acts_visited":["Exordium"],"potions_floor_usage":[16,16],"damage_taken":[{"damage":3,"enemies":"Small Slimes","floor":1,"turns":4},{"damage":5,"enemies":"Jaw Worm","floor":4,"turns":4},{"damage":0,"enemies":"Cultist","floor":10,"turns":3},{"damage":4,"enemies":"Gremlin Gang","floor":11,"turns":5},{"damage":0,"enemies":"Looter","floor":12,"turns":2},{"damage":15,"enemies":"Exordium Wildlife","floor":14,"turns":4},{"damage":36,"enemies":"Hexaghost","floor":16,"turns":9}],"seed_played":"1031205321350190328","potions_obtained":[{"floor":4,"key":"Fruit Juice"},{"floor":11,"key":"BlessingOfTheForge"}],"is_trial":false,"path_per_floor":["M","?","?","M","?","R","$","R","T","M","M","M","R","M","R","B"],"character_chosen":"THE_ANIMATOR","items_purchased":["animator:Mitsurugi"],"campfire_rested":0,"item_purchase_floors":[7],"current_hp_per_floor":[63,56,43,38,38,38,38,38,38,38,37,39,39,26,26,0,0],"gold":104,"neow_bonus":"RANDOM_COMMON_RELIC","is_daily":false,"chose_seed":true,"campfire_upgraded":4,"win_rate":0.0,"timestamp":1610889257,"path_taken":["M","?","?","M","?","R","$","R","T","M","M","M","R","M","R","BOSS"],"items_purchased_type":["Card"],"build_version":"2020-12-22","purchased_purges":0,"victory":false,"max_hp_per_floor":[66,66,66,66,66,66,66,66,66,66,67,67,67,67,67,72,72],"card_choices":[{"not_picked":["animator:Emonzaemon","animator:MumenRider"],"picked":"animator:ZankiKiguchi","floor":1},{"not_picked":["animator:Genos","animator:KyokoSakura"],"picked":"animator:Tetora","floor":4},{"not_picked":["animator:Tohya","animator:Kazuma"],"picked":"animator:Aqua","floor":10},{"not_picked":["animator:YachiyoNanami","animator:IrohaTamaki"],"picked":"animator:YaoHaDucy","floor":10},{"not_picked":["animator:SilverFang","animator:Hitei"],"picked":"animator:Konayuki","floor":11},{"not_picked":["animator:YaoHaDucy","animator:RoryMercury"],"picked":"animator:TukaLunaMarceau","floor":11},{"not_picked":["animator:SuzuneAmano","animator:Verdia"],"picked":"animator:KyokoSakura","floor":12},{"not_picked":["animator:ReineMurasame","animator:NagisaMomoe"],"picked":"animator:Hans","floor":12},{"not_picked":["animator:Natsumi","animator:SilverFang"],"picked":"animator:ZankiKiguchi","floor":14},{"not_picked":["animator:Natsumi","animator:Azekura","animator:RundelhausCode"],"picked":"SKIP","floor":14}],"player_experience":209504,"relics_obtained":[{"floor":9,"key":"Prayer Wheel"}],"event_choices":[{"cards_removed":["animator:Strike"],"damage_healed":0,"gold_gain":0,"player_choice":"Card Removal","damage_taken":7,"max_hp_gain":0,"max_hp_loss":0,"event_name":"Golden Wing","floor":2,"gold_loss":0},{"damage_healed":0,"gold_gain":0,"player_choice":"Entered Light","damage_taken":13,"max_hp_gain":0,"max_hp_loss":0,"event_name":"Shining Light","floor":3,"gold_loss":0,"cards_upgraded":["animator:Defend","animator:Strike_DateALive"]},{"cards_removed":["animator:Defend"],"damage_healed":0,"gold_gain":0,"player_choice":"Card Removal","damage_taken":0,"max_hp_gain":0,"max_hp_loss":0,"event_name":"The Cleric","floor":5,"gold_loss":50}],"is_beta":false,"boss_relics":[],"items_purged_floors":[],"is_endless":false,"potions_floor_spawned":[4,11],"killed_by":"Hexaghost","ascension_level":0}}