{"host":"4hkuu26ltn0le3bk","time":1610855794,"event":{"mods":["100% Spire Juice","Arknights The Spire","Astrologer","BaseMod","BetterRewards","Clockwork Mod","Colored Map","Colored Powertips","Downfall","Friendly Minions","Gremlin Mod","Hermit","Marisa????????","Minty Spire (QoL Compilation)","Quick Restart","StSLib","Td1madao Mod","The Bug Knight","The Construct","The Cursed","The Disciple","The Factory","The Hierophant","The Jungle","The Servant 0.9.4"],"gold_per_floor":[112,66,84,84,97,112,137,137,137,162,162,87,105,105,105,208,208,224,224,237,237,248,248,248,248],"floor_reached":24,"language":"ENG","playtime":3260,"items_purged":["ats:Strike C"],"score":231,"play_id":"7529c014-2ff2-406b-9082-3b88024d3ce1","local_time":"20210116225634","is_ascension_mode":false,"campfire_choices":[{"data":"ats:Soul Rend","floor":8,"key":"SMITH"},{"data":"ats:Cat Scratch","floor":11,"key":"SMITH"},{"data":"ats:Emotion Absorption","floor":15,"key":"SMITH"},{"data":"ats:Armor Crushing Shot","floor":23,"key":"SMITH"}],"circlet_count":0,"master_deck":["ats:Strike G","ats:Strike S","ats:Strike V","ats:Armor Crushing Shot+1","ats:Defend","ats:Defend","ats:Defend","ats:Emotion Absorption+1","ats:Leaping Hammer","ats:Assault Order","ats:Hook Shot","ats:Leaping Hammer","ats:Soul Rend+1","ats:Cat Scratch+1","ats:True Silver Slash","ats:Red Shift","Necronomicurse","ats:Song Of Battle+1"],"relics":["ats:Sanity","ats:Originium","Mercury Hourglass","Mango","construct:BoolHorns","Necronomicon"],"acts_visited":["Exordium","TheCity"],"potions_floor_usage":[16,24],"damage_taken":[{"damage":1,"enemies":"Cultist","floor":1,"turns":4},{"damage":0,"enemies":"2 Louse","floor":3,"turns":4},{"damage":6,"enemies":"Jaw Worm","floor":5,"turns":3},{"damage":4,"enemies":"2 Fungi Beasts","floor":6,"turns":4},{"damage":40,"enemies":"3 Sentries","floor":7,"turns":10},{"damage":35,"enemies":"Lagavulin","floor":10,"turns":7},{"damage":0,"enemies":"3 Louse","floor":13,"turns":3},{"damage":43,"enemies":"The Guardian","floor":16,"turns":14},{"damage":20,"enemies":"Spheric Guardian","floor":18,"turns":4},{"damage":10,"enemies":"Chosen","floor":20,"turns":5},{"damage":41,"enemies":"Snake Plant","floor":22,"turns":5},{"damage":38,"enemies":"Shelled Parasite and Fungi","floor":24,"turns":3}],"seed_played":"1208584619122752496","potions_obtained":[{"floor":6,"key":"EssenceOfSteel"},{"floor":7,"key":"GamblersBrew"},{"floor":10,"key":"Weak Potion"},{"floor":18,"key":"SpeedPotion"}],"is_trial":false,"path_per_floor":["M","$","M","?","M","M","E","R","T","E","R","$","M","?","R","B",null,"M","?","M","?","M","R","M"],"character_chosen":"DOCTOR_CLASS","items_purchased":["ats:Assault Order"],"campfire_rested":0,"item_purchase_floors":[2],"current_hp_per_floor":[78,78,78,78,72,68,28,28,42,13,13,13,13,44,44,15,93,75,59,61,61,32,32,0,0],"gold":248,"neow_bonus":"TEN_PERCENT_HP_BONUS","is_daily":false,"chose_seed":false,"campfire_upgraded":4,"win_rate":0.0,"timestamp":1610855794,"path_taken":["M","$","?","?","?","M","E","R","T","E","R","?","M","?","R","BOSS","M","?","M","?","M","R","M"],"items_purchased_type":["Card"],"build_version":"2020-12-22","purchased_purges":1,"victory":false,"max_hp_per_floor":[79,79,79,79,79,79,79,79,93,93,93,93,93,93,93,93,93,93,93,93,93,93,93,93,93],"card_choices":[{"not_picked":["ats:Ignite","ats:Guardian Obelisk"],"picked":"ats:Leaping Hammer","floor":1},{"not_picked":["ats:Sunburst","ats:Automatic Cover","ats:Childhood Dance"],"picked":"SKIP","floor":3},{"not_picked":["ats:Counter Healing Mode","ats:Apocalypse"],"picked":"ats:Hook Shot","floor":5},{"not_picked":["ats:Closed Bolt Burst Fire","ats:Powerful Strike"],"picked":"ats:Leaping Hammer","floor":6},{"not_picked":["ats:Consecutive Shot Auto","ats:Support Order"],"picked":"ats:Soul Rend","floor":7},{"not_picked":["ats:Thorns","ats:Ignite"],"picked":"ats:Cat Scratch","floor":10},{"not_picked":["ats:Collapsing Strike","ats:Revitalization","ats:Directed Diagnosis"],"picked":"SKIP","floor":13},{"not_picked":["ats:Wolf Pack","ats:Rat Pack"],"picked":"ats:True Silver Slash","floor":16},{"not_picked":["ats:Hammer On","ats:Spore Proliferation+1"],"picked":"ats:Red Shift","floor":18},{"not_picked":["ats:Revitalization","ats:Powerful Strike+1","ats:Hammer On"],"picked":"SKIP","floor":20},{"not_picked":["ats:Charging Defense","ats:Revitalization+1"],"picked":"ats:Song Of Battle+1","floor":22}],"player_experience":211848,"relics_obtained":[{"floor":7,"key":"ats:Originium"},{"floor":7,"key":"Mercury Hourglass"},{"floor":9,"key":"Mango"},{"floor":10,"key":"ats:Originium"},{"floor":10,"key":"construct:BoolHorns"},{"floor":19,"key":"Necronomicon"}],"event_choices":[{"cards_removed":["ats:Defend"],"damage_healed":0,"gold_gain":0,"player_choice":"Offered Basic","damage_taken":0,"max_hp_gain":0,"max_hp_loss":0,"event_name":"Bonfire Elementals","floor":4,"gold_loss":0},{"damage_healed":31,"gold_gain":0,"player_choice":"Banana","damage_taken":0,"max_hp_gain":0,"max_hp_loss":0,"event_name":"Big Fish","floor":14,"gold_loss":0},{"damage_healed":0,"gold_gain":0,"player_choice":"Obtained Book","damage_taken":16,"max_hp_gain":0,"max_hp_loss":0,"event_name":"Cursed Tome","floor":19,"gold_loss":0},{"damage_healed":0,"gold_gain":0,"player_choice":"Ignored","damage_taken":0,"max_hp_gain":0,"max_hp_loss":0,"event_name":"Ghosts","floor":21,"gold_loss":0}],"is_beta":false,"boss_relics":[{"not_picked":["Velvet Choker","Fusion Hammer","Snecko Eye"]}],"items_purged_floors":[12],"is_endless":false,"potions_floor_spawned":[6,7,10,18,20],"killed_by":"Shelled Parasite and Fungi","ascension_level":0}}