{"host":"baymyijz6sxaqj5s","time":1610877253,"event":{"mods":["AchievementEnabler","BaseMod","Colored Map","Colored Powertips","DeckTracker","Highlight Path","KOR Keyword Fix","Keyboard Shortcuts","Minty Spire (QoL Compilation)","StSLib","SuperFastMode","everything is the same but u backflip on backflip"],"gold_per_floor":[118,137,155,155,169,169,181,181,205,221,221,71,82,43,43,148,148,165,165,165,185,196,196,208,208,208,208,222,222,240,240,240,338,338,357,370,370,384,402,402,430,139,164,164,164,174,185,31,31,31],"floor_reached":51,"language":"KOR","playtime":2055,"items_purged":[],"score":729,"play_id":"c6fd6971-d0f1-4194-bb64-91f8cc8011e0","local_time":"20210117185413","is_ascension_mode":true,"campfire_choices":[{"data":"Survivor","floor":6,"key":"SMITH"},{"data":"Tactician","floor":8,"key":"SMITH"},{"data":"Backflip","floor":11,"key":"SMITH"},{"data":"Blur","floor":15,"key":"SMITH"},{"data":"Crippling Poison","floor":23,"key":"SMITH"},{"data":"Noxious Fumes","floor":25,"key":"SMITH"},{"data":"Deflect","floor":29,"key":"SMITH"},{"floor":32,"key":"REST"},{"floor":40,"key":"REST"},{"floor":44,"key":"REST"},{"data":"After Image","floor":49,"key":"SMITH"}],"circlet_count":0,"master_deck":["Strike_G+1","Strike_G+1","Strike_G+1","Strike_G+1","Defend_G+1","Defend_G+1","Defend_G+1","Defend_G+1","Defend_G+1","Survivor+1","Neutralize","Prepared","Dagger Spray","Tactician+1","Crippling Poison+1","Noxious Fumes+1","Backflip+1","Blur+1","Adrenaline","Poisoned Stab","Deflect+1","Outmaneuver","After Image+1","Leg Sweep","Finesse","Dodge and Roll+1","Dash+1","Survivor+1","Deflect+1"],"relics":["Ring of the Snake","Anchor","Snake Skull","Mango","Toy Ornithopter","Philosopher\u0027s Stone","Bag of Preparation","Bird Faced Urn","Orichalcum","Lee\u0027s Waffle"],"acts_visited":["Exordium","TheCity","TheBeyond"],"potions_floor_usage":[16,22,27,28,33,35,41,50,50],"damage_taken":[{"damage":0,"enemies":"Cultist","floor":1,"turns":3},{"damage":2,"enemies":"Small Slimes","floor":2,"turns":5},{"damage":0,"enemies":"Jaw Worm","floor":3,"turns":4},{"damage":7,"enemies":"Exordium Wildlife","floor":5,"turns":4},{"damage":7,"enemies":"Red Slaver","floor":7,"turns":5},{"damage":0,"enemies":"Looter","floor":10,"turns":4},{"damage":3,"enemies":"Lots of Slimes","floor":13,"turns":3},{"damage":9,"enemies":"The Guardian","floor":16,"turns":12},{"damage":7,"enemies":"Spheric Guardian","floor":18,"turns":6},{"damage":0,"enemies":"Chosen","floor":21,"turns":6},{"damage":0,"enemies":"Centurion and Healer","floor":22,"turns":7},{"damage":13,"enemies":"Cultist and Chosen","floor":24,"turns":8},{"damage":0,"enemies":"Colosseum Slavers","floor":27,"turns":1},{"damage":6,"enemies":"3 Cultists","floor":28,"turns":5},{"damage":3,"enemies":"Snecko","floor":30,"turns":5},{"damage":34,"enemies":"Collector","floor":33,"turns":10},{"damage":8,"enemies":"3 Shapes","floor":35,"turns":7},{"damage":5,"enemies":"3 Darklings","floor":36,"turns":5},{"damage":32,"enemies":"Writhing Mass","floor":38,"turns":8},{"damage":0,"enemies":"Spire Growth","floor":39,"turns":7},{"damage":60,"enemies":"Giant Head","floor":41,"turns":14},{"damage":0,"enemies":"Maw","floor":46,"turns":8},{"damage":14,"enemies":"Writhing Mass","floor":47,"turns":7},{"damage":44,"enemies":"Awakened One","floor":50,"turns":23}],"seed_played":"-6913170648570923891","potions_obtained":[{"floor":3,"key":"Strength Potion"},{"floor":5,"key":"BlessingOfTheForge"},{"floor":10,"key":"SmokeBomb"},{"floor":13,"key":"Energy Potion"},{"floor":24,"key":"Swift Potion"},{"floor":28,"key":"Energy Potion"},{"floor":33,"key":"Swift Potion"},{"floor":38,"key":"Explosive Potion"},{"floor":39,"key":"Weak Potion"},{"floor":46,"key":"Ancient Potion"}],"is_trial":false,"path_per_floor":["M","M","M","?","M","R","M","R","T","M","R","$","M","$","R","B",null,"M","?","?","M","M","R","M","R","T","?","M","R","M","T","R","B",null,"M","M","?","M","M","R","E","$","T","R","?","M","M","$","R","B",null],"character_chosen":"THE_SILENT","items_purchased":["Snake Skull","Blur","Bird Faced Urn","Lee\u0027s Waffle"],"campfire_rested":3,"item_purchase_floors":[12,14,42,48],"current_hp_per_floor":[77,75,75,75,68,68,61,61,61,61,61,61,58,58,58,49,77,70,70,70,70,70,70,57,57,71,71,65,65,62,62,89,60,91,83,78,78,46,46,73,18,18,18,45,45,49,39,98,98,54],"gold":31,"neow_bonus":"TEN_PERCENT_HP_BONUS","is_daily":false,"chose_seed":false,"campfire_upgraded":8,"win_rate":0.0,"timestamp":1610877253,"path_taken":["M","?","M","?","M","R","M","R","T","M","R","$","M","?","R","BOSS","M","?","?","M","M","R","M","R","T","?","M","R","?","?","R","BOSS","M","M","?","M","M","R","E","$","T","R","?","M","?","$","R","BOSS"],"items_purchased_type":["Relic","Card","Relic","Relic"],"build_version":"2020-12-22","purchased_purges":0,"victory":true,"max_hp_per_floor":[77,77,77,77,77,77,77,77,77,77,77,77,77,77,77,77,77,77,77,77,77,77,77,77,77,91,91,91,91,91,91,91,91,91,91,91,91,91,91,91,91,91,91,91,91,91,91,98,98,98],"card_choices":[{"not_picked":["Well Laid Plans","Setup"],"picked":"Prepared","floor":1},{"not_picked":["PiercingWail","Slice"],"picked":"Dagger Spray","floor":2},{"not_picked":["Bane","Cloak And Dagger"],"picked":"Tactician","floor":3},{"not_picked":["Sucker Punch","Bane"],"picked":"Crippling Poison","floor":5},{"not_picked":["Slice","Dagger Spray"],"picked":"Noxious Fumes","floor":7},{"not_picked":["Prepared","Deflect"],"picked":"Backflip","floor":10},{"not_picked":["Venomology","Slice","Caltrops"],"picked":"SKIP","floor":13},{"not_picked":["Malaise","Wraith Form v2"],"picked":"Adrenaline","floor":16},{"not_picked":["Prepared","Bouncing Flask+1","Sucker Punch"],"picked":"SKIP","floor":18},{"not_picked":["Dagger Spray","Distraction+1"],"picked":"Poisoned Stab","floor":21},{"not_picked":["Accuracy","Well Laid Plans+1","Riddle With Holes"],"picked":"SKIP","floor":22},{"not_picked":["Backflip","Quick Slash"],"picked":"Deflect","floor":24},{"not_picked":["Deflect","Slice","Dagger Throw"],"picked":"SKIP","floor":28},{"not_picked":["Blade Dance+1","Bouncing Flask"],"picked":"Outmaneuver","floor":30},{"not_picked":["Malaise","Wraith Form v2"],"picked":"After Image","floor":33},{"not_picked":["Cloak And Dagger+1","Dodge and Roll"],"picked":"Leg Sweep","floor":35},{"not_picked":["Quick Slash+1","Acrobatics+1","Outmaneuver+1"],"picked":"SKIP","floor":36},{"not_picked":["Secret Weapon","Mayhem"],"picked":"Finesse","floor":37},{"not_picked":["Underhanded Strike+1","Footwork+1"],"picked":"Dodge and Roll+1","floor":38},{"not_picked":["Cloak And Dagger+1","Flechettes","Poisoned Stab"],"picked":"SKIP","floor":39},{"not_picked":["Bouncing Flask+1","Noxious Fumes"],"picked":"Dash+1","floor":41},{"not_picked":["Dodge and Roll","Acrobatics","Blade Dance+1"],"picked":"SKIP","floor":46},{"not_picked":["Acrobatics","Cloak And Dagger+1"],"picked":"Deflect+1","floor":47}],"player_experience":42282,"relics_obtained":[{"floor":9,"key":"Anchor"},{"floor":26,"key":"Mango"},{"floor":31,"key":"Toy Ornithopter"},{"floor":41,"key":"Bag of Preparation"},{"floor":43,"key":"Orichalcum"}],"event_choices":[{"cards_removed":["Strike_G"],"damage_healed":0,"gold_gain":0,"player_choice":"Purged","damage_taken":0,"max_hp_gain":0,"max_hp_loss":0,"event_name":"Purifier","floor":4,"gold_loss":0},{"damage_healed":0,"gold_gain":0,"player_choice":"Ignored","damage_taken":0,"max_hp_gain":0,"max_hp_loss":0,"event_name":"Vampires","floor":19,"gold_loss":0},{"damage_healed":0,"gold_gain":0,"player_choice":"Simplicity","damage_taken":0,"max_hp_gain":0,"max_hp_loss":0,"event_name":"Back to Basics","floor":20,"gold_loss":0,"cards_upgraded":["Strike_G","Strike_G","Strike_G","Strike_G","Defend_G","Defend_G","Defend_G","Defend_G","Defend_G"]},{"damage_healed":0,"gold_gain":0,"player_choice":"Fight","damage_taken":0,"max_hp_gain":0,"max_hp_loss":0,"event_name":"Colosseum","floor":27,"gold_loss":0},{"damage_healed":0,"gold_gain":0,"player_choice":"Fled From Nobs","damage_taken":0,"max_hp_gain":0,"max_hp_loss":0,"event_name":"Colosseum","floor":27,"gold_loss":0},{"damage_healed":0,"gold_gain":0,"player_choice":"Memory 1","damage_taken":0,"max_hp_gain":0,"max_hp_loss":0,"event_name":"SensoryStone","floor":37,"gold_loss":0},{"damage_healed":0,"gold_gain":0,"player_choice":"Copied","damage_taken":0,"max_hp_gain":0,"max_hp_loss":0,"event_name":"Duplicator","floor":45,"gold_loss":0,"cards_obtained":["Survivor"]}],"is_beta":false,"boss_relics":[{"not_picked":["Fusion Hammer","Runic Dome","Cursed Key"]},{"not_picked":["Snecko Eye","Pandora\u0027s Box"],"picked":"Philosopher\u0027s Stone"}],"items_purged_floors":[],"is_endless":false,"potions_floor_spawned":[3,5,10,13,24,27,28,33,38,39,46],"ascension_level":1}}