{"host":"dwyzfvnzfcqffr30","time":1610898515,"event":{"mods":["2.2 Compatiblity","Act Like it!","BaseMod","Beaked The Cultist","Better Altar","Better Match","Better Note","Better Sensory Stone","Better Skull","Better Third Choice","Clockwork Mod","Colored Map","Colored Powertips","Conspire","Elementarium","GifTheSpireLib","Halation","Hermit","Hubris","Infinite Spire","Ironclad Rager","Jedi Mod","Menagerie","Mimic Mod","Minty Spire (QoL Compilation)","Permanent Neow","Random Character Button","Replay The Spire","Spicy Shops","Spikes Relics","StSLib","Stuff the Spire","The Construct","The Disciple","The Druid","The Marked","TheFirefly","Trackpad","Wandering Minibosses","vexMod"],"gold_per_floor":[222,222,297,328,369,369,420,460,460,508,558,604,675,675,675,798,798,865,865,932,1008,1090,1194,1286,1286,1286,1382,359,359,359,395,395,495,495,547,547,40,40,40],"floor_reached":38,"language":"ENG","playtime":5173,"items_purged":["theDruid:Strike_O+1","theDruid:Strike_O+1","theDruid:Strike_O+1"],"score":765,"play_id":"9b8f1d7d-d3cc-4106-bb45-a961edadb8f7","local_time":"20210117074835","is_ascension_mode":true,"campfire_choices":[{"floor":6,"key":"RECALL"},{"data":"theDruid:Recoil+1","floor":15,"key":"SMITH"},{"floor":25,"key":"REST"},{"floor":29,"key":"REST"},{"floor":32,"key":"REST"}],"circlet_count":0,"master_deck":["AscendersBane","theDruid:Defend_O+1","theDruid:Defend_O+1","theDruid:Defend_O+1","theDruid:Defend_O+1","theDruid:BriarArmor+1","theDruid:WildSlash+1","MasterReality+1","Apotheosis+1","theDruid:Resourcefulness+1","theDruid:Recoil+2","theDruid:WildFrenzy+1","theDruid:Slingshot+1","theDruid:ThornStrike+1","theDruid:Resupply+1","theDruid:Guidance+1","theDruid:HailofThorns+1","theDruid:FeralPlants+1","Apotheosis+1"],"relics":["theDruid:CrownOfTheWilds","Frozen Egg 2","Toxic Egg 2","Molten Egg 2","Quantum Egg","conspire:InfiniteJournal","infinitespire:EvilPickle","Bottled Tornado","halation:SelfBoilingWater","StuffTheSpire:EmeraldSignet","Black Star","hubris:TinFlute","conspire:DeflatedDodgeball","Singing Bowl","ClockworkSouvenir","Lizard Tail","jedi:zontanonomicon","conspire:RoyalGoblet","hubris:Towel","StuffTheSpire:Expresso","Cauldron"],"acts_visited":["Exordium","TheCity","TheBeyond"],"potions_floor_usage":[7,12,16,23,23,31,35,38],"damage_taken":[{"damage":1,"enemies":"Jaw Worm","floor":1,"turns":3},{"damage":7,"enemies":"Small Slimes","floor":4,"turns":4},{"damage":0,"enemies":"Cultist","floor":5,"turns":4},{"damage":1,"enemies":"Lagavulin","floor":7,"turns":6},{"damage":3,"enemies":"Looter","floor":8,"turns":4},{"damage":1,"enemies":"2 Fungi Beasts","floor":10,"turns":4},{"damage":15,"enemies":"Lots of Slimes","floor":11,"turns":4},{"damage":0,"enemies":"Gremlin Gang","floor":12,"turns":4},{"damage":14,"enemies":"Gremlin Nob","floor":13,"turns":4},{"damage":19,"enemies":"Fading Forest","floor":16,"turns":11},{"damage":5,"enemies":"conspire:FuzzyDice","floor":18,"turns":6},{"damage":21,"enemies":"Shell Parasite","floor":20,"turns":5},{"damage":0,"enemies":"conspire:HollyBat","floor":21,"turns":6},{"damage":1,"enemies":"Centurion and Healer","floor":22,"turns":4},{"damage":12,"enemies":"Gremlin Leader","floor":23,"turns":5},{"damage":8,"enemies":"Sentry and Sphere","floor":24,"turns":3},{"damage":24,"enemies":"Snake Plant","floor":27,"turns":2},{"damage":3,"enemies":"Centurion and Healer","floor":31,"turns":5},{"damage":67,"enemies":"Champ","floor":33,"turns":8},{"damage":42,"enemies":"3 Shapes","floor":35,"turns":5},{"damage":29,"enemies":"Orb Walker","floor":38,"turns":3}],"seed_played":"-4836548687413346580","potions_obtained":[{"floor":4,"key":"BlessingOfTheForge"},{"floor":8,"key":"Energy Potion"},{"floor":10,"key":"PowerPotion"},{"floor":16,"key":"Swift Potion"},{"floor":20,"key":"Block Potion"},{"floor":22,"key":"EssenceOfSteel"},{"floor":23,"key":"Elixir"},{"floor":27,"key":"Energy Potion"},{"floor":33,"key":"infinitespire:BlackPotion"},{"floor":35,"key":"Languid Potion"}],"is_trial":false,"path_per_floor":["M","?","?","M","M","R","E","M","T","M","M","M","E","?","R","B",null,"M","?","M","M","M","E","M","R","T","M","$","R","?","M","R","B",null,"M","?","$","M"],"character_chosen":"DRUID","items_purchased":["Singing Bowl","ClockworkSouvenir","Lizard Tail","Apotheosis+1","StuffTheSpire:Expresso","Cauldron"],"campfire_rested":3,"item_purchase_floors":[28,28,28,28,37,37],"current_hp_per_floor":[60,53,47,40,40,40,39,36,36,35,20,20,6,6,6,51,64,61,61,40,42,41,29,21,41,41,17,17,37,21,20,41,37,63,23,23,23,0,0],"gold":40,"neow_bonus":"HUNDRED_GOLD","is_daily":false,"chose_seed":false,"campfire_upgraded":1,"win_rate":0.0,"timestamp":1610898515,"path_taken":["M","?","?","M","M","R","E","?","T","M","M","M","E","?","R","BOSS","M","?","?","M","?","E","M","R","T","M","$","R","?","M","R","BOSS","M","?","?","M"],"items_purchased_type":["Relic","Relic","Relic","Card","Relic","Relic"],"build_version":"2020-12-22","purchased_purges":3,"victory":false,"max_hp_per_floor":[68,68,68,68,68,68,68,68,68,68,68,68,68,68,68,68,68,68,68,68,68,68,68,68,68,68,68,68,68,68,70,70,72,72,74,74,74,74,74],"card_choices":[{"not_picked":["theDruid:Untamed+1","theDruid:ExposingSlash+1"],"picked":"theDruid:Resourcefulness+1","floor":1},{"not_picked":["theDruid:Moonbeam+1","theDruid:BristlingBulwark+1"],"picked":"theDruid:Recoil+1","floor":4},{"not_picked":["theDruid:Entangle+1","theDruid:Recoil+1","theDruid:Pathfinder+1"],"picked":"SKIP","floor":5},{"not_picked":["theDruid:PouncingStrike+1","theDruid:Infestation+1"],"picked":"theDruid:WildFrenzy+1","floor":7},{"not_picked":["theDruid:Resupply+1","theDruid:WildArmor+1"],"picked":"theDruid:Slingshot+1","floor":8},{"not_picked":["theDruid:PouncingStrike+1","theDruid:Starfall+1"],"picked":"theDruid:ThornStrike+1","floor":10},{"not_picked":["theDruid:Starfall+1","theDruid:Infestation+1","theDruid:Slingshot+1"],"picked":"SKIP","floor":11},{"not_picked":["theDruid:Moonbeam+1","theDruid:BristlingBulwark+1"],"picked":"theDruid:Resupply+1","floor":12},{"not_picked":["theDruid:TakeShelter+1","theDruid:ViralBites+1","theDruid:WildFrenzy+1"],"picked":"SKIP","floor":13},{"not_picked":["theDruid:FelineGrace+1","theDruid:TwilightsCall+1","theDruid:Infestation+1"],"picked":"SKIP","floor":18},{"not_picked":["theDruid:Slingshot+1","theDruid:Pathfinder+1"],"picked":"theDruid:HailofThorns+1","floor":20},{"not_picked":["theDruid:BackupSupplies+1","theDruid:FelineGrace+1","theDruid:BlessedStrike+1"],"picked":"SKIP","floor":21},{"not_picked":["theDruid:Prowl+1","theDruid:ThickHide+1","theDruid:TwilightsCall+1"],"picked":"SKIP","floor":22},{"not_picked":["theDruid:HerbalismKit+1","theDruid:Starfall+1"],"picked":"theDruid:FeralPlants+1","floor":23},{"not_picked":["theDruid:Swipe+1","theDruid:ThornStrike+1","theDruid:Fortitude+1"],"picked":"SKIP","floor":24},{"not_picked":["theDruid:BlessedStrike+1","theDruid:FuriousSlash+1","theDruid:Guidance+1"],"picked":"SKIP","floor":27},{"not_picked":["theDruid:Swipe+1","theDruid:Gore+1","theDruid:MysticBarrier+1"],"picked":"Singing Bowl","floor":31},{"not_picked":["theDruid:TwinStars+1","theDruid:SerratedFlesh+1","theDruid:Earthquake+1"],"picked":"Singing Bowl","floor":33},{"not_picked":["theDruid:Resupply+1","theDruid:Swipe+1","theDruid:FelineGrace+1"],"picked":"Singing Bowl","floor":35}],"player_experience":2152784,"relics_obtained":[{"floor":7,"key":"halation:SelfBoilingWater"},{"floor":13,"key":"StuffTheSpire:EmeraldSignet"},{"floor":23,"key":"hubris:TinFlute"},{"floor":26,"key":"conspire:DeflatedDodgeball"},{"floor":30,"key":"jedi:zontanonomicon"}],"event_choices":[{"damage_healed":0,"gold_gain":0,"player_choice":"Simplicity","damage_taken":0,"max_hp_gain":0,"max_hp_loss":0,"event_name":"betterThird:BetterWriting","floor":0,"gold_loss":0},{"cards_removed":["theDruid:Strike_O"],"damage_healed":0,"gold_gain":0,"player_choice":"Card Removal","damage_taken":7,"max_hp_gain":0,"max_hp_loss":0,"event_name":"Golden Wing","floor":2,"gold_loss":0},{"damage_healed":0,"gold_gain":75,"player_choice":"Touch","damage_taken":6,"max_hp_gain":0,"max_hp_loss":0,"event_name":"FaceTrader","floor":3,"gold_loss":0},{"damage_healed":0,"gold_gain":0,"player_choice":"Leave","damage_taken":0,"max_hp_gain":0,"max_hp_loss":0,"event_name":"conspire:Investor","floor":14,"gold_loss":0},{"damage_healed":0,"gold_gain":0,"player_choice":"Read","damage_taken":0,"max_hp_gain":0,"max_hp_loss":0,"event_name":"The Library","floor":19,"gold_loss":0,"cards_obtained":["theDruid:Guidance"]},{"damage_healed":0,"gold_gain":0,"player_choice":"Obtained Book","damage_taken":16,"max_hp_gain":0,"max_hp_loss":0,"event_name":"Cursed Tome","floor":30,"gold_loss":0}],"is_beta":false,"boss_relics":[{"not_picked":["hubris:GrandSneckoEye","hubris:Backtick"],"picked":"Black Star"},{"not_picked":["vexMod:DeviousBotling","hubris:HollowSoul"],"picked":"conspire:RoyalGoblet"}],"items_purged_floors":[28,28,37],"is_endless":false,"potions_floor_spawned":[4,8,10,11,16,20,22,23,24,27,33,35],"killed_by":"Orb Walker","ascension_level":14}}