{"host":"ebj6lkgm8suah319","time":1610902025,"event":{"mods":["2.2 Compatiblity","AchievementEnabler","BaseMod","Block Reminder","Colored Map","Colored Powertips","Minty Spire (QoL Compilation)","Quick Restart","Rare Cards Sparkle","Relic Stats","SuperFastMode"],"gold_per_floor":[111,186,21,35,48,48,60,91,91,91,109,141,141,157,157,259,259,278,40,40,40,40,68,87,87,112,127,144,177,177,191,191,294,294,305,355,355,15,32,61,73,85,97,126,152,191,203,246,258,270],"floor_reached":51,"language":"ENG","playtime":1877,"items_purged":["Pain","Strike_R"],"score":1186,"play_id":"80ca72e7-e8cb-4353-8e0b-9664097c1ea5","local_time":"20210117114705","is_ascension_mode":true,"campfire_choices":[{"data":"Uppercut","floor":6.0,"key":"SMITH"},{"data":"Immolate","floor":13,"key":"SMITH"},{"data":"Inflame","floor":15,"key":"SMITH"},{"data":"Feel No Pain","floor":25,"key":"SMITH"},{"data":"Battle Trance","floor":30,"key":"SMITH"},{"data":"True Grit","floor":32,"key":"SMITH"},{"floor":42,"key":"REST"},{"floor":47,"key":"REST"},{"floor":49,"key":"REST"}],"circlet_count":0,"master_deck":["Strike_R","Strike_R","Strike_R","Strike_R","Defend_R","Defend_R","Defend_R","Defend_R","Bash","Shrug It Off","Uppercut+1","Swift Strike","Pommel Strike","Inflame+1","Dual Wield","Second Wind","Immolate+1","Offering","Whirlwind+1","Feel No Pain+1","Spot Weakness","True Grit+1","Necronomicurse","Battle Trance+1","Fiend Fire","Seeing Red","Inflame+1","Reaper","Pommel Strike+1","Pommel Strike+1","Impervious","Rage+1","True Grit+1","Flame Barrier+1","Pommel Strike+1","Clothesline+1","Offering","Burning Pact+1"],"relics":["Burning Blood","Strawberry","Gremlin Horn","WarpedTongs","Bird Faced Urn","Cursed Key","Necronomicon","Bottled Flame","Oddly Smooth Stone","Dream Catcher","Fusion Hammer","Champion Belt","Self Forming Clay","MawBank","Spirit Poop","Omamori","Ancient Tea Set"],"acts_visited":["Exordium","TheCity","TheBeyond"],"potions_floor_usage":[12,33,33,33,36,50,50,50,50],"damage_taken":[{"damage":3.0,"enemies":"2 Louse","floor":1.0,"turns":4.0},{"damage":1.0,"enemies":"Cultist","floor":4.0,"turns":4.0},{"damage":2.0,"enemies":"Jaw Worm","floor":5.0,"turns":3.0},{"damage":12.0,"enemies":"Lots of Slimes","floor":7.0,"turns":4.0},{"damage":23.0,"enemies":"Gremlin Nob","floor":8.0,"turns":4.0},{"damage":7.0,"enemies":"Looter","floor":11.0,"turns":3.0},{"damage":12,"enemies":"3 Sentries","floor":12,"turns":3},{"damage":7,"enemies":"Exordium Wildlife","floor":14,"turns":3},{"damage":31,"enemies":"The Guardian","floor":16,"turns":10},{"damage":2,"enemies":"Chosen","floor":18,"turns":4},{"damage":6,"enemies":"Book of Stabbing","floor":23,"turns":3},{"damage":6,"enemies":"Shell Parasite","floor":24,"turns":1},{"damage":0,"enemies":"Centurion and Healer","floor":27,"turns":2},{"damage":0,"enemies":"Snecko","floor":28,"turns":3},{"damage":6,"enemies":"Slavers","floor":29,"turns":1},{"damage":0,"enemies":"Shelled Parasite and Fungi","floor":31,"turns":2},{"damage":22,"enemies":"Collector","floor":33,"turns":5},{"damage":19,"enemies":"3 Shapes","floor":35,"turns":1},{"damage":6,"enemies":"Mind Bloom Boss Battle","floor":36,"turns":5},{"damage":0,"enemies":"3 Darklings","floor":39,"turns":1},{"damage":18,"enemies":"Giant Head","floor":40,"turns":6},{"damage":15,"enemies":"Spire Growth","floor":44,"turns":4},{"damage":6,"enemies":"Transient","floor":45,"turns":5},{"damage":6,"enemies":"Reptomancer","floor":46,"turns":3},{"damage":0,"enemies":"Nemesis","floor":48,"turns":5},{"damage":12,"enemies":"Donu and Deca","floor":50,"turns":3}],"seed_played":"8080244040989656276","potions_obtained":[{"floor":5.0,"key":"ColorlessPotion"},{"floor":12,"key":"EntropicBrew"},{"floor":14,"key":"Weak Potion"},{"floor":18,"key":"Fire Potion"},{"floor":23,"key":"BloodPotion"},{"floor":29,"key":"Fruit Juice"},{"floor":48,"key":"Energy Potion"}],"is_trial":false,"path_per_floor":["M","?","$","M","M","R","M","E","T","?","M","E","R","M","R","B",null,"M","$","?","$","?","E","M","R","T","M","M","E","R","M","R","B",null,"M","?","?","$","M","E","?","R","T","M","M","E","R","E","R","B",null],"character_chosen":"IRONCLAD","items_purchased":["Uppercut","Swift Strike","Feel No Pain","Spot Weakness","True Grit","Self Forming Clay"],"campfire_rested":3,"item_purchase_floors":[3,3,19,19,19,38],"current_hp_per_floor":[88,80,80,85,88,88,82,72,72,72,71,65,65,64,64,41,95,95,95,95,95,79,79,79,79,79,85,95,95,95,95,95,90,100,87,95,95,95,100,92,92,100,100,100,100,100,100,100,100,100],"gold":282,"neow_bonus":"TEN_PERCENT_HP_BONUS","is_daily":false,"chose_seed":false,"campfire_upgraded":6,"win_rate":0.0,"timestamp":1610902025,"path_taken":["M","?","$","M","M","R","?","E","T","?","M","E","R","M","R","BOSS","M","?","?","?","?","E","M","R","T","M","M","E","R","M","R","BOSS","M","?","?","$","M","E","?","R","T","?","M","E","R","E","R","BOSS"],"items_purchased_type":["Card","Card","Card","Card","Card","Relic"],"build_version":"2020-12-22","purchased_purges":2,"victory":true,"max_hp_per_floor":[88,88,88,88,88,88,88,95,95,95,95,95,95,95,95,95,95,95,95,95,95,95,95,95,95,95,95,95,95,95,95,95,100,100,100,100,100,100,100,100,100,100,100,100,100,100,100,100,100,100],"relic_stats":{"Dream Catcher":3,"Gremlin Horn":[14,14],"counters":[26,92],"Self Forming Clay":[24],"Bird Faced Urn":[34],"Necronomicon":[39],"Champion Belt":[16],"Cursed Key":1,"MawBank":132,"obtain_stats":[{"Gremlin Horn":9,"Self Forming Clay":38,"Oddly Smooth Stone":26,"Spirit Poop":41,"Omamori":46,"Cursed Key":17,"MawBank":40,"Ancient Tea Set":48,"Burning Blood":0,"WarpedTongs":10,"Bottled Flame":23,"Dream Catcher":29,"Strawberry":8,"Bird Faced Urn":12,"Fusion Hammer":34,"Necronomicon":22,"Champion Belt":36},{"Gremlin Horn":5,"Self Forming Clay":19,"Oddly Smooth Stone":12,"Spirit Poop":21,"Omamori":24,"Cursed Key":9,"MawBank":21,"Ancient Tea Set":25,"Burning Blood":0,"WarpedTongs":5,"Bottled Flame":11,"Dream Catcher":15,"Strawberry":5,"Bird Faced Urn":7,"Fusion Hammer":17,"Necronomicon":10,"Champion Belt":19},{"Gremlin Horn":19,"Self Forming Clay":65,"Oddly Smooth Stone":46,"Spirit Poop":72,"Omamori":84,"Cursed Key":38,"MawBank":72,"Ancient Tea Set":89,"Burning Blood":0,"WarpedTongs":19,"Bottled Flame":45,"Dream Catcher":52,"Strawberry":19,"Bird Faced Urn":25,"Fusion Hammer":59,"Necronomicon":42,"Champion Belt":65}],"Burning Blood":120,"WarpedTongs":[73]},"card_choices":[{"not_picked":["Evolve","Entrench"],"picked":"Shrug It Off","floor":1.0},{"not_picked":["Ghostly Armor","True Grit"],"picked":"Pommel Strike","floor":4.0},{"not_picked":["Heavy Blade","Pummel","Wild Strike"],"picked":"SKIP","floor":5.0},{"not_picked":["Flex","Wild Strike"],"picked":"Inflame","floor":7.0},{"not_picked":["Cleave","Perfected Strike"],"picked":"Dual Wield","floor":8.0},{"not_picked":["Ghostly Armor","Cleave"],"picked":"Second Wind","floor":11.0},{"not_picked":["Pommel Strike","Flex"],"picked":"Immolate","floor":12},{"not_picked":["Headbutt","Wild Strike"],"picked":"Warcry","floor":14},{"not_picked":["Double Tap","Bludgeon"],"picked":"Offering","floor":16},{"not_picked":["Twin Strike+1","Armaments+1"],"picked":"Whirlwind+1","floor":18},{"not_picked":["Warcry","Sword Boomerang","Intimidate"],"picked":"SKIP","floor":23},{"not_picked":["Carnage","Armaments"],"picked":"Battle Trance","floor":24},{"not_picked":["Sword Boomerang","Perfected Strike","Whirlwind+1"],"picked":"SKIP","floor":27},{"not_picked":["Sword Boomerang","Perfected Strike","Whirlwind+1"],"picked":"SKIP","floor":27},{"not_picked":["Flex","Iron Wave+1"],"picked":"Fiend Fire","floor":28},{"not_picked":["Clash","Twin Strike+1"],"picked":"Seeing Red","floor":29},{"not_picked":["Armaments+1","Flex"],"picked":"Inflame+1","floor":31},{"not_picked":["Double Tap","Fiend Fire"],"picked":"Reaper","floor":33},{"not_picked":["Perfected Strike","Dual Wield"],"picked":"Pommel Strike+1","floor":35},{"not_picked":["Rampage","Havoc"],"picked":"Pommel Strike+1","floor":36},{"not_picked":["Clash","Rupture+1"],"picked":"Impervious","floor":39},{"not_picked":["Second Wind","Perfected Strike+1"],"picked":"Rage+1","floor":40},{"not_picked":["Searing Blow+1","Seeing Red"],"picked":"True Grit+1","floor":42},{"not_picked":["Warcry","Carnage+1"],"picked":"Flame Barrier+1","floor":44},{"not_picked":["Anger","Rampage","Clothesline"],"picked":"SKIP","floor":45},{"not_picked":["Headbutt+1","Whirlwind+1"],"picked":"Pommel Strike+1","floor":46},{"not_picked":["Headbutt","Wild Strike+1"],"picked":"Clothesline+1","floor":47},{"not_picked":["Clash+1","Sword Boomerang+1"],"picked":"Offering","floor":48},{"not_picked":["Clothesline+1","Wild Strike"],"picked":"Burning Pact+1","floor":49}],"player_experience":10965,"relics_obtained":[{"floor":8.0,"key":"Strawberry"},{"floor":9.0,"key":"Gremlin Horn"},{"floor":12,"key":"Bird Faced Urn"},{"floor":22,"key":"Necronomicon"},{"floor":23,"key":"Bottled Flame"},{"floor":26,"key":"Oddly Smooth Stone"},{"floor":29,"key":"Dream Catcher"},{"floor":36,"key":"Champion Belt"},{"floor":40,"key":"MawBank"},{"floor":46,"key":"Omamori"},{"floor":48,"key":"Ancient Tea Set"}],"event_choices":[{"damage_healed":0.0,"max_hp_gain":0.0,"max_hp_loss":0.0,"gold_gain":75.0,"event_name":"FaceTrader","player_choice":"Touch","floor":2.0,"gold_loss":0.0,"damage_taken":8.0},{"damage_healed":0.0,"max_hp_gain":0.0,"max_hp_loss":0.0,"gold_gain":0.0,"event_name":"Accursed Blacksmith","player_choice":"Rummage","floor":10.0,"gold_loss":0.0,"damage_taken":0.0,"relics_obtained":["WarpedTongs"],"cards_obtained":["Pain"]},{"damage_healed":0,"gold_gain":0,"player_choice":"Ignored","damage_taken":0,"max_hp_gain":0,"max_hp_loss":0,"event_name":"Vampires","floor":20,"gold_loss":0},{"damage_healed":0,"gold_gain":0,"player_choice":"Obtained Book","damage_taken":16,"max_hp_gain":0,"max_hp_loss":0,"event_name":"Cursed Tome","floor":22,"gold_loss":0},{"damage_healed":0,"gold_gain":0,"player_choice":"Fight","damage_taken":0,"max_hp_gain":0,"max_hp_loss":0,"event_name":"MindBloom","floor":36,"gold_loss":0},{"cards_removed":["Warcry"],"damage_healed":0,"gold_gain":0,"player_choice":"Removed Skill","damage_taken":0,"max_hp_gain":0,"max_hp_loss":0,"event_name":"Falling","floor":37,"gold_loss":0},{"cards_removed":["Decay"],"damage_healed":0,"gold_gain":0,"player_choice":"Offered Curse","damage_taken":0,"relics_obtained":["Spirit Poop"],"max_hp_gain":0,"max_hp_loss":0,"event_name":"Bonfire Elementals","floor":41,"gold_loss":0}],"is_beta":false,"boss_relics":[{"not_picked":["Velvet Choker","Sozu"],"picked":"Cursed Key"},{"not_picked":["Calling Bell","Mark of Pain"],"picked":"Fusion Hammer"}],"items_purged_floors":[19,38],"is_endless":false,"potions_floor_spawned":[5,12,14,18,23,29,33,35,48],"ascension_level":4}}