{"host":"bf9sa99gaumonoeu","time":1610891210,"event":{"mods":["AchievementEnabler","Act Like it!","Aspiration","BaseMod","Better Note","Better Sensory Stone","Colored Map","Colored Powertips","Fox Events","Friendly Minions","Gensokyo","GifTheSpireLib","Googly Eyes","Hallownest","Hermit","Highlight Path","Hubris","Jorbs\u0027s Wanderer Trilogy","KinomotoSakuraMod(????)","Koishi","Lobotomy","Marisa????????","Minty Spire (QoL Compilation)","Rare Cards Sparkle","Reimu??????","Relic Stats","Remilia??????","Replay The Spire","StSLib","The Administrix","The Animator","The Bug Knight","The Construct","The Cursed","The Disciple","The Hierophant","The Mystic","The Necromancer","The Poker Player","The Runesmith","The Senshi","The Servant 0.9.4"],"gold_per_floor":[115,115,115,115,133,133,133,162,162,162,192,35,65,82,82,156,156,172,52,52,69,79,79,94,94,121,146,162,162,162,162,162,162,162,236,236,252,97,110,110,127,155,155,189,215,215,226,245,245,262,262,262],"floor_reached":53,"language":"ENG","playtime":4214,"items_purged":["Strike_G"],"score":1574,"play_id":"cf03b4d1-f9f2-4638-87b4-61fac33c112f","local_time":"20210117114650","is_ascension_mode":true,"campfire_choices":[{"floor":6.0,"key":"REST"},{"floor":10.0,"key":"REST"},{"data":"Skewer","floor":15.0,"key":"SMITH"},{"floor":23.0,"key":"DIG"},{"data":"Leg Sweep","floor":25.0,"key":"SMITH"},{"floor":29.0,"key":"REST"},{"floor":34.0,"key":"DIG"},{"data":"Calculated Gamble","floor":43.0,"key":"SMITH"},{"floor":46.0,"key":"REST"},{"floor":49.0,"key":"REST"},{"floor":51.0,"key":"DIG"}],"circlet_count":0,"master_deck":["AscendersBane","Defend_G","Defend_G","Survivor","Neutralize","All Out Attack","Gensokyo:CrescentMoonSlash","Masterful Stab","Skewer+1","Sucker Punch","Leg Sweep+1","Slice","Burst","Calculated Gamble+1","Fluid Movement","Blur","Prepared+1","Gensokyo:FourOfAKind","Gensokyo:FourOfAKind","Gensokyo:FourOfAKind","Gensokyo:FourOfAKind","Wraith Form v2+1","Gensokyo:ShootingStar","Corpse Explosion","Outmaneuver+1","Adrenaline","Envenom","Acrobatics","Deflect","Backflip"],"relics":["Ring of the Snake","aspiration:HatOfInfinitePower","Gremlin Horn","Shovel","Omamori","Kintsugi","Gensokyo:SpiderMask","Gensokyo:RedStar","Iron Hammer","Blood Vial","Lantern","Vajra","Sozu","Bag of Marbles","aspiration:StickyExplosives_weak","PreservedInsect","Oddly Smooth Stone"],"acts_visited":["Gensokyo:Gensokyo","Gensokyo:Gensokyoer","Gensokyo:Gensokyoest"],"potions_floor_usage":[],"damage_taken":[{"damage":7.0,"enemies":"Gensokyo:2_Kodama","floor":1.0,"turns":5.0},{"damage":0.0,"enemies":"Gensokyo:3_Fairies","floor":5.0,"turns":2.0},{"damage":0.0,"enemies":"Gensokyo:Cirno","floor":11.0,"turns":4.0},{"damage":4.0,"enemies":"Gensokyo:Aya","floor":13.0,"turns":3.0},{"damage":0.0,"enemies":"Gensokyo:Gryphon","floor":14.0,"turns":3.0},{"damage":0.0,"enemies":"Gensokyo:Reimu","floor":16.0,"turns":7.0},{"damage":7.0,"enemies":"Gensokyo:Chomper","floor":18.0,"turns":5.0},{"damage":1.0,"enemies":"Gensokyo:AngelMirror","floor":21.0,"turns":2.0},{"damage":10.0,"enemies":"Gensokyo:Slime_Group","floor":22.0,"turns":3.0},{"damage":1.0,"enemies":"Gensokyo:Wraith","floor":24.0,"turns":4.0},{"damage":0.0,"enemies":"Gensokyo:Reisen","floor":27.0,"turns":5.0},{"damage":21.0,"enemies":"Gensokyo:3_Gloops","floor":28.0,"turns":5.0},{"damage":9.0,"enemies":"Gensokyo:Kaguya","floor":35.0,"turns":14.0},{"damage":0.0,"enemies":"Gensokyo:3_Boulders","floor":37.0,"turns":2.0},{"damage":0.0,"enemies":"Gensokyo:AncientGuardian","floor":39.0,"turns":3.0},{"damage":0.0,"enemies":"Gensokyo:Rafflesia","floor":41.0,"turns":8.0},{"damage":0.0,"enemies":"Gensokyo:Doremy","floor":42.0,"turns":6.0},{"damage":34.0,"enemies":"Gensokyo:Marisa","floor":44.0,"turns":5.0},{"damage":0.0,"enemies":"Gensokyo:Dusk_and_Dawn","floor":47.0,"turns":3.0},{"damage":2.0,"enemies":"Gensokyo:Sharpion","floor":48.0,"turns":3.0},{"damage":0.0,"enemies":"Gensokyo:AtlasGolem","floor":50.0,"turns":2.0},{"damage":31,"enemies":"Gensokyo:Shinki","floor":52,"turns":18}],"seed_played":"-7304768914981797762","potions_obtained":[{"floor":11.0,"key":"Venom Potion"},{"floor":13.0,"key":"PowerPotion"},{"floor":16.0,"key":"Elixir"},{"floor":21.0,"key":"SpeedPotion"}],"is_trial":false,"path_per_floor":["M","?","?","?","M","R","?","?","T","R","E","$","E","M","R","B",null,"M","?","?","M","M","R","M","R","T","E","M","R","?","PTL","PTL","?","R","B",null,"M","$","M","?","M","E","R","E","T","R","M","M","R","M","R","B",null],"character_chosen":"THE_SILENT","items_purchased":["Sucker Punch","AttackPotion","Adrenaline"],"campfire_rested":5,"item_purchase_floors":[12,12,38],"current_hp_per_floor":[36,23,23,23,23,42,42,16,16,35,35,35,31,31,31,31,57,50,50,50,49,39,39,38,38,38,40,21,40,40,40,40,30,30,34,41,43,43,43,43,43,43,43,9,9,21,23,23,35,37,37,8],"gold":262,"neow_bonus":"RANDOM_EVENT","is_daily":false,"chose_seed":false,"campfire_upgraded":3,"win_rate":0.0,"timestamp":1610891210,"path_taken":["M","?","?","?","M","R","?","?","T","R","E","?","E","M","R","BOSS","M","?","?","M","M","R","M","R","T","E","M","R","?","PTL","PTL","?","R","BOSS","M","$","M","?","?","E","R","E","T","R","M","M","R","M","R","BOSS"],"items_purchased_type":["Card","Potion","Card"],"build_version":"2020-12-22","purchased_purges":1,"victory":true,"max_hp_per_floor":[66,66,66,66,66,66,66,66,66,66,66,66,66,66,66,66,66,66,66,66,66,66,66,66,66,66,66,66,66,43,43,43,43,43,43,43,43,43,43,43,43,43,43,43,43,43,43,43,43,43,43,43],"relic_stats":{"Blood Vial":14,"Sozu":4,"Shovel":3,"Gremlin Horn":[33,33],"counters":[22,112],"PreservedInsect":0,"obtain_stats":[{"Lantern":27,"Gremlin Horn":9,"Vajra":34,"Oddly Smooth Stone":51,"Gensokyo:SpiderMask":19,"PreservedInsect":45,"Omamori":13,"Gensokyo:RedStar":20,"aspiration:StickyExplosives_weak":44,"Blood Vial":26,"Sozu":36,"Shovel":11,"Iron Hammer":23,"Bag of Marbles":42,"Kintsugi":17,"aspiration:HatOfInfinitePower":8,"Ring of the Snake":0},{"Lantern":11,"Gremlin Horn":2,"Vajra":12,"Oddly Smooth Stone":21,"Gensokyo:SpiderMask":7,"PreservedInsect":18,"Omamori":4,"Gensokyo:RedStar":7,"aspiration:StickyExplosives_weak":18,"Blood Vial":10,"Sozu":13,"Shovel":3,"Iron Hammer":9,"Bag of Marbles":17,"Kintsugi":6,"aspiration:HatOfInfinitePower":2,"Ring of the Snake":0},{"Lantern":43,"Gremlin Horn":7,"Vajra":48,"Oddly Smooth Stone":94,"Gensokyo:SpiderMask":29,"PreservedInsect":86,"Omamori":14,"Gensokyo:RedStar":29,"aspiration:StickyExplosives_weak":86,"Blood Vial":38,"Sozu":62,"Shovel":11,"Iron Hammer":34,"Bag of Marbles":81,"Kintsugi":24,"aspiration:HatOfInfinitePower":7,"Ring of the Snake":0}],"Ring of the Snake":[44]},"card_choices":[{"not_picked":["Quick Slash","Blade Dance"],"picked":"All Out Attack","floor":1.0},{"not_picked":["Tactician","Slice"],"picked":"Masterful Stab","floor":5.0},{"not_picked":["aspiration:Lunge","Underhanded Strike"],"picked":"Skewer","floor":11.0},{"not_picked":["Caltrops","hubris:TrickCloak"],"picked":"Leg Sweep","floor":13.0},{"not_picked":["Quick Slash","Dagger Throw"],"picked":"Slice","floor":14.0},{"not_picked":["Atom Bomb","ReplayTheSpireMod:From All Sides"],"picked":"Burst","floor":16.0},{"not_picked":["Sneak Up","Flying Knee"],"picked":"Calculated Gamble","floor":18.0},{"not_picked":["Dagger Spray","Hidden Blade"],"picked":"Crippling Poison+1","floor":21.0},{"not_picked":["Prepared","Outmaneuver"],"picked":"Fluid Movement","floor":22.0},{"not_picked":["Bouncing Flask","Outmaneuver"],"picked":"Blur","floor":24.0},{"not_picked":["Acrobatics","Hidden Blade","Slice"],"picked":"SKIP","floor":27.0},{"not_picked":["ReplayTheSpireMod:Scrap Shanks","Night Terror"],"picked":"Prepared+1","floor":28.0},{"not_picked":[],"picked":"Gensokyo:ShootingStar","floor":35.0},{"not_picked":["Wraith Form v2","Atom Bomb"],"picked":"Corpse Explosion","floor":35.0},{"not_picked":["Dagger Spray+1","Cloak And Dagger+1"],"picked":"Outmaneuver+1","floor":37.0},{"not_picked":["Cloak And Dagger","Outmaneuver+1","Hidden Blade"],"picked":"SKIP","floor":39.0},{"not_picked":["Cloak And Dagger+1","Finisher+1","Night Terror"],"picked":"SKIP","floor":41.0},{"not_picked":["Slice","Poisoned Stab"],"picked":"Envenom","floor":42.0},{"not_picked":["Outmaneuver","Masterful Stab","Slice"],"picked":"SKIP","floor":44.0},{"not_picked":["Dash","Outmaneuver"],"picked":"Acrobatics","floor":47.0},{"not_picked":["hubris:SlightOfHand","Prepared"],"picked":"Deflect","floor":48.0},{"not_picked":["Predator","Terror+1"],"picked":"Backflip","floor":50.0}],"player_experience":958681,"relics_obtained":[{"floor":8.0,"key":"aspiration:HatOfInfinitePower"},{"floor":9.0,"key":"Gremlin Horn"},{"floor":11.0,"key":"Shovel"},{"floor":13.0,"key":"Omamori"},{"floor":23.0,"key":"Iron Hammer"},{"floor":26.0,"key":"Blood Vial"},{"floor":27.0,"key":"Lantern"},{"floor":34.0,"key":"Vajra"},{"floor":42.0,"key":"Bag of Marbles"},{"floor":44.0,"key":"aspiration:StickyExplosives_weak"},{"floor":45.0,"key":"PreservedInsect"},{"floor":51.0,"key":"Oddly Smooth Stone"}],"event_choices":[{"damage_healed":0.0,"max_hp_gain":0.0,"max_hp_loss":10.0,"gold_gain":2.0,"event_name":"betterStone:BetterStone","player_choice":"2","floor":33.0,"gold_loss":0.0,"damage_taken":0.0}],"is_beta":false,"boss_relics":[{"not_picked":["Black Star","Snecko Heart"],"picked":"Kintsugi"},{"not_picked":["hubris:RunicObelisk","Ring of the Serpent"],"picked":"Sozu"}],"items_purged_floors":[12],"is_endless":false,"potions_floor_spawned":[11,13,16,21,22,24,37,39,44,47],"ascension_level":19}}