{"host":"pfy6u49v5s5r680p","time":1610855027,"event":{"mods":["BaseMod","Colored Map","DeckTracker","Highlight Path","Keyboard Shortcuts","Minty Spire (QoL Compilation)","Permanent Neow","Quick Restart","StSLib","SuperFastMode","everything is the same but u backflip on backflip"],"gold_per_floor":[218,218,237,255,205,205,226,239,263,299,72,97,122,197,197,197,197],"floor_reached":16,"language":"KOR","playtime":594,"items_purged":[],"score":94,"play_id":"d6e163d2-378d-4587-8562-2cbd51ddab1a","local_time":"20210117124347","is_ascension_mode":false,"campfire_choices":[{"data":"Calculated Gamble","floor":6.0,"key":"SMITH"},{"floor":15.0,"key":"REST"}],"circlet_count":0,"master_deck":["Strike_G","Strike_G","Strike_G","Strike_G","Defend_G","Defend_G","Defend_G","Defend_G","Defend_G","Survivor","Neutralize","PiercingWail","Blade Dance","Calculated Gamble+1","Blur","Acrobatics","Phantasmal Killer","Blade Dance","Adrenaline","Tactician","Eviscerate"],"relics":["Ring of the Snake","Golden Idol","Dream Catcher","Odd Mushroom","DollysMirror","Nunchaku"],"acts_visited":["Exordium"],"potions_floor_usage":[16],"damage_taken":[{"damage":0.0,"enemies":"Cultist","floor":1.0,"turns":4.0},{"damage":0.0,"enemies":"Small Slimes","floor":3.0,"turns":4.0},{"damage":0.0,"enemies":"2 Louse","floor":4.0,"turns":2.0},{"damage":3.0,"enemies":"2 Fungi Beasts","floor":7.0,"turns":3.0},{"damage":22.0,"enemies":"Exordium Thugs","floor":8.0,"turns":7.0},{"damage":21.0,"enemies":"The Mushroom Lair","floor":10.0,"turns":5.0},{"damage":3.0,"enemies":"Exordium Wildlife","floor":12.0,"turns":3.0},{"damage":0.0,"enemies":"Blue Slaver","floor":13.0,"turns":3.0},{"damage":7.0,"enemies":"Lagavulin Event","floor":14.0,"turns":3.0},{"damage":19,"enemies":"The Guardian","floor":16,"turns":15}],"seed_played":"4325616486580236020","potions_obtained":[{"floor":3.0,"key":"BlessingOfTheForge"},{"floor":4.0,"key":"Strength Potion"},{"floor":12.0,"key":"PowerPotion"},{"floor":14.0,"key":"PowerPotion"}],"is_trial":false,"path_per_floor":["M","?","M","M","?","R","M","M","T","?","$","M","M","?","R","B"],"character_chosen":"THE_SILENT","items_purchased":["Phantasmal Killer","DollysMirror"],"campfire_rested":1,"item_purchase_floors":[11,11],"current_hp_per_floor":[70,65,65,65,65,65,62,40,40,19,19,16,16,9,28,9,9],"gold":197,"neow_bonus":"HUNDRED_GOLD","is_daily":false,"chose_seed":false,"campfire_upgraded":1,"win_rate":0.0,"timestamp":1610855027,"path_taken":["M","?","M","M","?","R","M","M","T","?","$","M","M","?","R","BOSS"],"items_purchased_type":["Card","Relic"],"build_version":"2020-12-22","purchased_purges":0,"victory":false,"max_hp_per_floor":[70,65,65,65,65,65,65,65,65,65,65,65,65,65,65,65,65],"card_choices":[{"not_picked":["Quick Slash","Calculated Gamble"],"picked":"PiercingWail","floor":1.0},{"not_picked":["Flying Knee","Endless Agony"],"picked":"Blade Dance","floor":3.0},{"not_picked":["Well Laid Plans","Outmaneuver"],"picked":"Calculated Gamble","floor":4.0},{"not_picked":["Deadly Poison","Underhanded Strike","Well Laid Plans"],"picked":"SKIP","floor":7.0},{"not_picked":["Prepared","Escape Plan"],"picked":"Blur","floor":8.0},{"not_picked":["Outmaneuver","Backflip"],"picked":"Acrobatics","floor":10.0},{"not_picked":["Finisher","Footwork"],"picked":"Adrenaline","floor":12.0},{"not_picked":["All Out Attack","PiercingWail","Acrobatics"],"picked":"SKIP","floor":13.0},{"not_picked":["Poisoned Stab","Infinite Blades"],"picked":"Tactician","floor":14.0},{"not_picked":["Flying Knee","Dodge and Roll"],"picked":"Eviscerate","floor":15.0}],"player_experience":144478,"relics_obtained":[{"floor":9.0,"key":"Dream Catcher"},{"floor":10.0,"key":"Odd Mushroom"},{"floor":14.0,"key":"Nunchaku"}],"event_choices":[{"damage_healed":0.0,"max_hp_gain":0.0,"max_hp_loss":5.0,"gold_gain":0.0,"event_name":"Golden Idol","player_choice":"Lose Max HP","floor":2.0,"gold_loss":0.0,"damage_taken":0.0,"relics_obtained":["Golden Idol"]},{"cards_removed":["Strike_G"],"damage_healed":0.0,"max_hp_gain":0.0,"max_hp_loss":0.0,"gold_gain":0.0,"event_name":"The Cleric","player_choice":"Card Removal","floor":5.0,"gold_loss":50.0,"damage_taken":0.0},{"damage_healed":0.0,"max_hp_gain":0.0,"max_hp_loss":0.0,"gold_gain":0.0,"event_name":"Mushrooms","player_choice":"Fought Mushrooms","floor":10.0,"gold_loss":0.0,"damage_taken":0.0},{"damage_healed":0.0,"max_hp_gain":0.0,"max_hp_loss":0.0,"gold_gain":0.0,"event_name":"Dead Adventurer","player_choice":"Searched \u00271\u0027 times","floor":14.0,"gold_loss":0.0,"damage_taken":0.0}],"is_beta":false,"boss_relics":[],"items_purged_floors":[],"is_endless":false,"potions_floor_spawned":[3,4,12,14],"killed_by":"The Guardian","ascension_level":0}}