{"host":"nsu382cuivk29rjh","time":1610878533,"event":{"mods":["BaseMod","Downfall","Minty Spire (QoL Compilation)","StSLib"],"gold_per_floor":[349,363,54,65,65,65,65,95,95,122,22,38,51,36,49,147,147,47,65,65,78,78,63,87,106,67,94,94,106,106,117,128,233,233,133,149,49,49,67,93,93,120,120,170,198,214,214,228,238,238,238,238],"floor_reached":50,"language":"ZHS","playtime":2856,"items_purged":["Slimebound:Tackle","Slimebound:Defend_Slimebound"],"score":582,"play_id":"ad069fab-9901-4316-ae02-c289db75f142","local_time":"20210117181533","is_ascension_mode":false,"campfire_choices":[{"data":"Slimebound:CorrosiveSpit","floor":1.0,"key":"SMITH"},{"floor":6.0,"key":"RECALL"},{"data":"Slimebound:SlimeSlap","floor":9.0,"key":"SMITH"},{"data":"Slimebound:SplitSpecialist","floor":11.0,"key":"SMITH"},{"data":"Slimebound:LeadByExample","floor":18.0,"key":"SMITH"},{"data":"Slimebound:Teamwork","floor":28.0,"key":"SMITH"},{"floor":35.0,"key":"REST"},{"floor":43.0,"key":"REST"}],"circlet_count":0,"master_deck":["Slimebound:Defend_Slimebound","Slimebound:Defend_Slimebound","Slimebound:Defend_Slimebound","Slimebound:Split","Slimebound:CorrosiveSpit+1","Slimebound:DivideAndConquer+1","Slimebound:SlimeSlap+1","Slimebound:Prepare","Slimebound:SplitSpecialist+1","Slimebound:ForwardTackle","Slimebound:Nibble+1","Slimebound:Replication","Slimebound:LeadByExample+1","Slimebound:LivingWall","Slimebound:Teamwork+1","Slimebound:RainOfGoop","Slimebound:Schlurp","Slimebound:DouseInSlime+1","Slimebound:LeechingTouch","Slimebound:SlimeTap+1","Slimebound:Gluttony+1","Slimebound:Prepare+1","Slimebound:SplitMire+1","Slimebound:Prepare"],"relics":["Slimebound:AbsorbEndCombat","Calipers","Eternal Feather","InkBottle","Nunchaku","downfall:HeartBlessingGreen","Snecko Eye","downfall:HeartBlessingRed","MealTicket","Chemical X","Regal Pillow","Fusion Hammer","downfall:HeartBlessingBlue","Bronze Scales","Ornamental Fan","Whetstone","Shovel","Girya"],"acts_visited":["TheCity","TheBeyond"],"potions_floor_usage":[50,50,50],"damage_taken":[{"damage":0.0,"enemies":"Cultist","floor":2.0,"turns":4.0},{"damage":3.0,"enemies":"downfall:FleeingMerchant","floor":3.0,"turns":4.0},{"damage":0.0,"enemies":"Jaw Worm","floor":4.0,"turns":3.0},{"damage":21.0,"enemies":"Lagavulin","floor":8.0,"turns":7.0},{"damage":18.0,"enemies":"Gremlin Nob","floor":10.0,"turns":3.0},{"damage":0.0,"enemies":"2 Louse","floor":12.0,"turns":4.0},{"damage":1.0,"enemies":"Red Slaver","floor":13.0,"turns":4.0},{"damage":0.0,"enemies":"downfall:FleeingMerchant","floor":14.0,"turns":4.0},{"damage":7.0,"enemies":"3 Louse","floor":15.0,"turns":3.0},{"damage":28.0,"enemies":"IC_STATUS_ARCHETYPE","floor":16.0,"turns":9.0},{"damage":4.0,"enemies":"3 Byrds","floor":19.0,"turns":4.0},{"damage":0.0,"enemies":"Chosen","floor":21.0,"turns":3.0},{"damage":0.0,"enemies":"downfall:FleeingMerchant","floor":23.0,"turns":4.0},{"damage":0.0,"enemies":"Snecko","floor":25.0,"turns":3.0},{"damage":1.0,"enemies":"downfall:FleeingMerchant","floor":26.0,"turns":4.0},{"damage":22.0,"enemies":"Slavers","floor":27.0,"turns":7.0},{"damage":0.0,"enemies":"3 Cultists","floor":29.0,"turns":6.0},{"damage":0.0,"enemies":"Sentry and Sphere","floor":31.0,"turns":3.0},{"damage":8.0,"enemies":"Shelled Parasite and Fungi","floor":32.0,"turns":7.0},{"damage":8.0,"enemies":"DF_ARCHETYPE_CLAW","floor":33.0,"turns":9.0},{"damage":0.0,"enemies":"3 Darklings","floor":36.0,"turns":4.0},{"damage":3.0,"enemies":"Orb Walker","floor":39.0,"turns":4.0},{"damage":21.0,"enemies":"Reptomancer","floor":42.0,"turns":6.0},{"damage":0,"enemies":"Reptomancer","floor":44,"turns":10},{"damage":6,"enemies":"Giant Head","floor":45,"turns":7},{"damage":0,"enemies":"Sphere and 2 Shapes","floor":46,"turns":4},{"damage":0,"enemies":"Transient","floor":48,"turns":5},{"damage":32,"enemies":"4 Shapes","floor":49,"turns":5},{"damage":55,"enemies":"SI_POISON_ARCHETYPE","floor":50,"turns":4}],"seed_played":"4945349970000179221","potions_obtained":[{"floor":2.0,"key":"Fire Potion"},{"floor":10.0,"key":"BlessingOfTheForge"},{"floor":15.0,"key":"Fire Potion"},{"floor":16.0,"key":"LiquidBronze"},{"floor":19.0,"key":"champ:CounterPotion"},{"floor":31.0,"key":"SpeedPotion"},{"floor":49,"key":"Energy Potion"}],"is_trial":false,"path_per_floor":["R","M","$","M","T","R","T","E","R","E","R","M","M","$","M","B",null,"R","M","?","M","?","$","T","M","$","E","R","M","?","M","M","B",null,"R","M","$","?","M","?","T","E","R","?","E","M","?","M","M","B"],"character_chosen":"SLIMEBOUND","items_purchased":["Calipers","Chemical X","Slimebound:DouseInSlime"],"campfire_rested":2,"item_purchase_floors":[3,26,26],"current_hp_per_floor":[59,59,57,59,59,59,59,41,47,32,41,43,43,47,40,19,59,59,56,56,59,59,59,59,59,59,41,53,56,56,58,54,55,59,69,69,69,69,67,67,67,53,69,69,69,69,61,67,38,0,0,0],"gold":238,"neow_bonus":"TWO_FIFTY_GOLD","is_daily":false,"chose_seed":false,"campfire_upgraded":5,"win_rate":0.0,"timestamp":1610878533,"path_taken":["R","M","$","M","?","R","T","E","R","E","R","M","M","$","M","BOSS","R","M","?","M","?","$","T","M","$","E","R","M","?","?","M","BOSS","R","M","$","?","M","?","T","E","R","?","E","?","?","M","M","BOSS"],"items_purchased_type":["Relic","Relic","Card"],"build_version":"2020-12-22","purchased_purges":2,"victory":false,"max_hp_per_floor":[59,59,59,59,59,59,59,59,59,59,59,59,59,59,59,59,59,59,59,59,59,59,59,59,59,59,59,59,59,59,59,59,59,59,69,69,69,69,69,69,69,69,69,69,69,69,69,69,69,69,69,69],"card_choices":[{"not_picked":["Slimebound:LeechingTouch","Slimebound:ItLooksTasty"],"picked":"Slimebound:DivideAndConquer","floor":2.0},{"not_picked":["Slimebound:FlameTackle","Slimebound:LevelUp"],"picked":"Slimebound:SlimeSlap","floor":3.0},{"not_picked":["Slimebound:Schlurp","Slimebound:SamplingLick"],"picked":"Slimebound:Prepare","floor":4.0},{"not_picked":["Slimebound:ComboTackle","Slimebound:CheckThePlaybook"],"picked":"Slimebound:SplitSpecialist","floor":8.0},{"not_picked":["Slimebound:GrowthPunch","Slimebound:SlimeSpikes"],"picked":"Slimebound:ForwardTackle","floor":10.0},{"not_picked":["Slimebound:BestDefense","Slimebound:Chomp"],"picked":"Slimebound:Nibble","floor":12.0},{"not_picked":["Slimebound:LeechEnergy","Slimebound:Gluttony"],"picked":"Slimebound:Replication","floor":13.0},{"not_picked":["Slimebound:FinishingTackle","Slimebound:SplitMire"],"picked":"Slimebound:LeadByExample","floor":14.0},{"not_picked":["Slimebound:PressTheAttack","Slimebound:FinishingTackle"],"picked":"Slimebound:LivingWall","floor":15.0},{"not_picked":["Slimebound:Darklings","Slimebound:Overexert"],"picked":"Slimebound:Teamwork","floor":16.0},{"not_picked":["Slimebound:RollThrough","Slimebound:ComboTackle"],"picked":"Slimebound:RainOfGoop","floor":19.0},{"not_picked":["Slimebound:PressTheAttack","Slimebound:LeechEnergy"],"picked":"Slimebound:Schlurp","floor":21.0},{"not_picked":["Slimebound:SamplingLick","Slimebound:SpikyOuterGoop","Slimebound:GrowthPunch"],"picked":"SKIP","floor":23.0},{"not_picked":["Slimebound:Nibble","Slimebound:ItLooksTasty","Slimebound:LevelUp"],"picked":"SKIP","floor":25.0},{"not_picked":["Slimebound:ProtectTheBoss","Slimebound:TongueLash","Slimebound:GoopSpray"],"picked":"SKIP","floor":26.0},{"not_picked":["Slimebound:ComboTackle","Slimebound:Schlurp+1","Slimebound:FinishingTackle"],"picked":"SKIP","floor":27.0},{"not_picked":["Slimebound:LevelUp+1","Slimebound:Grow","Slimebound:SplitAcid+1"],"picked":"SKIP","floor":29.0},{"not_picked":["Slimebound:LeadByExample","Slimebound:MegaLick","Slimebound:RainOfGoop"],"picked":"SKIP","floor":31.0},{"not_picked":["Slimebound:LeadByExample","Slimebound:HauntingLick+1"],"picked":"Slimebound:Equalize","floor":32.0},{"not_picked":["Slimebound:LivingWall","Slimebound:DivideAndConquer+1"],"picked":"Slimebound:LeechingTouch","floor":36.0},{"not_picked":["Slimebound:RollThrough+1","Slimebound:DivideAndConquer+1"],"picked":"Slimebound:SlimeTap+1","floor":39.0},{"not_picked":["Slimebound:SlimeSpikes","Slimebound:GrowthPunch"],"picked":"Slimebound:Gluttony+1","floor":42.0},{"not_picked":["Slimebound:FinishingTackle","Slimebound:GoopTackle"],"picked":"Slimebound:Prepare+1","floor":44},{"not_picked":["Slimebound:SpikyOuterGoop+1","Slimebound:Equalize+1"],"picked":"Slimebound:SplitMire+1","floor":45},{"not_picked":["Slimebound:FinishingTackle+1","Slimebound:HauntingLick","Slimebound:PressTheAttack"],"picked":"SKIP","floor":46},{"not_picked":["Slimebound:GoopTackle+1","Slimebound:LeechEnergy"],"picked":"Slimebound:Prepare","floor":48},{"not_picked":["Slimebound:LeechEnergy","Slimebound:LeechingTouch+1","Slimebound:LevelUp"],"picked":"SKIP","floor":49}],"player_experience":1148117,"relics_obtained":[{"floor":7.0,"key":"Eternal Feather"},{"floor":8.0,"key":"InkBottle"},{"floor":10.0,"key":"Nunchaku"},{"floor":24.0,"key":"MealTicket"},{"floor":27.0,"key":"Regal Pillow"},{"floor":40.0,"key":"Bronze Scales"},{"floor":41.0,"key":"Ornamental Fan"},{"floor":42.0,"key":"Whetstone"},{"floor":44,"key":"Shovel"},{"floor":45,"key":"Girya"}],"event_choices":[{"cards_removed":["Slimebound:Strike_Slimebound"],"damage_healed":0.0,"max_hp_gain":0.0,"max_hp_loss":0.0,"gold_gain":0.0,"event_name":"Wheel of Change","player_choice":"Card Removal","floor":30.0,"gold_loss":0.0,"damage_taken":0.0}],"is_beta":false,"boss_relics":[{"not_picked":["Tiny House","Slimebound:TarBlob"],"picked":"Snecko Eye"},{"not_picked":["Philosopher\u0027s Stone","SlaversCollar"],"picked":"Fusion Hammer"}],"items_purged_floors":[26,37],"is_endless":false,"potions_floor_spawned":[2,10,15,16,19,21,31,42,45,48,49],"killed_by":"SI_POISON_ARCHETYPE","ascension_level":0}}