{"host":"6bsan6hkua32tfq7","time":1610908089,"event":{"mods":["BaseMod","Better Third Choice","Colored Map","Highlight Path","Minty Spire (QoL Compilation)","StSLib"],"gold_per_floor":[110,124,124,124,124,149,149,160,160,160,85,98,124,24,24,99,99,99,99,0,0,0,0,0,0],"floor_reached":24,"language":"ENG","playtime":723,"items_purged":["Strike_R","Strike_R"],"score":458,"play_id":"d225b467-09f0-4d77-9ee2-796083d8a3c9","local_time":"20210117192809","is_ascension_mode":true,"campfire_choices":[{"data":"True Grit","floor":7,"key":"SMITH"},{"data":"Dark Embrace","floor":15,"key":"SMITH"},{"floor":23,"key":"REST"}],"circlet_count":0,"master_deck":["AscendersBane","Strike_R","Strike_R","Defend_R","Defend_R","Defend_R","Bash","Disarm","Rampage","True Grit+1","Dark Embrace+1","Warcry","Limit Break","Barricade","Warcry","Havoc","Double Tap"],"relics":["Burning Blood","NeowsBlessing","CaptainsWheel","Ancient Tea Set","Shuriken","Boot","Ectoplasm"],"acts_visited":["Exordium","TheCity"],"potions_floor_usage":[10,13,18,20,24,24],"damage_taken":[{"damage":0,"enemies":"Small Slimes","floor":1,"turns":1},{"damage":0,"enemies":"2 Louse","floor":2,"turns":1},{"damage":0,"enemies":"Lagavulin","floor":6,"turns":2},{"damage":0,"enemies":"Jaw Worm","floor":8,"turns":3},{"damage":0,"enemies":"Looter","floor":12,"turns":4},{"damage":34,"enemies":"3 Sentries","floor":13,"turns":10},{"damage":28,"enemies":"The Guardian","floor":16,"turns":13},{"damage":19,"enemies":"Shell Parasite","floor":18,"turns":11},{"damage":16,"enemies":"2 Thieves","floor":20,"turns":5},{"damage":33,"enemies":"Centurion and Healer","floor":22,"turns":10},{"damage":61,"enemies":"Book of Stabbing","floor":24,"turns":7}],"seed_played":"-7809447666360909474","potions_obtained":[{"floor":1,"key":"BloodPotion"},{"floor":6,"key":"Fruit Juice"},{"floor":10,"key":"FearPotion"},{"floor":16,"key":"GamblersBrew"},{"floor":18,"key":"SkillPotion"},{"floor":22,"key":"Weak Potion"}],"is_trial":false,"path_per_floor":["M","M","?","?","?","E","R","M","T","?","$","M","E","$","R","B",null,"M","?","M","?","M","R","E"],"character_chosen":"IRONCLAD","items_purchased":[],"campfire_rested":1,"item_purchase_floors":[],"current_hp_per_floor":[74,75,75,75,68,74,74,75,75,80,80,80,52,52,52,30,68,71,71,61,61,34,58,0,0],"gold":0,"neow_bonus":"THREE_ENEMY_KILL","is_daily":false,"chose_seed":false,"campfire_upgraded":2,"win_rate":0.0,"timestamp":1610908089,"path_taken":["M","M","?","?","?","E","R","?","T","?","?","M","E","$","R","BOSS","M","?","M","?","?","R","E"],"items_purchased_type":[],"build_version":"2020-12-22","purchased_purges":2,"victory":false,"max_hp_per_floor":[75,75,75,75,75,75,75,75,75,80,80,80,80,80,80,80,80,80,80,80,80,80,80,80,80],"card_choices":[{"not_picked":["Flame Barrier","Rupture"],"picked":"Disarm","floor":1},{"not_picked":["Anger","Perfected Strike"],"picked":"Rampage","floor":2},{"not_picked":["Rupture","Intimidate"],"picked":"True Grit","floor":6},{"not_picked":["Twin Strike","Anger"],"picked":"Dark Embrace","floor":8},{"not_picked":["Thunderclap","Infernal Blade"],"picked":"Warcry","floor":12},{"not_picked":["Inflame","Armaments"],"picked":"Limit Break","floor":13},{"not_picked":["Bludgeon","Demon Form"],"picked":"Barricade","floor":16},{"not_picked":["Havoc","Evolve"],"picked":"Warcry","floor":18},{"not_picked":["Clothesline+1","Wild Strike"],"picked":"Havoc","floor":20},{"not_picked":["Clash","Uppercut"],"picked":"Double Tap","floor":22}],"player_experience":5291013,"relics_obtained":[{"floor":6,"key":"Ancient Tea Set"},{"floor":9,"key":"Shuriken"},{"floor":13,"key":"Boot"}],"event_choices":[{"damage_healed":0,"gold_gain":0,"player_choice":"Box","damage_taken":0,"relics_obtained":["CaptainsWheel"],"max_hp_gain":0,"max_hp_loss":0,"event_name":"Big Fish","floor":3,"gold_loss":0,"cards_obtained":["Regret"]},{"cards_removed":["Regret"],"damage_healed":0,"gold_gain":0,"player_choice":"Forget","damage_taken":0,"max_hp_gain":0,"max_hp_loss":0,"event_name":"Living Wall","floor":4,"gold_loss":0},{"cards_removed":["Strike_R"],"damage_healed":0,"gold_gain":0,"player_choice":"Card Removal","damage_taken":7,"max_hp_gain":0,"max_hp_loss":0,"event_name":"Golden Wing","floor":5,"gold_loss":0},{"damage_healed":0,"gold_gain":0,"player_choice":"Got Potions","damage_taken":0,"max_hp_gain":0,"max_hp_loss":0,"event_name":"Lab","floor":10,"gold_loss":0},{"cards_removed":["Defend_R"],"damage_healed":0,"gold_gain":0,"player_choice":"Elegance","damage_taken":0,"max_hp_gain":0,"max_hp_loss":0,"event_name":"betterThird:BetterWriting","floor":19,"gold_loss":0},{"damage_healed":0,"gold_gain":0,"player_choice":"Ignored","damage_taken":0,"max_hp_gain":0,"max_hp_loss":0,"event_name":"Vampires","floor":21,"gold_loss":0}],"is_beta":false,"boss_relics":[{"not_picked":["Cursed Key","Runic Cube"],"picked":"Ectoplasm"}],"items_purged_floors":[11,14],"is_endless":false,"potions_floor_spawned":[1,6,12,16,18,22],"killed_by":"Book of Stabbing","ascension_level":20}}