{"host":"a4220vmwe0snk9yx","time":1610852097,"event":{"mods":["100% Spire Juice","AchievementEnabler","BaseMod","Bestiary","Better Altar","Better Skull","BetterRewards","CapriCore","Card Forge","Chen","Gold Saver","HololiveMod","Koishi","Marisa（霧雨　魔理沙）","Minty Spire (QoL Compilation)","Prisma Mod","Reimu（博??梦）","StSLib","SuperFastMode","The Alterego","The Animator","The Immortal","The Wild Card","Waifu the Spire","WarShipGirlsR/??少女R mod","Yakumo Yukari mod"],"gold_per_floor":[719,719,894,559,659,689,689,714,741,741,763,763,789,764,764,868,868,881,892,892,882,797,842,802,521,521,521,222,236,236,262,262,357,357,376,201,201,211,211,211,225,225,225,260,260,275,287,287,287,287,287,287,287,317,317],"floor_reached":56,"language":"ENG","playtime":3108,"items_purged":["animator:Strike","Doubt","animator:Strike","animator:Strike","animator:Defend"],"score":1500,"play_id":"f9e336d6-8f65-4c26-ace6-960b3c11f9b0","local_time":"20210116215457","is_ascension_mode":false,"campfire_choices":[{"data":"animator:YachiyoNanami","floor":7.0,"key":"SMITH"},{"data":"animator:MamiTomoe","floor":10.0,"key":"SMITH"},{"floor":12.0,"key":"REST"},{"data":"animator:KyokoSakura","floor":15.0,"key":"SMITH"},{"data":"animator:KyokoSakura","floor":27.0,"key":"SMITH"},{"data":"animator:MamiTomoe","floor":30.0,"key":"SMITH"},{"floor":32.0,"key":"REST"},{"data":"animator:MisaKurobane","floor":40,"key":"SMITH"},{"floor":49,"key":"RECALL"},{"data":"animator:Kyubey","floor":52,"key":"SMITH"}],"circlet_count":0,"master_deck":["animator:Strike_MadokaMagica+1","animator:Defend_MadokaMagica","animator:Defend","animator:Defend","animator:IrohaTamaki","animator:YuiTsuruno+1","animator:YachiyoNanami+1","animator:MamiTomoe+1","animator:KyokoSakura+1","animator:KyokoSakura+1","Necronomicurse","animator:MamiTomoe+1","animator:MadokaKaname","animator:SayakaMiki","animator:Kyubey+1","animator:MisaKurobane+1","animator:YuiTsuruno"],"relics":["animator:LivingPicture","animator:TheMissingPiece","Hammer of Thor","Seething Fire","Anvil of the Gods","Shuriken","Runic Capacitor","animator:ShionDessert","Bag of Preparation","Mastiff:ReiMu","Pantograph","animator:HolyGrailRelic","Necronomicon","Shovel","RuthlessExorcism:ReiMu","ZunR:ReiMu","TwistedFunnel","animator:WornHelmet","Bag of Marbles","Mark of Pain","Whetstone","Boot","Juzu Bracelet","Torii"],"acts_visited":["Exordium","TheCity","TheBeyond","TheEnding"],"potions_floor_usage":[50,55,55,55],"damage_taken":[{"damage":1.0,"enemies":"Small Slimes","floor":1.0,"turns":5.0},{"damage":18.0,"enemies":"3 Sentries","floor":6.0,"turns":11.0},{"damage":28.0,"enemies":"Lagavulin","floor":8.0,"turns":7.0},{"damage":5.0,"enemies":"Jaw Worm","floor":11.0,"turns":2.0},{"damage":7.0,"enemies":"Gremlin Nob","floor":13.0,"turns":4.0},{"damage":17.0,"enemies":"The Guardian","floor":16.0,"turns":6.0},{"damage":14.0,"enemies":"2 Thieves","floor":18.0,"turns":4.0},{"damage":10.0,"enemies":"Chosen","floor":19.0,"turns":3.0},{"damage":19.0,"enemies":"animator:HornedBat","floor":23.0,"turns":6.0},{"damage":0.0,"enemies":"3 Cultists","floor":29.0,"turns":3.0},{"damage":23.0,"enemies":"Slavers","floor":31.0,"turns":3.0},{"damage":62.0,"enemies":"Collector","floor":33.0,"turns":6.0},{"damage":0,"enemies":"Orb Walker","floor":35,"turns":1},{"damage":0,"enemies":"3 Shapes","floor":38,"turns":2},{"damage":0,"enemies":"Spire Growth","floor":41,"turns":2},{"damage":0,"enemies":"Reptomancer","floor":44,"turns":2},{"damage":0,"enemies":"Sphere and 2 Shapes","floor":46,"turns":2},{"damage":8,"enemies":"Maw","floor":47,"turns":3},{"damage":78,"enemies":"Time Eater","floor":50,"turns":9},{"damage":38,"enemies":"Shield and Spear","floor":54,"turns":4},{"damage":69,"enemies":"The Heart","floor":55,"turns":6}],"seed_played":"-5935318457519446128","potions_obtained":[{"floor":1.0,"key":"SpeedPotion"},{"floor":13.0,"key":"DistilledChaos"},{"floor":18.0,"key":"BlessingOfTheForge"},{"floor":29.0,"key":"Strength Potion"},{"floor":45,"key":"AttackPotion"},{"floor":45,"key":"CultistPotion"},{"floor":54,"key":"animator:GrowthPotion"}],"is_trial":false,"path_per_floor":["M","?","?","$","?","E","R","E","T","R","M","R","E","?","R","B",null,"M","M","?","?","?","E","?","$","T","R","$","M","R","E","R","B",null,"M","$","?","M","?","R","M","$","T","E","?","M","M","T","R","B",null,"R","$","E","B",null],"character_chosen":"THE_ANIMATOR","items_purchased":["Shuriken","animator:YachiyoNanami","animator:MamiTomoe","Runic Capacitor","TwistedFunnel","animator:WornHelmet"],"campfire_rested":2,"item_purchase_floors":[0,0,4,4,25,28],"current_hp_per_floor":[65,65,65,65,65,47,47,19,19,19,14,33,26,26,26,34,74,62,54,38,39,39,29,29,29,29,29,29,31,31,16,40,6,83,85,85,75,77,77,77,79,79,79,87,87,89,83,83,83,13,88,88,88,52,8],"gold":317,"neow_bonus":"","is_daily":false,"chose_seed":false,"campfire_upgraded":7,"win_rate":0.0,"timestamp":1610852097,"path_taken":["M","?","?","$","?","E","R","E","T","R","?","R","E","?","R","BOSS","M","M","?","?","?","E","?","$","T","R","?","M","R","E","R","BOSS","M","$","?","M","?","R","M","$","T","E","?","?","?","?","R","BOSS","R","$","E","BOSS"],"items_purchased_type":["Relic","Card","Card","Relic","Relic","Relic"],"build_version":"2020-12-22","purchased_purges":5,"victory":true,"max_hp_per_floor":[66,66,66,66,66,66,66,66,66,66,66,66,66,66,66,66,74,76,78,78,79,79,76,76,76,76,76,76,78,78,80,80,83,83,85,85,85,87,83,83,85,85,85,87,87,89,91,91,91,88,88,88,88,90,87],"card_choices":[{"not_picked":["animator:Ciel","animator:Viivi","animator:Alexander"],"picked":"SKIP","floor":1.0},{"not_picked":["animator:Add","animator:PinaCoLada","animator:Berserker"],"picked":"SKIP","floor":6.0},{"not_picked":["animator:DolaRiku","animator:LeleiLaLalena","animator:Arpeggio"],"picked":"SKIP","floor":8.0},{"not_picked":["animator:MadokaKaname","animator:SuzuneAmano"],"picked":"animator:KyokoSakura","floor":11.0},{"not_picked":["animator:Chung","animator:HiiragiShinya","animator:Elesis"],"picked":"SKIP","floor":13.0},{"not_picked":["animator:EmiyaShirou","animator:DolaRiku","animator:Rider"],"picked":"SKIP","floor":18.0},{"not_picked":["animator:Shigure","animator:Chung"],"picked":"animator:KyokoSakura","floor":19.0},{"not_picked":[],"picked":"animator:MamiTomoe","floor":21.0},{"not_picked":[],"picked":"animator:MadokaKaname","floor":21.0},{"not_picked":["animator:KyokoSakura","animator:YachiyoNanami"],"picked":"animator:SayakaMiki","floor":23.0},{"not_picked":["animator:Elsword","animator:HiiragiShinya","animator:Elesis"],"picked":"SKIP","floor":29.0},{"not_picked":["animator:AcuraTooru","animator:Assassin+1","animator:DolaCouronne"],"picked":"SKIP","floor":31.0},{"not_picked":["animator:Saber","animator:FeridBathory"],"picked":"animator:Kyubey","floor":33.0},{"not_picked":["animator:Shigure+1","animator:Gillette+1","animator:Lu+1"],"picked":"SKIP","floor":35},{"not_picked":["animator:Cirno","animator:Lelouch"],"picked":"animator:MisaKurobane","floor":37},{"not_picked":["animator:Ara","animator:Laby","animator:ChlammyZell+1"],"picked":"SKIP","floor":41},{"not_picked":["animator:Lu","animator:Laby+1","animator:Yuuichirou"],"picked":"SKIP","floor":44},{"not_picked":["animator:Add+1","animator:AcuraAkari","animator:KyokoSakura"],"picked":"SKIP","floor":46},{"not_picked":["animator:IrohaTamaki","animator:MamiTomoe"],"picked":"animator:YuiTsuruno","floor":47},{"not_picked":["animator:SakuraMatou+1","animator:TukaLunaMarceau+1","animator:Jibril"],"picked":"SKIP","floor":54}],"player_experience":923179,"relics_obtained":[{"floor":6.0,"key":"animator:ShionDessert"},{"floor":8.0,"key":"Bag of Preparation"},{"floor":9.0,"key":"Mastiff:ReiMu"},{"floor":13.0,"key":"Pantograph"},{"floor":20.0,"key":"Necronomicon"},{"floor":23.0,"key":"RuthlessExorcism:ReiMu"},{"floor":31.0,"key":"Bag of Marbles"},{"floor":43,"key":"Whetstone"},{"floor":44,"key":"Boot"},{"floor":48,"key":"Juzu Bracelet"},{"floor":54,"key":"Torii"}],"event_choices":[{"damage_healed":0.0,"max_hp_gain":0.0,"max_hp_loss":0.0,"gold_gain":175.0,"event_name":"Liars Game","player_choice":"AGREE","floor":3.0,"gold_loss":0.0,"damage_taken":0.0,"cards_obtained":["Doubt"]},{"damage_healed":0.0,"max_hp_gain":0.0,"max_hp_loss":0.0,"gold_gain":100.0,"event_name":"Golden Shrine","player_choice":"Pray","floor":5.0,"gold_loss":0.0,"damage_taken":0.0},{"damage_healed":0.0,"max_hp_gain":0.0,"max_hp_loss":0.0,"gold_gain":0.0,"event_name":"World of Goop","player_choice":"Left Gold","floor":14.0,"gold_loss":25.0,"damage_taken":0.0},{"damage_healed":0.0,"max_hp_gain":0.0,"max_hp_loss":0.0,"gold_gain":0.0,"event_name":"Cursed Tome","player_choice":"Obtained Book","floor":20.0,"gold_loss":0.0,"damage_taken":16.0},{"damage_healed":0.0,"max_hp_gain":0.0,"max_hp_loss":0.0,"gold_gain":0.0,"event_name":"Addict","player_choice":"Obtained Relic","floor":22.0,"gold_loss":85.0,"damage_taken":0.0,"relics_obtained":["Shovel"]},{"damage_healed":0.0,"max_hp_gain":0.0,"max_hp_loss":0.0,"gold_gain":0.0,"event_name":"ZunEvent","player_choice":"Keep O-miki","floor":24.0,"gold_loss":40.0,"damage_taken":0.0,"relics_obtained":["ZunR:ReiMu"]},{"damage_healed":0,"gold_gain":0,"player_choice":"Memory 3","damage_taken":10,"max_hp_gain":0,"max_hp_loss":0,"event_name":"SensoryStone","floor":37,"gold_loss":0},{"damage_healed":0,"gold_gain":0,"player_choice":"Max HP","damage_taken":0,"max_hp_gain":0,"max_hp_loss":4,"event_name":"Winding Halls","floor":39,"gold_loss":0},{"damage_healed":0,"gold_gain":0,"player_choice":"Got Potions","damage_taken":0,"max_hp_gain":0,"max_hp_loss":0,"event_name":"Lab","floor":45,"gold_loss":0}],"is_beta":false,"boss_relics":[{"not_picked":["Pandora\u0027s Box","Empty Cage"],"picked":"animator:HolyGrailRelic"},{"not_picked":["Astrolabe","Runic Dome"],"picked":"Mark of Pain"}],"items_purged_floors":[0,4,25,28,36],"is_endless":false,"potions_floor_spawned":[1,13,18,29,46,54],"ascension_level":0}}