{"host":"c5slkkw8hp42e20v","time":1610862885,"event":{"mods":["AchievementEnabler","BaseMod","Better Note","BetterRewards","Colored Powertips","DeckTracker","Friendly Minions","GifTheSpireLib","Hermit","Highlight Path","Minty Spire (QoL Compilation)","Quick Restart","Rare Cards Sparkle","Replay The Spire","Spicy Shops","StSLib","The Animator","The Hierophant","The Poker Player","????"],"gold_per_floor":[116,133,150,3,21,21,47,63,63,76,86,104,104,115,115,216,216,231,250,3,3,3],"floor_reached":21,"language":"ENG","playtime":1070,"items_purged":[],"score":287,"play_id":"e668dcbc-8013-41eb-98dc-f9e428420cff","local_time":"20210116235445","is_ascension_mode":false,"campfire_choices":[{"data":"Noxious Fumes","floor":6,"key":"SMITH"},{"floor":13,"key":"REST"},{"floor":15,"key":"REST"}],"circlet_count":0,"master_deck":["Strike_G","Strike_G","Strike_G","Strike_G","Strike_G","Defend_G","Defend_G","Defend_G","Defend_G","Defend_G","Survivor","Neutralize","Noxious Fumes+1","Flying Knee","Poisoned Stab","Backstab","Noxious Fumes","Corpse Explosion","Blade Dance","Replay:Poison Smokescreen","Flying Knee","Toxin Wave","Venomology","Envenom","Dagger Throw","Dash+1","Bandage Up","Sucker Punch"],"relics":["Ring of the Snake","Pet Ghost","Regal Pillow","Ice Cream","Replay:Bottled Flurry","Ring of Chaos","TheAbacus"],"acts_visited":["Exordium","TheCity"],"potions_floor_usage":[16,16,16,16,16,16,16,21,21],"damage_taken":[{"damage":9,"enemies":"Cultist","floor":1,"turns":5},{"damage":1,"enemies":"2 Louse","floor":2,"turns":3},{"damage":6,"enemies":"Jaw Worm","floor":3,"turns":3},{"damage":1,"enemies":"2 Fungi Beasts","floor":5,"turns":3},{"damage":10,"enemies":"Lagavulin","floor":7,"turns":6},{"damage":10,"enemies":"Looter","floor":8,"turns":2},{"damage":7,"enemies":"Blue Slaver","floor":10,"turns":3},{"damage":7,"enemies":"3 Louse","floor":11,"turns":2},{"damage":5,"enemies":"Red Slaver","floor":12,"turns":3},{"damage":7,"enemies":"Blue Slaver","floor":14,"turns":2},{"damage":25,"enemies":"The Guardian","floor":16,"turns":6},{"damage":41,"enemies":"Spheric Guardian","floor":18,"turns":6},{"damage":18,"enemies":"3 Byrds","floor":19,"turns":3},{"damage":14,"enemies":"Shelled Parasite and Fungi","floor":21,"turns":1}],"seed_played":"487534706772543089","potions_obtained":[{"floor":2,"key":"Adrenaline Potion"},{"floor":3,"key":"Swift Potion"},{"floor":10,"key":"ColorlessPotion"},{"floor":12,"key":"EntropicBrew"}],"is_trial":false,"path_per_floor":["M","M","M","$","M","R","E","M","T","M","M","M","R","M","R","B",null,"M","M","$","M"],"character_chosen":"THE_SILENT","items_purchased":["Pet Ghost","Noxious Fumes","Regal Pillow","TheAbacus","Bandage Up","Sucker Punch"],"campfire_rested":2,"item_purchase_floors":[0,0,4,20,20,20],"current_hp_per_floor":[61,60,54,54,53,53,43,33,33,26,19,14,50,43,70,45,70,29,11,11,0,0],"gold":3,"neow_bonus":"","is_daily":false,"chose_seed":false,"campfire_upgraded":1,"win_rate":0.0,"timestamp":1610862885,"path_taken":["M","M","M","?","?","R","E","M","T","M","M","M","R","M","R","BOSS","M","M","$","M"],"items_purchased_type":["Relic","Card","Relic","Relic","Card","Card"],"build_version":"2020-12-22","purchased_purges":0,"victory":false,"max_hp_per_floor":[70,70,70,70,70,70,70,70,70,70,70,70,70,70,70,70,70,70,70,70,70,70],"card_choices":[{"not_picked":["All Out Attack","Backstab"],"picked":"Flying Knee","floor":1},{"not_picked":["Outmaneuver","Backflip"],"picked":"Poisoned Stab","floor":2},{"not_picked":["Sucker Punch","Sneak Up"],"picked":"Backstab","floor":3},{"not_picked":["Acrobatics","Underhanded Strike"],"picked":"Noxious Fumes","floor":5},{"not_picked":["Footwork","Poisoned Stab"],"picked":"Corpse Explosion","floor":7},{"not_picked":["Flying Knee","Prepared"],"picked":"Blade Dance","floor":8},{"not_picked":["Slice","Dagger Throw"],"picked":"Replay:Poison Smokescreen","floor":10},{"not_picked":["Calculated Gamble","Underhanded Strike"],"picked":"Flying Knee","floor":11},{"not_picked":["Poisoned Stab","Outmaneuver"],"picked":"Toxin Wave","floor":12},{"not_picked":["Outmaneuver","ReplayTheSpireMod:Exploit Weakness"],"picked":"Venomology","floor":14},{"not_picked":["Night Terror","Phantasmal Killer"],"picked":"Envenom","floor":16},{"not_picked":["PiercingWail+1","Dodge and Roll"],"picked":"Dagger Throw","floor":18},{"not_picked":["Outmaneuver","Acrobatics+1"],"picked":"Dash+1","floor":19}],"player_experience":55326,"relics_obtained":[{"floor":7,"key":"Ice Cream"},{"floor":9,"key":"Replay:Bottled Flurry"}],"event_choices":[],"is_beta":false,"boss_relics":[{"not_picked":["HoveringKite","Snecko Scales"],"picked":"Ring of Chaos"}],"items_purged_floors":[],"is_endless":false,"potions_floor_spawned":[2,3,10,11,12],"killed_by":"Shelled Parasite and Fungi","ascension_level":0}}