{"host":"leop","time":1610885255,"event":{"mods":["ATMod(°¢èªMod)","Act Like it!","BaseMod","GifTheSpireLib","Minty Spire (QoL Compilation)","MostiFishMod","Shop Mod","Spicy Shops","StSLib","TestMod","[IsaacMod]ÒÔÈö¼âËþ","¡¾ÒÅÎï¿¨ÅÆ¡¿REMEMod"],"gold_per_floor":[111,123,173,191,191,219,219,219,296,55,87,22069,22069,22084,22084,22243,22243,22258,22183,22206,22206,22224,22257,22257,22290,22315,22329,20619,20642,20642,20685,20685,20842,20842,20866,20879,20350,20350,20488,20488,20575,20653,20653,20758,19600,19636,19727,19776,19776,19836,19920,19920,19920,16850,17003,17267],"floor_reached":57,"language":"ZHS","playtime":2931,"items_purged":["Strike_R","Strike_R","Strike_R","Strike_R","Defend_R","Defend_R","Defend_R","Strike_R+1","Bash","Defend_R+1"],"score":2935,"play_id":"b210c2b1-6cc8-4050-8add-587ca6065b11","local_time":"20210117200735","is_ascension_mode":true,"campfire_choices":[{"data":"Hemokinesis","floor":7.0,"key":"SMITH"},{"data":"Burning Pact","floor":15.0,"key":"SMITH"},{"floor":24.0,"key":"RECALL"},{"data":"Rupture","floor":32,"key":"SMITH"},{"data":"Bloodletting","floor":40,"key":"SMITH"},{"data":"1","floor":49,"key":"LIFT"},{"data":"2","floor":53,"key":"LIFT"}],"circlet_count":0,"master_deck":["AscendersBane","AT_FamilyPortrait+1","Carnage","Disarm+1","Hemokinesis+1","Feed+1","Feed+1","Apotheosis+1","Burning Pact+1","REME_ACTH+1","Strike_R","Evolve+1","Feed+1","Offering+1","Bloodletting+1","Whirlwind+1","Rupture+1","MostiFishMod:HellRitual+1","Limit Break+1","Pain","MostiFishMod:CullingBlade+1","REME_ACTH+1","Burning Pact+1","Dark Embrace","Offering+1"],"relics":["Burning Blood","testmod-TestBox","DaveBox","REME_ComplimentaryCards","AT_ATBox","HushsDoor","NeowsBlessing","testmod-AscensionHeart","BrkXgEgg","BelialBook","SynthV:TestCard","Oddly Smooth Stone","Letter Opener","MerchantsRug","Civilization","Pantograph","AT_ChloranthyRing","testmod-AssaultLearning","Golden Idol","Runic Dome","HowToJump","Boot","AT_SunfireAegis","Meat on the Bone","Lizard Tail","testmod-Charity","Self Forming Clay","SharpPlug","Lee\u0027s Waffle","testmod-CyclicPeriapt","REME_ChargedStone","Centennial Puzzle","PreservedInsect","SalivaCoin","WarpedTongs","D6","Girya","testmod-ArcanaOfDestiny","White Beast Statue","Ornamental Fan","Bag of Marbles","testmod-OneHitWonder","Sling","CeramicFish","Bag of Preparation","Technique","Bronze Scales","ImprovedEquipment","NineVolt","SynthV:C4","REME_LimitBreaker","Shuriken","AT_BladeRuinedKing","Cauldron","Leech"],"acts_visited":["Exordium","TheCity","TheBeyond","TheEnding"],"potions_floor_usage":[],"damage_taken":[{"damage":0.0,"enemies":"2 Louse","floor":1.0,"turns":1.0},{"damage":0.0,"enemies":"Cultist","floor":2.0,"turns":1.0},{"damage":0.0,"enemies":"Hiden Room Battle","floor":3.0,"turns":1.0},{"damage":5.0,"enemies":"Small Slimes","floor":4.0,"turns":3.0},{"damage":22.0,"enemies":"3 Sentries","floor":6.0,"turns":7.0},{"damage":3.0,"enemies":"Lagavulin","floor":11.0,"turns":4.0},{"damage":0.0,"enemies":"3 Louse","floor":14.0,"turns":5.0},{"damage":34.0,"enemies":"Hexaghost","floor":16.0,"turns":7.0},{"damage":0.0,"enemies":"Shell Parasite","floor":18.0,"turns":1.0},{"damage":0.0,"enemies":"3 Byrds","floor":20.0,"turns":2.0},{"damage":0.0,"enemies":"3 Cultists","floor":22.0,"turns":5.0},{"damage":2.0,"enemies":"Gremlin Leader","floor":23.0,"turns":2.0},{"damage":2,"enemies":"Slavers","floor":25,"turns":3},{"damage":8,"enemies":"Centurion and Healer","floor":27,"turns":3},{"damage":3,"enemies":"Snake Plant","floor":29,"turns":1},{"damage":6,"enemies":"Book of Stabbing","floor":31,"turns":1},{"damage":11,"enemies":"Collector","floor":33,"turns":3},{"damage":18,"enemies":"3 Darklings","floor":35,"turns":2},{"damage":6,"enemies":"3 Shapes","floor":36,"turns":2},{"damage":28,"enemies":"Jaw Worm Horde","floor":39,"turns":2},{"damage":3,"enemies":"Nemesis","floor":41,"turns":1},{"damage":32,"enemies":"Mind Bloom Boss Battle","floor":42,"turns":6},{"damage":31,"enemies":"Sphere and 2 Shapes","floor":44,"turns":2},{"damage":4,"enemies":"Maw","floor":46,"turns":2},{"damage":13,"enemies":"Giant Head","floor":47,"turns":2},{"damage":7,"enemies":"Jaw Worm Horde","floor":48,"turns":2},{"damage":17,"enemies":"Awakened One","floor":50,"turns":3},{"damage":36,"enemies":"Time Eater","floor":51,"turns":3},{"damage":25,"enemies":"Shield and Spear","floor":55,"turns":1},{"damage":58,"enemies":"Delirium","floor":56,"turns":2}],"seed_played":"-3832434906673950571","potions_obtained":[{"floor":1.0,"key":"Energy Potion"},{"floor":4.0,"key":"BlessingOfTheForge"},{"floor":14.0,"key":"Energy Potion"},{"floor":25,"key":"Ancient Potion"}],"is_trial":false,"path_per_floor":["M","M","?","M","?","E","R","?","T","$","E","$","?","M","R","B",null,"M","?","M","?","M","E","R","E","T","M","$","M","?","E","R","B",null,"M","M","$","?","M","R","E","?","T","M","$","M","E","M","R","B","B",null,"R","$","E","B",null],"character_chosen":"IRONCLAD","items_purchased":["MerchantsRug","Civilization","Apotheosis+1","AT_ChloranthyRing","testmod-AssaultLearning","Meat on the Bone","Lizard Tail","testmod-Charity","Self Forming Clay","SharpPlug","Whirlwind","Lee\u0027s Waffle","Damocles","Centennial Puzzle","PreservedInsect","SalivaCoin","White Beast Statue","Ornamental Fan","Bag of Marbles","testmod-OneHitWonder","Sling","Bag of Preparation","Technique","Bronze Scales","ImprovedEquipment","NineVolt","SynthV:C4","EntropicBrew","SteroidPotion","Dark Embrace","REME_LimitBreaker","Shuriken","AT_BladeRuinedKing","Cauldron"],"campfire_rested":0,"item_purchase_floors":[10,10,12,12,12,28,28,28,28,28,28,28,34,37,37,37,45,45,45,45,45,54,54,54,54,54,54,54,54,54,54,54,54,54],"current_hp_per_floor":[75,75,75,75,64,53,53,58,58,58,68,68,53,72,72,84,106,122,122,135,117,137,152,152,175,175,187,207,217,217,228,228,238,228,126,145,149,149,165,165,189,215,215,224,230,247,261,284,284,331,355,463,463,483,494,523],"gold":17267,"neow_bonus":"THREE_ENEMY_KILL","is_daily":false,"chose_seed":false,"campfire_upgraded":4,"win_rate":0.0,"timestamp":1610885255,"path_taken":["M","M","?","M","?","E","R","?","T","$","E","$","?","?","R","BOSS","M","?","M","?","M","E","R","E","T","?","$","M","?","E","R","BOSS","M","M","$","?","M","R","E","?","T","M","$","M","E","M","R","BOSS","BOSS","R","$","E","BOSS"],"items_purchased_type":["Relic","Relic","Card","Relic","Relic","Relic","Relic","Relic","Relic","Relic","Card","Relic","Relic","Relic","Relic","Relic","Relic","Relic","Relic","Relic","Relic","Relic","Relic","Relic","Relic","Relic","Relic","Potion","Potion","Card","Relic","Relic","Relic","Relic"],"build_version":"2020-12-18","purchased_purges":10,"victory":true,"max_hp_per_floor":[75,75,75,75,75,76,76,81,81,81,87,87,87,99,99,113,113,122,122,135,140,153,163,163,181,181,194,207,217,217,228,228,243,228,238,256,260,260,297,297,317,343,343,376,382,396,416,439,439,471,499,499,499,519,548,602],"card_choices":[{"not_picked":["Cleave","Evolve"],"picked":"Carnage","floor":1.0},{"not_picked":["REME_FearOfPain","AT_DrawKnifeCut","True Grit","Blood for Blood"],"picked":"Disarm","floor":2.0},{"not_picked":["True Grit","AT_ManFootWork","Pummel","Carnage","Headbutt"],"picked":"Hemokinesis","floor":4.0},{"not_picked":["REME_TheLastStrike","MostiFishMod:FireWorks","Offering","MostiFishMod:NewArrival","MostiFishMod:OrdinaryWorld"],"picked":"Feed+1","floor":6.0},{"not_picked":["MostiFishMod:FlyOverUtopia","Immolate","MostiFishMod:ChineseTea","Double Tap"],"picked":"Feed","floor":11.0},{"not_picked":["Havoc","Bomb","Anger","Twin Strike"],"picked":"Burning Pact","floor":14.0},{"not_picked":["Corruption+1","Juggernaut+1","MostiFishMod:ChineseTea+1","MostiFishMod:404NotFound+1"],"picked":"REME_ACTH+1","floor":16.0},{"not_picked":["Seeing Red+1","Warcry","Searing Blow","AT_IchimonjiDouble+1","Clash"],"picked":"SKIP","floor":18.0},{"not_picked":["Body Slam","Clothesline","AT_BodySlamDance","Thunderclap"],"picked":"Evolve+1","floor":20.0},{"not_picked":["Armaments","Ghostly Armor","Double Tap+1","Sword Boomerang","Rage+1"],"picked":"SKIP","floor":22.0},{"not_picked":["MostiFishMod:CullingBlade","MostiFishMod:NewArrival","MostiFishMod:TemporaryOutbreak","Fiend Fire"],"picked":"Feed","floor":23.0},{"not_picked":["MostiFishMod:404NotFound","Fiend Fire","MostiFishMod:WingOfPhoenix","Bludgeon"],"picked":"Offering","floor":25},{"not_picked":["Sword Boomerang","Iron Wave","Dropkick","Havoc"],"picked":"Bloodletting","floor":27},{"not_picked":["AT_IchimonjiDouble","AT_ShrugMaster","Armaments","Infernal Blade+1"],"picked":"Rupture","floor":29},{"not_picked":["MostiFishMod:RacingGame+1","MostiFishMod:TemporaryOutbreak","MostiFishMod:DarkDeal","MostiFishMod:FireWorks+1"],"picked":"MostiFishMod:HellRitual","floor":31},{"not_picked":["Impervious+1","AT_Dispersion+1","Immolate+1","Corruption+1"],"picked":"Limit Break+1","floor":33},{"not_picked":["Sword Boomerang","AT_IchimonjiDouble","Intimidate+1","Pommel Strike","Infernal Blade+1"],"picked":"SKIP","floor":35},{"not_picked":["Spot Weakness","Dropkick","Shrug It Off","AT_BodySlamDance","Flex"],"picked":"SKIP","floor":36},{"not_picked":["Clothesline","Pommel Strike+1","Wild Strike","Iron Wave","Seeing Red+1"],"picked":"SKIP","floor":39},{"not_picked":["Double Tap","MostiFishMod:Mania","Corruption","MostiFishMod:CullingBlade+1","Brutality"],"picked":"SKIP","floor":41},{"not_picked":["Double Tap","MostiFishMod:Mania","Corruption","Brutality"],"picked":"MostiFishMod:CullingBlade+1","floor":41},{"not_picked":["MostiFishMod:FireWorks+1","Shrug It Off","Seeing Red","Perfected Strike","AT_DiedThrough+1"],"picked":"SKIP","floor":44},{"not_picked":["Perfected Strike+1","Pummel+1","Evolve+1","Sever Soul","AT_BodySlamDance"],"picked":"SKIP","floor":46},{"not_picked":["MostiFishMod:NewArrival","MostiFishMod:UltimateDefense","MostiFishMod:Mania","Feed+1"],"picked":"REME_ACTH","floor":47},{"not_picked":["Flame Barrier","Power Through","Wild Strike+1","Rampage+1"],"picked":"Burning Pact","floor":48},{"not_picked":["MostiFishMod:KnuckleDown+1","Fiend Fire","MostiFishMod:RacingGame","AT_Dispersion"],"picked":"Offering","floor":55}],"player_experience":1102322,"relics_obtained":[{"floor":1.0,"key":"SynthV:TestCard"},{"floor":3.0,"key":"Question Card"},{"floor":3.0,"key":"Oddly Smooth Stone"},{"floor":6.0,"key":"Letter Opener"},{"floor":11.0,"key":"Pantograph"},{"floor":23.0,"key":"HowToJump"},{"floor":25,"key":"Boot"},{"floor":26,"key":"AT_SunfireAegis"},{"floor":31,"key":"testmod-CyclicPeriapt"},{"floor":41,"key":"D6"},{"floor":42,"key":"Girya"},{"floor":43,"key":"testmod-ArcanaOfDestiny"},{"floor":47,"key":"CeramicFish"},{"floor":55,"key":"Leech"}],"event_choices":[{"damage_healed":0.0,"max_hp_gain":0.0,"max_hp_loss":0.0,"gold_gain":0.0,"event_name":"HidenRoomEvent","player_choice":"Fight","floor":3.0,"gold_loss":0.0,"damage_taken":0.0},{"damage_healed":0.0,"max_hp_gain":0.0,"max_hp_loss":0.0,"gold_gain":0.0,"event_name":"Shining Light","player_choice":"Entered Light","floor":5.0,"gold_loss":0.0,"damage_taken":23.0,"cards_upgraded":["Strike_R","Defend_R"]},{"damage_healed":0.0,"max_hp_gain":5.0,"max_hp_loss":0.0,"gold_gain":0.0,"event_name":"Big Fish","player_choice":"Donut","floor":8.0,"gold_loss":0.0,"damage_taken":0.0},{"damage_healed":0.0,"max_hp_gain":0.0,"max_hp_loss":0.0,"gold_gain":0.0,"event_name":"Golden Idol","player_choice":"Take Damage","floor":13.0,"gold_loss":0.0,"damage_taken":30.0,"relics_obtained":["Golden Idol"]},{"damage_healed":0.0,"max_hp_gain":5.0,"max_hp_loss":0.0,"gold_gain":0.0,"event_name":"Forgotten Altar","player_choice":"Shed Blood","floor":21.0,"gold_loss":0.0,"damage_taken":47.0},{"damage_healed":0,"gold_gain":0,"player_choice":"Ignored","damage_taken":0,"max_hp_gain":0,"max_hp_loss":0,"event_name":"Vampires","floor":30,"gold_loss":0},{"damage_healed":0,"gold_gain":0,"player_choice":"Rummage","damage_taken":0,"relics_obtained":["WarpedTongs"],"max_hp_gain":0,"max_hp_loss":0,"event_name":"Accursed Blacksmith","floor":38,"gold_loss":0,"cards_obtained":["Pain"]},{"damage_healed":0,"gold_gain":0,"player_choice":"Fight","damage_taken":0,"max_hp_gain":0,"max_hp_loss":0,"event_name":"MindBloom","floor":42,"gold_loss":0}],"is_beta":true,"boss_relics":[{"not_picked":["testmod-Prudence","FeatherPendant"],"picked":"Runic Dome"},{"not_picked":[]},{"not_picked":["RhineSuit","Mark of Pain"],"picked":"REME_ChargedStone"},{"not_picked":[]}],"items_purged_floors":[12,28,28,34,37,45,54,54,54,54],"is_endless":false,"potions_floor_spawned":[1,4,14,16,22,25,27,33,35,41,42,46,47,48,55],"ascension_level":20}}