{"host":"qdfumeom6htv8yxl","time":1610916522,"event":{"mods":["AchievementEnabler","BaseMod","Bestiary","Block Reminder","Minty Spire (QoL Compilation)","Quick Restart","Relic Stats"],"gold_per_floor":[111,111,121,121,121,121,156,166,217,57,88,88,113,23,23,97,97,115,115,133,77,0,30,30,30],"floor_reached":24,"language":"ENG","playtime":846,"items_purged":["Strike_B"],"score":549,"play_id":"c875296c-9a99-42fc-9fbd-3dcc303f4d15","local_time":"20210117144842","is_ascension_mode":true,"campfire_choices":[{"data":"Biased Cognition","floor":6.0,"key":"SMITH"},{"data":"Hologram","floor":15.0,"key":"SMITH"}],"circlet_count":0,"master_deck":["AscendersBane","Strike_B","Strike_B","Strike_B","Defend_B","Defend_B","Defend_B","Defend_B","Zap","Dualcast","Go for the Eyes","Biased Cognition+1","Zap","Sweeping Beam","Beam Cell","Lockon","Loop","Reinforced Body","Hologram+1","Panacea","Electrodynamics","Ball Lightning","Cold Snap"],"relics":["Cracked Core","NeowsBlessing","Lantern","CaptainsWheel","Blood Vial","Happy Flower","Calipers","Inserter","Anchor"],"acts_visited":["Exordium","TheCity"],"potions_floor_usage":[20],"damage_taken":[{"damage":0.0,"enemies":"Jaw Worm","floor":1.0,"turns":1.0},{"damage":0.0,"enemies":"Cultist","floor":3.0,"turns":1.0},{"damage":0.0,"enemies":"3 Sentries","floor":7.0,"turns":1.0},{"damage":0.0,"enemies":"2 Louse","floor":8.0,"turns":1.0},{"damage":22.0,"enemies":"Lagavulin","floor":11.0,"turns":3.0},{"damage":15.0,"enemies":"3 Sentries","floor":13.0,"turns":5.0},{"damage":0.0,"enemies":"Slime Boss","floor":16.0,"turns":5.0},{"damage":15.0,"enemies":"3 Byrds","floor":18.0,"turns":4.0},{"damage":17,"enemies":"2 Thieves","floor":20,"turns":2},{"damage":21,"enemies":"Book of Stabbing","floor":23,"turns":5},{"damage":37,"enemies":"Snecko","floor":24,"turns":5}],"seed_played":"-7837589444201675944","potions_obtained":[{"floor":3.0,"key":"DuplicationPotion"},{"floor":11.0,"key":"DistilledChaos"},{"floor":13.0,"key":"PotionOfCapacity"},{"floor":16.0,"key":"PotionOfCapacity"},{"floor":18.0,"key":"LiquidMemories"}],"is_trial":false,"path_per_floor":["M","?","M","?","?","R","E","M","T","$","E","$","E","$","R","B",null,"M","?","M","$","?","E","M"],"character_chosen":"DEFECT","items_purchased":["Loop","Panacea","Cold Snap"],"campfire_rested":0,"item_purchase_floors":[10,14,21],"current_hp_per_floor":[64,64,64,64,64,64,64,64,64,64,44,44,31,31,31,33,62,49,49,34,34,34,15,0,0],"gold":30,"neow_bonus":"THREE_ENEMY_KILL","is_daily":false,"chose_seed":false,"campfire_upgraded":2,"win_rate":0.0,"timestamp":1610916522,"path_taken":["M","?","?","?","?","R","E","M","T","$","E","$","E","$","R","BOSS","M","?","M","$","?","E","M"],"items_purchased_type":["Card","Card","Card"],"build_version":"2020-12-22","purchased_purges":1,"victory":false,"max_hp_per_floor":[71,71,71,71,71,71,71,71,71,71,71,71,71,71,71,71,71,71,71,71,71,71,71,71,71],"relic_stats":{"Blood Vial":14,"Inserter":[8],"Happy Flower":[8],"counters":[11,30],"obtain_stats":[{"Blood Vial":9,"Lantern":4,"CaptainsWheel":7,"Anchor":23,"Calipers":13,"Inserter":17,"NeowsBlessing":0,"Happy Flower":11,"Cracked Core":0},{"Blood Vial":4,"Lantern":2,"CaptainsWheel":3,"Anchor":10,"Calipers":6,"Inserter":7,"NeowsBlessing":0,"Happy Flower":5,"Cracked Core":0},{"Blood Vial":4,"Lantern":2,"CaptainsWheel":3,"Anchor":25,"Calipers":10,"Inserter":15,"NeowsBlessing":0,"Happy Flower":6,"Cracked Core":0}]},"card_choices":[{"not_picked":["Steam","Hologram"],"picked":"Go for the Eyes","floor":1.0},{"not_picked":["Redo","BootSequence"],"picked":"Sweeping Beam","floor":3.0},{"not_picked":["Stack","Redo"],"picked":"Beam Cell","floor":7.0},{"not_picked":["Streamline","Turbo"],"picked":"Lockon","floor":8.0},{"not_picked":["Go for the Eyes","Sweeping Beam"],"picked":"Reinforced Body","floor":11.0},{"not_picked":["Melter","Fission"],"picked":"Hologram","floor":13.0},{"not_picked":["Core Surge","Amplify"],"picked":"Electrodynamics","floor":16.0},{"not_picked":["Ball Lightning","Go for the Eyes","Steam"],"picked":"SKIP","floor":18.0},{"not_picked":["Go for the Eyes","Steam"],"picked":"Ball Lightning","floor":18.0},{"not_picked":["Heatsinks+1","Ball Lightning","Go for the Eyes"],"picked":"SKIP","floor":20},{"not_picked":["Recycle","Blizzard","Redo"],"picked":"SKIP","floor":23}],"player_experience":1802976,"relics_obtained":[{"floor":7.0,"key":"CaptainsWheel"},{"floor":9.0,"key":"Blood Vial"},{"floor":11.0,"key":"Happy Flower"},{"floor":13.0,"key":"Calipers"},{"floor":23,"key":"Anchor"}],"event_choices":[{"damage_healed":0.0,"max_hp_gain":0.0,"max_hp_loss":0.0,"gold_gain":0.0,"event_name":"Match and Keep!","player_choice":"2 cards matched","floor":2.0,"gold_loss":0.0,"damage_taken":0.0,"cards_obtained":["Biased Cognition","Zap"]},{"damage_healed":0.0,"max_hp_gain":0.0,"max_hp_loss":0.0,"gold_gain":0.0,"event_name":"Big Fish","player_choice":"Box","floor":4.0,"gold_loss":0.0,"damage_taken":0.0,"relics_obtained":["Lantern"],"cards_obtained":["Regret"]},{"cards_removed":["Regret"],"damage_healed":0.0,"max_hp_gain":0.0,"max_hp_loss":0.0,"gold_gain":0.0,"event_name":"Living Wall","player_choice":"Forget","floor":5.0,"gold_loss":0.0,"damage_taken":0.0},{"damage_healed":0,"gold_gain":0,"player_choice":"Ignored","damage_taken":0,"max_hp_gain":0,"max_hp_loss":0,"event_name":"Cursed Tome","floor":19,"gold_loss":0},{"damage_healed":0,"gold_gain":0,"player_choice":"Paid Fearfully","damage_taken":0,"max_hp_gain":0,"max_hp_loss":0,"event_name":"Masked Bandits","floor":22,"gold_loss":77}],"is_beta":false,"boss_relics":[{"not_picked":["Tiny House","Philosopher\u0027s Stone"],"picked":"Inserter"}],"items_purged_floors":[10],"is_endless":false,"potions_floor_spawned":[3,11,13,16,18],"killed_by":"Snecko","ascension_level":16}}