{"host":"56ghxnzsglgdq727","time":1610921055,"event":{"mods":["AchievementEnabler","BaseMod","Downfall","Duelist Mod","Minty Spire (QoL Compilation)","Rare Cards Sparkle","StSLib","The Bug Knight","The Exalted","The Senshi","The Wild Card"],"gold_per_floor":[186,261,273,124,124,124,124,124,124,124,124,124,185,203,203,348,348,360,360,385,395,310,310,17,45,45,62,73,73,0,69,69,220,220,230,230,230,230,230],"floor_reached":38,"language":"ENG","playtime":1346,"items_purged":["theDuelist:CastleWalls","theDuelist:Sparks"],"score":532,"play_id":"f14ee79a-c4a3-42e1-b025-b9c0178bfb4c","local_time":"20210117170415","is_ascension_mode":true,"campfire_choices":[{"data":"theDuelist:BloomingDarkestRose","floor":6.0,"key":"SMITH"},{"floor":8.0,"key":"REST"},{"data":"theDuelist:GoldenSparks","floor":10.0,"key":"SMITH"},{"data":"theDuelist:LonefireBlossom","floor":12.0,"key":"SMITH"},{"floor":15.0,"key":"REST"},{"floor":23.0,"key":"REST"},{"floor":29.0,"key":"REST"},{"floor":32.0,"key":"REST"}],"circlet_count":0,"master_deck":["theDuelist:AngelTrumpeter","theDuelist:CactusBouncer","theDuelist:CastleWalls","theDuelist:DarkworldThorns","theDuelist:GoldenSparks+1","theDuelist:Inmato","theDuelist:JerryBeansMan","theDuelist:JerryBeansMan+1","theDuelist:OrbMetronome+1","theDuelist:LonefireBlossom+1","theDuelist:BloomingDarkestRose+1","theDuelist:LightningDarts","theDuelist:BlackRoseMoonlight","theDuelist:ObeliskTormentor","theDuelist:VioletCrystal+1","theDuelist:RoseArcher"],"relics":["theDuelist:MillenniumPuzzle","theDuelist:CardPoolRelic","theDuelist:CardPoolBasicRelic","theDuelist:BoosterPackPoolRelic","theDuelist:CardPoolAddRelic","theDuelist:CardPoolMinusRelic","theDuelist:CardPoolSaveRelic","theDuelist:CardPoolOptionsRelic","Bromod:ArcanePulse","Sundial","Bromod:ArcaneEnergize","PreservedInsect","Turnip","theDuelist:MerchantPendant","Blood Vial","HollowMod:PaleOreRelic","Mummified Hand","Blood Vial","Bromod:ArcaneBarrier","theDuelist:MillenniumArmor"],"acts_visited":["Exordium","TheCity","TheBeyond"],"potions_floor_usage":[],"damage_taken":[{"damage":7.0,"enemies":"Jaw Worm","floor":1.0,"turns":4.0},{"damage":2.0,"enemies":"Cultist","floor":3.0,"turns":3.0},{"damage":8.0,"enemies":"2 Louse","floor":13.0,"turns":3.0},{"damage":8.0,"enemies":"Blue Slaver","floor":14.0,"turns":3.0},{"damage":16.0,"enemies":"Slime Boss","floor":16.0,"turns":7.0},{"damage":27.0,"enemies":"Shell Parasite","floor":18.0,"turns":5.0},{"damage":19.0,"enemies":"3 Byrds","floor":21.0,"turns":3.0},{"damage":13.0,"enemies":"theDuelist:KaibaA2","floor":25.0,"turns":3.0},{"damage":15.0,"enemies":"Centurion and Healer","floor":27.0,"turns":4.0},{"damage":21.0,"enemies":"Shelled Parasite and Fungi","floor":28.0,"turns":4.0},{"damage":38.0,"enemies":"3 Cultists","floor":31.0,"turns":4.0},{"damage":23.0,"enemies":"Champ","floor":33.0,"turns":7.0},{"damage":49,"enemies":"3 Darklings","floor":35,"turns":4},{"damage":3,"enemies":"Orb Walker","floor":38,"turns":2}],"seed_played":"-8924320028088753821","potions_obtained":[{"floor":1.0,"key":"theDuelist:FireBottle"},{"floor":16.0,"key":"Weak Potion"},{"floor":21.0,"key":"theDuelist:GiftPotion"},{"floor":31.0,"key":"Swift Potion"}],"is_trial":false,"path_per_floor":["M","?","M","$","?","R","?","R","T","R","T","R","M","M","R","B",null,"M","?","T","M","?","R","$","E","T","M","M","R","?","M","R","B",null,"M","?","?","M"],"character_chosen":"THE_DUELIST","items_purchased":["theDuelist:BloomingDarkestRose","theDuelist:MerchantPendant","theDuelist:ObeliskTormentor","Blood Vial"],"campfire_rested":5,"item_purchase_floors":[4,24,24,24],"current_hp_per_floor":[65,58,56,56,56,56,42,63,63,63,63,63,55,47,69,53,68,41,41,41,22,22,44,44,48,48,36,18,40,40,8,30,13,58,15,9,9,12,12],"gold":230,"neow_bonus":"RANDOM_COLORLESS_2","is_daily":false,"chose_seed":false,"campfire_upgraded":3,"win_rate":0.0,"timestamp":1610921055,"path_taken":["M","?","?","$","?","R","?","R","T","R","?","R","M","M","R","BOSS","M","?","?","M","?","R","$","E","T","M","M","R","?","?","R","BOSS","M","?","?","M"],"items_purchased_type":["Card","Relic","Card","Relic"],"build_version":"2020-12-22","purchased_purges":2,"victory":false,"max_hp_per_floor":[72,72,72,72,72,72,72,72,72,72,72,72,72,72,72,72,72,72,72,72,72,72,72,72,72,72,72,72,72,72,72,72,72,72,72,72,72,72,72],"card_choices":[{"not_picked":["Thinking Ahead","theDuelist:SolemnStrike"],"picked":"theDuelist:OrbMetronome","floor":0.0},{"not_picked":["theDuelist:JerryBeansMan","theDuelist:Inmato","theDuelist:CheerfulCoffin","theDuelist:Firegrass"],"picked":"theDuelist:LonefireBlossom","floor":1.0},{"not_picked":["theDuelist:MudGolem","theDuelist:WorldCarrot","theDuelist:AngelTrumpeter"],"picked":"SKIP","floor":3.0},{"not_picked":["theDuelist:EarthEffigy","theDuelist:GemElephant","theDuelist:MagicHoleGolem","theDuelist:RainbowOverdragon","theDuelist:WeepingIdol"],"picked":"SKIP","floor":13.0},{"not_picked":["theDuelist:VenomShot+1","theDuelist:OneForOne+1","theDuelist:SphereKuriboh","theDuelist:DianKeto+1"],"picked":"theDuelist:LightningDarts","floor":14.0},{"not_picked":["theDuelist:SeedCannon","theDuelist:HeartUnderdog","theDuelist:RevivalRose","theDuelist:PredaplantChimerafflesia"],"picked":"theDuelist:BlackRoseMoonlight","floor":16.0},{"not_picked":["Impatience","Jack Of All Trades+1","PanicButton","Swift Strike"],"picked":"SKIP","floor":18.0},{"not_picked":["theDuelist:BattleOx","theDuelist:BlackPendant","theDuelist:PotDichotomy","theDuelist:PreventRat+1","theDuelist:GilfordLegend"],"picked":"SKIP","floor":21.0},{"not_picked":["theDuelist:BottomlessTrapHole","theDuelist:SilverApples","theDuelist:AngelTrumpeter+1","theDuelist:PredaplantDrosophyllum+1","theDuelist:BotanicalGirl"],"picked":"SKIP","floor":25.0},{"not_picked":["theDuelist:CactusBouncer","theDuelist:JerryBeansMan","theDuelist:LonefireBlossom","theDuelist:PredaplantChlamydosundew+1","theDuelist:TwilightRoseKnight"],"picked":"SKIP","floor":27.0},{"not_picked":["theDuelist:WorldTree+1","theDuelist:BloomingDarkestRose","theDuelist:SplendidRose"],"picked":"theDuelist:VioletCrystal+1","floor":28.0},{"not_picked":["theDuelist:Reinforcements","theDuelist:WitchBlackRose","theDuelist:MarkRose","theDuelist:Invigoration+1","theDuelist:BirdRoses"],"picked":"SKIP","floor":31.0},{"not_picked":["theDuelist:BeastFangs","theDuelist:RevivalRose+1","theDuelist:BlackRoseMoonlight","theDuelist:PredaplantSarraceniant"],"picked":"theDuelist:RoseArcher","floor":33.0},{"not_picked":["theDuelist:BotanicalLion","theDuelist:DarkworldThorns+1","theDuelist:Firegrass","theDuelist:WormApocalypse","theDuelist:WorldTree"],"picked":"SKIP","floor":35}],"player_experience":275488,"relics_obtained":[{"floor":9.0,"key":"Bromod:ArcanePulse"},{"floor":11.0,"key":"Sundial"},{"floor":20.0,"key":"PreservedInsect"},{"floor":25.0,"key":"HollowMod:PaleOreRelic"},{"floor":26.0,"key":"Mummified Hand"}],"event_choices":[{"damage_healed":0.0,"max_hp_gain":0.0,"max_hp_loss":0.0,"gold_gain":75.0,"event_name":"FaceTrader","player_choice":"Touch","floor":2.0,"gold_loss":0.0,"damage_taken":7.0},{"damage_healed":0.0,"max_hp_gain":0.0,"max_hp_loss":0.0,"gold_gain":0.0,"event_name":"Tomb of the Nameless","player_choice":"Leave","duelist":true,"floor":5.0,"gold_loss":0.0,"damage_taken":0.0},{"damage_healed":0.0,"max_hp_gain":0.0,"max_hp_loss":0.0,"gold_gain":0.0,"event_name":"Shining Light","player_choice":"Entered Light","floor":7.0,"gold_loss":0.0,"damage_taken":14.0,"cards_upgraded":["theDuelist:OrbMetronome","theDuelist:JerryBeansMan"]},{"damage_healed":0.0,"max_hp_gain":0.0,"max_hp_loss":0.0,"gold_gain":0.0,"event_name":"Battle City","player_choice":"Leave","duelist":true,"floor":19.0,"gold_loss":0.0,"damage_taken":0.0},{"damage_healed":0.0,"max_hp_gain":0.0,"max_hp_loss":0.0,"gold_gain":0.0,"event_name":"Addict","player_choice":"Obtained Relic","floor":22.0,"gold_loss":85.0,"damage_taken":0.0,"relics_obtained":["Turnip"]},{"damage_healed":0.0,"max_hp_gain":0.0,"max_hp_loss":0.0,"gold_gain":0.0,"event_name":"Relic Duplicator","player_choice":"Duplicated Relic - Blood Vial","duelist":true,"floor":30.0,"gold_loss":0.0,"damage_taken":0.0},{"damage_healed":0,"gold_gain":0,"player_choice":"Dig - random Duelist relic","duelist":true,"damage_taken":0,"max_hp_gain":0,"max_hp_loss":0,"event_name":"Aknamkanon\u0027s Tomb","floor":36,"gold_loss":0},{"damage_healed":0,"gold_gain":0,"player_choice":"Ignored","damage_taken":0,"max_hp_gain":0,"max_hp_loss":0,"event_name":"Mysterious Sphere","floor":37,"gold_loss":0}],"is_beta":false,"boss_relics":[{"not_picked":["Ectoplasm","Calling Bell"],"picked":"Bromod:ArcaneEnergize"},{"not_picked":["theDuelist:ElectricKey","Pandora\u0027s Box"],"picked":"Bromod:ArcaneBarrier"}],"items_purged_floors":[4,24],"is_endless":false,"potions_floor_spawned":[1,16,21,31],"killed_by":"Orb Walker","ascension_level":8}}