{"host":"Zandorum","time":1610856594,"event":{"mods":["100% Spire Juice","2.2 Compatiblity","Act Like it!","Bard","BaseMod","Better Note","Hermit","Hubris","Jorbs\u0027s Wanderer Trilogy","Mimic Mod","Minty Spire (QoL Compilation)","Quick Restart","Rare Cards Sparkle","Reorder Act Four","Somnambulant","StSLib","The Cursed","The Disciple","The Hierophant","The Jungle","The Runesmith","TheVacant"],"gold_per_floor":[111,124,124,124,140,471,471,162,162,62,80,94,114,130,130,232,232,243,254,254,71,86,86,106,121,174,124,124,124,124,143,143,143,143],"floor_reached":33,"language":"ENG","playtime":905,"items_purged":["Defend_B","Strike_B"],"score":251,"play_id":"87e45dc0-a150-413d-8b75-668bd4ec010f","local_time":"20210116200954","is_ascension_mode":false,"campfire_choices":[{"data":"Zap","floor":7.0,"key":"SMITH"},{"data":"Static Discharge","floor":15.0,"key":"SMITH"},{"floor":23.0,"key":"REST"},{"floor":28.0,"key":"REST"},{"floor":32.0,"key":"REST"}],"circlet_count":0,"master_deck":["Strike_B","Strike_B","Strike_B","Defend_B","Defend_B","Zap+1","Dualcast","Ball Lightning","Amplify","Ball Lightning","Static Discharge+1","Rebound","Turbo","Electrodynamics","Loop+1","Hello World","Static Discharge","White Noise","Aggregate"],"relics":["Cracked Core","hubris:Icosahedron","Old Coin","hubris:EmptyBottle","Gremlin Horn","Runic Capacitor","Omamori"],"acts_visited":["Exordium","TheCity"],"potions_floor_usage":[33,33],"damage_taken":[{"damage":3.0,"enemies":"Small Slimes","floor":1.0,"turns":3.0},{"damage":1.0,"enemies":"2 Louse","floor":2.0,"turns":2.0},{"damage":6.0,"enemies":"Cultist","floor":5.0,"turns":3.0},{"damage":2.0,"enemies":"Gremlin Nob","floor":6.0,"turns":3.0},{"damage":1.0,"enemies":"Gremlin Gang","floor":11.0,"turns":1.0},{"damage":13.0,"enemies":"3 Louse","floor":12.0,"turns":2.0},{"damage":10.0,"enemies":"Looter","floor":13.0,"turns":2.0},{"damage":11.0,"enemies":"Large Slime","floor":14.0,"turns":3.0},{"damage":25.0,"enemies":"Hexaghost","floor":16.0,"turns":4.0},{"damage":10.0,"enemies":"Spheric Guardian","floor":18.0,"turns":3.0},{"damage":15.0,"enemies":"Chosen","floor":19.0,"turns":4.0},{"damage":24.0,"enemies":"Centurion and Healer","floor":22.0,"turns":4.0},{"damage":16.0,"enemies":"Cultist and Chosen","floor":24.0,"turns":3.0},{"damage":25.0,"enemies":"Shelled Parasite and Fungi","floor":25.0,"turns":3.0},{"damage":16.0,"enemies":"Snake Plant","floor":31.0,"turns":3.0},{"damage":33,"enemies":"Champ","floor":33,"turns":8}],"seed_played":"-2896229978720586105","potions_obtained":[{"floor":0.0,"key":"Fire Potion"},{"floor":0.0,"key":"Strength Potion"},{"floor":0.0,"key":"Block Potion"},{"floor":1.0,"key":"Fire Potion"},{"floor":11.0,"key":"Swift Potion"},{"floor":12.0,"key":"FocusPotion"},{"floor":14.0,"key":"LiquidMemories"},{"floor":18.0,"key":"FearPotion"},{"floor":19.0,"key":"Strength Potion"},{"floor":24.0,"key":"Swift Potion"}],"is_trial":false,"path_per_floor":["M","M","?","?","M","E","R","$","T","$","M","M","M","M","R","B",null,"M","M","?","$","M","R","M","M","T","?","R","?","?","M","R","B"],"character_chosen":"DEFECT","items_purchased":["Static Discharge","hubris:EmptyBottle","Runic Capacitor","Static Discharge"],"campfire_rested":3,"item_purchase_floors":[8,8,21,21],"current_hp_per_floor":[72,71,71,71,75,73,73,73,73,73,72,59,49,38,38,13,75,65,50,50,50,26,48,32,7,7,27,49,49,49,33,55,22,22],"gold":143,"neow_bonus":"THREE_SMALL_POTIONS","is_daily":false,"chose_seed":false,"campfire_upgraded":2,"win_rate":0.0,"timestamp":1610856594,"path_taken":["M","M","?","?","M","E","R","$","T","$","?","M","M","M","R","BOSS","M","?","?","$","M","R","M","M","T","?","R","?","?","M","R","BOSS"],"items_purchased_type":["Card","Relic","Relic","Card"],"build_version":"2020-12-18","purchased_purges":2,"victory":false,"max_hp_per_floor":[75,75,75,75,75,75,75,75,75,75,75,75,75,75,75,75,75,75,75,75,75,75,75,75,75,75,75,75,75,75,75,75,75,75],"card_choices":[{"not_picked":["Leap","Sunder"],"picked":"Ball Lightning","floor":1.0},{"not_picked":["Sweeping Beam","Consume","Force Field"],"picked":"SKIP","floor":2.0},{"not_picked":["Stack","Sweeping Beam"],"picked":"Amplify","floor":5.0},{"not_picked":["Streamline","Rebound"],"picked":"Ball Lightning","floor":6.0},{"not_picked":["Blizzard","Self Repair"],"picked":"Rebound","floor":11.0},{"not_picked":["Rebound","Gash"],"picked":"Turbo","floor":12.0},{"not_picked":["Coolheaded","Barrage","Sunder"],"picked":"SKIP","floor":13.0},{"not_picked":["Coolheaded","Reprogram","Streamline"],"picked":"SKIP","floor":14.0},{"not_picked":["Core Surge","Machine Learning"],"picked":"Electrodynamics","floor":16.0},{"not_picked":["Leap","Steam+1"],"picked":"Loop+1","floor":18.0},{"not_picked":["Stack","BootSequence+1"],"picked":"Hello World","floor":19.0},{"not_picked":["Recycle","Auto Shields"],"picked":"White Noise","floor":22.0},{"not_picked":["Gash","Compile Driver","Conserve Battery"],"picked":"SKIP","floor":24.0},{"not_picked":["Cold Snap","Rebound+1","Undo"],"picked":"SKIP","floor":25.0},{"not_picked":["Doom and Gloom","Cold Snap"],"picked":"Aggregate","floor":31.0}],"player_experience":144689,"relics_obtained":[{"floor":6.0,"key":"Old Coin"},{"floor":9.0,"key":"Gremlin Horn"},{"floor":26.0,"key":"Omamori"}],"event_choices":[{"cards_removed":["Defend_B"],"damage_healed":0.0,"max_hp_gain":0.0,"max_hp_loss":0.0,"gold_gain":0.0,"event_name":"Bonfire Elementals","player_choice":"Offered Basic","floor":4.0,"gold_loss":0.0,"damage_taken":0.0},{"cards_removed":["Strike_B"],"damage_healed":0.0,"max_hp_gain":0.0,"max_hp_loss":0.0,"gold_gain":0.0,"event_name":"betterNote:BetterNote","player_choice":"Give","floor":20.0,"gold_loss":0.0,"damage_taken":0.0,"cards_obtained":["Strike_B"]},{"damage_healed":0.0,"max_hp_gain":0.0,"max_hp_loss":0.0,"gold_gain":0.0,"event_name":"Ghosts","player_choice":"Ignored","floor":29.0,"gold_loss":0.0,"damage_taken":0.0},{"damage_healed":0.0,"max_hp_gain":0.0,"max_hp_loss":0.0,"gold_gain":0.0,"event_name":"Vampires","player_choice":"Ignored","floor":30.0,"gold_loss":0.0,"damage_taken":0.0}],"is_beta":true,"boss_relics":[{"not_picked":["FrozenCore","Runic Dome","hubris:RunicObelisk"]}],"items_purged_floors":[8,10],"is_endless":false,"potions_floor_spawned":[1,11,12,14,18,19,24],"killed_by":"Champ","ascension_level":0}}