{"host":"19t2eyow02s954g8","time":1610892334,"event":{"mods":["BaseMod","Colored Map","DeckTracker","Minty Spire (QoL Compilation)","StSLib","SuperFastMode"],"gold_per_floor":[11,31,46,46,59,59,84,84,110,143,143,172,5,24,24,100,100,120,45,45,57,69,69,97,97,97,128,128,128,154,167,167,167,167],"floor_reached":33,"language":"KOR","playtime":1236,"items_purged":["Strike_G"],"score":696,"play_id":"980b2290-3036-45e0-bd39-619ad3ac7c6d","local_time":"20210117230534","is_ascension_mode":true,"campfire_choices":[{"data":"Apotheosis","floor":6.0,"key":"SMITH"},{"data":"Neutralize","floor":8.0,"key":"SMITH"},{"floor":11.0,"key":"REST"},{"data":"Footwork","floor":15.0,"key":"SMITH"},{"floor":23,"key":"REST"},{"floor":25,"key":"REST"},{"data":"Acrobatics","floor":29,"key":"SMITH"},{"floor":32,"key":"RECALL"}],"circlet_count":0,"master_deck":["AscendersBane","Strike_G","Strike_G","Strike_G","Strike_G","Defend_G","Defend_G","Defend_G","Defend_G","Defend_G","Survivor","Neutralize+1","Apotheosis+1","Dagger Spray","Underhanded Strike","Blade Dance","Blade Dance","Bouncing Flask","Tactician","Acrobatics+1","Footwork+1","Malaise","Cloak And Dagger"],"relics":["Ring of the Snake","Potion Belt","Bag of Preparation","Bag of Marbles","Toy Ornithopter","Anchor","Orrery","Busted Crown","Tiny Chest","Torii","Happy Flower","MealTicket"],"acts_visited":["Exordium","TheCity"],"potions_floor_usage":[21,24,27,27,30,30,30,31],"damage_taken":[{"damage":5.0,"enemies":"2 Louse","floor":1.0,"turns":6.0},{"damage":0.0,"enemies":"Cultist","floor":2.0,"turns":5.0},{"damage":1.0,"enemies":"Jaw Worm","floor":3.0,"turns":5.0},{"damage":2.0,"enemies":"Exordium Thugs","floor":5.0,"turns":5.0},{"damage":3.0,"enemies":"Lagavulin","floor":7.0,"turns":7.0},{"damage":20.0,"enemies":"3 Sentries","floor":10.0,"turns":6.0},{"damage":6.0,"enemies":"Gremlin Nob","floor":12.0,"turns":3.0},{"damage":0.0,"enemies":"Gremlin Gang","floor":14.0,"turns":1.0},{"damage":24.0,"enemies":"Slime Boss","floor":16.0,"turns":10.0},{"damage":9.0,"enemies":"3 Byrds","floor":18.0,"turns":4.0},{"damage":0,"enemies":"2 Thieves","floor":21,"turns":3},{"damage":12,"enemies":"Snake Plant","floor":22,"turns":6},{"damage":22,"enemies":"Slavers","floor":24,"turns":6},{"damage":4,"enemies":"Book of Stabbing","floor":27,"turns":5},{"damage":0,"enemies":"Gremlin Leader","floor":30,"turns":5},{"damage":0,"enemies":"Shelled Parasite and Fungi","floor":31,"turns":2},{"damage":77,"enemies":"Champ","floor":33,"turns":12}],"seed_played":"2612243547132370395","potions_obtained":[{"floor":1.0,"key":"Block Potion"},{"floor":3.0,"key":"Explosive Potion"},{"floor":5.0,"key":"SkillPotion"},{"floor":14.0,"key":"Dexterity Potion"},{"floor":18.0,"key":"FearPotion"},{"floor":24,"key":"EntropicBrew"},{"floor":30,"key":"AttackPotion"}],"is_trial":false,"path_per_floor":["M","M","M","?","M","R","E","R","T","E","R","E","$","M","R","B",null,"M","$","?","M","M","R","E","R","T","E","T","R","E","M","R","B"],"character_chosen":"THE_SILENT","items_purchased":["Orrery"],"campfire_rested":3,"item_purchase_floors":[13],"current_hp_per_floor":[54,54,53,53,51,51,48,48,48,28,47,41,41,41,41,22,55,46,46,46,51,39,58,41,60,60,62,62,62,66,66,66,0,0],"gold":167,"neow_bonus":"RANDOM_COLORLESS_2","is_daily":false,"chose_seed":false,"campfire_upgraded":4,"win_rate":0.0,"timestamp":1610892334,"path_taken":["M","M","M","?","M","R","E","R","T","E","R","E","$","?","R","BOSS","M","$","?","M","M","R","E","R","T","E","?","R","E","M","R","BOSS"],"items_purchased_type":["Relic"],"build_version":"2020-12-22","purchased_purges":1,"victory":false,"max_hp_per_floor":[66,66,66,66,66,66,66,66,66,66,66,66,66,66,66,66,66,66,66,66,66,66,66,66,66,66,66,66,66,66,66,66,66,66],"card_choices":[{"not_picked":["Master of Strategy","Thinking Ahead"],"picked":"Apotheosis","floor":0.0},{"not_picked":["Acrobatics","Flechettes","Dodge and Roll"],"picked":"SKIP","floor":1.0},{"not_picked":["Dodge and Roll","Outmaneuver"],"picked":"Dagger Spray","floor":2.0},{"not_picked":["Deflect","Outmaneuver"],"picked":"Underhanded Strike","floor":3.0},{"not_picked":["Backstab","Deadly Poison"],"picked":"Blade Dance","floor":5.0},{"not_picked":["Outmaneuver","Distraction","Dodge and Roll"],"picked":"SKIP","floor":7.0},{"not_picked":["Burst","Sucker Punch"],"picked":"Blade Dance","floor":10.0},{"not_picked":["Deflect","Slice"],"picked":"Bouncing Flask","floor":12.0},{"not_picked":["Backflip","Poisoned Stab"],"picked":"Tactician","floor":13.0},{"not_picked":["Cloak And Dagger","Deflect"],"picked":"Acrobatics","floor":13.0},{"not_picked":["Quick Slash","Eviscerate"],"picked":"Footwork","floor":14.0},{"not_picked":["A Thousand Cuts","Glass Knife"],"picked":"Malaise","floor":16.0},{"not_picked":["Underhanded Strike"],"picked":"SKIP","floor":18.0},{"not_picked":["Heel Hook"],"picked":"SKIP","floor":21},{"not_picked":[],"picked":"Cloak And Dagger","floor":22},{"not_picked":["Escape Plan"],"picked":"SKIP","floor":24},{"not_picked":["Slice"],"picked":"SKIP","floor":27},{"not_picked":["Deadly Poison"],"picked":"SKIP","floor":30},{"not_picked":["Underhanded Strike"],"picked":"SKIP","floor":31}],"player_experience":4293840,"relics_obtained":[{"floor":4.0,"key":"Potion Belt"},{"floor":7.0,"key":"Bag of Preparation"},{"floor":9.0,"key":"Bag of Marbles"},{"floor":10.0,"key":"Toy Ornithopter"},{"floor":12.0,"key":"Anchor"},{"floor":24,"key":"Tiny Chest"},{"floor":27,"key":"Torii"},{"floor":28,"key":"Happy Flower"},{"floor":30,"key":"MealTicket"}],"event_choices":[{"damage_healed":0.0,"max_hp_gain":0.0,"max_hp_loss":0.0,"gold_gain":0.0,"event_name":"Wheel of Change","player_choice":"Relic","floor":4.0,"gold_loss":0.0,"damage_taken":0.0}],"is_beta":false,"boss_relics":[{"not_picked":["Black Star","Coffee Dripper"],"picked":"Busted Crown"}],"items_purged_floors":[19],"is_endless":false,"potions_floor_spawned":[1,3,5,14,18,24,30],"killed_by":"Champ","ascension_level":20}}