{"host":"q9718omregw4er46","time":1610866142,"event":{"mods":["BaseMod","Bestiary","Colored Powertips","Minty Spire (QoL Compilation)","Quick Restart","Relic Stats"],"gold_per_floor":[112,131,148,148,3,3,38,38,38,54,88,141,151,179,191,275,287,314,71,85,10,10,10],"floor_reached":22,"language":"ENG","playtime":596,"items_purged":["Compile Driver"],"score":458,"play_id":"f404fe94-65b4-42a4-bd2f-4cb5091e1119","local_time":"20210117114902","is_ascension_mode":true,"campfire_choices":[{"data":"Capacitor","floor":6,"key":"SMITH"},{"data":"Compile Driver","floor":8,"key":"SMITH"},{"floor":15,"key":"REST"}],"circlet_count":0,"master_deck":["AscendersBane","Zap","Dualcast","Ball Lightning","Doom and Gloom","Capacitor+1","Compile Driver+1","Ball Lightning","Chill","Sunder","Buffer","Echo Form","Creative AI","Core Surge","Steam","Recycle","Core Surge","Electrodynamics","FTL","Compile Driver","White Noise"],"relics":["Cracked Core","NeowsBlessing","Calipers","Symbiotic Virus","Letter Opener","Juzu Bracelet","MawBank","Pandora\u0027s Box","Runic Capacitor"],"acts_visited":["Exordium","TheCity"],"potions_floor_usage":[7,14,16],"damage_taken":[{"damage":0,"enemies":"Cultist","floor":1,"turns":1},{"damage":0,"enemies":"Jaw Worm","floor":2,"turns":1},{"damage":0,"enemies":"2 Louse","floor":3,"turns":1},{"damage":15,"enemies":"3 Sentries","floor":7,"turns":5},{"damage":13,"enemies":"Large Slime","floor":10,"turns":4},{"damage":16,"enemies":"Lagavulin","floor":11,"turns":6},{"damage":1,"enemies":"Looter","floor":13,"turns":3},{"damage":0,"enemies":"3 Sentries","floor":14,"turns":4},{"damage":34,"enemies":"Hexaghost","floor":16,"turns":7},{"damage":18,"enemies":"Shell Parasite","floor":18,"turns":4},{"damage":0,"enemies":"Chosen","floor":20,"turns":3},{"damage":41,"enemies":"Shelled Parasite and Fungi","floor":22,"turns":3}],"seed_played":"-8011027557212351446","potions_obtained":[{"floor":3,"key":"Energy Potion"},{"floor":11,"key":"SneckoOil"},{"floor":13,"key":"SpeedPotion"},{"floor":14,"key":"LiquidBronze"},{"floor":18,"key":"Swift Potion"},{"floor":20,"key":"Fire Potion"}],"is_trial":false,"path_per_floor":["M","M","M","?","$","R","E","R","T","M","E","T","M","E","R","B",null,"M","$","M","$","M"],"character_chosen":"DEFECT","items_purchased":["Capacitor","Compile Driver","Ball Lightning","Runic Capacitor","White Noise"],"campfire_rested":1,"item_purchase_floors":[5,5,5,19,19],"current_hp_per_floor":[64,64,64,64,64,64,49,49,49,36,20,20,19,19,40,6,55,37,37,37,37,0,0],"gold":10,"neow_bonus":"THREE_ENEMY_KILL","is_daily":false,"chose_seed":false,"campfire_upgraded":2,"win_rate":0.0,"timestamp":1610866142,"path_taken":["M","?","M","?","$","R","E","R","T","M","E","?","M","E","R","BOSS","M","$","M","?","M"],"items_purchased_type":["Card","Card","Card","Relic","Card"],"build_version":"2020-12-22","purchased_purges":1,"victory":false,"max_hp_per_floor":[71,71,71,71,71,71,71,71,71,71,71,71,71,71,71,71,71,71,71,71,71,71,71],"relic_stats":{"counters":[12,42],"Pandora\u0027s Box":["Core Surge","Steam","Recycle","Core Surge","Compile Driver","Electrodynamics","FTL","Compile Driver"],"Juzu Bracelet":0,"Letter Opener":[15],"MawBank":60,"obtain_stats":[{"Calipers":7,"NeowsBlessing":0,"Pandora\u0027s Box":17,"Juzu Bracelet":12,"Runic Capacitor":19,"Letter Opener":11,"Cracked Core":0,"Symbiotic Virus":9,"MawBank":14},{"Calipers":4,"NeowsBlessing":0,"Pandora\u0027s Box":9,"Juzu Bracelet":6,"Runic Capacitor":10,"Letter Opener":6,"Cracked Core":0,"Symbiotic Virus":4,"MawBank":8},{"Calipers":8,"NeowsBlessing":0,"Pandora\u0027s Box":32,"Juzu Bracelet":18,"Runic Capacitor":36,"Letter Opener":18,"Cracked Core":0,"Symbiotic Virus":8,"MawBank":25}]},"card_choices":[{"not_picked":["Steam","Undo","Hologram"],"picked":"SKIP","floor":1},{"not_picked":["White Noise","Darkness"],"picked":"Ball Lightning","floor":2},{"not_picked":["Ball Lightning","Static Discharge"],"picked":"Doom and Gloom","floor":3},{"not_picked":["Aggregate","Hello World"],"picked":"Chill","floor":7},{"not_picked":["Steam","Rebound"],"picked":"Sunder","floor":10},{"not_picked":["Recycle","Stack"],"picked":"Buffer","floor":11},{"not_picked":["Coolheaded","Streamline","Beam Cell"],"picked":"SKIP","floor":13},{"not_picked":["Cold Snap","Auto Shields"],"picked":"Echo Form","floor":14},{"not_picked":["Multi-Cast","All For One"],"picked":"Creative AI","floor":16},{"not_picked":["Cold Snap","Steam Power","Steam"],"picked":"SKIP","floor":18},{"not_picked":["Gash","Streamline","Leap"],"picked":"SKIP","floor":20}],"player_experience":1215590,"relics_obtained":[{"floor":7,"key":"Calipers"},{"floor":9,"key":"Symbiotic Virus"},{"floor":11,"key":"Letter Opener"},{"floor":12,"key":"Juzu Bracelet"},{"floor":14,"key":"MawBank"}],"event_choices":[{"damage_healed":0,"gold_gain":0,"player_choice":"Leave","damage_taken":0,"max_hp_gain":0,"max_hp_loss":0,"event_name":"The Cleric","floor":4,"gold_loss":0}],"is_beta":false,"boss_relics":[{"not_picked":["Inserter","Calling Bell"],"picked":"Pandora\u0027s Box"}],"items_purged_floors":[21],"is_endless":false,"potions_floor_spawned":[3,11,13,14,18,20],"killed_by":"Shelled Parasite and Fungi","ascension_level":20}}