{"host":"5dk97cf2ubw2v967","time":1610871362,"event":{"mods":["AlwaysNeverKeys","BaseMod","Better Altar","Better Vampires","Block Reminder","Colored Powertips","Downfall","Googly Eyes","Highlight Path","Minty Spire (QoL Compilation)","Permanent Neow","Potion Indicator Mod","Quick Restart","Relic Filter","Relic Stats","Say the Spire","Spicy Shops","StSLib","Waifu the Spire","everything is the same but u backflip on backflip"],"gold_per_floor":[99,109,126,126,142,42,69,83,96,96,96,96,96],"floor_reached":11,"language":"ENG","playtime":375,"items_purged":[],"score":75,"play_id":"8cc1dcdf-d3cf-4b6f-8615-d15abbe523e7","local_time":"20210117081602","is_ascension_mode":true,"campfire_choices":[{"floor":1,"key":"RECALL"},{"data":"Guardian:Preprogram","floor":6,"key":"SMITH"},{"data":"Guardian:Preprogram","floor":10,"key":"SMITH"}],"circlet_count":0,"master_deck":["Guardian:Strike_Guardian","Guardian:Strike_Guardian","Guardian:Strike_Guardian","Guardian:Strike_Guardian","Guardian:Defend_Guardian","Guardian:Defend_Guardian","Guardian:Defend_Guardian","Guardian:Defend_Guardian","Guardian:CurlUp","Guardian:TwinSlam","Guardian:Preprogram+1","Guardian:PiercingHide","Pain","Guardian:Orbwalk","Guardian:SentryBeam","Guardian:Preprogram+1"],"relics":["Guardian:ModeShifter","FossilizedHelix","WarpedTongs","downfall:HeartBlessingRed","Art of War"],"acts_visited":["Exordium"],"potions_floor_usage":[11],"damage_taken":[{"damage":0,"enemies":"2 Louse","floor":2,"turns":3},{"damage":5,"enemies":"Cultist","floor":3,"turns":4},{"damage":9,"enemies":"Jaw Worm","floor":5,"turns":3},{"damage":6,"enemies":"Blue Slaver","floor":8,"turns":4},{"damage":0,"enemies":"2 Fungi Beasts","floor":9,"turns":4},{"damage":0,"enemies":"Lagavulin","floor":11,"turns":4}],"seed_played":"-5354689735058039164","potions_obtained":[{"floor":2,"key":"ColorlessPotion"},{"floor":3,"key":"sneckomod:MuddlingPotion"}],"is_trial":false,"path_per_floor":["R","M","M","?","M","R","T","M","M","R","E"],"character_chosen":"GUARDIAN","items_purchased":[],"campfire_rested":0,"item_purchase_floors":[],"current_hp_per_floor":[72,72,67,67,58,58,58,52,52,52,52,52,52],"gold":96,"neow_bonus":"ONE_RARE_RELIC","is_daily":false,"chose_seed":false,"campfire_upgraded":2,"win_rate":0.0,"timestamp":1610871362,"path_taken":["R","M","M","?","M","R","T","M","M","R","E"],"items_purchased_type":[],"build_version":"2020-12-22","purchased_purges":0,"victory":false,"max_hp_per_floor":[72,72,72,72,72,72,72,72,72,72,72,72,72],"relic_stats":{"counters":[6,22],"Art of War":[3],"obtain_stats":[{"downfall:HeartBlessingRed":6,"Guardian:ModeShifter":0,"Art of War":7,"FossilizedHelix":0,"WarpedTongs":4},{"downfall:HeartBlessingRed":3,"Guardian:ModeShifter":0,"Art of War":3,"FossilizedHelix":0,"WarpedTongs":2},{"downfall:HeartBlessingRed":10,"Guardian:ModeShifter":0,"Art of War":10,"FossilizedHelix":0,"WarpedTongs":7}],"WarpedTongs":[15]},"card_choices":[{"not_picked":["Guardian:Gem_Crimson","Guardian:ArmoredProtocol"],"picked":"Guardian:Preprogram","floor":2},{"not_picked":["Guardian:Gem_Lightblue","Guardian:BodySlam"],"picked":"Guardian:PiercingHide","floor":3},{"not_picked":["Guardian:Recover","Guardian:TimeCapacitor"],"picked":"Guardian:Orbwalk","floor":5},{"not_picked":["Guardian:Incinerate","Guardian:TemporalStrike"],"picked":"Guardian:SentryBeam","floor":8},{"not_picked":["Guardian:Planning","Guardian:TemporalStrike"],"picked":"Guardian:Preprogram","floor":9}],"player_experience":1191537,"relics_obtained":[{"floor":7,"key":"Art of War"}],"event_choices":[],"is_beta":false,"boss_relics":[],"items_purged_floors":[],"is_endless":false,"potions_floor_spawned":[2,3],"killed_by":"Lagavulin","ascension_level":3}}