{"host":"ga4s3hj9m6nkn6gp","time":1610911030,"event":{"mods":["AchievementEnabler","BaseMod","Bestiary","Colored Powertips","Highlight Path","Minty Spire (QoL Compilation)","Relic Stats","everything is the same but u backflip on backflip"],"gold_per_floor":[119,119,67,79,79,79,106,120,147,147,182,192,222,51,51,122,122,140,140,3,3,23,56,56,85,85,114,114,142,32,44,44,118,118,128,143,143,155,10,10,45,57,82,96,96,96,113,2,2,2,2,2,2,37,37,37],"floor_reached":55,"language":"ENG","playtime":2693,"items_purged":["Writhe"],"score":1478,"play_id":"41616415-97a5-453e-b7fe-f767bbe6b7d6","local_time":"20210117201710","is_ascension_mode":true,"campfire_choices":[{"data":"Cleave","floor":6.0,"key":"SMITH"},{"data":"Uppercut","floor":10.0,"key":"SMITH"},{"data":"Shrug It Off","floor":15.0,"key":"SMITH"},{"data":"Fire Breathing","floor":28.0,"key":"SMITH"},{"data":"RitualDagger","floor":32.0,"key":"SMITH"},{"data":"Inflame","floor":40.0,"key":"SMITH"},{"floor":45.0,"key":"RECALL"},{"data":"Bloodletting","floor":49,"key":"SMITH"},{"data":"Impervious","floor":52,"key":"SMITH"}],"circlet_count":0,"master_deck":["AscendersBane","Strike_R+1","Strike_R+1","Strike_R+1","Strike_R+1","Defend_R+1","Defend_R+1","Defend_R+1","Defend_R+1","Bash","Fire Breathing+1","Cleave+1","Headbutt","Uppercut+1","Battle Trance","Shrug It Off+1","Brutality","CurseOfTheBell","RitualDagger+1","Pummel+1","Dropkick+1","Pommel Strike+1","Impervious+1","True Grit+1","Whirlwind+1","Flame Barrier+1","Inflame+1","Bloodletting+1","Rupture+1","Inflame+1"],"relics":["Burning Blood","Bag of Preparation","Pen Nib","CaptainsWheel","Red Skull","Sundial","Prayer Wheel","Membership Card","Calling Bell","Vajra","Singing Bowl","Ice Cream","Molten Egg 2","Bronze Scales","Centennial Puzzle","Mango","Meat on the Bone","Strawberry","Lee\u0027s Waffle","Coffee Dripper","Chemical X","Frozen Egg 2","Happy Flower","Calipers"],"acts_visited":["Exordium","TheCity","TheBeyond","TheEnding"],"potions_floor_usage":[47,54,55],"damage_taken":[{"damage":4.0,"enemies":"Small Slimes","floor":1.0,"turns":4.0},{"damage":6.0,"enemies":"Jaw Worm","floor":4.0,"turns":5.0},{"damage":40.0,"enemies":"Lagavulin","floor":7.0,"turns":5.0},{"damage":1.0,"enemies":"Cultist","floor":8.0,"turns":3.0},{"damage":20.0,"enemies":"3 Sentries","floor":11.0,"turns":3.0},{"damage":0.0,"enemies":"Exordium Thugs","floor":12.0,"turns":3.0},{"damage":0.0,"enemies":"Lagavulin","floor":13.0,"turns":4.0},{"damage":24.0,"enemies":"Hexaghost","floor":16.0,"turns":11.0},{"damage":6.0,"enemies":"Chosen","floor":18.0,"turns":4.0},{"damage":28.0,"enemies":"2 Thieves","floor":22.0,"turns":4.0},{"damage":2.0,"enemies":"Gremlin Leader","floor":23.0,"turns":3.0},{"damage":12.0,"enemies":"Slavers","floor":25.0,"turns":2.0},{"damage":28.0,"enemies":"Book of Stabbing","floor":27.0,"turns":5.0},{"damage":21.0,"enemies":"Gremlin Leader","floor":29.0,"turns":6.0},{"damage":1.0,"enemies":"3 Cultists","floor":31.0,"turns":3.0},{"damage":93.0,"enemies":"Collector","floor":33.0,"turns":10.0},{"damage":6.0,"enemies":"Orb Walker","floor":35.0,"turns":3.0},{"damage":11.0,"enemies":"3 Shapes","floor":36.0,"turns":3.0},{"damage":12.0,"enemies":"Maw","floor":38.0,"turns":5.0},{"damage":44.0,"enemies":"Reptomancer","floor":41.0,"turns":5.0},{"damage":3.0,"enemies":"4 Shapes","floor":42.0,"turns":1.0},{"damage":3.0,"enemies":"3 Darklings","floor":44.0,"turns":2.0},{"damage":0,"enemies":"Spire Growth","floor":47,"turns":1},{"damage":61,"enemies":"Awakened One","floor":50,"turns":8},{"damage":49,"enemies":"Shield and Spear","floor":54,"turns":6},{"damage":126,"enemies":"The Heart","floor":55,"turns":5}],"seed_played":"1339689533481951017","potions_obtained":[{"floor":1.0,"key":"DuplicationPotion"},{"floor":11.0,"key":"Dexterity Potion"},{"floor":29.0,"key":"LiquidBronze"},{"floor":36.0,"key":"PowerPotion"},{"floor":42.0,"key":"SteroidPotion"},{"floor":47,"key":"Regen Potion"}],"is_trial":false,"path_per_floor":["M","?","?","M","$","R","E","M","T","R","E","M","E","$","R","B",null,"M","?","$","?","M","E","?","E","T","E","R","E","$","M","R","B",null,"M","M","?","M","$","R","E","M","T","M","R","?","M","$","R","B",null,"R","$","E","B"],"character_chosen":"IRONCLAD","items_purchased":["Membership Card","AttackPotion","Molten Egg 2","Pummel+1","Lee\u0027s Waffle","Chemical X","Inflame","Bloodletting","Happy Flower","Inflame+1"],"campfire_rested":0,"item_purchase_floors":[14,14,20,20,30,39,39,39,48,48],"current_hp_per_floor":[70,70,70,70,70,70,36,41,41,41,27,33,39,39,39,21,62,66,60,60,60,40,46,46,42,56,36,36,42,117,119,119,44,100,102,101,96,90,90,90,66,85,85,92,92,92,100,100,100,57,117,117,117,91,0,0],"gold":37,"neow_bonus":"RANDOM_COMMON_RELIC","is_daily":false,"chose_seed":false,"campfire_upgraded":8,"win_rate":0.0,"timestamp":1610911030,"path_taken":["M","?","?","M","$","R","E","M","T","R","E","?","E","?","R","BOSS","M","?","$","?","M","E","?","E","T","E","R","E","?","?","R","BOSS","M","M","?","?","$","R","E","M","T","M","R","?","M","$","R","BOSS","R","$","E","BOSS"],"items_purchased_type":["Relic","Potion","Relic","Card","Relic","Relic","Card","Card","Relic","Card"],"build_version":"2020-12-22","purchased_purges":1,"victory":false,"max_hp_per_floor":[75,75,75,75,75,75,75,75,75,75,75,75,75,75,75,75,75,79,79,79,79,81,83,83,85,99,101,101,110,117,119,119,119,119,121,125,125,125,125,125,127,131,131,135,135,135,137,137,137,137,137,137,137,139,139,139],"relic_stats":{"Lee\u0027s Waffle":75,"Singing Bowl":36,"Happy Flower":[6],"counters":[26,114],"Pen Nib":[19],"Bag of Preparation":[52],"Burning Blood":145,"Centennial Puzzle":[42],"Sundial":[16],"Bronze Scales":[222],"Prayer Wheel":9,"Chemical X":[10],"obtain_stats":[{"Ice Cream":17,"Lee\u0027s Waffle":30,"Calipers":54,"Singing Bowl":17,"Happy Flower":48,"Vajra":17,"Mango":26,"Pen Nib":3,"Bag of Preparation":0,"Frozen Egg 2":41,"Burning Blood":0,"Calling Bell":17,"CaptainsWheel":7,"Centennial Puzzle":24,"Sundial":11,"Bronze Scales":23,"Strawberry":29,"Prayer Wheel":13,"Molten Egg 2":20,"Coffee Dripper":34,"Membership Card":14,"Chemical X":39,"Red Skull":9,"Meat on the Bone":27},{"Ice Cream":8,"Lee\u0027s Waffle":14,"Calipers":25,"Singing Bowl":8,"Happy Flower":23,"Vajra":8,"Mango":12,"Pen Nib":1,"Bag of Preparation":0,"Frozen Egg 2":20,"Burning Blood":0,"Calling Bell":8,"CaptainsWheel":3,"Centennial Puzzle":11,"Sundial":5,"Bronze Scales":11,"Strawberry":14,"Prayer Wheel":7,"Molten Egg 2":9,"Coffee Dripper":16,"Membership Card":7,"Chemical X":19,"Red Skull":4,"Meat on the Bone":13},{"Ice Cream":38,"Lee\u0027s Waffle":62,"Calipers":109,"Singing Bowl":38,"Happy Flower":95,"Vajra":38,"Mango":51,"Pen Nib":4,"Bag of Preparation":0,"Frozen Egg 2":91,"Burning Blood":0,"Calling Bell":38,"CaptainsWheel":14,"Centennial Puzzle":49,"Sundial":20,"Bronze Scales":49,"Strawberry":62,"Prayer Wheel":27,"Molten Egg 2":42,"Coffee Dripper":75,"Membership Card":27,"Chemical X":86,"Red Skull":17,"Meat on the Bone":56}],"Meat on the Bone":60},"card_choices":[{"not_picked":["Entrench","Pommel Strike"],"picked":"Fire Breathing","floor":1.0},{"not_picked":["Armaments","Dropkick"],"picked":"Headbutt","floor":4.0},{"not_picked":["Thunderclap","Battle Trance"],"picked":"Uppercut","floor":7.0},{"not_picked":["Thunderclap","Armaments","Disarm"],"picked":"SKIP","floor":8.0},{"not_picked":["Pommel Strike","Heavy Blade"],"picked":"Battle Trance","floor":11.0},{"not_picked":["Thunderclap","Dropkick","Dark Embrace"],"picked":"SKIP","floor":12.0},{"not_picked":["Perfected Strike","Battle Trance"],"picked":"Shrug It Off","floor":13.0},{"not_picked":["Feed","Bludgeon"],"picked":"Brutality","floor":16.0},{"not_picked":["Seeing Red","Hemokinesis","Uppercut"],"picked":"Singing Bowl","floor":18.0},{"not_picked":["Perfected Strike","Heavy Blade","Anger"],"picked":"Singing Bowl","floor":18.0},{"not_picked":["Iron Wave+1","Hemokinesis+1"],"picked":"Dropkick+1","floor":22.0},{"not_picked":["Thunderclap+1","Dark Embrace","Flex+1"],"picked":"Singing Bowl","floor":22.0},{"not_picked":["Rampage+1","Armaments+1","Headbutt+1"],"picked":"Singing Bowl","floor":23.0},{"not_picked":["Sever Soul+1","Wild Strike+1","Battle Trance"],"picked":"Singing Bowl","floor":25.0},{"not_picked":["Carnage+1","Berserk","Havoc"],"picked":"Singing Bowl","floor":27.0},{"not_picked":["Sword Boomerang+1","Spot Weakness","Bloodletting"],"picked":"Singing Bowl","floor":29.0},{"not_picked":["Body Slam+1","Sword Boomerang+1"],"picked":"Pommel Strike+1","floor":31.0},{"not_picked":["Sever Soul+1","Thunderclap+1","Heavy Blade+1"],"picked":"Singing Bowl","floor":31.0},{"not_picked":["Immolate+1","Bludgeon+1"],"picked":"Impervious","floor":33.0},{"not_picked":["True Grit","Thunderclap+1","Twin Strike+1"],"picked":"Singing Bowl","floor":35.0},{"not_picked":["Perfected Strike+1","Rampage+1"],"picked":"True Grit+1","floor":35.0},{"not_picked":["Ghostly Armor","Anger+1","Sentinel"],"picked":"Singing Bowl","floor":36.0},{"not_picked":["Dropkick+1","Wild Strike+1","Dual Wield"],"picked":"Singing Bowl","floor":36.0},{"not_picked":["Headbutt+1","Burning Pact+1"],"picked":"Whirlwind+1","floor":38.0},{"not_picked":["Hemokinesis+1","Heavy Blade+1"],"picked":"Flame Barrier+1","floor":38.0},{"not_picked":["Dropkick+1","Cleave+1","Infernal Blade+1"],"picked":"Singing Bowl","floor":41.0},{"not_picked":["Fire Breathing+1","Headbutt+1","Wild Strike+1"],"picked":"Singing Bowl","floor":42.0},{"not_picked":["Armaments","Warcry","Havoc"],"picked":"Singing Bowl","floor":42.0},{"not_picked":["Wild Strike+1","Ghostly Armor","Headbutt+1"],"picked":"Singing Bowl","floor":44.0},{"not_picked":["Disarm","Hemokinesis+1","Heavy Blade+1"],"picked":"Singing Bowl","floor":44.0},{"not_picked":["Iron Wave+1","Searing Blow+1"],"picked":"Rupture+1","floor":47},{"not_picked":["Juggernaut+1","Wild Strike+1","Body Slam+1"],"picked":"Singing Bowl","floor":47},{"not_picked":["Twin Strike+1","Sentinel+1","Sword Boomerang+1"],"picked":"Singing Bowl","floor":54}],"player_experience":647298,"relics_obtained":[{"floor":7.0,"key":"CaptainsWheel"},{"floor":9.0,"key":"Red Skull"},{"floor":11.0,"key":"Sundial"},{"floor":13.0,"key":"Prayer Wheel"},{"floor":17.0,"key":"Vajra"},{"floor":17.0,"key":"Singing Bowl"},{"floor":17.0,"key":"Ice Cream"},{"floor":23.0,"key":"Bronze Scales"},{"floor":26.0,"key":"Mango"},{"floor":27.0,"key":"Meat on the Bone"},{"floor":29.0,"key":"Strawberry"},{"floor":41.0,"key":"Frozen Egg 2"},{"floor":54,"key":"Calipers"}],"event_choices":[{"damage_healed":0.0,"max_hp_gain":0.0,"max_hp_loss":0.0,"gold_gain":0.0,"cards_transformed":["Strike_R"],"event_name":"Living Wall","player_choice":"Change","floor":2.0,"gold_loss":0.0,"damage_taken":0.0,"cards_obtained":["Cleave"]},{"damage_healed":0.0,"max_hp_gain":0.0,"max_hp_loss":0.0,"gold_gain":0.0,"event_name":"WeMeetAgain","player_choice":"Paid Gold","floor":3.0,"gold_loss":52.0,"damage_taken":0.0,"relics_obtained":["Pen Nib"]},{"damage_healed":0.0,"max_hp_gain":0.0,"max_hp_loss":0.0,"gold_gain":0.0,"event_name":"Nest","player_choice":"Joined the Cult","floor":19.0,"gold_loss":0.0,"damage_taken":6.0,"cards_obtained":["RitualDagger"]},{"damage_healed":0.0,"max_hp_gain":0.0,"max_hp_loss":0.0,"gold_gain":0.0,"event_name":"Back to Basics","player_choice":"Simplicity","floor":21.0,"gold_loss":0.0,"damage_taken":0.0,"cards_upgraded":["Strike_R","Strike_R","Strike_R","Strike_R","Defend_R","Defend_R","Defend_R","Defend_R"]},{"damage_healed":0.0,"max_hp_gain":0.0,"max_hp_loss":0.0,"gold_gain":0.0,"event_name":"The Mausoleum","player_choice":"Opened","floor":24.0,"gold_loss":0.0,"damage_taken":0.0,"relics_obtained":["Centennial Puzzle"],"cards_obtained":["Writhe"]},{"damage_healed":0.0,"max_hp_gain":0.0,"max_hp_loss":0.0,"gold_gain":0.0,"event_name":"Designer","player_choice":"Punched","floor":37.0,"gold_loss":0.0,"damage_taken":5.0},{"damage_healed":0.0,"max_hp_gain":0.0,"max_hp_loss":0.0,"gold_gain":0.0,"event_name":"Tomb of Lord Red Mask","player_choice":"Ignored","floor":46.0,"gold_loss":0.0,"damage_taken":0.0}],"is_beta":false,"boss_relics":[{"not_picked":["SlaversCollar","SacredBark"],"picked":"Calling Bell"},{"not_picked":["Sozu","Snecko Eye"],"picked":"Coffee Dripper"}],"items_purged_floors":[30],"is_endless":false,"potions_floor_spawned":[1,11,16,18,22,29,36,42,47],"killed_by":"The Heart","ascension_level":15}}