{"host":"6jrd8fn9k88n08be","time":1610852165,"event":{"mods":["BaseMod","Minty Spire (QoL Compilation)","StSLib"],"gold_per_floor":[109,284,284,303,64,99,99,134,160,160,190,190,222,234,234,335,335,317,347,347,347,364,364,364],"floor_reached":23,"language":"ENG","playtime":1417,"items_purged":["Doubt"],"score":262,"play_id":"cd2af661-8c19-4781-bc23-fa988b3b7135","local_time":"20210116215605","is_ascension_mode":true,"campfire_choices":[{"data":"Creative AI","floor":7,"key":"SMITH"},{"data":"Amplify","floor":10,"key":"SMITH"},{"data":"Glacier","floor":15,"key":"SMITH"}],"circlet_count":0,"master_deck":["Strike_B","Strike_B","Defend_B","Defend_B","Defend_B","Defend_B","Zap","Dualcast","Storm","Glacier+1","Gash","Creative AI+1","Beam Cell","Self Repair","Amplify+1","Go for the Eyes","Leap","Go for the Eyes","Biased Cognition","Barrage","Barrage"],"relics":["Cracked Core","Akabeko","Gremlin Horn","MealTicket","Boot","StoneCalendar","Busted Crown","Red Mask","Enchiridion"],"acts_visited":["Exordium","TheCity"],"potions_floor_usage":[18,19,19,19],"damage_taken":[{"damage":7,"enemies":"Small Slimes","floor":1,"turns":3},{"damage":1,"enemies":"Jaw Worm","floor":4,"turns":5},{"damage":16,"enemies":"Lagavulin","floor":6,"turns":9},{"damage":25,"enemies":"3 Sentries","floor":8,"turns":8},{"damage":13,"enemies":"Gremlin Nob","floor":11,"turns":4},{"damage":6,"enemies":"Lagavulin","floor":13,"turns":9},{"damage":2,"enemies":"2 Louse","floor":14,"turns":2},{"damage":13,"enemies":"Hexaghost","floor":16,"turns":7},{"damage":10,"enemies":"2 Thieves","floor":18,"turns":4},{"damage":26,"enemies":"Masked Bandits","floor":19,"turns":5},{"damage":3,"enemies":"Chosen","floor":22,"turns":3},{"damage":35,"enemies":"Gremlin Leader","floor":23,"turns":3}],"seed_played":"-8425091181559265276","potions_obtained":[{"floor":11,"key":"BlessingOfTheForge"},{"floor":14,"key":"FocusPotion"},{"floor":16,"key":"Fruit Juice"},{"floor":18,"key":"Fruit Juice"}],"is_trial":false,"path_per_floor":["M","?","?","M","$","E","R","E","T","R","E","?","E","M","R","B",null,"M","?","?","?","M","E"],"character_chosen":"DEFECT","items_purchased":["Creative AI","Beam Cell"],"campfire_rested":0,"item_purchase_floors":[5,5],"current_hp_per_floor":[68,68,73,72,72,56,56,38,38,38,32,25,26,31,31,32,80,82,68,50,34,31,0,0],"gold":364,"neow_bonus":"TRANSFORM_CARD","is_daily":false,"chose_seed":false,"campfire_upgraded":3,"win_rate":0.0,"timestamp":1610852165,"path_taken":["M","?","?","M","$","E","R","E","T","R","E","?","E","?","R","BOSS","M","?","?","?","M","E"],"items_purchased_type":["Card","Card"],"build_version":"2020-12-22","purchased_purges":1,"victory":false,"max_hp_per_floor":[75,75,80,80,80,80,80,80,80,80,80,80,80,80,80,80,80,85,90,95,95,95,95,95],"card_choices":[{"not_picked":["Conserve Battery","Gash"],"picked":"Glacier","floor":1},{"not_picked":["Sunder","Redo"],"picked":"Gash","floor":4},{"not_picked":["Compile Driver","Coolheaded"],"picked":"Self Repair","floor":6},{"not_picked":["Skim","Self Repair"],"picked":"Amplify","floor":8},{"not_picked":["Hologram","Redo"],"picked":"Go for the Eyes","floor":11},{"not_picked":["Redo","Ball Lightning"],"picked":"Leap","floor":13},{"not_picked":["Cold Snap","Auto Shields"],"picked":"Go for the Eyes","floor":14},{"not_picked":["Meteor Strike","Machine Learning"],"picked":"Biased Cognition","floor":16},{"not_picked":[],"picked":"Barrage","floor":18},{"not_picked":[],"picked":"Barrage","floor":19},{"not_picked":["Hologram+1"],"picked":"SKIP","floor":22}],"player_experience":71387,"relics_obtained":[{"floor":6,"key":"Akabeko"},{"floor":8,"key":"Gremlin Horn"},{"floor":9,"key":"MealTicket"},{"floor":11,"key":"Boot"},{"floor":13,"key":"StoneCalendar"},{"floor":19,"key":"Red Mask"},{"floor":21,"key":"Enchiridion"}],"event_choices":[{"damage_healed":0,"gold_gain":175,"player_choice":"AGREE","damage_taken":0,"max_hp_gain":0,"max_hp_loss":0,"event_name":"Liars Game","floor":2,"gold_loss":0,"cards_obtained":["Doubt"]},{"damage_healed":0,"gold_gain":0,"player_choice":"Donut","damage_taken":0,"max_hp_gain":5,"max_hp_loss":0,"event_name":"Big Fish","floor":3,"gold_loss":0},{"cards_removed":["Strike_B"],"damage_healed":0,"gold_gain":0,"player_choice":"Card Removal","damage_taken":7,"max_hp_gain":0,"max_hp_loss":0,"event_name":"Golden Wing","floor":12,"gold_loss":0},{"damage_healed":0,"gold_gain":0,"player_choice":"Fought Bandits","damage_taken":0,"max_hp_gain":0,"max_hp_loss":0,"event_name":"Masked Bandits","floor":19,"gold_loss":0},{"damage_healed":0,"gold_gain":0,"player_choice":"Shed Blood","damage_taken":23,"max_hp_gain":5,"max_hp_loss":0,"event_name":"Forgotten Altar","floor":20,"gold_loss":0},{"damage_healed":0,"gold_gain":0,"player_choice":"Obtained Book","damage_taken":16,"max_hp_gain":0,"max_hp_loss":0,"event_name":"Cursed Tome","floor":21,"gold_loss":0}],"is_beta":false,"boss_relics":[{"not_picked":["Ectoplasm","SacredBark"],"picked":"Busted Crown"}],"items_purged_floors":[5],"is_endless":false,"potions_floor_spawned":[11,14,16,18],"killed_by":"Gremlin Leader","ascension_level":2}}