{"host":"d61fcf2p3sjwe6yo","time":1610880235,"event":{"mods":["AchievementEnabler","BaseMod","Colored Map","Downfall","Minty Spire (QoL Compilation)","StSLib","SuperFastMode"],"gold_per_floor":[99,115,125,400,414,324,379,379,279,291,291,291,291,316,331,429,429,429,444,460,460,128,148,172,187,87,105,130,141,168,368,384,480,480,480,494,508,284,296,176,176,59,92,102,131,31,58,58,76,76,76,104,42,42,42,42],"floor_reached":57,"language":"ENG","playtime":4762,"items_purged":["Regret","downfall:Malfunctioning","bronze:Strike","bronze:Strike"],"score":1576,"play_id":"e21dd3b5-839f-4bde-a9ed-21786ed81ae3","local_time":"20210117134355","is_ascension_mode":true,"campfire_choices":[{"floor":1,"key":"RECALL"},{"data":"bronze:Replicate","floor":9,"key":"SMITH"},{"data":"bronze:Branch","floor":11,"key":"SMITH"},{"data":"bronze:Repair","floor":13,"key":"SMITH"},{"data":"bronze:Library","floor":18,"key":"SMITH"},{"floor":26,"key":"REST"},{"data":"bronze:Mutator","floor":35,"key":"SMITH"},{"data":"bronze:Branch","floor":46,"key":"SMITH"},{"data":"bronze:TinkerersToolbox","floor":54,"key":"SMITH"}],"circlet_count":0,"master_deck":["bronze:Strike","bronze:Strike+1","bronze:Defend","bronze:Defend+1","bronze:Defend","bronze:Replicate+1","bronze:Goto+1","bronze:Branch+1","bronze:Repair+1","bronze:TinkerersToolbox+1","bronze:Library+1","bronze:Frontload","bronze:Branch+1","bronze:Library+1","bronze:Mutator+1","bronze:FunctionCard","bronze:Shell+1","bronze:Boost+1","expansioncontent:PrepareCrush+1"],"relics":["bronze:PlatinumCore","Regal Pillow","StrikeDummy","downfall:HeartBlessingRed","The Courier","MutagenicStrength","DollysMirror","bronze:SilverBullet","downfall:HeartBlessingBlue","bronze:DecasWashers","Matryoshka","Coffee Dripper","champ:DuelingGlove","Mummified Hand","Eternal Feather","bronze:Mallet","Membership Card","Toxic Egg 2","Orichalcum","downfall:HeartBlessingGreen","FossilizedHelix","Pocketwatch","ClockworkSouvenir"],"acts_visited":["Exordium","TheCity","TheBeyond","TheEnding"],"potions_floor_usage":[16,28,36,39,56,56,56],"damage_taken":[{"damage":1,"enemies":"Cultist","floor":2,"turns":3},{"damage":3,"enemies":"2 Louse","floor":3,"turns":2},{"damage":11,"enemies":"Small Slimes","floor":5,"turns":3},{"damage":7,"enemies":"downfall:FleeingMerchant","floor":6,"turns":4},{"damage":4,"enemies":"2 Fungi Beasts","floor":10,"turns":3},{"damage":0,"enemies":"Gremlin Nob","floor":14,"turns":3},{"damage":10,"enemies":"Lots of Slimes","floor":15,"turns":4},{"damage":21,"enemies":"DF_ARCHETYPE_STREAMLINE","floor":16,"turns":12},{"damage":5,"enemies":"Shell Parasite","floor":19,"turns":6},{"damage":25,"enemies":"Spheric Guardian","floor":20,"turns":6},{"damage":0,"enemies":"downfall:FleeingMerchant","floor":22,"turns":4},{"damage":37,"enemies":"Snecko","floor":23,"turns":6},{"damage":7,"enemies":"Chosen and Byrds","floor":25,"turns":6},{"damage":23,"enemies":"Snake Plant","floor":27,"turns":5},{"damage":2,"enemies":"Book of Stabbing","floor":28,"turns":6},{"damage":0,"enemies":"Snecko","floor":29,"turns":4},{"damage":6,"enemies":"Gremlin Leader","floor":30,"turns":7},{"damage":3,"enemies":"Sentry and Sphere","floor":32,"turns":3},{"damage":35,"enemies":"WA_ARCHETYPE_CALM","floor":33,"turns":7},{"damage":8,"enemies":"3 Darklings","floor":36,"turns":7},{"damage":3,"enemies":"Orb Walker","floor":37,"turns":2},{"damage":6,"enemies":"downfall:FleeingMerchant","floor":38,"turns":4},{"damage":0,"enemies":"Writhing Mass","floor":39,"turns":3},{"damage":4,"enemies":"Giant Head","floor":43,"turns":4},{"damage":0,"enemies":"Transient","floor":44,"turns":5},{"damage":11,"enemies":"Nemesis","floor":45,"turns":3},{"damage":0,"enemies":"Reptomancer","floor":47,"turns":4},{"damage":16,"enemies":"Sphere and 2 Shapes","floor":49,"turns":4},{"damage":0,"enemies":"SI_POISON_ARCHETYPE","floor":50,"turns":6},{"damage":0,"enemies":"downfall:CharBossMerchant","floor":52,"turns":6},{"damage":0,"enemies":"downfall:NeowBoss","floor":55,"turns":11},{"damage":59,"enemies":"downfall:NeowBossFinal","floor":56,"turns":7}],"seed_played":"-7036089666133411973","potions_obtained":[{"floor":2,"key":"Explosive Potion"},{"floor":3,"key":"LiquidBronze"},{"floor":5,"key":"SkillPotion"},{"floor":15,"key":"Block Potion"},{"floor":25,"key":"bronze:BuildAFunctionPotion"},{"floor":28,"key":"Explosive Potion"},{"floor":29,"key":"CultistPotion"},{"floor":36,"key":"Swift Potion"},{"floor":45,"key":"bronze:BuildAFunctionPotion"}],"is_trial":false,"path_per_floor":["R","M","M","?","M","$","T","T","R","M","R","?","R","E","M","B",null,"R","M","M","?","$","M","T","M","R","M","E","M","E","?","M","B",null,"R","M","M","$","M","$","T","$","E","M","E","R","E","?","M","B",null,"E","$","R","B","B",null],"character_chosen":"THE_AUTOMATON","items_purchased":["DollysMirror","bronze:SilverBullet","champ:DuelingGlove","Mummified Hand","Membership Card","ClockworkSouvenir"],"campfire_rested":1,"item_purchase_floors":[22,22,38,38,42,53],"current_hp_per_floor":[70,69,66,66,62,62,62,62,62,65,65,65,65,70,70,52,70,70,65,50,50,60,33,33,26,75,57,65,75,74,74,71,46,80,80,73,80,74,80,80,80,80,80,80,79,80,80,80,64,76,80,80,80,80,80,21],"gold":42,"neow_bonus":"REMOVE_CARD","is_daily":false,"chose_seed":false,"campfire_upgraded":7,"win_rate":0.0,"timestamp":1610880235,"path_taken":["R","M","M","?","?","$","T","?","R","M","R","?","R","E","M","BOSS","R","M","M","?","$","M","T","M","R","M","E","M","E","?","M","BOSS","R","M","?","$","M","$","T","?","E","M","E","R","E","?","M","BOSS","E","$","R","BOSS","BOSS"],"items_purchased_type":["Relic","Relic","Relic","Relic","Relic","Relic"],"build_version":"2020-12-22","purchased_purges":4,"victory":true,"max_hp_per_floor":[70,70,70,70,70,70,70,70,70,70,70,70,70,70,70,70,70,70,70,70,70,70,70,70,70,80,80,80,80,80,80,80,80,80,80,80,80,80,80,80,80,80,80,80,80,80,80,80,80,80,80,80,80,80,80,80],"card_choices":[{"not_picked":["bronze:DarkDash","bronze:DigitalCarnage"],"picked":"bronze:Branch","floor":2},{"not_picked":["bronze:CutThrough","bronze:Overheat"],"picked":"bronze:Repair","floor":3},{"not_picked":["bronze:DelayedGuard","bronze:BuggyMess","bronze:Overheat"],"picked":"SKIP","floor":5},{"not_picked":["bronze:Shell","bronze:BronzeOrb"],"picked":"bronze:TinkerersToolbox","floor":6},{"not_picked":["bronze:BugBarrage","bronze:BuggyMess","bronze:FineTuning"],"picked":"SKIP","floor":10},{"not_picked":["bronze:Deprecate","bronze:Safeguard","bronze:Shield"],"picked":"SKIP","floor":14},{"not_picked":["bronze:Overheat","bronze:Iterate","bronze:DelayedGuard"],"picked":"SKIP","floor":15},{"not_picked":["bronze:ThunderWave","bronze:AlphaBuild"],"picked":"bronze:Library","floor":16},{"not_picked":["bronze:Allocate","bronze:ClassDefault"],"picked":"bronze:Frontload","floor":19},{"not_picked":["bronze:DigitalCarnage","bronze:Overload","bronze:Flail"],"picked":"SKIP","floor":20},{"not_picked":["bronze:FineTuning","bronze:Overheat"],"picked":"bronze:Branch","floor":22},{"not_picked":["bronze:Frontload","bronze:Deprecate","bronze:Separator"],"picked":"SKIP","floor":23},{"not_picked":["bronze:Overheat","bronze:ChildClass+1","bronze:MaxOutput"],"picked":"SKIP","floor":25},{"not_picked":["bronze:Turbo+1","bronze:WhirlingStrike","bronze:BitShift+1"],"picked":"SKIP","floor":27},{"not_picked":["bronze:FollowUp","bronze:MaxOutput"],"picked":"bronze:Mutator","floor":28},{"not_picked":["bronze:BronzeOrb","bronze:Invalidate","bronze:WildBeam"],"picked":"SKIP","floor":29},{"not_picked":["bronze:Library","bronze:Virus","bronze:Overheat"],"picked":"SKIP","floor":30},{"not_picked":["bronze:WhirlingStrike","bronze:DelayedSlice","bronze:BitShift+1"],"picked":"SKIP","floor":32},{"not_picked":["bronze:CleanCode","bronze:BurnOut"],"picked":"bronze:Hardcode","floor":33},{"not_picked":["bronze:Shield","bronze:BugBarrage","bronze:NullPointer+1"],"picked":"SKIP","floor":36},{"not_picked":["bronze:BugBarrage+1","bronze:FineTuning","bronze:WildBeam"],"picked":"SKIP","floor":37},{"not_picked":["bronze:Overheat+1","bronze:DelayedSlice+1","bronze:NullPointer+1"],"picked":"SKIP","floor":38},{"not_picked":["bronze:MaxOutput","bronze:OilSpill+1","bronze:ForceShield"],"picked":"SKIP","floor":39},{"not_picked":["bronze:DelayedSlice","bronze:Overload+1"],"picked":"bronze:Shell+1","floor":43},{"not_picked":["bronze:WhirlingStrike+1","bronze:ForceShield+1","bronze:BronzeOrb"],"picked":"SKIP","floor":44},{"not_picked":["bronze:Virus","bronze:BugBarrage+1","bronze:HyperBeam"],"picked":"SKIP","floor":45},{"not_picked":["bronze:Mutator","bronze:Verify"],"picked":"bronze:Boost+1","floor":47},{"not_picked":["expansioncontent:YouAreMine+1","expansioncontent:PolyBeam"],"picked":"expansioncontent:PrepareCrush+1","floor":48},{"not_picked":["bronze:Repulsor+1","bronze:Branch","bronze:Turbo+1"],"picked":"SKIP","floor":49},{"not_picked":["bronze:Branch+1","bronze:BuggyMess+1","bronze:Format+1"],"picked":"SKIP","floor":52}],"player_experience":573867,"relics_obtained":[{"floor":7,"key":"Regal Pillow"},{"floor":8,"key":"StrikeDummy"},{"floor":14,"key":"The Courier"},{"floor":28,"key":"bronze:DecasWashers"},{"floor":30,"key":"Matryoshka"},{"floor":41,"key":"Eternal Feather"},{"floor":41,"key":"bronze:Mallet"},{"floor":43,"key":"Toxic Egg 2"},{"floor":45,"key":"Orichalcum"},{"floor":47,"key":"FossilizedHelix"},{"floor":52,"key":"Pocketwatch"}],"event_choices":[{"damage_healed":0,"gold_gain":0,"player_choice":"Inject Mutagens","damage_taken":0,"relics_obtained":["MutagenicStrength"],"max_hp_gain":0,"max_hp_loss":0,"event_name":"Drug Dealer","floor":21,"gold_loss":0}],"is_beta":false,"boss_relics":[{"not_picked":["Black Star","Astrolabe"],"picked":"bronze:PlatinumCore"},{"not_picked":["Pandora\u0027s Box","Empty Cage"],"picked":"Coffee Dripper"}],"items_purged_floors":[6,22,38,40],"is_endless":false,"potions_floor_spawned":[2,3,5,15,25,27,28,29,32,36,45,49,52],"ascension_level":4}}