{"host":"08t08ld674si40tv","time":1610888290,"event":{"mods":["AchievementEnabler","BaseMod","Colored Map","Minty Spire (QoL Compilation)","StSLib","SuperFastMode"],"gold_per_floor":[367,367,387,398,74,105,105,133,210,210,210,249,322,335,335,430,430,450,450,464,464,478,511,511,535,560,600,635,655,521,535,535,631,631,655,669,738,757,776,776,819,819,842,886,493,534,534,565,565,565,565,565,565,355,394,394],"floor_reached":57,"language":"KOR","playtime":1591,"items_purged":["Defend_R","Strike_R","Strike_R","Strike_R+1"],"score":3506,"play_id":"2ace82d4-efaf-449d-959a-d808f471fd3d","local_time":"20210117215810","is_ascension_mode":true,"campfire_choices":[{"data":"Impervious","floor":7,"key":"SMITH"},{"data":"Shrug It Off","floor":10,"key":"SMITH"},{"data":"Bash","floor":15,"key":"SMITH"},{"data":"Barricade","floor":24,"key":"SMITH"},{"data":"Body Slam","floor":32,"key":"SMITH"},{"data":"Entrench","floor":40,"key":"SMITH"},{"data":"Offering","floor":47,"key":"SMITH"},{"floor":49,"key":"RECALL"},{"data":"Second Wind","floor":53,"key":"SMITH"}],"circlet_count":0,"master_deck":["AscendersBane","Defend_R+1","Defend_R+1","Defend_R","Bash+1","Shrug It Off+1","Wild Strike","Impervious+1","Whirlwind+1","Barricade+1","Body Slam+1","Entrench+1","Metallicize","Offering+1","Second Wind+1"],"relics":["Burning Blood","TungstenRod","Torii","Membership Card","Chemical X","Whetstone","Gambling Chip","Thread and Needle","Blood Vial","Pantograph","Golden Idol","Strawberry","War Paint","Velvet Choker","Mango","Smiling Mask","Prayer Wheel","Red Mask","Akabeko","Sozu","Incense Burner","Eternal Feather","Ornamental Fan","Bag of Preparation","CaptainsWheel","TheAbacus","Bag of Marbles","Dream Catcher","Boot","Sling","Art of War"],"acts_visited":["Exordium","TheCity","TheBeyond","TheEnding"],"potions_floor_usage":[13,23,33,33,56],"damage_taken":[{"damage":5,"enemies":"Cultist","floor":1,"turns":3},{"damage":0,"enemies":"Small Slimes","floor":3,"turns":4},{"damage":0,"enemies":"2 Louse","floor":4,"turns":2},{"damage":0,"enemies":"3 Sentries","floor":6,"turns":3},{"damage":0,"enemies":"Gremlin Nob","floor":8,"turns":3},{"damage":5,"enemies":"3 Sentries","floor":12,"turns":2},{"damage":28,"enemies":"Lagavulin Event","floor":13,"turns":4},{"damage":0,"enemies":"Blue Slaver","floor":14,"turns":2},{"damage":3,"enemies":"The Guardian","floor":16,"turns":10},{"damage":0,"enemies":"2 Thieves","floor":18,"turns":3},{"damage":0,"enemies":"3 Byrds","floor":20,"turns":2},{"damage":0,"enemies":"Centurion and Healer","floor":22,"turns":4},{"damage":19,"enemies":"Slavers","floor":23,"turns":4},{"damage":5,"enemies":"Snecko","floor":25,"turns":4},{"damage":11,"enemies":"Book of Stabbing","floor":27,"turns":5},{"damage":0,"enemies":"Masked Bandits","floor":28,"turns":1},{"damage":8,"enemies":"Chosen and Byrds","floor":29,"turns":4},{"damage":0,"enemies":"3 Cultists","floor":31,"turns":1},{"damage":19,"enemies":"Champ","floor":33,"turns":8},{"damage":46,"enemies":"3 Shapes","floor":35,"turns":4},{"damage":0,"enemies":"3 Darklings","floor":36,"turns":1},{"damage":10,"enemies":"2 Orb Walkers","floor":37,"turns":3},{"damage":5,"enemies":"Transient","floor":38,"turns":6},{"damage":21,"enemies":"Spire Growth","floor":39,"turns":5},{"damage":5,"enemies":"Reptomancer","floor":41,"turns":4},{"damage":5,"enemies":"Nemesis","floor":44,"turns":3},{"damage":5,"enemies":"Reptomancer","floor":46,"turns":3},{"damage":0,"enemies":"Giant Head","floor":48,"turns":4},{"damage":17,"enemies":"Donu and Deca","floor":50,"turns":9},{"damage":0,"enemies":"Time Eater","floor":51,"turns":4},{"damage":5,"enemies":"Shield and Spear","floor":55,"turns":6},{"damage":6,"enemies":"The Heart","floor":56,"turns":9}],"seed_played":"8589784835961616011","potions_obtained":[{"floor":3,"key":"SpeedPotion"},{"floor":6,"key":"BlessingOfTheForge"},{"floor":12,"key":"AttackPotion"},{"floor":13,"key":"Swift Potion"},{"floor":25,"key":"Explosive Potion"},{"floor":28,"key":"ColorlessPotion"},{"floor":33,"key":"GamblersBrew"}],"is_trial":false,"path_per_floor":["M","?","M","M","$","E","R","E","T","R","?","E","?","M","R","B",null,"M","?","M","?","M","E","R","M","T","E","?","M","$","M","R","B",null,"M","M","?","M","M","R","E","?","T","E","$","E","R","E","R","B","B",null,"R","$","E","B",null],"character_chosen":"IRONCLAD","items_purchased":["Whirlwind","Whetstone","Gambling Chip","Akabeko","Bag of Preparation","CaptainsWheel","TheAbacus","Boot","Sling"],"campfire_rested":0,"item_purchase_floors":[5,5,5,30,45,45,45,54,54],"current_hp_per_floor":[52,52,58,64,64,70,70,75,75,75,50,60,40,48,48,78,81,82,82,82,82,82,83,83,86,86,83,91,91,91,96,96,83,93,55,63,61,64,51,51,54,50,50,53,53,56,65,73,82,85,96,96,96,96,96,96],"gold":394,"neow_bonus":"TWO_FIFTY_GOLD","is_daily":false,"chose_seed":false,"campfire_upgraded":8,"win_rate":0.0,"timestamp":1610888290,"path_taken":["M","?","?","M","$","E","R","E","T","R","?","E","?","M","R","BOSS","M","?","M","?","M","E","R","?","T","E","?","M","$","M","R","BOSS","M","M","?","M","M","R","E","?","T","E","$","E","R","E","R","BOSS","BOSS","R","$","E","BOSS"],"items_purchased_type":["Card","Relic","Relic","Relic","Relic","Relic","Relic","Relic","Relic"],"build_version":"2020-12-22","purchased_purges":4,"victory":true,"max_hp_per_floor":[75,75,75,75,75,75,75,75,75,75,75,82,82,82,82,82,82,82,82,82,82,82,96,96,96,96,96,96,96,96,96,96,96,96,96,96,96,96,96,96,96,96,96,96,96,96,96,96,96,96,96,96,96,96,96,96],"card_choices":[{"not_picked":["Iron Wave","Clothesline"],"picked":"Shrug It Off","floor":1},{"not_picked":["Anger","Carnage"],"picked":"Wild Strike","floor":3},{"not_picked":["Pommel Strike","Dual Wield"],"picked":"Impervious","floor":4},{"not_picked":["Anger","Perfected Strike","Flex"],"picked":"SKIP","floor":6},{"not_picked":["Dual Wield","Warcry","Clash"],"picked":"SKIP","floor":8},{"not_picked":["Flame Barrier","Rupture","Pummel"],"picked":"SKIP","floor":12},{"not_picked":["Perfected Strike","Anger","Armaments"],"picked":"SKIP","floor":14},{"not_picked":["Demon Form","Brutality"],"picked":"Barricade","floor":16},{"not_picked":["Havoc","Pommel Strike"],"picked":"Body Slam","floor":18},{"not_picked":["Pommel Strike","Inflame","Carnage"],"picked":"SKIP","floor":20},{"not_picked":["Iron Wave","Pommel Strike","Clothesline"],"picked":"SKIP","floor":22},{"not_picked":["Spot Weakness","Havoc","Flex"],"picked":"SKIP","floor":23},{"not_picked":["Armaments+1","Clash","Sword Boomerang"],"picked":"SKIP","floor":25},{"not_picked":["Sentinel","Shrug It Off"],"picked":"Entrench","floor":27},{"not_picked":["Clothesline","Power Through+1"],"picked":"Metallicize","floor":29},{"not_picked":["Perfected Strike","Anger","Thunderclap+1"],"picked":"SKIP","floor":29},{"not_picked":["Fire Breathing","Dual Wield","Feed"],"picked":"SKIP","floor":31},{"not_picked":["Cleave","Clothesline","Anger"],"picked":"SKIP","floor":31},{"not_picked":["Immolate","Corruption"],"picked":"Offering","floor":33},{"not_picked":["Clothesline+1","Sentinel","Dark Embrace"],"picked":"SKIP","floor":35},{"not_picked":["Perfected Strike","Twin Strike","Carnage+1"],"picked":"SKIP","floor":35},{"not_picked":["Flex","Twin Strike","True Grit"],"picked":"SKIP","floor":36},{"not_picked":["Exhume","Warcry","Shrug It Off+1"],"picked":"SKIP","floor":36},{"not_picked":["Twin Strike","Clothesline"],"picked":"Second Wind","floor":37},{"not_picked":["Inflame+1","Warcry","Clash"],"picked":"SKIP","floor":38},{"not_picked":["Sever Soul+1","Perfected Strike","Metallicize"],"picked":"SKIP","floor":38},{"not_picked":["Perfected Strike","Twin Strike","Anger"],"picked":"SKIP","floor":39},{"not_picked":["Fire Breathing","Perfected Strike","Rupture"],"picked":"SKIP","floor":39},{"not_picked":["Clash","Iron Wave","Warcry"],"picked":"SKIP","floor":41},{"not_picked":["Anger+1","Uppercut","Infernal Blade"],"picked":"SKIP","floor":44},{"not_picked":["Reaper","Combust","Wild Strike"],"picked":"SKIP","floor":46},{"not_picked":["Hemokinesis+1","Juggernaut","Anger"],"picked":"SKIP","floor":48},{"not_picked":["Feel No Pain","Feed","Sentinel+1"],"picked":"SKIP","floor":55}],"player_experience":242041,"relics_obtained":[{"floor":6,"key":"Thread and Needle"},{"floor":8,"key":"Blood Vial"},{"floor":9,"key":"Pantograph"},{"floor":12,"key":"Strawberry"},{"floor":13,"key":"War Paint"},{"floor":23,"key":"Mango"},{"floor":26,"key":"Smiling Mask"},{"floor":27,"key":"Prayer Wheel"},{"floor":28,"key":"Red Mask"},{"floor":37,"key":"Incense Burner"},{"floor":41,"key":"Eternal Feather"},{"floor":44,"key":"Ornamental Fan"},{"floor":46,"key":"Bag of Marbles"},{"floor":48,"key":"Dream Catcher"},{"floor":55,"key":"Art of War"}],"event_choices":[{"cards_removed":["Strike_R"],"damage_healed":0,"gold_gain":0,"player_choice":"Offered Basic","damage_taken":0,"max_hp_gain":0,"max_hp_loss":0,"event_name":"Bonfire Elementals","floor":2,"gold_loss":0},{"damage_healed":0,"gold_gain":0,"player_choice":"Take Damage","damage_taken":26,"relics_obtained":["Golden Idol"],"max_hp_gain":0,"max_hp_loss":0,"event_name":"Golden Idol","floor":11,"gold_loss":0},{"damage_healed":0,"gold_gain":30,"player_choice":"Searched \u00273\u0027 times","damage_taken":0,"max_hp_gain":0,"max_hp_loss":0,"event_name":"Dead Adventurer","floor":13,"gold_loss":0},{"cards_removed":["Strike_R"],"damage_healed":0,"gold_gain":0,"player_choice":"Elegance","damage_taken":0,"max_hp_gain":0,"max_hp_loss":0,"event_name":"Back to Basics","floor":19,"gold_loss":0},{"damage_healed":0,"gold_gain":0,"player_choice":"Got Potions","damage_taken":0,"max_hp_gain":0,"max_hp_loss":0,"event_name":"Lab","floor":21,"gold_loss":0},{"damage_healed":0,"gold_gain":0,"player_choice":"Fought Bandits","damage_taken":0,"max_hp_gain":0,"max_hp_loss":0,"event_name":"Masked Bandits","floor":28,"gold_loss":0},{"damage_healed":0,"gold_gain":0,"player_choice":"Fight","damage_taken":0,"max_hp_gain":0,"max_hp_loss":0,"event_name":"Mysterious Sphere","floor":37,"gold_loss":0},{"damage_healed":0,"gold_gain":0,"player_choice":"Bought 0 Potions","damage_taken":0,"max_hp_gain":0,"max_hp_loss":0,"event_name":"The Woman in Blue","floor":42,"gold_loss":0}],"is_beta":false,"boss_relics":[{"not_picked":["Runic Pyramid","Black Blood"],"picked":"Velvet Choker"},{"not_picked":["Snecko Eye","SlaversCollar"],"picked":"Sozu"}],"items_purged_floors":[5,30,45,54],"is_endless":false,"potions_floor_spawned":[3,6,12,13,14,16,18,25,27,28,33,35,37,41,44,48,55],"ascension_level":20}}