{"host":"7xu95vgv3ii4fnvo","time":1610863042,"event":{"mods":["BaseMod","Challenge The Spire","Colored Powertips","Dota2Spire","Downfall","Minty Spire (QoL Compilation)","MostiFishMod","Quick Restart","Relic Stats","Spicy Shops","StSLib","¡¾ÒÅÎï¿¨ÅÆ¡¿REMEMod"],"gold_per_floor":[114,129,144,159,174,174,174],"floor_reached":6,"language":"ZHS","playtime":936,"items_purged":[],"score":40,"play_id":"2106a3f9-7784-4643-adfe-f598b750b713","local_time":"20210117135722","daily_mods":["Chimera","downfall:Jewelcrafting","downfall:Enraging"],"is_ascension_mode":false,"campfire_choices":[],"circlet_count":0,"master_deck":["Bash","Survivor","Zap","Eruption","Strike_R","Strike_G","Strike_B","Defend_R","Defend_G","Defend_P","Guardian:ExploitGems","Guardian:ExploitGems","Creative AI","Ball Lightning","Rebound","Rebound","Conserve Battery","Sweeping Beam"],"relics":["Cracked Core","DaveBox","REME_ComplimentaryCards","Guardian:PickAxe","HaiYi:Twilight","SynthV:TestCard"],"acts_visited":["Exordium"],"potions_floor_usage":[6],"damage_taken":[{"damage":0,"enemies":"2 Louse","floor":1,"turns":2},{"damage":0,"enemies":"Cultist","floor":2,"turns":3},{"damage":11,"enemies":"Small Slimes","floor":3,"turns":2},{"damage":21,"enemies":"Looter","floor":4,"turns":3},{"damage":21,"enemies":"2 Fungi Beasts","floor":5,"turns":3},{"damage":24,"enemies":"3 Sentries","floor":6,"turns":2}],"seed_played":"7372172642885907109","potions_obtained":[{"floor":4,"key":"PotionOfCapacity"}],"is_trial":false,"path_per_floor":["M","M","M","M","M","E"],"character_chosen":"DEFECT","items_purchased":[],"campfire_rested":0,"item_purchase_floors":[],"current_hp_per_floor":[75,75,64,43,22,0,0],"gold":174,"neow_bonus":"","is_daily":true,"chose_seed":false,"campfire_upgraded":0,"win_rate":0.0,"timestamp":1610863042,"path_taken":["M","M","M","M","M","E"],"items_purchased_type":[],"build_version":"2020-12-22","purchased_purges":0,"victory":false,"max_hp_per_floor":[75,75,75,75,75,75,75],"relic_stats":{"counters":[6,15],"obtain_stats":[{"Guardian:PickAxe":0,"SynthV:TestCard":1,"DaveBox":0,"HaiYi:Twilight":0,"Cracked Core":0,"REME_ComplimentaryCards":0},{"Guardian:PickAxe":0,"SynthV:TestCard":1,"DaveBox":0,"HaiYi:Twilight":0,"Cracked Core":0,"REME_ComplimentaryCards":0},{"Guardian:PickAxe":0,"SynthV:TestCard":2,"DaveBox":0,"HaiYi:Twilight":0,"Cracked Core":0,"REME_ComplimentaryCards":0}]},"card_choices":[{"not_picked":["Stack","Beam Cell"],"picked":"Ball Lightning","floor":1},{"not_picked":["Rip and Tear","Hologram","Chill","Barrage"],"picked":"Rebound","floor":2},{"not_picked":["Sweeping Beam","Glacier","Stack","Beam Cell"],"picked":"Rebound","floor":3},{"not_picked":["Barrage","Go for the Eyes","Rebound","Gash"],"picked":"Conserve Battery","floor":4},{"not_picked":["Barrage","Turbo","MostiFishMod:PushDownKick","Scrape"],"picked":"Sweeping Beam","floor":5}],"player_experience":104677,"relics_obtained":[{"floor":1,"key":"SynthV:TestCard"}],"event_choices":[],"is_beta":false,"boss_relics":[],"items_purged_floors":[],"is_endless":false,"potions_floor_spawned":[4],"killed_by":"3 Sentries","ascension_level":0}}