{"host":"ytad2j290sleetgq","time":1610890829,"event":{"mods":["AchievementEnabler","Act Like it!","Arknights The Spire","Aspiration","Bartender","BaseMod","Better Note","Card Forge","Custom Start","Decade(王小明)","Downfall","Friendly Minions","Gensokyo","GungeonMod","Hermit","Highlight Path","Koishi","Luminous","Minty Spire (QoL Compilation)","Prisma Mod","Rare Cards Sparkle","SIMod","SOS（斯巴达之子）","Shop Mod","StSLib","The Alterego","The Animator","TheWitcher","UnlockEverythingMod","WarShipGirlsR/战舰少女R mod","Yakumo Yukari mod","[GremlinLeader]The Maniac","【遗物卡牌】REMEMod"],"gold_per_floor":[118,145,167,132,147,147,147],"floor_reached":6,"language":"ZHS","playtime":436,"items_purged":[],"score":38,"play_id":"cdb310bc-1c73-4016-a418-81a7b1a4b59e","local_time":"20210117214029","is_ascension_mode":false,"campfire_choices":[],"circlet_count":0,"master_deck":["SnafuTest:DefaultCommonAttack","SnafuTest:DefaultCommonAttack","SnafuTest:DefaultCommonAttack","SnafuTest:BountyHunt","SnafuTest:DefaultCommonSkill","SnafuTest:DefaultCommonSkill","SnafuTest:DefaultCommonSkill","SnafuTest:SignIgni","SnafuTest:PowerCounterAttack","SnafuTest:MCMockAndRun","Burning Pact","SnafuTest:BombSamum","SnafuTest:BombDancingStar"],"relics":["SnafuTest:UnstableMutagenRelic","Hammer of Thor","Seething Fire","Anvil of the Gods","REME_ComplimentaryCards","NeowsBlessing"],"acts_visited":["Exordium"],"potions_floor_usage":[6,6],"damage_taken":[{"damage":0,"enemies":"Cultist","floor":1,"turns":1},{"damage":8,"enemies":"Small Slimes","floor":2,"turns":4},{"damage":0,"enemies":"Jaw Worm","floor":3,"turns":2},{"damage":18,"enemies":"Large Slime","floor":5,"turns":13},{"damage":63,"enemies":"Lagavulin","floor":6,"turns":8}],"seed_played":"4824034023082909784","potions_obtained":[{"floor":2,"key":"Dexterity Potion"},{"floor":3,"key":"Dexterity Potion"}],"is_trial":false,"path_per_floor":["M","M","M","?","M","E"],"character_chosen":"THE_WITCHER","items_purchased":[],"campfire_rested":0,"item_purchase_floors":[],"current_hp_per_floor":[75,67,67,75,57,0,0],"gold":147,"neow_bonus":"THREE_ENEMY_KILL","is_daily":false,"chose_seed":false,"campfire_upgraded":0,"win_rate":0.0,"timestamp":1610890829,"path_taken":["M","M","M","?","M","E"],"items_purchased_type":[],"build_version":"2020-12-22","purchased_purges":0,"victory":false,"max_hp_per_floor":[75,75,75,75,75,75,75],"card_choices":[{"not_picked":["SnafuTest:SpellTortoise","SnafuTest:AncestralRitual"],"picked":"SnafuTest:PowerCounterAttack","floor":1},{"not_picked":["SnafuTest:MCSongOfPeace","SnafuTest:RecklessBlow"],"picked":"SnafuTest:MCMockAndRun","floor":2},{"not_picked":["SnafuTest:SignAxii","SnafuTest:MCFeignDeath"],"picked":"SnafuTest:BombSamum","floor":3},{"not_picked":["SnafuTest:PowerAlwaysOnRoads","SnafuTest:SpellLivingArmor"],"picked":"SnafuTest:BombDancingStar","floor":5}],"player_experience":342086,"relics_obtained":[],"event_choices":[{"damage_healed":18,"gold_gain":0,"player_choice":"Healed","damage_taken":0,"max_hp_gain":0,"max_hp_loss":0,"event_name":"The Cleric","floor":4,"gold_loss":35}],"is_beta":false,"boss_relics":[],"items_purged_floors":[],"is_endless":false,"potions_floor_spawned":[2,3],"killed_by":"Lagavulin","ascension_level":0}}