{"host":"dbkc9h3etq50r1dq","time":1610859495,"event":{"mods":["AchievementEnabler","BaseMod","Block Reminder","Colored Powertips","Curses Come First","Custom Start","Dark Map","Minty Spire (QoL Compilation)","Permanent Neow","Potion Indicator Mod","Rare Cards Sparkle","StSLib","SuperFastMode"],"gold_per_floor":[110,110,129,129,8,8,51,66,142,42,42,81,81,94,94,213,213,233,247,267,74,93,93,117,15,39,39,62,62,62,95,95,95,95],"floor_reached":33,"language":"ZHS","playtime":1236,"items_purged":["Strike_G","Defend_G","Strike_G"],"score":405,"play_id":"3f8b6c37-0672-4413-801e-0903678b32f6","local_time":"20210117125815","is_ascension_mode":true,"campfire_choices":[{"data":"Endless Agony","floor":6.0,"key":"SMITH"},{"floor":11.0,"key":"REST"},{"data":"Dagger Spray","floor":13.0,"key":"SMITH"},{"data":"Prepared","floor":15.0,"key":"SMITH"},{"floor":23,"key":"REST"},{"data":"Footwork","floor":30,"key":"SMITH"},{"floor":32,"key":"REST"}],"circlet_count":0,"master_deck":["Strike_G","Strike_G","Strike_G","Defend_G","Defend_G","Defend_G","Defend_G","Survivor","Neutralize+1","Endless Agony+1","Sucker Punch","Prepared+1","Dagger Spray+1","Backflip","Escape Plan","Escape Plan+1","Heel Hook","Footwork+1","Prepared","Sucker Punch+1","Tactician","Phantasmal Killer"],"relics":["Ring of the Snake","Ancient Tea Set","Golden Idol","Happy Flower","InkBottle","Vajra","Philosopher\u0027s Stone","Tiny Chest","Oddly Smooth Stone"],"acts_visited":["Exordium","TheCity"],"potions_floor_usage":[16,25,28,31,31,33,33],"damage_taken":[{"damage":2.0,"enemies":"Small Slimes","floor":1.0,"turns":6.0},{"damage":0.0,"enemies":"Cultist","floor":3.0,"turns":4.0},{"damage":27.0,"enemies":"3 Sentries","floor":7.0,"turns":12.0},{"damage":0.0,"enemies":"Jaw Worm","floor":8.0,"turns":4.0},{"damage":8.0,"enemies":"Gremlin Nob","floor":12.0,"turns":3.0},{"damage":0.0,"enemies":"Exordium Thugs","floor":14.0,"turns":4.0},{"damage":16,"enemies":"Slime Boss","floor":16,"turns":8},{"damage":0,"enemies":"Spheric Guardian","floor":18,"turns":3},{"damage":6,"enemies":"Chosen","floor":19,"turns":6},{"damage":10,"enemies":"Sentry and Sphere","floor":20,"turns":4},{"damage":8,"enemies":"Shelled Parasite and Fungi","floor":22,"turns":4},{"damage":7,"enemies":"Snake Plant","floor":24,"turns":5},{"damage":3,"enemies":"Cultist and Chosen","floor":28,"turns":6},{"damage":0,"enemies":"Gremlin Leader","floor":31,"turns":5},{"damage":74,"enemies":"Collector","floor":33,"turns":9}],"seed_played":"476479981905072726","potions_obtained":[{"floor":1.0,"key":"Swift Potion"},{"floor":8.0,"key":"CunningPotion"},{"floor":14.0,"key":"SteroidPotion"},{"floor":22,"key":"FearPotion"},{"floor":24,"key":"SpeedPotion"},{"floor":29,"key":"Poison Potion"},{"floor":29,"key":"EssenceOfSteel"},{"floor":29,"key":"BlessingOfTheForge"},{"floor":31,"key":"Swift Potion"}],"is_trial":false,"path_per_floor":["M","?","M","?","$","R","E","M","T","$","R","E","R","M","R","B",null,"M","M","M","$","M","R","M","$","T","?","M","?","R","E","R","B"],"character_chosen":"THE_SILENT","items_purchased":["Sucker Punch","Footwork","Fruit Juice"],"campfire_rested":3,"item_purchase_floors":[5,21,25],"current_hp_per_floor":[61,61,61,61,61,61,34,34,34,34,53,45,45,45,45,29,56,56,50,40,40,32,51,44,49,49,49,46,46,46,46,67,0,0],"gold":95,"neow_bonus":"RANDOM_COMMON_RELIC","is_daily":false,"chose_seed":false,"campfire_upgraded":4,"win_rate":0.0,"timestamp":1610859495,"path_taken":["M","?","?","?","$","R","E","M","T","?","R","E","R","M","R","BOSS","M","M","?","$","M","R","M","?","T","?","M","?","R","E","R","BOSS"],"items_purchased_type":["Card","Card","Potion"],"build_version":"2020-12-22","purchased_purges":3,"victory":false,"max_hp_per_floor":[70,70,70,65,65,65,65,65,65,65,65,65,65,65,65,65,65,65,65,65,65,65,65,65,70,70,70,70,70,70,70,70,70,70],"card_choices":[{"not_picked":["PiercingWail","Blade Dance"],"picked":"Endless Agony","floor":1.0},{"not_picked":["Blade Dance","Quick Slash","Dagger Throw"],"picked":"SKIP","floor":3.0},{"not_picked":["Tools of the Trade","Reflex"],"picked":"Prepared","floor":7.0},{"not_picked":["Dodge and Roll","Caltrops"],"picked":"Dagger Spray","floor":8.0},{"not_picked":["Leg Sweep","Deflect","Dodge and Roll"],"picked":"SKIP","floor":12.0},{"not_picked":["Sucker Punch","Endless Agony"],"picked":"Backflip","floor":14.0},{"not_picked":["Quick Slash+1","Bane+1"],"picked":"Escape Plan","floor":18},{"not_picked":["Quick Slash","Prepared"],"picked":"Escape Plan+1","floor":19},{"not_picked":["Well Laid Plans","Cloak And Dagger+1"],"picked":"Heel Hook","floor":20},{"not_picked":["Noxious Fumes+1","Blade Dance+1"],"picked":"Prepared","floor":22},{"not_picked":["Choke","Accuracy"],"picked":"Sucker Punch+1","floor":24},{"not_picked":["Deadly Poison","Acrobatics","Predator+1"],"picked":"SKIP","floor":28},{"not_picked":["Storm of Steel","Crippling Poison+1"],"picked":"Phantasmal Killer","floor":31}],"player_experience":145430,"relics_obtained":[{"floor":7.0,"key":"Happy Flower"},{"floor":9.0,"key":"InkBottle"},{"floor":12.0,"key":"Vajra"},{"floor":26,"key":"Tiny Chest"},{"floor":31,"key":"Oddly Smooth Stone"}],"event_choices":[{"damage_healed":0.0,"max_hp_gain":0.0,"max_hp_loss":0.0,"gold_gain":0.0,"event_name":"Accursed Blacksmith","player_choice":"Forge","floor":2.0,"gold_loss":0.0,"damage_taken":0.0,"cards_upgraded":["Neutralize"]},{"damage_healed":0.0,"max_hp_gain":0.0,"max_hp_loss":5.0,"gold_gain":0.0,"event_name":"Golden Idol","player_choice":"Lose Max HP","floor":4.0,"gold_loss":0.0,"damage_taken":0.0,"relics_obtained":["Golden Idol"]},{"damage_healed":0,"gold_gain":0,"player_choice":"Read","damage_taken":0,"max_hp_gain":0,"max_hp_loss":0,"event_name":"The Library","floor":27,"gold_loss":0,"cards_obtained":["Tactician"]},{"damage_healed":0,"gold_gain":0,"player_choice":"Got Potions","damage_taken":0,"max_hp_gain":0,"max_hp_loss":0,"event_name":"Lab","floor":29,"gold_loss":0}],"is_beta":false,"boss_relics":[{"not_picked":["Cursed Key","SacredBark"],"picked":"Philosopher\u0027s Stone"}],"items_purged_floors":[5,10,21],"is_endless":false,"potions_floor_spawned":[1,8,14,22,24,31],"killed_by":"Collector","ascension_level":7}}