{"host":"h4qgcirtxz6qax9j","time":1610883402,"event":{"mods":["AchievementEnabler","BaseMod","Colored Powertips","Hermit","Minty Spire (QoL Compilation)","StSLib","SuperFastMode","The Servant 0.9.4"],"gold_per_floor":[109,120,120,135,59,90,90,109,109,109,119,131,94,106,106,211,211,230,145,162,162,87,87,116,116,143,168,196,208,220,220],"floor_reached":30,"language":"KOR","playtime":2303,"items_purged":[],"score":252,"play_id":"6c0881ac-b6fb-462a-badf-4c1f4f92f374","local_time":"20210117203642","is_ascension_mode":false,"campfire_choices":[{"data":"KidneyShot","floor":7,"key":"SMITH"},{"floor":10,"key":"REST"},{"floor":15,"key":"REST"},{"data":"ReturningBlade","floor":23,"key":"SMITH"},{"data":"Revamp","floor":25,"key":"SMITH"}],"circlet_count":0,"master_deck":["Strike_S","Strike_S","Strike_S","Strike_S","Defend_S","Defend_S","Defend_S","Defend_S","KidneyShot+1","Ricochet","FastForward","TimeWarp","SilverBlades","Moonlight","Rearm","Defy","ReturningBlade+1","PendulumOfEternity","Dilation","Revamp+1","Starlight","Read","FastForward","Foresight+1"],"relics":["Uniform","NeowsBlessing","Letter Opener","Sozu","HornCleat","Matryoshka","Pear","MawBank"],"acts_visited":["Exordium","TheCity"],"potions_floor_usage":[16,24],"damage_taken":[{"damage":0,"enemies":"2 Louse","floor":1,"turns":1},{"damage":0,"enemies":"Cultist","floor":2,"turns":1},{"damage":0,"enemies":"Jaw Worm","floor":4,"turns":1},{"damage":27,"enemies":"Lagavulin","floor":6,"turns":9},{"damage":0,"enemies":"Red Slaver","floor":8,"turns":2},{"damage":11,"enemies":"Lots of Slimes","floor":11,"turns":2},{"damage":4,"enemies":"2 Fungi Beasts","floor":12,"turns":2},{"damage":16,"enemies":"Large Slime","floor":14,"turns":6},{"damage":36,"enemies":"Hexaghost","floor":16,"turns":11},{"damage":7,"enemies":"Shell Parasite","floor":18,"turns":8},{"damage":5,"enemies":"3 Byrds","floor":20,"turns":4},{"damage":39,"enemies":"Gremlin Leader","floor":24,"turns":7},{"damage":0,"enemies":"Snecko","floor":27,"turns":4},{"damage":9,"enemies":"Snake Plant","floor":28,"turns":9},{"damage":17,"enemies":"Centurion and Healer","floor":30,"turns":1}],"seed_played":"-3066603936489791869","potions_obtained":[{"floor":1,"key":"SneckoOil"},{"floor":8,"key":"Energy Potion"},{"floor":11,"key":"AttackPotion"}],"is_trial":false,"path_per_floor":["M","M","?","M","$","E","R","M","T","R","M","M","$","M","R","B",null,"M","?","M","?","?","R","E","R","T","M","M","$","M"],"character_chosen":"THE_SERVANT","items_purchased":["SilverBlades","ReturningBlade"],"campfire_rested":2,"item_purchase_floors":[5,13],"current_hp_per_floor":[65,65,65,65,65,38,38,38,38,57,46,42,42,26,45,9,65,58,58,53,53,53,53,14,14,24,24,15,15,0,0],"gold":220,"neow_bonus":"THREE_ENEMY_KILL","is_daily":false,"chose_seed":false,"campfire_upgraded":3,"win_rate":0.0,"timestamp":1610883402,"path_taken":["M","M","?","M","$","E","R","?","T","R","M","M","$","M","R","BOSS","M","?","M","?","?","R","E","R","T","?","M","?","M"],"items_purchased_type":["Card","Card"],"build_version":"2020-12-22","purchased_purges":0,"victory":false,"max_hp_per_floor":[65,65,65,65,65,65,65,65,65,65,65,65,65,65,65,65,65,65,65,65,65,65,65,65,65,75,75,75,75,75,75],"card_choices":[{"not_picked":["Luminosity","BottledTime"],"picked":"Ricochet","floor":1},{"not_picked":["Revamp","Ricochet"],"picked":"FastForward","floor":2},{"not_picked":["Unruled","ShiftingGears"],"picked":"TimeWarp","floor":4},{"not_picked":["BottledTime","Read"],"picked":"Moonlight","floor":6},{"not_picked":["DualDimension","MoonPhase","DoubleEdge"],"picked":"SKIP","floor":8},{"not_picked":["BestPractice","Defy"],"picked":"Rearm","floor":11},{"not_picked":["MoonPhase","InstantArmor"],"picked":"Defy","floor":12},{"not_picked":["Rearm","Spin"],"picked":"PendulumOfEternity","floor":14},{"not_picked":["LightFlow","PendulumOfEternity"],"picked":"Dilation","floor":16},{"not_picked":["Ricochet+1","Reset"],"picked":"Revamp","floor":18},{"not_picked":["Alleviate","Unruled+1"],"picked":"Starlight","floor":20},{"not_picked":["Desolation+1","RealityMarble"],"picked":"Read","floor":24},{"not_picked":["Defy","Alleviate"],"picked":"FastForward","floor":27},{"not_picked":["ForgedInTime","Reset+1"],"picked":"Foresight+1","floor":28}],"player_experience":48027,"relics_obtained":[{"floor":6,"key":"Letter Opener"},{"floor":24,"key":"Matryoshka"},{"floor":26,"key":"Pear"},{"floor":26,"key":"MawBank"}],"event_choices":[{"damage_healed":0,"gold_gain":0,"player_choice":"Ignored","damage_taken":0,"max_hp_gain":0,"max_hp_loss":0,"event_name":"NoteForYourself","floor":3,"gold_loss":0},{"damage_healed":0,"gold_gain":0,"player_choice":"Obtained Relic","damage_taken":0,"relics_obtained":["HornCleat"],"max_hp_gain":0,"max_hp_loss":0,"event_name":"Addict","floor":19,"gold_loss":85},{"damage_healed":0,"gold_gain":0,"player_choice":"Ignored","damage_taken":0,"max_hp_gain":0,"max_hp_loss":0,"event_name":"Vampires","floor":21,"gold_loss":0},{"cards_removed":["Exchange"],"damage_healed":0,"gold_gain":0,"player_choice":"Gave Gold","damage_taken":0,"max_hp_gain":0,"max_hp_loss":0,"event_name":"Beggar","floor":22,"gold_loss":75}],"is_beta":false,"boss_relics":[{"not_picked":["Empty Cage","Philosopher\u0027s Stone"],"picked":"Sozu"}],"items_purged_floors":[],"is_endless":false,"potions_floor_spawned":[1,8,11,18,24],"killed_by":"Centurion and Healer","ascension_level":0}}