{"host":"4amhfzfsa6iuwytm","time":1610906531,"event":{"mods":["2.2 Compatiblity","BaseMod","Block Reminder","Colored Map","Colored Powertips","Filter the Spire","Highlight Path","Minty Spire (QoL Compilation)","Relic Stats","StSLib","ojb\u0027s Info Mod"],"gold_per_floor":[110,130,63,83,13,13,88,103,128,128,128,143,206,234,234,330,330,346,363,18,31,41,41,58,76,101,118,165,165,28,303,303,303,303],"floor_reached":33,"language":"ENG","playtime":2447,"items_purged":["Strike_B"],"score":249,"play_id":"71cc5100-03d3-4c5c-a0b0-3f9b7f1f6759","local_time":"20210117120211","is_ascension_mode":false,"campfire_choices":[{"data":"Sunder","floor":6.0,"key":"SMITH"},{"data":"Self Repair","floor":11.0,"key":"SMITH"},{"floor":15.0,"key":"REST"},{"data":"Self Repair","floor":23.0,"key":"SMITH"},{"data":"Double Energy","floor":32,"key":"SMITH"}],"circlet_count":0,"master_deck":["Strike_B","Strike_B","Defend_B","Defend_B","Defend_B","Zap","Glacier","Conserve Battery","Sunder+1","Self Repair+1","Sweeping Beam","Ball Lightning","Hologram","Cold Snap+1","Echo Form+1","Melter+1","White Noise+1","Doom and Gloom+1","Ball Lightning","Panacea","Self Repair+1","Double Energy+1","Static Discharge","Conserve Battery+1","Rainbow","Regret"],"relics":["Nuclear Battery","Tiny Chest","Akabeko","Pocketwatch","Ice Cream","Astrolabe","Whetstone","PreservedInsect","Anchor"],"acts_visited":["Exordium","TheCity"],"potions_floor_usage":[33],"damage_taken":[{"damage":5.0,"enemies":"Cultist","floor":1.0,"turns":4.0},{"damage":2.0,"enemies":"2 Louse","floor":2.0,"turns":3.0},{"damage":0.0,"enemies":"Small Slimes","floor":4.0,"turns":3.0},{"damage":6.0,"enemies":"3 Louse","floor":8.0,"turns":3.0},{"damage":0.0,"enemies":"Blue Slaver","floor":12.0,"turns":2.0},{"damage":17.0,"enemies":"3 Sentries","floor":13.0,"turns":4.0},{"damage":14.0,"enemies":"Gremlin Nob","floor":14.0,"turns":4.0},{"damage":38.0,"enemies":"The Guardian","floor":16.0,"turns":12.0},{"damage":10.0,"enemies":"Chosen","floor":18.0,"turns":4.0},{"damage":7.0,"enemies":"2 Thieves","floor":19.0,"turns":4.0},{"damage":39.0,"enemies":"Sentry and Sphere","floor":21.0,"turns":4.0},{"damage":26.0,"enemies":"Centurion and Healer","floor":22.0,"turns":4.0},{"damage":14.0,"enemies":"Cultist and Chosen","floor":24.0,"turns":5.0},{"damage":15.0,"enemies":"Shelled Parasite and Fungi","floor":25.0,"turns":5.0},{"damage":22,"enemies":"3 Cultists","floor":27,"turns":4},{"damage":1,"enemies":"Colosseum Slavers","floor":29,"turns":3},{"damage":70,"enemies":"Automaton","floor":33,"turns":8}],"seed_played":"8629455419737017802","potions_obtained":[{"floor":1.0,"key":"PotionOfCapacity"},{"floor":4.0,"key":"Dexterity Potion"},{"floor":14.0,"key":"Fruit Juice"}],"is_trial":false,"path_per_floor":["M","M","$","M","$","R","?","M","T","?","R","M","?","E","R","B",null,"M","M","$","M","M","R","M","M","T","M","T","?","$","?","R","B"],"character_chosen":"DEFECT","items_purchased":["Sunder","Self Repair","Whetstone","Panacea","Self Repair","Rainbow"],"campfire_rested":1,"item_purchase_floors":[3,5,20,20,20,30],"current_hp_per_floor":[70,68,68,68,68,68,57,58,58,58,58,58,51,47,69,41,75,75,68,68,53,37,37,43,48,48,56,56,65,65,65,65,0,0],"gold":303,"neow_bonus":"BOSS_RELIC","is_daily":false,"chose_seed":false,"campfire_upgraded":4,"win_rate":0.0,"timestamp":1610906531,"path_taken":["M","?","$","M","$","R","?","M","T","?","R","?","?","E","R","BOSS","M","M","$","M","M","R","M","M","T","M","?","?","$","?","R","BOSS"],"items_purchased_type":["Card","Card","Relic","Card","Card","Card"],"build_version":"2020-12-22","purchased_purges":1,"victory":false,"max_hp_per_floor":[75,75,75,75,75,75,75,75,75,75,75,75,75,75,75,75,75,75,75,75,75,75,75,75,75,75,75,75,75,75,75,75,80,80],"relic_stats":{"counters":[17,76],"Astrolabe":["Echo Form","Melter","White Noise"],"Tiny Chest":1,"PreservedInsect":0,"Whetstone":["Cold Snap","Doom and Gloom"],"obtain_stats":[{"Ice Cream":14,"Anchor":28,"Astrolabe":17,"Tiny Chest":9,"PreservedInsect":26,"Whetstone":20,"Cracked Core":0,"Akabeko":10,"Nuclear Battery":0,"Pocketwatch":13},{"Ice Cream":7,"Anchor":15,"Astrolabe":8,"Tiny Chest":4,"PreservedInsect":14,"Whetstone":10,"Cracked Core":0,"Akabeko":4,"Nuclear Battery":0,"Pocketwatch":6},{"Ice Cream":23,"Anchor":65,"Astrolabe":35,"Tiny Chest":13,"PreservedInsect":61,"Whetstone":43,"Cracked Core":0,"Akabeko":13,"Nuclear Battery":0,"Pocketwatch":19}],"Pocketwatch":[60]},"card_choices":[{"not_picked":["Beam Cell","Auto Shields"],"picked":"Glacier","floor":1.0},{"not_picked":["Steam","Go for the Eyes"],"picked":"Conserve Battery","floor":2.0},{"not_picked":["Compile Driver","Stack","Blizzard"],"picked":"SKIP","floor":4.0},{"not_picked":["Stack","Glacier"],"picked":"Sweeping Beam","floor":8.0},{"not_picked":["Leap","Cold Snap"],"picked":"Ball Lightning","floor":12.0},{"not_picked":["Buffer","Gash"],"picked":"Hologram","floor":13.0},{"not_picked":["Fission","Biased Cognition"],"picked":"Cold Snap","floor":14.0},{"not_picked":["Melter","Streamline"],"picked":"Doom and Gloom","floor":18.0},{"not_picked":["Hologram","Go for the Eyes"],"picked":"Ball Lightning","floor":19.0},{"not_picked":["Hologram","Turbo","Force Field"],"picked":"SKIP","floor":21.0},{"not_picked":["Melter","Hello World"],"picked":"Double Energy","floor":22.0},{"not_picked":["Conserve Battery","Coolheaded+1"],"picked":"Static Discharge","floor":24.0},{"not_picked":["Steam","Auto Shields+1","Steam Power"],"picked":"SKIP","floor":25.0},{"not_picked":["Leap","Rebound"],"picked":"Conserve Battery+1","floor":27}],"player_experience":135063,"relics_obtained":[{"floor":9.0,"key":"Tiny Chest"},{"floor":10.0,"key":"Akabeko"},{"floor":13.0,"key":"Pocketwatch"},{"floor":14.0,"key":"Ice Cream"},{"floor":26.0,"key":"PreservedInsect"},{"floor":28,"key":"Anchor"}],"event_choices":[{"damage_healed":0.0,"max_hp_gain":0.0,"max_hp_loss":0.0,"gold_gain":75.0,"event_name":"World of Goop","player_choice":"Gather Gold","floor":7.0,"gold_loss":0.0,"damage_taken":11.0},{"damage_healed":0.0,"max_hp_gain":0.0,"max_hp_loss":0.0,"gold_gain":0.0,"event_name":"Wheel of Change","player_choice":"Relic","floor":10.0,"gold_loss":0.0,"damage_taken":0.0},{"damage_healed":0.0,"max_hp_gain":0.0,"max_hp_loss":0.0,"gold_gain":0.0,"event_name":"Dead Adventurer","player_choice":"Searched \u00271\u0027 times","floor":13.0,"gold_loss":0.0,"damage_taken":0.0},{"damage_healed":0,"gold_gain":0,"player_choice":"Fight","damage_taken":0,"max_hp_gain":0,"max_hp_loss":0,"event_name":"Colosseum","floor":29,"gold_loss":0},{"damage_healed":0,"gold_gain":0,"player_choice":"Fled From Nobs","damage_taken":0,"max_hp_gain":0,"max_hp_loss":0,"event_name":"Colosseum","floor":29,"gold_loss":0},{"damage_healed":0,"gold_gain":275,"player_choice":"Desecrate","damage_taken":0,"max_hp_gain":0,"max_hp_loss":0,"event_name":"Golden Shrine","floor":31,"gold_loss":0,"cards_obtained":["Regret"]}],"is_beta":false,"boss_relics":[{"not_picked":["Fusion Hammer","Velvet Choker"],"picked":"Astrolabe"}],"items_purged_floors":[20],"is_endless":false,"potions_floor_spawned":[1,4,14,16,18,19,21,29],"killed_by":"Automaton","ascension_level":0}}