{"host":"wonp23fsqqcu31ie","time":1610924472,"event":{"mods":["2.2 Compatiblity","AchievementEnabler","Aspiration","BaseMod","Bestiary","Better Altar","Better Match","Better Sensory Stone","Better Skull","Better Third Choice","BetterRewards","Block Reminder","Colored Map","Colored Powertips","Conspire","Curses Come First","DeckTracker","Displayed Cursed Tome","Downfall","Energized Spire","Evolution","Hermit","Highlight Path","Hubris","Infinite Spire","Marisa????????","Minty Spire (QoL Compilation)","Permanent Neow","Prisma Mod","Quick Restart","Rare Cards Sparkle","Relic Stats","Robot Space Explorer","Shade Mod","Shop Mod","StSLib","SuperFastMode","The Animator","The Bug Knight","The Construct","The Cursed","The Disciple","The Dragon Tamer","The Gatherer","The Hierophant","The Marked","The Necromancer","The Poker Player","The Runesmith","The Saiyan","The Servant 0.9.4","TheBandit"],"gold_per_floor":[111,124,141,161,38,68,68,84,84,12,39,54,54,126,126,226,226,246,246,275,0,28,53,68,68,68,68,87,87,116,146,146,245,245,259,259,159,4,4,30,30,48,48,60,73,73,88,105,105,105,105,105,20,45,45,45],"floor_reached":55,"language":"ENG","playtime":1575,"items_purged":[],"score":1095,"play_id":"bbdd5b02-1070-4647-bd9c-d6cfd90093b7","local_time":"20210118100112","is_ascension_mode":false,"campfire_choices":[{"data":"HollowMod:LifebloodCore","floor":7,"key":"SMITH"},{"floor":15,"key":"RECALL"},{"data":"HollowMod:Weaversong","floor":25,"key":"SMITH"},{"floor":29,"key":"REST"},{"floor":32,"key":"REST"},{"data":"HollowMod:AwokenDreamNail","floor":41,"key":"SMITH"},{"data":"HollowMod:HerrahsAnger","floor":49,"key":"SMITH"},{"data":"HollowMod:VengefulVoid","floor":52,"key":"SMITH"}],"circlet_count":0,"master_deck":["HollowMod:SoulStrike","HollowMod:SoulStrike","HollowMod:SoulStrike","HollowMod:SoulStrike","HollowMod:DoubleDash","HollowMod:DoubleDash","HollowMod:DoubleDash","HollowMod:DoubleDash","HollowMod:FocusHealStart","HollowMod:SoulStrike","HollowMod:ChannelNail","HollowMod:HeavyBlow","HollowMod:HowlingWraiths","HollowMod:LifebloodCore+1","HollowMod:QuirrelsAssistance","HollowMod:HowlingWraiths","HollowMod:Weaversong+1","HollowMod:CycloneSlash","HollowMod:SoulSplash+1","HollowMod:NewLastStag","HollowMod:MantisMark","HollowMod:CrystalDash+1","HollowMod:DashSlash","hubris:InfiniteBlow+8","HollowMod:HerrahsAnger+1","HollowMod:AwokenDreamNail+1","HollowMod:PureNailStrike","HollowMod:SoulMaster","HollowMod:AbyssShriek+1","HollowMod:HowlingWraiths+1","HollowMod:LifebloodCocoon+1","HollowMod:VengefulVoid+1","HollowMod:DoubleDash+1","HollowMod:VengefulSpirit+1","HollowMod:InfectedAttack+1","hubris:NaturalOne","HollowMod:FastStrike","HollowMod:FallenFury","HollowMod:DescendingDark","HollowMod:SiblingsSouls+1"],"relics":["HollowMod:VesselMask","EVO:Axolotl","Membership Card","StoneCalendar","hubris:OldNail","Kunai","StrikeDummy","Gremlin Horn","Boot","aspiration:BabyByrd","Velvet Choker","hubris:Icosahedron","HollowMod:GreatKnightMask","Red Mask","PreservedInsect","aspiration:HummingbirdHeart","Guardian:PocketSentry","hubris:TinFlute","hubris:RunicObelisk","hubris:Potato","aspiration:Lifesprig","MerchantsRug","Runesmith:AutoHammer","CaptainsWheel"],"acts_visited":["Exordium","TheCity","TheBeyond","TheEnding"],"potions_floor_usage":[1,6,16,22,22,24,33,33,33,50,50,50],"damage_taken":[{"damage":0,"enemies":"Cultist","floor":1,"turns":7},{"damage":2,"enemies":"Small Slimes","floor":2,"turns":4},{"damage":9,"enemies":"2 Louse","floor":3,"turns":2},{"damage":4,"enemies":"2 Fungi Beasts","floor":4,"turns":5},{"damage":22,"enemies":"Gremlin Nob","floor":6,"turns":5},{"damage":6,"enemies":"Large Slime","floor":8,"turns":3},{"damage":15,"enemies":"3 Sentries","floor":11,"turns":7},{"damage":6,"enemies":"Exordium Wildlife","floor":12,"turns":2},{"damage":0,"enemies":"The Guardian","floor":16,"turns":16},{"damage":7,"enemies":"Shell Parasite","floor":18,"turns":6},{"damage":0,"enemies":"HollowMod:Zote","floor":20,"turns":2},{"damage":13,"enemies":"Masked Bandits","floor":22,"turns":3},{"damage":15,"enemies":"Gremlin Leader","floor":23,"turns":5},{"damage":0,"enemies":"3 Byrds","floor":24,"turns":3},{"damage":0,"enemies":"Snake Plant","floor":28,"turns":3},{"damage":20,"enemies":"Slavers","floor":30,"turns":4},{"damage":30,"enemies":"conspire:MimicChest","floor":31,"turns":5},{"damage":30,"enemies":"Champ","floor":33,"turns":7},{"damage":1,"enemies":"3 Darklings","floor":35,"turns":2},{"damage":31,"enemies":"Reptomancer","floor":40,"turns":3},{"damage":0,"enemies":"Orb Walker","floor":42,"turns":1},{"damage":0,"enemies":"Jaw Worm Horde","floor":44,"turns":2},{"damage":2,"enemies":"Transient","floor":45,"turns":5},{"damage":3,"enemies":"Writhing Mass","floor":47,"turns":2},{"damage":0,"enemies":"Spire Growth","floor":48,"turns":2},{"damage":22,"enemies":"Time Eater","floor":50,"turns":7},{"damage":0,"enemies":"Shield and Spear","floor":54,"turns":2},{"damage":103,"enemies":"The Heart","floor":55,"turns":6}],"seed_played":"7872105680324585758","potions_obtained":[{"floor":1,"key":"Fruit Juice"},{"floor":4,"key":"ColorlessPotion"},{"floor":11,"key":"EssenceOfSteel"},{"floor":16,"key":"SkillPotion"},{"floor":22,"key":"Fruit Juice"},{"floor":23,"key":"Fire Potion"},{"floor":28,"key":"construct:ShiftPotion"},{"floor":30,"key":"Energy Potion"},{"floor":42,"key":"ColorlessPotion"},{"floor":45,"key":"bronze:BurnAndBuffPotion"},{"floor":47,"key":"ColorlessPotion"},{"floor":48,"key":"champ:CounterPotion"}],"is_trial":false,"path_per_floor":["M","M","M","M","$","E","R","M","T","$","E","M","?","?","R","B",null,"M","?","?","?","?","E","M","R","T","AVR","M","R","E","?","R","B",null,"M","AVR","NS","$","?","E","R","M","T","M","M","$","M","M","R","B",null,"R","$","E","B"],"character_chosen":"THE_BUGKNIGHT","items_purchased":["Membership Card","StoneCalendar","hubris:OldNail","Kunai","Lee\u0027s Waffle","hubris:Potato","MerchantsRug","Runesmith:AutoHammer","HollowMod:DescendingDark"],"campfire_rested":2,"item_purchase_floors":[0,0,0,5,10,38,53,53,53],"current_hp_per_floor":[72,76,67,63,63,47,47,41,41,87,78,72,72,72,72,84,87,83,83,83,83,75,60,60,60,60,60,60,87,67,43,70,46,92,91,91,91,91,91,60,60,60,60,60,90,90,87,87,87,71,92,92,92,92,0,0],"gold":45,"neow_bonus":"","is_daily":false,"chose_seed":false,"campfire_upgraded":5,"win_rate":0.0,"timestamp":1610924472,"path_taken":["M","?","M","M","$","E","R","M","T","$","E","M","?","?","R","BOSS","M","?","?","?","?","E","?","R","T","AVR","M","R","E","?","R","BOSS","M","AVR","NS","$","?","E","R","M","T","M","M","?","M","M","R","BOSS","R","$","E","BOSS"],"items_purchased_type":["Relic","Relic","Relic","Relic","Relic","Relic","Relic","Relic","Card"],"build_version":"2020-12-22","purchased_purges":0,"victory":false,"max_hp_per_floor":[80,80,80,80,80,80,80,80,80,87,87,87,87,87,87,87,87,87,87,87,87,92,92,92,92,92,92,92,92,92,92,92,92,92,92,92,92,92,92,92,92,92,92,92,92,92,92,92,92,92,92,92,92,92,92,92],"relic_stats":{"Gremlin Horn":[19,19],"counters":[44,224],"StoneCalendar":[54],"PreservedInsect":166,"Kunai":[33],"Boot":[49],"obtain_stats":[{"aspiration:Lifesprig":9,"Gremlin Horn":9,"HollowMod:VesselMask":0,"Mango":36,"StoneCalendar":0,"EVO:Axolotl":0,"hubris:RunicObelisk":34,"Boot":11,"Burning Blood":0,"Matryoshka":2,"hubris:Icosahedron":19,"Sundial":26,"aspiration:BabyByrd":13,"Gambling Chip":6,"Red Mask":22,"HollowMod:PaleOreRelic":12,"Kunai":5,"hubris:TinFlute":31,"Potion Belt":29,"MerchantsRug":36,"Girya":36,"Lee\u0027s Waffle":10,"Happy Flower":9,"aspiration:Nostalgia":0,"infinitespire:CursedDice":22,"Velvet Choker":17,"HollowMod:GreatKnightMask":20,"PreservedInsect":23,"aspiration:HummingbirdHeart":26,"Guardian:PocketSentry":30,"aspiration:SecretTechniqueScroll":17,"hubris:Towel":27,"HollowMod:KingsBrand":24,"CaptainsWheel":54,"energizedSpire:NeverEndingSparkler":34,"Orrery":36,"Membership Card":36,"Runesmith:AutoHammer":53,"StrikeDummy":6,"hubris:OldNail":0,"hubris:Potato":38,"hubris:BottledRain":3},{"aspiration:Lifesprig":6,"Gremlin Horn":22,"HollowMod:VesselMask":0,"Mango":15,"StoneCalendar":16,"EVO:Axolotl":0,"hubris:RunicObelisk":34,"Boot":23,"Burning Blood":0,"Matryoshka":1,"hubris:Icosahedron":26,"Sundial":11,"aspiration:BabyByrd":24,"Gambling Chip":4,"Red Mask":28,"HollowMod:PaleOreRelic":6,"Kunai":20,"hubris:TinFlute":33,"Potion Belt":13,"MerchantsRug":15,"Girya":15,"Lee\u0027s Waffle":22,"Happy Flower":6,"aspiration:Nostalgia":0,"infinitespire:CursedDice":10,"Velvet Choker":25,"HollowMod:GreatKnightMask":27,"PreservedInsect":29,"aspiration:HummingbirdHeart":30,"Guardian:PocketSentry":32,"aspiration:SecretTechniqueScroll":7,"hubris:Towel":11,"HollowMod:KingsBrand":11,"CaptainsWheel":43,"energizedSpire:NeverEndingSparkler":15,"Orrery":35,"Membership Card":15,"Runesmith:AutoHammer":42,"StrikeDummy":21,"hubris:OldNail":16,"hubris:Potato":35,"hubris:BottledRain":1},{"aspiration:Lifesprig":31,"Gremlin Horn":129,"HollowMod:VesselMask":0,"Mango":98,"StoneCalendar":103,"EVO:Axolotl":0,"hubris:RunicObelisk":192,"Boot":136,"Burning Blood":0,"Matryoshka":3,"hubris:Icosahedron":160,"Sundial":74,"aspiration:BabyByrd":138,"Gambling Chip":20,"Red Mask":165,"HollowMod:PaleOreRelic":31,"Kunai":121,"hubris:TinFlute":185,"Potion Belt":83,"MerchantsRug":98,"Girya":98,"Lee\u0027s Waffle":129,"Happy Flower":31,"aspiration:Nostalgia":0,"infinitespire:CursedDice":64,"Velvet Choker":154,"HollowMod:GreatKnightMask":162,"PreservedInsect":170,"aspiration:HummingbirdHeart":173,"Guardian:PocketSentry":180,"aspiration:SecretTechniqueScroll":46,"hubris:Towel":74,"HollowMod:KingsBrand":74,"CaptainsWheel":218,"energizedSpire:NeverEndingSparkler":98,"Orrery":194,"Membership Card":98,"Runesmith:AutoHammer":216,"StrikeDummy":126,"hubris:OldNail":103,"hubris:Potato":194,"hubris:BottledRain":3}]},"card_choices":[{"not_picked":["HollowMod:SoulSplash","HollowMod:HeavyBlow"],"picked":"HollowMod:ChannelNail","floor":1},{"not_picked":["HollowMod:MawleksShell","HollowMod:NewGlowingWomb","HollowMod:TaintedHusks"],"picked":"SKIP","floor":2},{"not_picked":["HollowMod:NewLittleFool","HollowMod:GoodIntentions"],"picked":"HollowMod:HeavyBlow","floor":3},{"not_picked":["HollowMod:CycloneSlash","HollowMod:MawleksShell"],"picked":"HollowMod:HowlingWraiths","floor":4},{"not_picked":["HollowMod:HeavyBlow","HollowMod:PerfectDash"],"picked":"HollowMod:LifebloodCore","floor":6},{"not_picked":["HollowMod:GoodIntentions","HollowMod:InfectedAttack"],"picked":"HollowMod:QuirrelsAssistance","floor":8},{"not_picked":["HollowMod:NewInfectedGuardian","HollowMod:FastStrike","HollowMod:CoiledNail"],"picked":"SKIP","floor":11},{"not_picked":["HollowMod:BlackTendrils","HollowMod:DoubleDash"],"picked":"HollowMod:HowlingWraiths","floor":12},{"not_picked":["HollowMod:HornetsHelp","HollowMod:LordofShades"],"picked":"HollowMod:Weaversong","floor":16},{"not_picked":["HollowMod:DungDefenderAura","HollowMod:VengefulVoid"],"picked":"HollowMod:CycloneSlash","floor":18},{"not_picked":["HollowMod:NewLittleFool","HollowMod:Grubsong"],"picked":"HollowMod:SoulSplash+1","floor":20},{"not_picked":["HollowMod:CornifersMapStart","HollowMod:TaintedHusks"],"picked":"HollowMod:MantisMark","floor":22},{"not_picked":["HollowMod:ShadowDash","HollowMod:CoiledNail"],"picked":"HollowMod:CrystalDash+1","floor":23},{"not_picked":["HollowMod:NewLittleFool+1","HollowMod:ShadowDash"],"picked":"HollowMod:DashSlash","floor":24},{"not_picked":["HollowMod:NewJinnsSoul+1","HollowMod:DreamGate"],"picked":"HollowMod:HerrahsAnger","floor":28},{"not_picked":["HollowMod:DescendingDark+1","HollowMod:GreatSlash"],"picked":"HollowMod:AwokenDreamNail","floor":30},{"not_picked":["HollowMod:MonarchWings","HollowMod:SiblingsShadow"],"picked":"HollowMod:PureNailStrike","floor":31},{"not_picked":["HollowMod:theNailsmith","HollowMod:HerrahsAnger"],"picked":"HollowMod:SoulMaster","floor":33},{"not_picked":["HollowMod:ChannelNail","HollowMod:VengefulVoid+1"],"picked":"HollowMod:AbyssShriek","floor":35},{"not_picked":["HollowMod:VengefulVoid","HollowMod:CornifersMapStart+1"],"picked":"HollowMod:HowlingWraiths+1","floor":36},{"not_picked":["HollowMod:ShadowDash+1","HollowMod:QuirrelsAssistance"],"picked":"HollowMod:NewJinnsSoul+1","floor":36},{"not_picked":["HollowMod:BlackTendrils","HollowMod:SharpenedShadows+1"],"picked":"HollowMod:LifebloodCocoon+1","floor":36},{"not_picked":["HollowMod:VengefulVoid+1","HollowMod:WraithStrike"],"picked":"HollowMod:SoulEater+1","floor":36},{"not_picked":["HollowMod:HowlingWraiths","HollowMod:SoulEater+1"],"picked":"HollowMod:VengefulVoid","floor":36},{"not_picked":["HollowMod:Grubsong","HollowMod:MawleksShell+1"],"picked":"HollowMod:DoubleDash+1","floor":40},{"not_picked":["HollowMod:SoulSplash","HollowMod:PureNailStrike+1"],"picked":"HollowMod:VengefulSpirit+1","floor":42},{"not_picked":["HollowMod:ShapeofUnn","HollowMod:TaintedHusks"],"picked":"HollowMod:InfectedAttack+1","floor":44},{"not_picked":["HollowMod:DashSlash","HollowMod:CornifersMapStart+1","HollowMod:ShadowDash+1"],"picked":"SKIP","floor":45},{"not_picked":["HollowMod:TaintedHusks","HollowMod:VengefulVoid"],"picked":"HollowMod:FastStrike","floor":47},{"not_picked":["HollowMod:LuriensSpire+1","HollowMod:InfectionAssault+1"],"picked":"HollowMod:FallenFury","floor":48},{"not_picked":["HollowMod:FallenFury","HollowMod:RecoilStrike"],"picked":"HollowMod:SiblingsSouls+1","floor":54}],"player_experience":550913,"relics_obtained":[{"floor":6,"key":"StrikeDummy"},{"floor":9,"key":"Gremlin Horn"},{"floor":11,"key":"Boot"},{"floor":20,"key":"HollowMod:GreatKnightMask"},{"floor":22,"key":"Red Mask"},{"floor":23,"key":"PreservedInsect"},{"floor":26,"key":"aspiration:HummingbirdHeart"},{"floor":30,"key":"Guardian:PocketSentry"},{"floor":31,"key":"hubris:TinFlute"},{"floor":40,"key":"aspiration:Lifesprig"},{"floor":54,"key":"CaptainsWheel"}],"event_choices":[{"damage_healed":0,"gold_gain":72,"player_choice":"Gained Gold","damage_taken":0,"max_hp_gain":0,"max_hp_loss":0,"event_name":"Golden Wing","floor":14,"gold_loss":0},{"damage_healed":0,"gold_gain":0,"player_choice":"Fought Bandits","damage_taken":0,"max_hp_gain":0,"max_hp_loss":0,"event_name":"Masked Bandits","floor":22,"gold_loss":0},{"damage_healed":0,"gold_gain":0,"player_choice":"Upgraded","damage_taken":0,"max_hp_gain":0,"max_hp_loss":0,"event_name":"Upgrade Shrine","floor":39,"gold_loss":0,"cards_upgraded":["HollowMod:AbyssShriek"]}],"is_beta":false,"boss_relics":[{"not_picked":["hubris:TerracottaHorce","Ectoplasm"],"picked":"Velvet Choker"},{"not_picked":["aspiration:SecretTechniqueScroll","energizedSpire:StickyHand"],"picked":"hubris:RunicObelisk"}],"items_purged_floors":[],"is_endless":false,"potions_floor_spawned":[1,4,11,16,22,23,28,30,42,45,47,48],"killed_by":"The Heart","ascension_level":0}}