{"host":"oigynbtg272c19pw","time":1610913615,"event":{"mods":["BaseMod","Colored Map","Minty Spire (QoL Compilation)","Relic Stats","Slay the Relics Exporter","StSLib"],"gold_per_floor":[114,114,114,39,54,80,80,80,80],"floor_reached":8,"playtime":185,"items_purged":["Strike_G"],"score":158,"play_id":"cb764923-75b4-4338-b03a-78377a6a07f1","local_time":"20210117210015","is_ascension_mode":true,"campfire_choices":[{"data":"Footwork","floor":7.0,"key":"SMITH"}],"circlet_count":0,"master_deck":["AscendersBane","Strike_G","Strike_G","Strike_G","Defend_G","Defend_G","Defend_G","Defend_G","Defend_G","Survivor","Neutralize","Terror","Footwork+1","Reflex"],"relics":["Ring of the Snake","NeowsBlessing","Bag of Preparation","Boot"],"acts_visited":["Exordium"],"potions_floor_usage":[8,8],"damage_taken":[{"damage":0.0,"enemies":"Jaw Worm","floor":1.0,"turns":1.0},{"damage":0.0,"enemies":"Small Slimes","floor":5.0,"turns":1.0},{"damage":0.0,"enemies":"3 Sentries","floor":6.0,"turns":1.0},{"damage":30,"enemies":"Lagavulin","floor":8,"turns":12}],"seed_played":"801161329290576244","potions_obtained":[{"floor":1.0,"key":"AttackPotion"},{"floor":6.0,"key":"Regen Potion"}],"is_trial":false,"path_per_floor":["M","?","?","$","M","E","R","E"],"character_chosen":"THE_SILENT","items_purchased":[],"campfire_rested":0,"item_purchase_floors":[],"current_hp_per_floor":[59,52,34,34,34,34,34,19,19],"gold":80,"neow_bonus":"THREE_ENEMY_KILL","is_daily":false,"chose_seed":false,"campfire_upgraded":1,"win_rate":0.0,"timestamp":1610913615,"path_taken":["M","?","?","$","M","E","R","E"],"items_purchased_type":[],"build_version":"2020-12-13","purchased_purges":1,"victory":false,"max_hp_per_floor":[66,66,66,66,66,66,66,66,66],"relic_stats":{"counters":[4,15],"Bag of Preparation":[6],"Boot":[12],"obtain_stats":[{"NeowsBlessing":0,"Bag of Preparation":3,"Boot":6,"Ring of the Snake":0},{"NeowsBlessing":0,"Bag of Preparation":1,"Boot":3,"Ring of the Snake":0},{"NeowsBlessing":0,"Bag of Preparation":1,"Boot":3,"Ring of the Snake":0}],"Ring of the Snake":[8]},"card_choices":[{"not_picked":["Dash","Deflect"],"picked":"Terror","floor":1.0},{"not_picked":["Terror","Blade Dance"],"picked":"Footwork","floor":5.0},{"not_picked":["Dagger Spray","Underhanded Strike"],"picked":"Reflex","floor":6.0}],"player_experience":1428933,"relics_obtained":[{"floor":6.0,"key":"Boot"}],"event_choices":[{"cards_removed":["Strike_G"],"damage_healed":0.0,"max_hp_gain":0.0,"max_hp_loss":0.0,"gold_gain":0.0,"event_name":"Golden Wing","player_choice":"Card Removal","floor":2.0,"gold_loss":0.0,"damage_taken":7.0},{"damage_healed":0.0,"max_hp_gain":0.0,"max_hp_loss":0.0,"gold_gain":0.0,"event_name":"Scrap Ooze","player_choice":"Success","floor":3.0,"gold_loss":0.0,"damage_taken":18.0,"relics_obtained":["Bag of Preparation"]}],"is_beta":false,"boss_relics":[],"items_purged_floors":[4],"is_endless":false,"potions_floor_spawned":[1,6],"killed_by":"Lagavulin","ascension_level":20}}