{"host":"by2xx8ri294xcjpl","time":1610881690,"event":{"mods":["BaseMod","Dota2Spire","Minty Spire (QoL Compilation)","Replay The Spire","StSLib","vexMod","【功能Mod】混沌之环修复补丁","【功能Mod】精心准备","【遗物Mod】简单游戏","【遗物卡牌】REMEMod"],"gold_per_floor":[115,115,115,115,115,145,204,31,31,94,94,120,120,169,169,294,294,311,311,51,51,116,116,58,118,118,129,187,187,214,256,356,485,485,495,495,495,630,630,630],"floor_reached":39,"language":"ZHS","playtime":1644,"items_purged":[],"score":1126,"play_id":"e2b445a0-558e-492a-a091-1aa2fd7131f6","local_time":"20210117190810","daily_mods":["Allstar","Colorless Cards","Heirloom","Flight","DeadlyEvents"],"is_ascension_mode":true,"campfire_choices":[{"data":"Replay:BasicMightCard","floor":11,"key":"SMITH"},{"floor":13,"key":"REST"},{"floor":23,"key":"REST"},{"floor":29,"key":"REST"}],"circlet_count":0,"master_deck":["Strike_G","Strike_G","Strike_G","Strike_G","Defend_G+1","Defend_G","Defend_G","Defend_G","Defend_G","Survivor","Neutralize","REME_HeartOfCthun","Jack Of All Trades","Panacea","Replay:BasicMightCard+1","REME_ShortnessOfBreath","Mayhem+1","Noxious Fumes","Pot Of Greed","Pot Of Greed","vexMod:StairwayStrike","Caltrops","Caltrops","REME_BodyOfCthun","REME_HeartOfCthun","Pot Of Greed","Dark Shackles","Sadistic Nature","Terror","Madness","REME_PuzzleBox","Backflip+1","RitualDagger","Transmutation","REME_CopyPotion","Caltrops+1","Dagger Spray","Pot Of Greed","Dagger Spray+1","Discovery","Poisoned Stab","Poisoned Stab+1","Adrenaline","Flying Knee+1","Madness","Madness","After Image"],"relics":["Ring of the Snake","REME_ComplimentaryCards","EasyRelic","Mango","Akabeko","Dota2Spire:HandOfMidas","Grinning Jar","ReplayTheSpireMod:ShopPack","Replay:Accelerometer","Incense Burner","Dota2Spire:MaskOfMadness","Ring of Fangs","Ring of Hypnosis","Empty Cage","vexMod:PlasmaPancake","Dota2Spire:PhaseBoots","Dota2Spire:Satanic","Divine Protection","Gremlin Horn","Gremlin Food","Dota2Spire:EyeOfSkadi","Sundial","Philosopher\u0027s Stone","Black Star"],"acts_visited":["Exordium","TheCity","TheBeyond","Exordium"],"potions_floor_usage":[22],"damage_taken":[{"damage":1,"enemies":"Small Slimes","floor":1,"turns":2},{"damage":9,"enemies":"Gremlin Nob","floor":6,"turns":4},{"damage":0,"enemies":"3 Sentries","floor":7,"turns":3},{"damage":0,"enemies":"Replay:BlueRogue","floor":10,"turns":4},{"damage":2,"enemies":"3 Sentries","floor":12,"turns":3},{"damage":0,"enemies":"2 Louse","floor":14,"turns":2},{"damage":4,"enemies":"Hexaghost","floor":16,"turns":6},{"damage":9,"enemies":"2 Thieves","floor":18,"turns":3},{"damage":26,"enemies":"Book of Stabbing","floor":22,"turns":4},{"damage":20,"enemies":"REME_1_Revenger","floor":25,"turns":5},{"damage":0,"enemies":"Shell Parasite","floor":27,"turns":3},{"damage":16,"enemies":"Slavers","floor":28,"turns":3},{"damage":0,"enemies":"Gremlin Leader","floor":30,"turns":3},{"damage":0,"enemies":"Cultist and Chosen","floor":31,"turns":2},{"damage":0,"enemies":"Colosseum Slavers","floor":32,"turns":1},{"damage":0,"enemies":"Colosseum Nobs","floor":32,"turns":3},{"damage":0,"enemies":"Automaton","floor":33,"turns":5},{"damage":3,"enemies":"3 Shapes","floor":35,"turns":3},{"damage":24,"enemies":"Time Eater","floor":38,"turns":6}],"seed_played":"1969900865095737015","potions_obtained":[{"floor":12,"key":"Swift Potion"},{"floor":16,"key":"Languid Potion"},{"floor":18,"key":"SkillPotion"},{"floor":22,"key":"Fire Potion"},{"floor":28,"key":"Block Potion"},{"floor":38,"key":"AttackPotion"}],"is_trial":true,"path_per_floor":["M","?","?","$","?","E","E","$","T","E","R","E","R","M","R","B",null,"M","?","$","T","E","R","$","E","T","M","E","R","E","M","R","B",null,"M","?","?","B",null],"character_chosen":"THE_SILENT","items_purchased":["ReplayTheSpireMod:ShopPack","Caltrops","Transmutation","REME_CopyPotion","Caltrops+1"],"campfire_rested":3,"item_purchase_floors":[8,8,20,20,24],"current_hp_per_floor":[83,83,76,76,59,50,50,50,50,50,50,48,73,73,73,69,84,75,69,69,75,49,76,76,56,56,56,40,67,67,67,72,72,95,92,80,80,56,95,95],"gold":630,"neow_bonus":"","is_daily":false,"chose_seed":false,"campfire_upgraded":1,"win_rate":0.0,"timestamp":1610881690,"path_taken":["M","?","?","$","?","E","E","$","T","E","R","E","R","?","R","BOSS","M","?","$","?","?","R","$","E","T","?","E","R","E","M","R","BOSS","M","?","?","BOSS"],"items_purchased_type":["Relic","Card","Card","Card","Card"],"build_version":"2020-12-22","purchased_purges":0,"victory":false,"max_hp_per_floor":[84,84,84,84,84,84,84,84,84,84,84,84,84,84,84,84,84,84,84,84,90,90,90,90,90,90,90,90,90,90,90,95,95,95,95,95,95,95,95,95],"card_choices":[{"not_picked":["Deflect","Cloak And Dagger"],"picked":"Noxious Fumes","floor":1},{"not_picked":["Riddle With Holes","Outmaneuver","Sucker Punch"],"picked":"SKIP","floor":6},{"not_picked":["Quick Slash","Outmaneuver"],"picked":"vexMod:StairwayStrike","floor":7},{"not_picked":["Mayhem","Master of Strategy"],"picked":"REME_BodyOfCthun","floor":8},{"not_picked":["HandOfGreed","REME_ShortnessOfBreath"],"picked":"REME_HeartOfCthun","floor":8},{"not_picked":["ReplayTheSpireMod:Uncanny Aura","Deep Breath"],"picked":"Dark Shackles","floor":8},{"not_picked":["Mind Blast","PiercingWail"],"picked":"Sadistic Nature","floor":10},{"not_picked":["Dash","Bane"],"picked":"Terror","floor":12},{"not_picked":["Survey Options","Deadly Poison"],"picked":"Madness","floor":14},{"not_picked":["Secret Weapon","Transmutation"],"picked":"REME_PuzzleBox","floor":16},{"not_picked":["Hidden Blade+1","Deflect+1"],"picked":"Backflip+1","floor":18},{"not_picked":["Concentrate","Deflect","ReplayTheSpireMod:From All Sides"],"picked":"SKIP","floor":22},{"not_picked":["Blade Dance","Cloak And Dagger+1"],"picked":"Dagger Spray","floor":25},{"not_picked":["Cloak And Dagger","Trip+1","ReplayTheSpireMod:Exploit Weakness"],"picked":"SKIP","floor":27},{"not_picked":["Expertise","Cloak And Dagger"],"picked":"Dagger Spray+1","floor":28},{"not_picked":["Infinite Blades","Deadly Poison"],"picked":"Discovery","floor":30},{"not_picked":["Blade Dance","Sucker Punch"],"picked":"Poisoned Stab","floor":31},{"not_picked":["Underhanded Strike+1","Deep Breath"],"picked":"Poisoned Stab+1","floor":32},{"not_picked":["Poisoned Strike","ReplayTheSpireMod:Necrogeddon"],"picked":"Adrenaline","floor":33},{"not_picked":["Hidden Blade+1","Prepared"],"picked":"Flying Knee+1","floor":35},{"not_picked":["REME_BattleFury","REME_HeartOfCthun"],"picked":"After Image","floor":38}],"player_experience":18657,"relics_obtained":[{"floor":6,"key":"Dota2Spire:HandOfMidas"},{"floor":7,"key":"Grinning Jar"},{"floor":9,"key":"Replay:Accelerometer"},{"floor":10,"key":"Incense Burner"},{"floor":12,"key":"Dota2Spire:MaskOfMadness"},{"floor":15,"key":"Ring of Fangs"},{"floor":15,"key":"Ring of Hypnosis"},{"floor":21,"key":"vexMod:PlasmaPancake"},{"floor":22,"key":"Dota2Spire:PhaseBoots"},{"floor":25,"key":"Dota2Spire:Satanic"},{"floor":26,"key":"Divine Protection"},{"floor":28,"key":"Gremlin Horn"},{"floor":30,"key":"Gremlin Food"},{"floor":32,"key":"Dota2Spire:EyeOfSkadi"},{"floor":32,"key":"Sundial"}],"event_choices":[{"damage_healed":0,"gold_gain":0,"player_choice":"Leave","damage_taken":0,"max_hp_gain":0,"max_hp_loss":0,"event_name":"The Cleric","floor":2,"gold_loss":0},{"damage_healed":0,"gold_gain":0,"player_choice":"Success","damage_taken":7,"relics_obtained":["Akabeko"],"max_hp_gain":0,"max_hp_loss":0,"event_name":"Scrap Ooze","floor":3,"gold_loss":0},{"damage_healed":0,"gold_gain":0,"player_choice":"Entered Light","damage_taken":17,"max_hp_gain":0,"max_hp_loss":0,"event_name":"Shining Light","floor":5,"gold_loss":0,"cards_upgraded":["Mayhem","Defend_G"]},{"damage_healed":0,"gold_gain":0,"player_choice":"Joined the Cult","damage_taken":6,"max_hp_gain":0,"max_hp_loss":0,"event_name":"Nest","floor":19,"gold_loss":0,"cards_obtained":["RitualDagger"]},{"damage_healed":0,"gold_gain":0,"player_choice":"Fight","damage_taken":0,"max_hp_gain":0,"max_hp_loss":0,"event_name":"Colosseum","floor":32,"gold_loss":0},{"damage_healed":0,"gold_gain":0,"player_choice":"Fought Nobs","damage_taken":0,"max_hp_gain":0,"max_hp_loss":0,"event_name":"Colosseum","floor":32,"gold_loss":0},{"damage_healed":0,"gold_gain":0,"player_choice":"Embrace Madness","damage_taken":12,"max_hp_gain":0,"max_hp_loss":0,"event_name":"Winding Halls","floor":36,"gold_loss":0,"cards_obtained":["Madness","Madness"]},{"damage_healed":0,"gold_gain":0,"player_choice":"Took Portal","damage_taken":0,"max_hp_gain":0,"max_hp_loss":0,"event_name":"SecretPortal","floor":37,"gold_loss":0}],"is_beta":false,"boss_relics":[{"not_picked":["Calling Bell","Abe\u0027s Treasure"],"picked":"Empty Cage"},{"not_picked":["Snecko Heart","REME_DuelDisc"],"picked":"Philosopher\u0027s Stone"},{"not_picked":["Cursed Key","Painkiller Herb"],"picked":"Black Star"}],"items_purged_floors":[],"is_endless":true,"potions_floor_spawned":[12,16,18,22,28,32,38],"ascension_level":1}}