{"host":"b3acx0fd85ri4t7i","time":1610858017,"event":{"mods":["BaseMod","Colored Powertips","Minty Spire (QoL Compilation)","Quick Restart","Relic Stats","StSLib","[功能]功能增强和修复MOD"],"gold_per_floor":[118,90,90,105,105,133,133,195,249,249,21,55,80,105,105,178,178,191,191,191,106,4,33,45,57,57],"floor_reached":25,"language":"ZHS","playtime":737,"items_purged":["Zap","Dualcast","Rainbow","Hello World","Melter","Force Field","Ball Lightning+1"],"score":687,"play_id":"7037b9b3-8026-4db8-82c4-7584f375531d","local_time":"20210117123337","is_ascension_mode":true,"campfire_choices":[{"data":"Electrodynamics","floor":7.0,"key":"SMITH"},{"data":"Buffer","floor":15.0,"key":"SMITH"}],"circlet_count":0,"master_deck":["AscendersBane","Electrodynamics+1","Echo Form+1","Self Repair","Reboot","Thunder Strike+1","Force Field+1","Defragment","Buffer+1","Defragment","Amplify","Apotheosis"],"relics":["Pandora\u0027s Box","Whetstone","Shovel","Bag of Preparation","Darkstone Periapt","Ice Cream","Sling","Shuriken","Singing Bowl","Odd Mushroom","Juzu Bracelet","Sozu","Akabeko","MawBank"],"acts_visited":["Exordium","TheCity"],"potions_floor_usage":[23],"damage_taken":[{"damage":12.0,"enemies":"Jaw Worm","floor":1.0,"turns":3.0},{"damage":6.0,"enemies":"Cultist","floor":4.0,"turns":3.0},{"damage":0.0,"enemies":"3 Sentries","floor":6.0,"turns":4.0},{"damage":18.0,"enemies":"3 Sentries","floor":8.0,"turns":4.0},{"damage":0.0,"enemies":"Gremlin Nob","floor":12.0,"turns":3.0},{"damage":12.0,"enemies":"The Mushroom Lair","floor":13.0,"turns":2.0},{"damage":24.0,"enemies":"Lagavulin","floor":14.0,"turns":4.0},{"damage":0.0,"enemies":"The Guardian","floor":16.0,"turns":5.0},{"damage":0.0,"enemies":"Chosen","floor":18.0,"turns":3.0},{"damage":48,"enemies":"Slavers","floor":23,"turns":3},{"damage":26,"enemies":"Gremlin Leader","floor":25,"turns":2}],"seed_played":"4276143575031606344","potions_obtained":[{"floor":1.0,"key":"SpeedPotion"},{"floor":4.0,"key":"DistilledChaos"},{"floor":6.0,"key":"DuplicationPotion"},{"floor":6.0,"key":"DistilledChaos"},{"floor":12.0,"key":"FocusPotion"}],"is_trial":false,"path_per_floor":["M","$","?","M","?","E","R","?","T","?","$","E","?","E","R","B",null,"M","?","?","?","$","E","?","E"],"character_chosen":"DEFECT","items_purchased":["Defragment","Ball Lightning","Mayhem","Whetstone","Shovel","Sling","Shuriken","Apotheosis"],"campfire_rested":0,"item_purchase_floors":[2,2,2,2,2,11,11,22],"current_hp_per_floor":[52,52,81,75,51,58,58,47,47,29,29,38,35,18,18,25,70,79,54,54,54,54,18,18,0,0],"gold":57,"neow_bonus":"BOSS_RELIC","is_daily":false,"chose_seed":false,"campfire_upgraded":2,"win_rate":0.0,"timestamp":1610858017,"path_taken":["M","$","?","?","?","E","R","?","T","?","$","E","?","E","R","BOSS","M","?","?","?","$","E","?","E"],"items_purchased_type":["Card","Card","Card","Relic","Relic","Relic","Relic","Card"],"build_version":"2020-12-22","purchased_purges":7,"victory":false,"max_hp_per_floor":[71,71,81,81,81,81,81,81,81,81,81,83,85,85,85,85,85,87,92,92,92,92,94,94,94,94],"relic_stats":{"Darkstone Periapt":0,"Sozu":1,"Shovel":0,"Singing Bowl":8,"counters":[11,36],"Shuriken":[0],"Pandora\u0027s Box":["Electrodynamics","Echo Form","Self Repair","Reboot","Rainbow","Melter","Thunder Strike","Hello World"],"Bag of Preparation":[16],"Juzu Bracelet":1,"Whetstone":["Thunder Strike","Ball Lightning"],"MawBank":24,"obtain_stats":[{"Darkstone Periapt":8,"Ice Cream":10,"Singing Bowl":12,"Bag of Preparation":6,"Juzu Bracelet":14,"Whetstone":2,"Odd Mushroom":13,"Sling":11,"MawBank":23,"Akabeko":21,"Sozu":17,"Shovel":2,"Shuriken":11,"Pandora\u0027s Box":0,"Cracked Core":0},{"Darkstone Periapt":3,"Ice Cream":4,"Singing Bowl":5,"Bag of Preparation":3,"Juzu Bracelet":7,"Whetstone":1,"Odd Mushroom":6,"Sling":4,"MawBank":10,"Akabeko":9,"Sozu":8,"Shovel":1,"Shuriken":4,"Pandora\u0027s Box":0,"Cracked Core":0},{"Darkstone Periapt":10,"Ice Cream":14,"Singing Bowl":17,"Bag of Preparation":10,"Juzu Bracelet":23,"Whetstone":3,"Odd Mushroom":19,"Sling":14,"MawBank":34,"Akabeko":31,"Sozu":28,"Shovel":3,"Shuriken":14,"Pandora\u0027s Box":0,"Cracked Core":0}]},"card_choices":[{"not_picked":["Turbo","Rip and Tear"],"picked":"Force Field","floor":1.0},{"not_picked":["Aggregate","Chaos"],"picked":"Force Field","floor":4.0},{"not_picked":["Barrage","Chill","Sunder"],"picked":"SKIP","floor":6.0},{"not_picked":["Streamline","Barrage"],"picked":"Buffer","floor":8.0},{"not_picked":["Barrage","Redo","Glacier"],"picked":"Singing Bowl","floor":12.0},{"not_picked":["Sweeping Beam","Redo","Leap"],"picked":"Singing Bowl","floor":13.0},{"not_picked":["Barrage","Undo"],"picked":"Defragment","floor":14.0},{"not_picked":["Fission","Biased Cognition"],"picked":"Electrodynamics","floor":16.0},{"not_picked":["Steam","Stack","Force Field"],"picked":"Singing Bowl","floor":18.0},{"not_picked":["Steam Power","Sweeping Beam+1","Cold Snap"],"picked":"Singing Bowl","floor":23}],"player_experience":309670,"relics_obtained":[{"floor":6.0,"key":"Bag of Preparation"},{"floor":12.0,"key":"Singing Bowl"},{"floor":13.0,"key":"Odd Mushroom"},{"floor":14.0,"key":"Juzu Bracelet"},{"floor":23,"key":"MawBank"}],"event_choices":[{"cards_removed":["Mayhem"],"damage_healed":19.0,"max_hp_gain":10.0,"max_hp_loss":0.0,"gold_gain":0.0,"event_name":"Bonfire Elementals","player_choice":"Offered Rare","floor":3.0,"gold_loss":0.0,"damage_taken":0.0},{"damage_healed":0.0,"max_hp_gain":0.0,"max_hp_loss":0.0,"gold_gain":0.0,"event_name":"Shining Light","player_choice":"Entered Light","floor":5.0,"gold_loss":0.0,"damage_taken":24.0,"cards_upgraded":["Echo Form","Force Field"]},{"damage_healed":0.0,"max_hp_gain":0.0,"max_hp_loss":0.0,"gold_gain":0.0,"event_name":"Dead Adventurer","player_choice":"Searched \u00272\u0027 times","floor":8.0,"gold_loss":0.0,"damage_taken":0.0,"relics_obtained":["Darkstone Periapt"]},{"damage_healed":0.0,"max_hp_gain":0.0,"max_hp_loss":0.0,"gold_gain":0.0,"event_name":"Scrap Ooze","player_choice":"Success","floor":10.0,"gold_loss":0.0,"damage_taken":18.0,"relics_obtained":["Ice Cream"]},{"damage_healed":0.0,"max_hp_gain":0.0,"max_hp_loss":0.0,"gold_gain":0.0,"event_name":"Mushrooms","player_choice":"Fought Mushrooms","floor":13.0,"gold_loss":0.0,"damage_taken":0.0},{"damage_healed":0.0,"max_hp_gain":5.0,"max_hp_loss":0.0,"gold_gain":0.0,"event_name":"Forgotten Altar","player_choice":"Shed Blood","floor":19.0,"gold_loss":0.0,"damage_taken":30.0},{"damage_healed":0.0,"max_hp_gain":0.0,"max_hp_loss":0.0,"gold_gain":0.0,"event_name":"Match and Keep!","player_choice":"1 cards matched","floor":20.0,"gold_loss":0.0,"damage_taken":0.0,"cards_obtained":["Amplify"]},{"damage_healed":0.0,"max_hp_gain":0.0,"max_hp_loss":0.0,"gold_gain":0.0,"event_name":"Addict","player_choice":"Obtained Relic","floor":21.0,"gold_loss":85.0,"damage_taken":0.0,"relics_obtained":["Akabeko"]},{"cards_removed":["Electrodynamics"],"damage_healed":0,"gold_gain":0,"player_choice":"Purged","damage_taken":0,"max_hp_gain":0,"max_hp_loss":0,"event_name":"Purifier","floor":24,"gold_loss":0}],"is_beta":false,"boss_relics":[{"not_picked":["SlaversCollar","Black Star"],"picked":"Sozu"}],"items_purged_floors":[2,2,2,2,2,11,22],"is_endless":false,"potions_floor_spawned":[1,4,4,6,6,12,23],"killed_by":"Gremlin Leader","ascension_level":20}}