{"host":"lck2g1j0kcwr02ez","time":1610861011,"event":{"mods":["BaseMod","CapriCore","Hermit","Jorbs\u0027s Wanderer Trilogy","Marisa£®ÏF”Í°°ƒß¿Ì…≥£©","Minty Spire (QoL Compilation)","Rare Cards Sparkle","StSLib","The Alterego","The Hierophant"],"gold_per_floor":[113,7650,7650,7662,7662,7662,7662,7612,7636,7651,7651,7663,7697,6741,6741,6841,6841,6841,6841],"floor_reached":18,"language":"ZHS","playtime":966,"items_purged":["hermit:Strike_Hermit","hermit:Defend_Hermit"],"score":174,"play_id":"dcbdf50b-c098-4a17-8ee3-52b546de7f79","local_time":"20210117132331","is_ascension_mode":true,"campfire_choices":[{"data":"hermit:Determination","floor":6,"key":"SMITH"},{"floor":11,"key":"RECALL"},{"data":"hermit:SprayPray","floor":15,"key":"SMITH"}],"circlet_count":0,"master_deck":["hermit:Strike_Hermit","hermit:Defend_Hermit","hermit:Defend_Hermit","hermit:Snapshot","hermit:Covet","hermit:SprayPray+1","hermit:LowProfile+1","hermit:Misfire","Panacea+1","Thinking Ahead+1","hermit:Virtue+1","hermit:Determination+1","Regret","hermit:Midnight+1","hermit:HoleUp+1","hermit:Glare+1","hermit:Desperado","Enlightenment+1","hermit:Dissolve+1","hermit:GoldenBullet","hermit:BlackWind"],"relics":["hermit:Momento","NeowsBlessing","Toxic Egg 2","FossilizedHelix","Sling","Anchor","Bag of Marbles","Centennial Puzzle","Omamori","Question Card","Cauldron","Runic Pyramid"],"acts_visited":["Exordium","TheCity"],"potions_floor_usage":[13,18],"damage_taken":[{"damage":0,"enemies":"Jaw Worm","floor":1,"turns":1},{"damage":0,"enemies":"2 Louse","floor":4,"turns":1},{"damage":0,"enemies":"Small Slimes","floor":10,"turns":2},{"damage":0,"enemies":"2 Fungi Beasts","floor":12,"turns":2},{"damage":13,"enemies":"Lagavulin","floor":13,"turns":6},{"damage":54,"enemies":"Hexaghost","floor":16,"turns":10},{"damage":0,"enemies":"3 Byrds","floor":18,"turns":2}],"seed_played":"-8278276345743283660","potions_obtained":[{"floor":1,"key":"FairyPotion"},{"floor":10,"key":"DuplicationPotion"},{"floor":13,"key":"Fruit Juice"},{"floor":14,"key":"LiquidMemories"}],"is_trial":false,"path_per_floor":["M","$","?","M","?","R","?","?","T","M","R","M","E","$","R","B",null,"M"],"character_chosen":"HERMIT","items_purchased":["Explosive Potion","Toxic Egg 2","FossilizedHelix","Sling","hermit:LowProfile+1","hermit:Misfire","Panacea+1","Thinking Ahead+1","Omamori","Question Card","Cauldron","hermit:Desperado","Enlightenment+1","hermit:Dissolve+1","hermit:GoldenBullet"],"campfire_rested":0,"item_purchase_floors":[2,2,2,2,2,2,2,2,14,14,14,14,14,14,14],"current_hp_per_floor":[75,75,68,68,68,68,68,68,68,68,68,68,60,60,60,6,80,80,80],"gold":6841,"neow_bonus":"THREE_ENEMY_KILL","is_daily":false,"chose_seed":false,"campfire_upgraded":2,"win_rate":0.0,"timestamp":1610861011,"path_taken":["M","$","?","M","?","R","?","?","T","M","R","?","E","$","R","BOSS","M"],"items_purchased_type":["Potion","Relic","Relic","Relic","Card","Card","Card","Card","Relic","Relic","Relic","Card","Card","Card","Card"],"build_version":"2020-12-22","purchased_purges":2,"victory":false,"max_hp_per_floor":[75,75,75,75,75,75,75,75,75,75,75,75,80,80,80,80,80,80,80],"card_choices":[{"not_picked":["hermit:LoneWolf","hermit:Manifest"],"picked":"hermit:SprayPray","floor":1},{"not_picked":["hermit:TrackingShot","hermit:Misfire"],"picked":"hermit:Virtue+1","floor":4},{"not_picked":["hermit:Snipe+1","hermit:Vantage+1"],"picked":"hermit:Midnight+1","floor":10},{"not_picked":["hermit:TrackingShot","hermit:Manifest+1"],"picked":"hermit:HoleUp+1","floor":12},{"not_picked":["hermit:Roughhouse","hermit:Purgatory"],"picked":"hermit:Glare+1","floor":13},{"not_picked":["hermit:HeroicBravado+1","hermit:Purgatory","hermit:Roughhouse"],"picked":"hermit:BlackWind","floor":16}],"player_experience":293653,"relics_obtained":[{"floor":9,"key":"Bag of Marbles"},{"floor":13,"key":"Centennial Puzzle"}],"event_choices":[{"cards_removed":["hermit:Strike_Hermit"],"damage_healed":0,"gold_gain":0,"player_choice":"Card Removal","damage_taken":7,"max_hp_gain":0,"max_hp_loss":0,"event_name":"Golden Wing","floor":3,"gold_loss":0},{"damage_healed":0,"gold_gain":0,"cards_transformed":["hermit:Defend_Hermit"],"player_choice":"Change","damage_taken":0,"max_hp_gain":0,"max_hp_loss":0,"event_name":"Living Wall","floor":5,"gold_loss":0,"cards_obtained":["hermit:Determination"]},{"damage_healed":0,"gold_gain":0,"player_choice":"Box","damage_taken":0,"relics_obtained":["Anchor"],"max_hp_gain":0,"max_hp_loss":0,"event_name":"Big Fish","floor":7,"gold_loss":0,"cards_obtained":["Regret"]},{"cards_removed":["hermit:Strike_Hermit"],"damage_healed":0,"gold_gain":0,"player_choice":"Card Removal","damage_taken":0,"max_hp_gain":0,"max_hp_loss":0,"event_name":"The Cleric","floor":8,"gold_loss":50}],"is_beta":false,"boss_relics":[{"not_picked":["hermit:DentedPlate","Pandora\u0027s Box"],"picked":"Runic Pyramid"}],"items_purged_floors":[2,14],"is_endless":false,"potions_floor_spawned":[1,10,13],"killed_by":"3 Byrds","ascension_level":2}}