{"host":"oytjgf0lma69qpzi","time":1610907152,"event":{"mods":["BaseMod","Colored Powertips","DeckTracker","Minty Spire (QoL Compilation)","Quick Restart"],"gold_per_floor":[115,115,128,144,69,69,86,86,112,131,131,31,45,145,145,245,295,314,331,31,31,31],"floor_reached":21,"language":"ENG","playtime":1095,"items_purged":["Strike_B","Strike_B"],"score":197,"play_id":"e039f966-439d-49ae-adae-da9b275652a3","local_time":"20210117191232","is_ascension_mode":true,"campfire_choices":[{"data":"Fusion","floor":6,"key":"SMITH"},{"floor":8,"key":"REST"},{"floor":11,"key":"REST"},{"data":"Echo Form","floor":15,"key":"SMITH"}],"circlet_count":0,"master_deck":["Strike_B","Strike_B","Defend_B","Defend_B+1","Defend_B","Defend_B","Zap+1","Dualcast","Fusion+1","Barrage","Leap","Echo Form+1","Fission","White Noise","Glacier","Melter","Echo Form+1"],"relics":["Cracked Core","PreservedInsect","Tiny House","DollysMirror","Happy Flower"],"acts_visited":["Exordium","TheCity"],"potions_floor_usage":[7,10,16,16,18,21],"damage_taken":[{"damage":0,"enemies":"Small Slimes","floor":1,"turns":3},{"damage":0,"enemies":"Cultist","floor":3,"turns":4},{"damage":1,"enemies":"2 Louse","floor":4,"turns":2},{"damage":70,"enemies":"Gremlin Gang","floor":7,"turns":7},{"damage":1,"enemies":"3 Louse","floor":10,"turns":2},{"damage":10,"enemies":"Large Slime","floor":13,"turns":7},{"damage":32,"enemies":"Hexaghost","floor":16,"turns":12},{"damage":11,"enemies":"Spheric Guardian","floor":18,"turns":4},{"damage":39,"enemies":"Shell Parasite","floor":19,"turns":11},{"damage":41,"enemies":"Cultist and Chosen","floor":21,"turns":4}],"seed_played":"5903596501449912092","potions_obtained":[{"floor":4,"key":"SneckoOil"},{"floor":7,"key":"AttackPotion"},{"floor":10,"key":"Ancient Potion"},{"floor":13,"key":"DistilledChaos"},{"floor":17,"key":"CultistPotion"},{"floor":19,"key":"GamblersBrew"}],"is_trial":false,"path_per_floor":["M","?","M","M","$","R","M","R","T","M","R","$","M","?","R","B",null,"M","M","$","M"],"character_chosen":"DEFECT","items_purchased":["DollysMirror","Happy Flower"],"campfire_rested":2,"item_purchase_floors":[20,20],"current_hp_per_floor":[82,82,82,81,81,81,11,35,35,34,58,58,48,48,48,16,87,76,37,37,0,0],"gold":31,"neow_bonus":"TEN_PERCENT_HP_BONUS","is_daily":false,"chose_seed":false,"campfire_upgraded":2,"win_rate":0.0,"timestamp":1610907152,"path_taken":["M","?","?","M","$","R","?","R","T","M","R","$","M","?","R","BOSS","M","?","$","M"],"items_purchased_type":["Relic","Relic"],"build_version":"2020-12-22","purchased_purges":2,"victory":false,"max_hp_per_floor":[82,82,82,82,82,82,82,82,82,82,82,82,82,82,82,82,87,87,87,87,87,87],"card_choices":[{"not_picked":["Beam Cell","Undo","Steam"],"picked":"SKIP","floor":1},{"not_picked":["Genetic Algorithm","Doom and Gloom"],"picked":"Fusion","floor":3},{"not_picked":["Undo","Go for the Eyes"],"picked":"Barrage","floor":4},{"not_picked":["Undo","Steam","Heatsinks"],"picked":"SKIP","floor":7},{"not_picked":["Cold Snap","Rebound"],"picked":"Leap","floor":10},{"not_picked":["Static Discharge","Recycle"],"picked":"Echo Form","floor":13},{"not_picked":["Hyperbeam","Thunder Strike"],"picked":"Fission","floor":16},{"not_picked":["Aggregate","Fusion"],"picked":"White Noise","floor":17},{"not_picked":["Steam","Go for the Eyes"],"picked":"Glacier","floor":18},{"not_picked":["Storm","Sweeping Beam"],"picked":"Melter","floor":19}],"player_experience":202961,"relics_obtained":[{"floor":9,"key":"PreservedInsect"}],"event_choices":[{"damage_healed":0,"gold_gain":0,"player_choice":"Forge","damage_taken":0,"max_hp_gain":0,"max_hp_loss":0,"event_name":"Accursed Blacksmith","floor":2,"gold_loss":0,"cards_upgraded":["Zap"]},{"damage_healed":0,"gold_gain":100,"player_choice":"Pray","damage_taken":0,"max_hp_gain":0,"max_hp_loss":0,"event_name":"Golden Shrine","floor":14,"gold_loss":0}],"is_beta":false,"boss_relics":[{"not_picked":["Busted Crown","SlaversCollar"],"picked":"Tiny House"}],"items_purged_floors":[5,12],"is_endless":false,"potions_floor_spawned":[4,7,10,13,19],"killed_by":"Cultist and Chosen","ascension_level":3}}