{"host":"m4py67fg3gq1tfno","time":1610888749,"event":{"mods":["100% Spire Juice","ATMod(阿瑾Mod)","Act Like it!","Arknights The Spire","BaseMod","Decade(王小明)","Dota2Spire","Gensokyo","GifTheSpireLib","GungeonMod","Hallownest","Highlight Path","Hunter 猎人","KinomotoSakuraMod(木之本樱)","LagranYue(拉格朗・月)","Luminous","Marisa（F雨　魔理沙）","Marked Mod","Minty Spire (QoL Compilation)","Nova Terra(诺娃・泰拉)","Red Circlet Mod","Reimu（博丽灵梦）","Remilia（蕾米莉亚）","Replay The Spire","SIMod","SOS（斯巴达之子）","StSLib","The Administrix","The Bug Knight","The Cursed","The Gatherer","The Hierophant","The Invoker Mod","The Mystic","The Poker Player","The Servant 0.9.4","Waifu the Spire","WarShipGirlsR/战舰少女R mod","Youmu（魂魄妖梦）","Yuyuko","【遗物卡牌】REMEMod"],"gold_per_floor":[121,121,136,136,156,156,182,182,182,182,206,206,223,248,248,283,283,381,381,392,409,424,424,424],"floor_reached":23,"language":"ZHS","playtime":3881,"items_purged":[],"score":234,"play_id":"86a59261-1e57-4e5e-917e-7e28804a2458","local_time":"20210117210549","is_ascension_mode":false,"campfire_choices":[{"floor":6,"key":"REST"},{"floor":10,"key":"REST"},{"floor":12,"key":"REST"},{"data":"AdministrixMod:CrackingPangu","floor":15,"key":"SMITH"},{"data":"AdministrixMod:SyncreticSurge","floor":17,"key":"SMITH"}],"circlet_count":0,"master_deck":["AdministrixMod:RedCloak","AdministrixMod:Defend_Administrix","AdministrixMod:BlueCloak","BloodyHallows","AdministrixMod:ImmortalPurity","AdministrixMod:CenturiesAscent","AdministrixMod:PlateOfAntiquity","AdministrixMod:ExtolVirtue","AdministrixMod:HaveItAll","AdministrixMod:SyncreticSurge+1","AdministrixMod:TenDesires","AdministrixMod:CastOffRegrets","AdministrixMod:CrackingPangu+1","AdministrixMod:FaithfulFlames","AdministrixMod:Mastermind","AdministrixMod:BattleforgedBonds","AdministrixMod:BloodBargain","AdministrixMod:Wuji","AdministrixMod:ChooseYourEnd"],"relics":["AdministrixMod:ConductorRitualBaton","AT_ATBox","REME_ComplimentaryCards","LagranYue:RandomDrawCardRelic","Replay:PocketPolymizer","DemoMod:Metronome","Hallownest:DreamNailRelic","Ice Cream","Simple Rune","ReplayFunnel","Replay:Mystery Machine","Replay:Drink Me","DemoMod:GlassGuonStoneRelic"],"acts_visited":["Hallownest:Greenpath","TheCity"],"potions_floor_usage":[14,18,20],"damage_taken":[{"damage":1,"enemies":"Hallownest:2_Tiktiks_and_1_Crawlid","floor":1,"turns":3},{"damage":12,"enemies":"Hallownest:monsterHuskGuard","floor":3,"turns":2},{"damage":0,"enemies":"2_ Uuma","floor":5,"turns":3},{"damage":19,"enemies":"Hallownest:eliteVengeflyKing","floor":7,"turns":5},{"damage":0,"enemies":"Hallownest:Wandering_and_Horned","floor":13,"turns":4},{"damage":8,"enemies":"Hallownest:eliteMossKnight","floor":14,"turns":6},{"damage":4,"enemies":"Hallownest:eliteCrystalGuardian","floor":16,"turns":6},{"damage":32,"enemies":"Hallownest:BossBrokenVessel","floor":18,"turns":7},{"damage":3,"enemies":"Chosen","floor":20,"turns":6},{"damage":0,"enemies":"3 Byrds","floor":21,"turns":5},{"damage":31,"enemies":"Snake Plant","floor":22,"turns":6}],"seed_played":"3254985007176338642","potions_obtained":[{"floor":3,"key":"FearPotion"},{"floor":13,"key":"Toxic Potion"},{"floor":14,"key":"BlessingOfTheForge"},{"floor":16,"key":"LiquidBronze"},{"floor":21,"key":"Languid Potion"}],"is_trial":false,"path_per_floor":["M","?","M","?","M","R","E","PTL","PTL","R","T","R","M","E","R","E","R","B",null,"M","M","M","$"],"character_chosen":"TheAdministrix","items_purchased":[],"campfire_rested":3,"item_purchase_floors":[],"current_hp_per_floor":[70,30,18,18,18,39,20,20,20,41,41,62,62,54,54,50,50,18,54,51,51,20,20,20],"gold":424,"neow_bonus":"TEN_PERCENT_HP_BONUS","is_daily":false,"chose_seed":false,"campfire_upgraded":2,"win_rate":0.0,"timestamp":1610888749,"path_taken":["M","?","M","?","M","R","E","PTL","PTL","R","T","R","?","E","R","E","R","BOSS","M","M","M","$"],"items_purchased_type":[],"build_version":"2020-12-22","purchased_purges":0,"victory":false,"max_hp_per_floor":[71,71,71,71,71,71,71,71,71,71,71,71,71,71,71,71,71,71,54,54,54,54,54,54],"card_choices":[{"not_picked":["AdministrixMod:WickedPunishment","AdministrixMod:MixOfMercury"],"picked":"AdministrixMod:ImmortalPurity","floor":1},{"not_picked":["AdministrixMod:SipOfSparks","AdministrixMod:ShadowPlay"],"picked":"AdministrixMod:CenturiesAscent","floor":3},{"not_picked":["AdministrixMod:GuanyinBlessing","AdministrixMod:ExtolVirtue"],"picked":"AdministrixMod:PlateOfAntiquity","floor":5},{"not_picked":["AdministrixMod:SipOfSparks","AdministrixMod:SealAway"],"picked":"AdministrixMod:HaveItAll","floor":7},{"not_picked":["AdministrixMod:DiversionaryTactic","AdministrixMod:CenturiesAscent"],"picked":"AdministrixMod:CastOffRegrets","floor":13},{"not_picked":["AdministrixMod:SipOfSparks","AdministrixMod:FearOfDeath"],"picked":"AdministrixMod:CrackingPangu","floor":14},{"not_picked":["AdministrixMod:PlateOfAntiquity","AdministrixMod:RebukeDesires"],"picked":"AdministrixMod:FaithfulFlames","floor":16},{"not_picked":["AdministrixMod:LuminaryPath","AdministrixMod:Mastermind"],"picked":"AdministrixMod:BattleforgedBonds","floor":18},{"not_picked":["AdministrixMod:ImmortalGrace","AdministrixMod:CenturiesAscent"],"picked":"AdministrixMod:BloodBargain","floor":20},{"not_picked":["AdministrixMod:ImmortalPurity","AdministrixMod:TouchOfCinnabar"],"picked":"AdministrixMod:Wuji","floor":21},{"not_picked":["AdministrixMod:RebukeDesires+1","AdministrixMod:ImmortalPurity"],"picked":"AdministrixMod:ChooseYourEnd","floor":22}],"player_experience":39990,"relics_obtained":[{"floor":7,"key":"Ice Cream"},{"floor":11,"key":"Simple Rune"},{"floor":14,"key":"ReplayFunnel"},{"floor":16,"key":"Replay:Mystery Machine"}],"event_choices":[],"is_beta":false,"boss_relics":[{"not_picked":["Kintsugi","ChewingGum"],"picked":"Replay:Drink Me"}],"items_purged_floors":[],"is_endless":false,"potions_floor_spawned":[3,13,14,16,21],"ascension_level":0}}