{"host":"sav7uxregyirlf69","time":1610849569,"event":{"mods":["AchievementEnabler","BaseMod","Colored Map","DeckTracker","Keyboard Shortcuts","Minty Spire (QoL Compilation)","READ ME - Guardian Mod","StSLib","SuperFastMode"],"gold_per_floor":[116,116,133,144,21,21,96,128,128,148,108,124,149,165,165,240,240,256,270,289,289,118,443,443,493,493,493,59,73,73,73],"floor_reached":30,"language":"KOR","playtime":560,"items_purged":["Strike_P","Strike_P","Defend_P"],"score":655,"play_id":"12b11dfc-f648-4f14-a791-82c099192e50","local_time":"20210117111249","is_ascension_mode":true,"campfire_choices":[{"data":"CrushJoints","floor":6,"key":"SMITH"},{"data":"Eruption","floor":15,"key":"SMITH"},{"data":"Prostrate","floor":24,"key":"SMITH"},{"data":"Pray","floor":27,"key":"SMITH"}],"circlet_count":0,"master_deck":["AscendersBane","Strike_P","Strike_P","Defend_P","Defend_P","Defend_P","Eruption+1","Vigilance","EmptyFist","Prostrate+1","CrushJoints+1","SandsOfTime","Pray+1","Devotion","Halt+1","Adaptation"],"relics":["PureWater","Incense Burner","Gambling Chip","Centennial Puzzle","Coffee Dripper","Old Coin","Orichalcum","Mango"],"acts_visited":["Exordium","TheCity"],"potions_floor_usage":[8,13,16,20,23,23],"damage_taken":[{"damage":7,"enemies":"Jaw Worm","floor":1,"turns":2},{"damage":5,"enemies":"Small Slimes","floor":3,"turns":4},{"damage":0,"enemies":"Cultist","floor":4,"turns":2},{"damage":0,"enemies":"Lagavulin","floor":8,"turns":3},{"damage":0,"enemies":"2 Fungi Beasts","floor":10,"turns":2},{"damage":4,"enemies":"Large Slime","floor":12,"turns":3},{"damage":17,"enemies":"3 Sentries","floor":13,"turns":8},{"damage":0,"enemies":"Exordium Thugs","floor":14,"turns":4},{"damage":0,"enemies":"Slime Boss","floor":16,"turns":4},{"damage":22,"enemies":"2 Thieves","floor":18,"turns":4},{"damage":14,"enemies":"Spheric Guardian","floor":19,"turns":4},{"damage":12,"enemies":"Cultist and Chosen","floor":20,"turns":3},{"damage":17,"enemies":"Gremlin Leader","floor":23,"turns":4},{"damage":10,"enemies":"Centurion and Healer","floor":29,"turns":6},{"damage":29,"enemies":"Book of Stabbing","floor":30,"turns":3}],"seed_played":"2884671198952614848","potions_obtained":[{"floor":1,"key":"AttackPotion"},{"floor":3,"key":"SkillPotion"},{"floor":11,"key":"Strength Potion"},{"floor":11,"key":"Regen Potion"},{"floor":14,"key":"AttackPotion"},{"floor":16,"key":"Regen Potion"},{"floor":20,"key":"SneckoOil"}],"is_trial":false,"path_per_floor":["M","?","M","M","$","R","?","E","T","M","?","M","E","M","R","B",null,"M","M","M","?","$","E","R","?","T","R","$","M","E"],"character_chosen":"WATCHER","items_purchased":["CrushJoints","Adaptation","Mango"],"campfire_rested":0,"item_purchase_floors":[5,22,28],"current_hp_per_floor":[54,59,54,54,54,54,43,43,43,43,43,39,37,37,37,37,64,42,28,25,25,25,8,8,8,8,8,22,12,0,0],"gold":73,"neow_bonus":"THREE_CARDS","is_daily":false,"chose_seed":false,"campfire_upgraded":4,"win_rate":0.0,"timestamp":1610849569,"path_taken":["M","?","M","M","$","R","?","E","T","M","?","M","E","M","R","BOSS","M","?","M","?","$","E","R","?","T","R","$","M","E"],"items_purchased_type":["Card","Card","Relic"],"build_version":"2020-12-22","purchased_purges":3,"victory":false,"max_hp_per_floor":[68,73,73,73,73,73,73,73,73,73,73,73,73,73,73,73,73,73,73,73,73,73,73,73,73,73,73,87,87,87,87],"card_choices":[{"not_picked":["FlurryOfBlows","EmptyBody"],"picked":"EmptyFist","floor":0},{"not_picked":["Nirvana","Collect","ClearTheMind"],"picked":"SKIP","floor":1},{"not_picked":["EmptyBody","Wireheading","PathToVictory"],"picked":"SKIP","floor":3},{"not_picked":["LikeWater","Weave"],"picked":"Prostrate","floor":4},{"not_picked":["SignatureMove","Blasphemy"],"picked":"SandsOfTime","floor":8},{"not_picked":["EmptyBody","SashWhip"],"picked":"Pray","floor":10},{"not_picked":["DeceiveReality","Crescendo","SashWhip"],"picked":"SKIP","floor":12},{"not_picked":["BattleHymn","Protect","BowlingBash"],"picked":"SKIP","floor":13},{"not_picked":["SashWhip","Fasting2","ReachHeaven"],"picked":"SKIP","floor":14},{"not_picked":["SpiritShield","Judgement"],"picked":"Devotion","floor":16},{"not_picked":["FollowUp","Prostrate","Fasting2"],"picked":"SKIP","floor":18},{"not_picked":["Sanctity","JustLucky","PathToVictory"],"picked":"SKIP","floor":19},{"not_picked":["Crescendo+1","DeceiveReality"],"picked":"Halt+1","floor":20},{"not_picked":["LessonLearned","WindmillStrike+1","Prostrate"],"picked":"SKIP","floor":23},{"not_picked":["FlurryOfBlows","CarveReality","Crescendo"],"picked":"SKIP","floor":29}],"player_experience":1300112,"relics_obtained":[{"floor":8,"key":"Incense Burner"},{"floor":9,"key":"Gambling Chip"},{"floor":13,"key":"Centennial Puzzle"},{"floor":23,"key":"Old Coin"},{"floor":26,"key":"Orichalcum"}],"event_choices":[{"damage_healed":0,"gold_gain":0,"player_choice":"Donut","damage_taken":0,"max_hp_gain":5,"max_hp_loss":0,"event_name":"Big Fish","floor":2,"gold_loss":0},{"damage_healed":0,"gold_gain":75,"player_choice":"Gather Gold","damage_taken":11,"max_hp_gain":0,"max_hp_loss":0,"event_name":"World of Goop","floor":7,"gold_loss":0},{"damage_healed":0,"gold_gain":0,"player_choice":"Bought 3 Potions","damage_taken":0,"max_hp_gain":0,"max_hp_loss":0,"event_name":"The Woman in Blue","floor":11,"gold_loss":0},{"damage_healed":0,"gold_gain":0,"player_choice":"Ignored","damage_taken":0,"max_hp_gain":0,"max_hp_loss":0,"event_name":"The Mausoleum","floor":21,"gold_loss":0},{"damage_healed":0,"gold_gain":50,"player_choice":"Pray","damage_taken":0,"max_hp_gain":0,"max_hp_loss":0,"event_name":"Golden Shrine","floor":25,"gold_loss":0}],"is_beta":false,"boss_relics":[{"not_picked":["Tiny House","Busted Crown"],"picked":"Coffee Dripper"}],"items_purged_floors":[5,22,28],"is_endless":false,"potions_floor_spawned":[1,3,14,16,18,20],"killed_by":"Book of Stabbing","ascension_level":15}}