{"host":"xp5rvh2jwe2ejyfm","time":1610920674,"event":{"mods":["BaseMod","Hermit","Minty Spire (QoL Compilation)","Replay The Spire","StSLib","The Construct","The Cursed","The Disciple","The Hierophant","The Necromancer","The Runesmith"],"gold_per_floor":[118,34,58,58,58,95,95,117,117,136,136,136,165,194,194,154,154],"floor_reached":16,"language":"ENG","playtime":685,"items_purged":[],"score":135,"play_id":"0107e963-750e-4275-88fd-a0e014822b5d","local_time":"20210117165754","is_ascension_mode":false,"campfire_choices":[{"data":"hierophant:Smite","floor":7,"key":"SMITH"},{"data":"hierophant:MorningPrayer","floor":11,"key":"SMITH"},{"floor":15,"key":"REST"}],"circlet_count":0,"master_deck":["hierophant:Strike_Hierophant","hierophant:Strike_Hierophant","hierophant:Strike_Hierophant","hierophant:Strike_Hierophant","hierophant:Punish","hierophant:Defend_Hierophant","hierophant:Defend_Hierophant","hierophant:Defend_Hierophant","hierophant:Defend_Hierophant","hierophant:ChurchCoffers","hierophant:PristineSoul","hierophant:Smite+1","hierophant:OrnateBuckler","hierophant:OrnateBuckler","hierophant:Doubloon","hierophant:Zeal","hierophant:MorningPrayer+1","hierophant:Chorus","hierophant:Exaltation"],"relics":["hierophant:PropheticMaskRelic","NeowsBlessing","Du-Vu Doll","Singing Bowl","construct:FoamFinger"],"acts_visited":["Exordium"],"potions_floor_usage":[8,16],"damage_taken":[{"damage":0,"enemies":"Cultist","floor":1,"turns":1},{"damage":0,"enemies":"Jaw Worm","floor":3,"turns":1},{"damage":0,"enemies":"3 Sentries","floor":6,"turns":1},{"damage":20,"enemies":"Replay:BlueRogue","floor":8,"turns":5},{"damage":6,"enemies":"Small Slimes","floor":10,"turns":2},{"damage":0,"enemies":"Red Slaver","floor":13,"turns":2},{"damage":13,"enemies":"Lots of Slimes","floor":14,"turns":3},{"damage":64,"enemies":"Hexaghost","floor":16,"turns":12}],"seed_played":"-604102995333557833","potions_obtained":[{"floor":1,"key":"ColorlessPotion"},{"floor":10,"key":"AttackPotion"},{"floor":13,"key":"Strength Potion"}],"is_trial":false,"path_per_floor":["M","$","M","$","?","E","R","E","T","M","R","?","M","M","R","B"],"character_chosen":"HIEROPHANT","items_purchased":["hierophant:Smite","hierophant:OrnateBuckler"],"campfire_rested":1,"item_purchase_floors":[2,2],"current_hp_per_floor":[75,75,75,75,75,75,75,55,55,51,51,51,51,38,61,0,0],"gold":154,"neow_bonus":"THREE_ENEMY_KILL","is_daily":false,"chose_seed":false,"campfire_upgraded":2,"win_rate":0.0,"timestamp":1610920674,"path_taken":["M","$","?","$","?","E","R","E","T","M","R","?","M","?","R","BOSS"],"items_purchased_type":["Card","Card"],"build_version":"2020-12-22","purchased_purges":0,"victory":false,"max_hp_per_floor":[75,75,75,75,75,75,75,75,75,77,77,77,77,77,77,77,77],"card_choices":[{"not_picked":["hierophant:PassingBell","hierophant:Endure"],"picked":"hierophant:PristineSoul","floor":1},{"not_picked":["hierophant:Sermon","hierophant:Zeal"],"picked":"hierophant:Doubloon","floor":3},{"not_picked":["hierophant:RustyCrate","hierophant:SealAway"],"picked":"hierophant:Zeal","floor":6},{"not_picked":["hierophant:Bribe","hierophant:Doubloon"],"picked":"hierophant:MorningPrayer","floor":8},{"not_picked":["hierophant:SealAway","hierophant:Embezzle","hierophant:HammerAndAnvil"],"picked":"Singing Bowl","floor":10},{"not_picked":["hierophant:Encroach","hierophant:HammerAndAnvil"],"picked":"hierophant:Chorus","floor":13},{"not_picked":["hierophant:OrnateJavelin","hierophant:Community"],"picked":"hierophant:Exaltation","floor":14}],"player_experience":207137,"relics_obtained":[{"floor":6,"key":"Du-Vu Doll"},{"floor":8,"key":"Singing Bowl"},{"floor":9,"key":"construct:FoamFinger"}],"event_choices":[{"damage_healed":0,"gold_gain":0,"player_choice":"Leave","damage_taken":0,"max_hp_gain":0,"max_hp_loss":0,"event_name":"The Cleric","floor":5,"gold_loss":0},{"damage_healed":0,"gold_gain":0,"player_choice":"Ignored","damage_taken":0,"max_hp_gain":0,"max_hp_loss":0,"event_name":"NoteForYourself","floor":12,"gold_loss":0}],"is_beta":false,"boss_relics":[],"items_purged_floors":[],"is_endless":false,"potions_floor_spawned":[1,10,13],"killed_by":"Hexaghost","ascension_level":0}}