{"host":"5icjlaq41ghjcr7h","time":1610859661,"event":{"mods":["AchievementEnabler","BaseMod","Colored Map","Minty Spire (QoL Compilation)","SuperFastMode","everything is the same but u backflip on backflip"],"gold_per_floor":[99,99,99,123,298,334,348,372,452,468,492,492,89,89,89,213,213,231,231,231,255,275,275,309,224,224,224,248,33,58,94,94,94,94],"floor_reached":33,"language":"KOR","playtime":843,"items_purged":["Strike_B"],"score":359,"play_id":"38f3e935-1744-4484-8fd2-23b5a4949565","local_time":"20210117140101","is_ascension_mode":true,"campfire_choices":[{"data":"Chill","floor":12,"key":"SMITH"},{"data":"Rainbow","floor":15,"key":"SMITH"},{"data":"Storm","floor":23,"key":"SMITH"},{"floor":32,"key":"RECALL"}],"circlet_count":0,"master_deck":["Strike_B","Strike_B","Defend_B","Defend_B","Defend_B+1","Zap","Dualcast","BootSequence","Doubt","Gash","Rainbow+1","Self Repair","Go for the Eyes+1","Chill+1","Static Discharge","Coolheaded","Streamline","Electrodynamics","Storm+1","Chill","Gash+1","Stack","Cold Snap","Double Energy","Self Repair","Core Surge","All For One"],"relics":["Cracked Core","NeowsBlessing","Golden Idol","Calipers","PreservedInsect","SlaversCollar","Toy Ornithopter","Enchiridion","Darkstone Periapt","Centennial Puzzle","Vajra","Bird Faced Urn"],"acts_visited":["Exordium","TheCity"],"potions_floor_usage":[16,16,18,22,28,30,31],"damage_taken":[{"damage":0,"enemies":"2 Louse","floor":1,"turns":1},{"damage":0,"enemies":"Jaw Worm","floor":4,"turns":1},{"damage":0,"enemies":"3 Sentries","floor":6,"turns":1},{"damage":0,"enemies":"Small Slimes","floor":7,"turns":3},{"damage":10,"enemies":"Exordium Wildlife","floor":8,"turns":3},{"damage":11,"enemies":"3 Louse","floor":10,"turns":4},{"damage":1,"enemies":"Large Slime","floor":11,"turns":5},{"damage":16,"enemies":"Hexaghost","floor":16,"turns":9},{"damage":10,"enemies":"Shell Parasite","floor":18,"turns":8},{"damage":11,"enemies":"2 Thieves","floor":21,"turns":3},{"damage":16,"enemies":"Centurion and Healer","floor":22,"turns":8},{"damage":31,"enemies":"Book of Stabbing","floor":24,"turns":4},{"damage":9,"enemies":"Shelled Parasite and Fungi","floor":28,"turns":5},{"damage":6,"enemies":"Snake Plant","floor":30,"turns":3},{"damage":8,"enemies":"Gremlin Leader","floor":31,"turns":5},{"damage":54,"enemies":"Automaton","floor":33,"turns":8}],"seed_played":"4739151128362017566","potions_obtained":[{"floor":7,"key":"Strength Potion"},{"floor":8,"key":"PowerPotion"},{"floor":11,"key":"Fruit Juice"},{"floor":18,"key":"ColorlessPotion"},{"floor":24,"key":"ColorlessPotion"},{"floor":28,"key":"Fire Potion"},{"floor":30,"key":"SpeedPotion"}],"is_trial":false,"path_per_floor":["M","?","?","M","?","E","M","M","T","M","M","R","$","?","R","B",null,"M","?","?","M","M","R","E","?","T","?","M","$","M","E","R","B"],"character_chosen":"DEFECT","items_purchased":["Static Discharge","Coolheaded","PreservedInsect","Streamline","Self Repair","Core Surge"],"campfire_rested":0,"item_purchase_floors":[13,13,13,13,29,29],"current_hp_per_floor":[75,57,75,75,75,75,75,65,65,61,67,67,67,52,52,48,80,77,77,61,50,46,46,22,22,22,22,25,25,31,42,42,0,0],"gold":94,"neow_bonus":"THREE_ENEMY_KILL","is_daily":false,"chose_seed":false,"campfire_upgraded":3,"win_rate":0.0,"timestamp":1610859661,"path_taken":["M","?","?","?","?","E","M","M","T","M","M","R","$","?","R","BOSS","M","?","?","M","M","R","E","?","T","?","M","$","M","E","R","BOSS"],"items_purchased_type":["Card","Card","Relic","Card","Card","Card"],"build_version":"2020-12-22","purchased_purges":1,"victory":false,"max_hp_per_floor":[75,75,75,75,75,75,75,75,75,75,75,75,75,75,75,80,80,80,80,80,80,80,80,80,80,80,80,80,80,80,80,80,80,80],"card_choices":[{"not_picked":["Rebound","Beam Cell","Aggregate"],"picked":"SKIP","floor":1},{"not_picked":["Leap","Rebound"],"picked":"BootSequence","floor":4},{"not_picked":["Stack","Streamline"],"picked":"Gash","floor":6},{"not_picked":["Stack","Reprogram"],"picked":"Rainbow","floor":7},{"not_picked":["White Noise","Static Discharge"],"picked":"Self Repair","floor":8},{"not_picked":["Lockon","Loop"],"picked":"Go for the Eyes","floor":10},{"not_picked":["Sweeping Beam","Redo"],"picked":"Chill","floor":11},{"not_picked":["Seek","Fission"],"picked":"Electrodynamics","floor":16},{"not_picked":["Go for the Eyes+1","Rebound"],"picked":"Storm","floor":18},{"not_picked":["Fusion","Beam Cell"],"picked":"Chill","floor":21},{"not_picked":["Force Field+1","Barrage+1"],"picked":"Gash+1","floor":22},{"not_picked":["BootSequence","Lockon+1"],"picked":"Stack","floor":24},{"not_picked":["Go for the Eyes","Rebound","Steam"],"picked":"SKIP","floor":28},{"not_picked":["Leap","Steam","BootSequence"],"picked":"SKIP","floor":30},{"not_picked":["Reinforced Body","Cold Snap"],"picked":"All For One","floor":31}],"player_experience":134323,"relics_obtained":[{"floor":6,"key":"Calipers"},{"floor":20,"key":"Enchiridion"},{"floor":24,"key":"Darkstone Periapt"},{"floor":26,"key":"Vajra"},{"floor":31,"key":"Bird Faced Urn"}],"event_choices":[{"damage_healed":0,"gold_gain":0,"player_choice":"Take Damage","damage_taken":18,"relics_obtained":["Golden Idol"],"max_hp_gain":0,"max_hp_loss":0,"event_name":"Golden Idol","floor":2,"gold_loss":0},{"damage_healed":25,"gold_gain":0,"player_choice":"Banana","damage_taken":0,"max_hp_gain":0,"max_hp_loss":0,"event_name":"Big Fish","floor":3,"gold_loss":0},{"damage_healed":0,"gold_gain":175,"player_choice":"AGREE","damage_taken":0,"max_hp_gain":0,"max_hp_loss":0,"event_name":"Liars Game","floor":5,"gold_loss":0,"cards_obtained":["Doubt"]},{"damage_healed":0,"gold_gain":0,"player_choice":"Entered Light","damage_taken":15,"max_hp_gain":0,"max_hp_loss":0,"event_name":"Shining Light","floor":14,"gold_loss":0,"cards_upgraded":["Defend_B","Go for the Eyes"]},{"damage_healed":0,"gold_gain":0,"player_choice":"Opened","damage_taken":0,"relics_obtained":["Toy Ornithopter"],"max_hp_gain":0,"max_hp_loss":0,"event_name":"The Mausoleum","floor":19,"gold_loss":0},{"damage_healed":0,"gold_gain":0,"player_choice":"Obtained Book","damage_taken":16,"max_hp_gain":0,"max_hp_loss":0,"event_name":"Cursed Tome","floor":20,"gold_loss":0},{"damage_healed":0,"gold_gain":0,"player_choice":"Obtained Relic","damage_taken":0,"relics_obtained":["Centennial Puzzle"],"max_hp_gain":0,"max_hp_loss":0,"event_name":"Addict","floor":25,"gold_loss":85},{"damage_healed":0,"gold_gain":0,"cards_transformed":["Strike_B","Defend_B"],"player_choice":"Became Test Subject","damage_taken":0,"max_hp_gain":0,"max_hp_loss":0,"event_name":"Drug Dealer","floor":27,"gold_loss":0,"cards_obtained":["Cold Snap","Double Energy"]}],"is_beta":false,"boss_relics":[{"not_picked":["SacredBark","Coffee Dripper"],"picked":"SlaversCollar"}],"items_purged_floors":[13],"is_endless":false,"potions_floor_spawned":[7,8,11,18,24,28,30],"killed_by":"Automaton","ascension_level":3}}