{"host":"s0rqbuvjzggdtc2s","time":1610861436,"event":{"mods":["ATMod(°¢èªMod)","BaseMod","Hermit","Minty Spire (QoL Compilation)","StSLib","The Bug Knight","¡¾ÒÅÎï¿¨ÅÆ¡¿REMEMod"],"gold_per_floor":[118,118,19,42,61,61,95,110,162,162,62,62,89,103,103,202,202,215,215,293,362,387,387,408,446,446,474,492,492,534,0,0,111,111,130,130,160,24,45,75,75,297,323,14,14,27,27,46,46,46],"floor_reached":51,"language":"ZHS","playtime":1778,"items_purged":["HollowMod:NailStrikeStart","HollowMod:NailStrikeStart","HollowMod:NailStrikeStart+1"],"score":1123,"play_id":"79396ab1-e9a4-483b-84fd-8e7d506f5696","local_time":"20210117133036","is_ascension_mode":false,"campfire_choices":[{"data":"AT_BodySlamDance","floor":6.0,"key":"SMITH"},{"data":"Sanctity","floor":10.0,"key":"SMITH"},{"data":"HollowMod:GrimmsGift","floor":12.0,"key":"SMITH"},{"data":"HollowMod:CloakDash","floor":15.0,"key":"SMITH"},{"data":"HollowMod:HuntersJournal","floor":23.0,"key":"SMITH"},{"data":"HollowMod:FocusHealStart","floor":32.0,"key":"SMITH"},{"data":"HollowMod:HuntersJournal","floor":41,"key":"SMITH"},{"data":"REME_ShortnessOfBreath","floor":45,"key":"SMITH"},{"data":"HollowMod:CornifersMapStart","floor":47,"key":"SMITH"},{"data":"HollowMod:DoubleDash","floor":49,"key":"SMITH"}],"circlet_count":0,"master_deck":["HollowMod:QuickDashStart+1","HollowMod:QuickDashStart+1","HollowMod:QuickDashStart+1","HollowMod:QuickDashStart+1","HollowMod:FocusHealStart+1","HollowMod:PogoStrike","AT_BodySlamDance+1","Sanctity+1","HollowMod:CloakDash+1","HollowMod:SoulSplash","HollowMod:GrimmsGift+1","HollowMod:DoubleDash+1","HollowMod:SoulSplash","HollowMod:HuntersJournal+1","HollowMod:NewGlowingWomb+1","HollowMod:ChannelNail+1","HollowMod:DoubleDash+1","HollowMod:LifebloodCore","HollowMod:CornifersMapStart+1","HollowMod:HuntersJournal+1","REME_ShortnessOfBreath+1","HollowMod:CloakDash+1"],"relics":["HollowMod:VesselMask","AT_ATBox","REME_ComplimentaryCards","NeowsBlessing","Bronze Scales","HollowMod:IsmasTear","AT_ForceNature","AT_TrinityForce","REME_ArchaeologicalTools","Singing Bowl","The Courier","AT_BellDemon","Nilry\u0027s Codex","Red Mask","PreservedInsect","InkBottle","Happy Flower","SacredBark","REME_CardOfGreed","Matryoshka","HollowMod:KingsBrand","Centennial Puzzle","Oddly Smooth Stone","Akabeko"],"acts_visited":["Exordium","TheCity","TheBeyond"],"potions_floor_usage":[50,50],"damage_taken":[{"damage":0.0,"enemies":"Cultist","floor":1.0,"turns":1.0},{"damage":0.0,"enemies":"Jaw Worm","floor":5.0,"turns":1.0},{"damage":0.0,"enemies":"Gremlin Nob","floor":7.0,"turns":1.0},{"damage":0.0,"enemies":"2 Louse","floor":8.0,"turns":1.0},{"damage":0.0,"enemies":"Lagavulin","floor":13.0,"turns":4.0},{"damage":0.0,"enemies":"Large Slime","floor":14.0,"turns":4.0},{"damage":0.0,"enemies":"Slime Boss","floor":16.0,"turns":2.0},{"damage":0.0,"enemies":"3 Byrds","floor":18.0,"turns":2.0},{"damage":0.0,"enemies":"Spheric Guardian","floor":21.0,"turns":2.0},{"damage":0.0,"enemies":"3 Cultists","floor":22.0,"turns":3.0},{"damage":0.0,"enemies":"Cultist and Chosen","floor":24.0,"turns":2.0},{"damage":0.0,"enemies":"Gremlin Leader","floor":25.0,"turns":3.0},{"damage":0.0,"enemies":"Book of Stabbing","floor":27.0,"turns":1.0},{"damage":0.0,"enemies":"Sentry and Sphere","floor":28.0,"turns":1.0},{"damage":0.0,"enemies":"Masked Bandits","floor":30.0,"turns":2.0},{"damage":0.0,"enemies":"Automaton","floor":33.0,"turns":4.0},{"damage":0,"enemies":"3 Darklings","floor":35,"turns":2},{"damage":0,"enemies":"3 Shapes","floor":37,"turns":3},{"damage":0,"enemies":"3 Darklings","floor":39,"turns":3},{"damage":0,"enemies":"Nemesis","floor":40,"turns":1},{"damage":0,"enemies":"Writhing Mass","floor":46,"turns":2},{"damage":0,"enemies":"HollowMod:SlobberingHusk","floor":48,"turns":2},{"damage":0,"enemies":"Time Eater","floor":50,"turns":1}],"seed_played":"2045731168816889806","potions_obtained":[{"floor":5.0,"key":"SpeedPotion"},{"floor":13.0,"key":"Swift Potion"},{"floor":14.0,"key":"LiquidBronze"},{"floor":16.0,"key":"Block Potion"},{"floor":21.0,"key":"SpeedPotion"},{"floor":35,"key":"Swift Potion"}],"is_trial":false,"path_per_floor":["M","?","$","T","M","R","E","M","T","R","$","R","E","M","R","B",null,"M","?","T","M","M","R","M","E","T","E","M","?","?","$","R","B",null,"M","?","M","$","M","E","R","?","T","$","R","M","R","M","R","B",null],"character_chosen":"THE_BUGKNIGHT","items_purchased":["HollowMod:SoulSplash","PreservedInsect","InkBottle","Happy Flower","REME_CardOfGreed","HollowMod:CornifersMapStart","Oddly Smooth Stone","REME_ShortnessOfBreath","Akabeko"],"campfire_rested":0,"item_purchase_floors":[3,31,31,31,38,38,44,44,44],"current_hp_per_floor":[75,75,75,75,75,75,75,75,75,75,75,75,75,75,75,75,75,75,75,75,75,75,75,75,77,77,79,81,74,76,76,76,82,83,85,85,87,87,87,89,89,89,89,89,89,91,91,91,91,91],"gold":46,"neow_bonus":"THREE_ENEMY_KILL","is_daily":false,"chose_seed":false,"campfire_upgraded":10,"win_rate":0.0,"timestamp":1610861436,"path_taken":["M","?","?","?","M","R","E","M","T","R","$","R","E","?","R","BOSS","M","?","?","M","?","R","M","E","T","E","M","?","?","$","R","BOSS","M","?","?","$","M","E","R","?","T","$","R","M","R","M","R","BOSS"],"items_purchased_type":["Card","Relic","Relic","Relic","Relic","Card","Relic","Card","Relic"],"build_version":"2020-12-22","purchased_purges":3,"victory":true,"max_hp_per_floor":[75,75,75,75,75,75,75,75,75,75,75,75,75,75,75,75,75,75,75,75,75,75,75,75,77,77,79,81,81,83,83,83,83,83,85,85,87,87,87,89,89,89,89,89,89,91,91,91,91,91],"card_choices":[{"not_picked":["HollowMod:SharpenedNail","HollowMod:GoodIntentions"],"picked":"HollowMod:CloakDash","floor":1.0},{"not_picked":["HollowMod:SharpenedShadows","HollowMod:NewJinnsSoul"],"picked":"HollowMod:GrimmsGift","floor":5.0},{"not_picked":["HollowMod:SlysStrikes","HollowMod:DreamGate"],"picked":"HollowMod:DoubleDash","floor":7.0},{"not_picked":["HollowMod:InfectedCysts","HollowMod:SiblingsSouls"],"picked":"HollowMod:SoulSplash","floor":8.0},{"not_picked":["HollowMod:DesolateDive","HollowMod:DashSlash"],"picked":"HollowMod:HuntersJournal","floor":13.0},{"not_picked":["HollowMod:HuntersJournal","HollowMod:MonarchWings"],"picked":"HollowMod:MantisMark","floor":14.0},{"not_picked":["HollowMod:TaintedHusks","HollowMod:MothsMistake"],"picked":"HollowMod:NewGlowingWomb+1","floor":18.0},{"not_picked":["HollowMod:DashSlash","HollowMod:CloakDash"],"picked":"HollowMod:ChannelNail+1","floor":21.0},{"not_picked":["HollowMod:AbyssShriek","HollowMod:BaldurShell","HollowMod:SoulSplash"],"picked":"SKIP","floor":22.0},{"not_picked":["HollowMod:InfectedAttack","HollowMod:SharpenedNail"],"picked":"HollowMod:DoubleDash+1","floor":24.0},{"not_picked":["HollowMod:BrokenVessel","HollowMod:DoubleDash","HollowMod:NewLittleFool"],"picked":"Singing Bowl","floor":25.0},{"not_picked":["HollowMod:SoulVessel","HollowMod:HowlingWraiths","HollowMod:MantisMark"],"picked":"Singing Bowl","floor":27.0},{"not_picked":["HollowMod:NewJinnsSoul+1","HollowMod:ElderbugsWisdom","HollowMod:DashSlash"],"picked":"Singing Bowl","floor":28.0},{"not_picked":["HollowMod:MantisMark+1","HollowMod:SoulStrike+1","HollowMod:WraithStrike"],"picked":"Singing Bowl","floor":30.0},{"not_picked":["HollowMod:theNailsmith","HollowMod:RadiancesLament"],"picked":"HollowMod:LifebloodCore","floor":33.0},{"not_picked":["HollowMod:DashSlash","HollowMod:InfectedAttack+1","HollowMod:PureNailStrike"],"picked":"Singing Bowl","floor":35},{"not_picked":["HollowMod:CycloneSlash+1","HollowMod:ElderbugsWisdom","HollowMod:BlackTendrils"],"picked":"Singing Bowl","floor":37},{"not_picked":["HollowMod:WraithStrike","HollowMod:Grubsong+1"],"picked":"HollowMod:HuntersJournal","floor":39},{"not_picked":["HollowMod:SoulShaman+1","HollowMod:DescendingDark","HollowMod:HornetsHelp"],"picked":"Singing Bowl","floor":40},{"not_picked":["HollowMod:PerfectDash+1","HollowMod:DashSlash","HollowMod:SharpenedNail+1"],"picked":"Singing Bowl","floor":46},{"not_picked":["HollowMod:GoodIntentions+1","HollowMod:HeavyBlow"],"picked":"HollowMod:CloakDash+1","floor":48}],"player_experience":219547,"relics_obtained":[{"floor":4.0,"key":"Bronze Scales"},{"floor":7.0,"key":"HollowMod:IsmasTear"},{"floor":13.0,"key":"AT_ForceNature"},{"floor":20.0,"key":"REME_ArchaeologicalTools"},{"floor":25.0,"key":"Singing Bowl"},{"floor":26.0,"key":"The Courier"},{"floor":27.0,"key":"AT_BellDemon"},{"floor":29.0,"key":"Nilry\u0027s Codex"},{"floor":30.0,"key":"Red Mask"},{"floor":40,"key":"Matryoshka"},{"floor":43,"key":"HollowMod:KingsBrand"},{"floor":43,"key":"Centennial Puzzle"}],"event_choices":[{"cards_removed":["HollowMod:NailStrikeStart"],"damage_healed":0.0,"max_hp_gain":0.0,"max_hp_loss":0.0,"gold_gain":0.0,"event_name":"Purifier","player_choice":"Purged","floor":2.0,"gold_loss":0.0,"damage_taken":0.0},{"damage_healed":0.0,"max_hp_gain":0.0,"max_hp_loss":0.0,"gold_gain":0.0,"event_name":"Back to Basics","player_choice":"Simplicity","floor":19.0,"gold_loss":0.0,"damage_taken":0.0,"cards_upgraded":["HollowMod:NailStrikeStart","HollowMod:QuickDashStart","HollowMod:QuickDashStart","HollowMod:QuickDashStart","HollowMod:QuickDashStart"]},{"damage_healed":0.0,"max_hp_gain":0.0,"max_hp_loss":0.0,"gold_gain":0.0,"event_name":"Cursed Tome","player_choice":"Obtained Book","floor":29.0,"gold_loss":0.0,"damage_taken":16.0},{"damage_healed":0.0,"max_hp_gain":0.0,"max_hp_loss":0.0,"gold_gain":0.0,"event_name":"Masked Bandits","player_choice":"Fought Bandits","floor":30.0,"gold_loss":0.0,"damage_taken":0.0},{"cards_removed":["HollowMod:MantisMark"],"damage_healed":0,"gold_gain":0,"player_choice":"Offered Uncommon","damage_taken":0,"max_hp_gain":0,"max_hp_loss":0,"event_name":"Bonfire Elementals","floor":36,"gold_loss":0},{"damage_healed":0,"gold_gain":222,"player_choice":"Wore Mask","damage_taken":0,"max_hp_gain":0,"max_hp_loss":0,"event_name":"Tomb of Lord Red Mask","floor":42,"gold_loss":0}],"is_beta":false,"boss_relics":[{"not_picked":["HollowMod:VoidIdolRelic","Philosopher\u0027s Stone"],"picked":"AT_TrinityForce"},{"not_picked":["Black Star","Tiny House"],"picked":"SacredBark"}],"items_purged_floors":[3,11,31],"is_endless":false,"potions_floor_spawned":[5,13,14,16,21,22,35],"ascension_level":0}}