{"host":"1q02rw1wpi0nrsss","time":1610841817,"event":{"mods":["AchievementEnabler","BaseMod","DeckTracker","Minty Spire (QoL Compilation)","Permanent Neow","Quick Restart","Rare Cards Sparkle"],"gold_per_floor":[114,37,37,47,122,122,134,159,205,205,188,204,204,62,62,158,158,177,195,195,207,258,258,36,36,62,82,97,97,97,97],"floor_reached":30,"language":"ENG","playtime":1194,"items_purged":["Regret"],"score":334,"play_id":"62c0ba24-e357-4643-a24e-7ea746f96016","local_time":"20210116160337","is_ascension_mode":true,"campfire_choices":[{"data":"Blur","floor":6.0,"key":"SMITH"},{"data":"Bane","floor":13,"key":"SMITH"},{"floor":15,"key":"REST"},{"floor":23,"key":"REST"},{"data":"Catalyst","floor":25,"key":"SMITH"},{"floor":29,"key":"REST"}],"circlet_count":0,"master_deck":["Strike_G","Strike_G","Strike_G","Strike_G","Strike_G","Defend_G+1","Defend_G","Defend_G","Defend_G","Defend_G","Survivor","Neutralize","Corpse Explosion","Catalyst+1","Blur+1","Leg Sweep","Footwork","Well Laid Plans","Bane+1","Envenom","Burst+1","Blur","Deadly Poison","Deadly Poison","Dagger Spray","Outmaneuver"],"relics":["Ring of the Snake","Nunchaku","Bag of Marbles","Shuriken","HoveringKite","Blood Vial","War Paint","Regal Pillow"],"acts_visited":["Exordium","TheCity"],"potions_floor_usage":[12,16,28],"damage_taken":[{"damage":0.0,"enemies":"Jaw Worm","floor":1.0,"turns":5.0},{"damage":0.0,"enemies":"2 Louse","floor":4.0,"turns":2.0},{"damage":7.0,"enemies":"Cultist","floor":7.0,"turns":6.0},{"damage":14.0,"enemies":"Gremlin Nob","floor":8.0,"turns":4.0},{"damage":8.0,"enemies":"Exordium Thugs","floor":11.0,"turns":4.0},{"damage":0,"enemies":"Lots of Slimes","floor":12,"turns":1},{"damage":41,"enemies":"Slime Boss","floor":16,"turns":15},{"damage":4,"enemies":"3 Byrds","floor":18,"turns":3},{"damage":3,"enemies":"Chosen","floor":19,"turns":9},{"damage":21,"enemies":"Snecko","floor":21,"turns":6},{"damage":34,"enemies":"Shelled Parasite and Fungi","floor":27,"turns":9},{"damage":10,"enemies":"Centurion and Healer","floor":28,"turns":7},{"damage":44,"enemies":"Book of Stabbing","floor":30,"turns":5}],"seed_played":"44323572623461195","potions_obtained":[{"floor":1.0,"key":"FearPotion"},{"floor":4.0,"key":"Swift Potion"},{"floor":7.0,"key":"SneckoOil"},{"floor":11.0,"key":"Weak Potion"},{"floor":21,"key":"PowerPotion"}],"is_trial":false,"path_per_floor":["M","$","?","M","?","R","M","E","T","T","M","M","R","$","R","B",null,"M","M","?","M","T","R","$","R","T","M","M","R","E"],"character_chosen":"THE_SILENT","items_purchased":["Blur","Envenom","War Paint"],"campfire_rested":3,"item_purchase_floors":[2,14,24],"current_hp_per_floor":[63,63,63,63,52,52,45,31,31,31,23,23,23,23,44,3,53,49,46,46,25,25,46,46,46,46,14,6,42,0,0],"gold":97,"neow_bonus":"THREE_RARE_CARDS","is_daily":false,"chose_seed":false,"campfire_upgraded":3,"win_rate":0.0,"timestamp":1610841817,"path_taken":["M","$","?","M","?","R","M","E","T","?","M","M","R","$","R","BOSS","M","M","?","?","?","R","$","R","T","M","?","R","E"],"items_purchased_type":["Card","Card","Relic"],"build_version":"2020-12-22","purchased_purges":1,"victory":false,"max_hp_per_floor":[70,70,70,70,70,70,70,70,70,70,70,70,70,70,70,70,70,70,70,70,70,70,70,70,70,70,70,70,70,70,70],"card_choices":[{"not_picked":["Bullet Time","Doppelganger"],"picked":"Corpse Explosion","floor":0.0},{"not_picked":["Concentrate","Accuracy"],"picked":"Catalyst","floor":1.0},{"not_picked":["Dodge and Roll","Distraction"],"picked":"Leg Sweep","floor":4.0},{"not_picked":["Sucker Punch","Slice"],"picked":"Footwork","floor":7.0},{"not_picked":["Slice","Terror"],"picked":"Well Laid Plans","floor":8.0},{"not_picked":["Dagger Throw","Grand Finale"],"picked":"Bane","floor":11.0},{"not_picked":["Accuracy","Prepared","Slice"],"picked":"SKIP","floor":12},{"not_picked":["Phantasmal Killer","Malaise"],"picked":"Burst","floor":16},{"not_picked":["Cloak And Dagger","Well Laid Plans"],"picked":"Blur","floor":18},{"not_picked":["Endless Agony+1","Dodge and Roll"],"picked":"Deadly Poison","floor":19},{"not_picked":["Terror+1","Slice"],"picked":"Dagger Spray","floor":21},{"not_picked":["Poisoned Stab","Glass Knife","All Out Attack"],"picked":"SKIP","floor":27},{"not_picked":["Finisher","Poisoned Stab"],"picked":"Outmaneuver","floor":28}],"player_experience":400494,"relics_obtained":[{"floor":8.0,"key":"Nunchaku"},{"floor":9.0,"key":"Bag of Marbles"},{"floor":10.0,"key":"Shuriken"},{"floor":22,"key":"Blood Vial"},{"floor":26,"key":"Regal Pillow"}],"event_choices":[{"damage_healed":0.0,"max_hp_gain":0.0,"max_hp_loss":0.0,"gold_gain":0.0,"event_name":"Liars Game","player_choice":"Ignored","floor":3.0,"gold_loss":0.0,"damage_taken":0.0},{"damage_healed":0.0,"max_hp_gain":0.0,"max_hp_loss":0.0,"gold_gain":75.0,"event_name":"World of Goop","player_choice":"Gather Gold","floor":5.0,"gold_loss":0.0,"damage_taken":11.0},{"damage_healed":0,"gold_gain":0,"player_choice":"1 cards matched","damage_taken":0,"max_hp_gain":0,"max_hp_loss":0,"event_name":"Match and Keep!","floor":20,"gold_loss":0,"cards_obtained":["Deadly Poison"]}],"is_beta":false,"boss_relics":[{"not_picked":["Cursed Key","Calling Bell"],"picked":"HoveringKite"}],"items_purged_floors":[24],"is_endless":false,"potions_floor_spawned":[1,4,7,11,21],"killed_by":"Book of Stabbing","ascension_level":9}}