{"host":"q4b0c643vtafhvqv","time":1610860457,"event":{"mods":["AchievementEnabler","BaseMod","Colored Map","Colored Powertips","Downfall","Minty Spire (QoL Compilation)","Permanent Neow","Quick Restart","StSLib"],"gold_per_floor":[500,500,15,15,165,165,219,219,233,233,233,143,143,176,187,284,284,84,100,85,85,96,114,114,114,143,43,53,53,53,38,52,153,153,153,172,172,222,240,239,289,316,316,316,200,249,274,294,313,313,313,313],"floor_reached":50,"language":"ZHS","playtime":3564,"items_purged":["downfall:Icky"],"score":762,"play_id":"4d20cdb4-f232-43d7-b9c2-6ade70f39b88","local_time":"20210117131417","is_ascension_mode":false,"campfire_choices":[{"floor":1,"key":"RECALL"},{"data":"Guardian:PiercingHide","floor":10,"key":"SMITH"},{"floor":13,"key":"REST"},{"floor":18,"key":"REST"},{"data":"Guardian:StasisField","floor":25,"key":"SMITH"},{"floor":27,"key":"REST"},{"floor":30,"key":"REST"},{"data":"Guardian:PiercingHide","floor":35,"key":"SMITH"},{"data":"Guardian:ConstructionForm","floor":43,"key":"SMITH"}],"circlet_count":0,"master_deck":["Guardian:Strike_Guardian+1","Guardian:Strike_Guardian+1","Guardian:Defend_Guardian+1","Guardian:Defend_Guardian+1","Guardian:CurlUp+1","Guardian:TwinSlam+1","Guardian:PiercingHide+1","Guardian:PrismaticBeam+1","Guardian:StasisField+1","Guardian:PiercingHide+1","Guardian:ConstructionForm+1","Guardian:Gem_White","Guardian:Gem_Cyan","Guardian:BaubleBeam+1"],"relics":["Guardian:ModeShifter","downfall:HeartsMalice","Molten Egg 2","Happy Flower","Boot","SlaversCollar","downfall:HeartBlessingRed","downfall:HeartBlessingGreen","The Courier","Pen Nib","downfall:HeartBlessingBlue","SacredBark","Thread and Needle","Lizard Tail","Guardian:PocketSentry","Juzu Bracelet","Guardian:SackOfGems","Medical Kit","Girya","Darkstone Periapt"],"acts_visited":["Exordium","TheCity","TheBeyond"],"potions_floor_usage":[14,33,46],"damage_taken":[{"damage":0,"enemies":"Small Slimes","floor":2,"turns":1},{"damage":0,"enemies":"downfall:FleeingMerchant","floor":3,"turns":1},{"damage":0,"enemies":"Jaw Worm","floor":8,"turns":1},{"damage":0,"enemies":"2 Louse","floor":9,"turns":3},{"damage":0,"enemies":"downfall:FleeingMerchant","floor":12,"turns":4},{"damage":13,"enemies":"Gremlin Nob","floor":14,"turns":5},{"damage":3,"enemies":"Large Slime","floor":15,"turns":5},{"damage":33,"enemies":"WA_ARCHETYPE_RETAIN","floor":16,"turns":10},{"damage":0,"enemies":"Spheric Guardian","floor":19,"turns":3},{"damage":5,"enemies":"downfall:FleeingMerchant","floor":20,"turns":4},{"damage":0,"enemies":"Snecko","floor":22,"turns":4},{"damage":18,"enemies":"Centurion and Healer","floor":23,"turns":4},{"damage":0,"enemies":"Book of Stabbing","floor":26,"turns":5},{"damage":11,"enemies":"Sentry and Sphere","floor":28,"turns":5},{"damage":0,"enemies":"downfall:FleeingMerchant","floor":31,"turns":4},{"damage":0,"enemies":"Chosen and Byrds","floor":32,"turns":4},{"damage":47,"enemies":"IC_MUSHROOM_ARCHETYPE","floor":33,"turns":9},{"damage":0,"enemies":"3 Darklings","floor":36,"turns":5},{"damage":0,"enemies":"3 Darklings","floor":38,"turns":7},{"damage":0,"enemies":"3 Shapes","floor":39,"turns":8},{"damage":0,"enemies":"downfall:FleeingMerchant","floor":40,"turns":4},{"damage":0,"enemies":"Giant Head","floor":42,"turns":9},{"damage":13,"enemies":"2 Orb Walkers","floor":46,"turns":5},{"damage":0,"enemies":"Nemesis","floor":47,"turns":7},{"damage":0,"enemies":"Writhing Mass","floor":48,"turns":5},{"damage":0,"enemies":"Maw","floor":49,"turns":7},{"damage":136,"enemies":"SI_POISON_ARCHETYPE","floor":50,"turns":8}],"seed_played":"-1943544320516054528","potions_obtained":[{"floor":9,"key":"SpeedPotion"},{"floor":16,"key":"SteroidPotion"},{"floor":23,"key":"SneckoOil"},{"floor":28,"key":"SneckoOil"},{"floor":32,"key":"LiquidMemories"},{"floor":36,"key":"champ:CounterPotion"},{"floor":48,"key":"DuplicationPotion"}],"is_trial":false,"path_per_floor":["R","M","$","?","?","T","T","M","M","R","?","$","R","E","M","B",null,"R","M","$","?","M","M","T","R","E","R","M","?","R","$","M","B",null,"R","M","?","?","M","$","T","E","R","?","$","?","E","M","M","B"],"character_chosen":"GUARDIAN","items_purchased":["Guardian:Gem_Synthetic","Molten Egg 2","Guardian:PrismaticBeam+1","Lizard Tail","Guardian:PocketSentry","Medical Kit"],"campfire_rested":4,"item_purchase_floors":[3,3,3,40,40,45],"current_hp_per_floor":[80,80,80,80,80,80,80,80,80,80,80,80,80,67,64,31,80,80,80,75,75,75,57,57,57,57,90,79,79,90,90,90,43,90,90,90,90,90,90,90,90,90,90,90,90,77,77,77,77,0,0,0],"gold":313,"neow_bonus":"THREE_ENEMY_KILL","is_daily":false,"chose_seed":false,"campfire_upgraded":4,"win_rate":0.0,"timestamp":1610860457,"path_taken":["R","M","$","?","?","?","T","M","?","R","?","$","R","E","M","BOSS","R","M","$","?","M","M","T","R","E","R","M","?","R","$","M","BOSS","R","M","?","?","M","$","T","E","R","?","$","?","E","M","M","BOSS"],"items_purchased_type":["Card","Relic","Card","Relic","Relic","Relic"],"build_version":"2020-12-22","purchased_purges":1,"victory":false,"max_hp_per_floor":[80,80,80,80,80,80,80,80,80,80,80,80,80,80,80,80,80,80,80,80,80,80,80,80,80,80,90,90,90,90,90,90,90,90,90,90,90,90,90,90,90,90,90,90,90,90,90,90,90,90,90,90],"card_choices":[{"not_picked":["Guardian:BodySlam","Guardian:ChargeCore","Guardian:PolyBeam"],"picked":"SKIP","floor":2},{"not_picked":["Guardian:RollAttack","Guardian:VentSteam"],"picked":"Guardian:PiercingHide","floor":3},{"not_picked":["Guardian:TemporalStrike+1","Guardian:Gem_Cyan","Guardian:PiercingHide"],"picked":"SKIP","floor":8},{"not_picked":["Guardian:Gem_Cyan","Guardian:ShieldSpikes","Guardian:Gem_Lightblue"],"picked":"SKIP","floor":9},{"not_picked":["Guardian:BronzeOrb+1","Guardian:ArmoredProtocol","Guardian:Gem_Blue"],"picked":"SKIP","floor":12},{"not_picked":["Guardian:Gem_Lightblue","Guardian:BodySlam+1"],"picked":"Guardian:Gem_Blue","floor":14},{"not_picked":["Guardian:RollAttack+1","Guardian:StasisEngine","Guardian:DonusPower"],"picked":"SKIP","floor":15},{"not_picked":["Guardian:BaubleBeam+1","Guardian:FierceBash+1"],"picked":"Guardian:Gem_Synthetic","floor":16},{"not_picked":["Guardian:RollAttack+1","Guardian:Gem_Cyan","Guardian:ChargeUp"],"picked":"SKIP","floor":19},{"not_picked":["Guardian:Recover","Guardian:VentSteam+1"],"picked":"Guardian:GuardianWhirl+1","floor":20},{"not_picked":["Guardian:Gem_Lightblue","Guardian:ChargeCore+1"],"picked":"Guardian:StasisField","floor":22},{"not_picked":["Guardian:VentSteam","Guardian:RollAttack+1"],"picked":"Guardian:Gem_Yellow","floor":23},{"not_picked":["Guardian:RollAttack+1","Guardian:TemporalStrike+1","Guardian:BronzeOrb+1"],"picked":"SKIP","floor":26},{"not_picked":["Guardian:WalkerClaw+1","Guardian:TemporalStrike+1","Guardian:BronzeArmor+1"],"picked":"SKIP","floor":28},{"not_picked":["Guardian:FuturePlans","Guardian:TemporalStrike+1"],"picked":"Guardian:PiercingHide","floor":31},{"not_picked":["Guardian:Suspension","Guardian:Planning","Guardian:PrismaticBarrier"],"picked":"SKIP","floor":32},{"not_picked":["Guardian:GatlingBeam+1","Guardian:HyperBeam_Guardian+1"],"picked":"Guardian:ConstructionForm","floor":33},{"not_picked":["Guardian:Incinerate+1","Guardian:ChargeUp+1","Guardian:Recover+1"],"picked":"SKIP","floor":36},{"not_picked":["Guardian:PiercingHide","Guardian:Clone"],"picked":"Guardian:Gem_White","floor":39},{"not_picked":["Guardian:Gem_Red","Guardian:TemporalShield+1","Guardian:CompilePackage"],"picked":"SKIP","floor":40},{"not_picked":["Guardian:PiercingHide+1","Guardian:Gem_Green","Guardian:SpikerProtocol"],"picked":"SKIP","floor":42},{"not_picked":["Guardian:PiercingHide+1","Guardian:Gem_Green","Guardian:SpikerProtocol"],"picked":"SKIP","floor":42},{"not_picked":["Guardian:Recover","Guardian:RefractedBeam+1","Guardian:TemporalStrike+1"],"picked":"SKIP","floor":47},{"not_picked":["Guardian:BodySlam+1","Guardian:TemporalShield","Guardian:FloatingOrbs"],"picked":"SKIP","floor":48},{"not_picked":["Guardian:Clone","Guardian:Incinerate+1"],"picked":"Guardian:BaubleBeam+1","floor":49}],"player_experience":46506,"relics_obtained":[{"floor":7,"key":"Happy Flower"},{"floor":14,"key":"Boot"},{"floor":24,"key":"The Courier"},{"floor":26,"key":"Pen Nib"},{"floor":38,"key":"Thread and Needle"},{"floor":41,"key":"Juzu Bracelet"},{"floor":42,"key":"Guardian:SackOfGems"},{"floor":46,"key":"Girya"},{"floor":47,"key":"Darkstone Periapt"}],"event_choices":[{"cards_removed":["Guardian:GuardianWhirl"],"damage_healed":0,"gold_gain":0,"player_choice":"Removed Attack","damage_taken":0,"max_hp_gain":0,"max_hp_loss":0,"event_name":"Falling","floor":37,"gold_loss":0},{"damage_healed":0,"gold_gain":0,"player_choice":"Fight","damage_taken":0,"max_hp_gain":0,"max_hp_loss":0,"event_name":"Mysterious Sphere","floor":46,"gold_loss":0}],"is_beta":false,"boss_relics":[{"not_picked":["bronze:MakeshiftBattery","Snecko Eye"],"picked":"SlaversCollar"},{"not_picked":["Tiny House","Coffee Dripper"],"picked":"SacredBark"}],"items_purged_floors":[12],"is_endless":false,"potions_floor_spawned":[9,16,23,28,32,36,38,48,49],"killed_by":"SI_POISON_ARCHETYPE","ascension_level":0}}