{"host":"gg","time":1610865784,"event":{"mods":["BaseMod","Colored Map","Googly Eyes","Minty Spire (QoL Compilation)","Permanent Neow","Relic Stats","The IronCluck"],"gold_per_floor":[117,127,127,127,147,72,72,104,129,154,154,185,202,229,229,303,303,319,319,338,356,23,51,63,103,115,143,155,177,218,240,252,340,352,376,388,400,412,424,436,74,74,99,154,164,247,582,617,617,662,692,692,692,55,87,87],"floor_reached":57,"language":"ENG","playtime":5080,"items_purged":["Defend_P"],"score":3421,"play_id":"114f80e7-415f-4121-9c8d-98d4575c257f","local_time":"20210116224304","is_ascension_mode":true,"campfire_choices":[{"data":"Eruption","floor":7.0,"key":"SMITH"},{"floor":11.0,"key":"REST"},{"data":"CrushJoints","floor":15.0,"key":"SMITH"},{"data":"Conclude","floor":24,"key":"SMITH"},{"data":"1","floor":32,"key":"LIFT"},{"data":"2","floor":40,"key":"LIFT"},{"data":"3","floor":42,"key":"LIFT"},{"floor":49,"key":"RECALL"},{"floor":53,"key":"REST"}],"circlet_count":0,"master_deck":["AscendersBane","Strike_P","Strike_P+1","Strike_P","Strike_P","Defend_P+1","Defend_P","Defend_P","Eruption+1","Vigilance+1","BowlingBash","Wallop+1","FlurryOfBlows","JustLucky","CutThroughFate","Tantrum","CrushJoints+1","SpiritShield+1","Conclude+1","CutThroughFate","EmptyFist+1","CutThroughFate","Halt","Meditate","Wish","Dark Shackles","PanicButton","Weave","TalkToTheHand","Scrawl+1","EmptyBody+1","Ragnarok","Indignation+1"],"relics":["Black Star","War Paint","Blood Vial","Vajra","Toy Ornithopter","Nunchaku","Lizard Tail","Eternal Feather","Regal Pillow","Damaru","Centennial Puzzle","Runic Pyramid","Pen Nib","Toolbox","Strawberry","MawBank","Ginger","CloakClasp","Girya","Pocketwatch","Lantern","CaptainsWheel","Fusion Hammer","Toxic Egg 2","Dead Branch","Incense Burner","Old Coin","Orichalcum","Akabeko","Oddly Smooth Stone","HandDrill","Thread and Needle","Bag of Marbles"],"acts_visited":["Exordium","TheCity","TheBeyond","TheEnding"],"potions_floor_usage":[23,25,33,44,56,56],"damage_taken":[{"damage":4.0,"enemies":"Small Slimes","floor":1.0,"turns":4.0},{"damage":7.0,"enemies":"Jaw Worm","floor":2.0,"turns":4.0},{"damage":0.0,"enemies":"Cultist","floor":5.0,"turns":2.0},{"damage":0.0,"enemies":"Gremlin Nob","floor":8.0,"turns":2.0},{"damage":13.0,"enemies":"3 Sentries","floor":10.0,"turns":7.0},{"damage":6.0,"enemies":"Lagavulin","floor":12.0,"turns":5.0},{"damage":12.0,"enemies":"Red Slaver","floor":13.0,"turns":2.0},{"damage":18.0,"enemies":"Gremlin Nob","floor":14.0,"turns":3.0},{"damage":0.0,"enemies":"Slime Boss","floor":16.0,"turns":4.0},{"damage":13.0,"enemies":"Shell Parasite","floor":18.0,"turns":2.0},{"damage":0.0,"enemies":"Spheric Guardian","floor":20.0,"turns":3.0},{"damage":40.0,"enemies":"Snake Plant","floor":21.0,"turns":2.0},{"damage":0,"enemies":"Book of Stabbing","floor":23,"turns":3},{"damage":1,"enemies":"Gremlin Leader","floor":25,"turns":3},{"damage":0,"enemies":"Centurion and Healer","floor":27,"turns":2},{"damage":0,"enemies":"Snecko","floor":29,"turns":3},{"damage":15,"enemies":"Book of Stabbing","floor":30,"turns":4},{"damage":0,"enemies":"Chosen and Byrds","floor":31,"turns":3},{"damage":0,"enemies":"Collector","floor":33,"turns":6},{"damage":0,"enemies":"Orb Walker","floor":35,"turns":2},{"damage":2,"enemies":"Nemesis","floor":44,"turns":5},{"damage":0,"enemies":"3 Shapes","floor":45,"turns":2},{"damage":0,"enemies":"Sphere and 2 Shapes","floor":46,"turns":4},{"damage":0,"enemies":"Giant Head","floor":47,"turns":5},{"damage":0,"enemies":"Transient","floor":48,"turns":6},{"damage":4,"enemies":"Time Eater","floor":50,"turns":7},{"damage":0,"enemies":"Awakened One","floor":51,"turns":10},{"damage":0,"enemies":"Shield and Spear","floor":55,"turns":6},{"damage":5,"enemies":"The Heart","floor":56,"turns":7}],"seed_played":"-5876974768320972101","potions_obtained":[{"floor":2.0,"key":"StancePotion"},{"floor":5.0,"key":"Explosive Potion"},{"floor":16.0,"key":"CultistPotion"},{"floor":21.0,"key":"GamblersBrew"},{"floor":23,"key":"SteroidPotion"},{"floor":27,"key":"Fire Potion"},{"floor":29,"key":"Fruit Juice"},{"floor":33,"key":"GamblersBrew"},{"floor":44,"key":"StancePotion"},{"floor":45,"key":"LiquidMemories"}],"is_trial":false,"path_per_floor":["M","M","?","?","M","$","R","E","T","E","R","E","M","E","R","B",null,"M","?","M","M","$","E","R","E","T","M","T","M","E","M","R","B",null,"M","?","?","?","?","R","$","R","T","E","M","M","E","M","R","B","B",null,"R","$","E","B",null],"character_chosen":"WATCHER","items_purchased":["Pen Nib","Toolbox","Toxic Egg 2","Weave","Akabeko","Oddly Smooth Stone","Ragnarok","PowerPotion","HandDrill"],"campfire_rested":2,"item_purchase_floors":[22,22,41,41,54,54,54,54,54],"current_hp_per_floor":[57,50,30,25,25,25,25,25,25,14,34,30,20,4,13,15,55,44,44,46,8,8,22,34,40,40,42,42,44,31,33,48,55,70,72,62,62,62,62,71,71,71,71,76,76,76,76,76,76,72,74,76,76,76,76,71],"gold":87,"neow_bonus":"BOSS_RELIC","is_daily":false,"chose_seed":false,"campfire_upgraded":3,"win_rate":0.0,"timestamp":1610865784,"path_taken":["M","M","?","?","M","$","R","E","T","E","R","E","M","E","R","BOSS","M","?","M","M","$","E","R","E","T","M","?","?","E","M","R","BOSS","M","?","?","?","?","R","$","R","T","E","M","M","E","M","R","BOSS","BOSS","R","$","E","BOSS"],"items_purchased_type":["Relic","Relic","Relic","Card","Relic","Relic","Card","Potion","Relic"],"build_version":"2020-12-18","purchased_purges":1,"victory":true,"max_hp_per_floor":[68,68,68,68,68,68,68,68,68,68,68,68,68,68,68,68,68,68,68,68,68,68,75,75,75,75,75,75,75,75,75,75,75,75,75,75,71,71,71,71,71,71,71,76,76,76,76,76,76,76,76,76,76,76,76,76],"relic_stats":{"Regal Pillow":0,"counters":[29,118],"Dead Branch":[45],"Eternal Feather":45,"Pen Nib":[25],"CloakClasp":[352],"Ginger":[13],"War Paint":["Vigilance","Defend_P"],"Orichalcum":[24],"MawBank":216,"Blood Vial":34,"Nunchaku":[31],"Lizard Tail":0,"Centennial Puzzle":[20],"Black Star":10,"HandDrill":[2],"obtain_stats":[{"Regal Pillow":12,"Lantern":30,"Vajra":8,"CloakClasp":25,"Incense Burner":44,"Ginger":25,"Old Coin":47,"Blood Vial":8,"Nunchaku":10,"Lizard Tail":10,"Centennial Puzzle":14,"Strawberry":23,"Toolbox":22,"Fusion Hammer":34,"HandDrill":54,"Toxic Egg 2":41,"Runic Pyramid":17,"Girya":26,"Dead Branch":44,"Damaru":14,"Oddly Smooth Stone":54,"Eternal Feather":12,"Thread and Needle":55,"Pen Nib":22,"War Paint":4,"Orichalcum":47,"MawBank":23,"Akabeko":54,"CaptainsWheel":30,"Black Star":0,"Bag of Marbles":55,"PureWater":0,"Toy Ornithopter":9,"Pocketwatch":28},{"Regal Pillow":6,"Lantern":17,"Vajra":4,"CloakClasp":14,"Incense Burner":21,"Ginger":14,"Old Coin":24,"Blood Vial":4,"Nunchaku":5,"Lizard Tail":5,"Centennial Puzzle":8,"Strawberry":13,"Toolbox":12,"Fusion Hammer":19,"HandDrill":27,"Toxic Egg 2":20,"Runic Pyramid":9,"Girya":14,"Dead Branch":21,"Damaru":8,"Oddly Smooth Stone":27,"Eternal Feather":6,"Thread and Needle":28,"Pen Nib":12,"War Paint":2,"Orichalcum":24,"MawBank":13,"Akabeko":27,"CaptainsWheel":17,"Black Star":0,"Bag of Marbles":28,"PureWater":0,"Toy Ornithopter":4,"Pocketwatch":15},{"Regal Pillow":24,"Lantern":55,"Vajra":12,"CloakClasp":46,"Incense Burner":71,"Ginger":46,"Old Coin":82,"Blood Vial":12,"Nunchaku":19,"Lizard Tail":19,"Centennial Puzzle":29,"Strawberry":43,"Toolbox":40,"Fusion Hammer":64,"HandDrill":105,"Toxic Egg 2":66,"Runic Pyramid":33,"Girya":46,"Dead Branch":71,"Damaru":29,"Oddly Smooth Stone":105,"Eternal Feather":24,"Thread and Needle":111,"Pen Nib":40,"War Paint":8,"Orichalcum":82,"MawBank":43,"Akabeko":105,"CaptainsWheel":55,"Black Star":0,"Bag of Marbles":111,"PureWater":0,"Toy Ornithopter":12,"Pocketwatch":48}],"Toy Ornithopter":17,"Pocketwatch":[4]},"card_choices":[{"not_picked":["CutThroughFate","Crescendo"],"picked":"BowlingBash","floor":1.0},{"not_picked":["Protect","Wireheading"],"picked":"Wallop","floor":2.0},{"not_picked":["EmptyBody","Consecrate"],"picked":"FlurryOfBlows","floor":5.0},{"not_picked":["BowlingBash","Omniscience"],"picked":"JustLucky","floor":8.0},{"not_picked":["Wireheading","WindmillStrike"],"picked":"CutThroughFate","floor":10.0},{"not_picked":["WindmillStrike","Evaluate"],"picked":"DeusExMachina","floor":12.0},{"not_picked":["FlyingSleeves","LikeWater"],"picked":"Tantrum","floor":13.0},{"not_picked":["Wireheading","Omniscience"],"picked":"CrushJoints","floor":14.0},{"not_picked":["DeusExMachina","DevaForm"],"picked":"SpiritShield","floor":16.0},{"not_picked":["FlyingSleeves","Wireheading","FollowUp"],"picked":"SKIP","floor":18.0},{"not_picked":["Evaluate","Collect"],"picked":"CutThroughFate","floor":20.0},{"not_picked":["Meditate","Halt"],"picked":"EmptyFist+1","floor":21.0},{"not_picked":["PathToVictory","FollowUp"],"picked":"CutThroughFate","floor":23},{"not_picked":["ReachHeaven","Collect","ThirdEye"],"picked":"SKIP","floor":25},{"not_picked":["Protect","Halt","CrushJoints"],"picked":"SKIP","floor":27},{"not_picked":["ClearTheMind","LikeWater","WindmillStrike"],"picked":"SKIP","floor":29},{"not_picked":["SandsOfTime","ClearTheMind"],"picked":"Halt","floor":30},{"not_picked":["Prostrate","DeceiveReality"],"picked":"Meditate","floor":31},{"not_picked":["Brilliance","Judgement"],"picked":"Wish","floor":33},{"not_picked":["ThirdEye+1","ClearTheMind","ReachHeaven"],"picked":"SKIP","floor":35},{"not_picked":["Good Instincts","Metamorphosis"],"picked":"Dark Shackles","floor":36},{"not_picked":["Panache","Swift Strike"],"picked":"PanicButton","floor":36},{"not_picked":["Fasting2","FollowUp","Consecrate"],"picked":"SKIP","floor":44},{"not_picked":["SashWhip","Collect+1","Prostrate+1"],"picked":"SKIP","floor":45},{"not_picked":["JustLucky+1","FollowUp"],"picked":"TalkToTheHand","floor":46},{"not_picked":["ReachHeaven","Fasting2+1"],"picked":"Scrawl+1","floor":47},{"not_picked":["BowlingBash","EmptyFist+1"],"picked":"EmptyBody+1","floor":48},{"not_picked":["FearNoEvil","EmptyFist+1"],"picked":"Indignation+1","floor":55}],"player_experience":1222359,"relics_obtained":[{"floor":8.0,"key":"Blood Vial"},{"floor":8.0,"key":"Vajra"},{"floor":9.0,"key":"Toy Ornithopter"},{"floor":10.0,"key":"Nunchaku"},{"floor":10.0,"key":"Lizard Tail"},{"floor":12.0,"key":"Eternal Feather"},{"floor":12.0,"key":"Regal Pillow"},{"floor":14.0,"key":"Damaru"},{"floor":14.0,"key":"Centennial Puzzle"},{"floor":23,"key":"Strawberry"},{"floor":23,"key":"MawBank"},{"floor":25,"key":"Ginger"},{"floor":25,"key":"CloakClasp"},{"floor":26,"key":"Girya"},{"floor":28,"key":"Pocketwatch"},{"floor":30,"key":"Lantern"},{"floor":30,"key":"CaptainsWheel"},{"floor":44,"key":"Dead Branch"},{"floor":44,"key":"Incense Burner"},{"floor":47,"key":"Old Coin"},{"floor":47,"key":"Orichalcum"},{"floor":55,"key":"Thread and Needle"},{"floor":55,"key":"Bag of Marbles"}],"event_choices":[{"damage_healed":0.0,"max_hp_gain":0.0,"max_hp_loss":0.0,"gold_gain":0.0,"event_name":"Shining Light","player_choice":"Entered Light","floor":3.0,"gold_loss":0.0,"damage_taken":20.0,"cards_upgraded":["Wallop","Strike_P"]},{"damage_healed":0.0,"max_hp_gain":0.0,"max_hp_loss":0.0,"gold_gain":0.0,"event_name":"Scrap Ooze","player_choice":"Success","floor":4.0,"gold_loss":0.0,"damage_taken":5.0,"relics_obtained":["War Paint"]},{"damage_healed":0.0,"max_hp_gain":0.0,"max_hp_loss":0.0,"gold_gain":0.0,"event_name":"The Library","player_choice":"Read","floor":19.0,"gold_loss":0.0,"damage_taken":0.0,"cards_obtained":["Conclude"]},{"damage_healed":0,"gold_gain":0,"player_choice":"Memory 3","damage_taken":10,"max_hp_gain":0,"max_hp_loss":0,"event_name":"SensoryStone","floor":36,"gold_loss":0},{"damage_healed":0,"gold_gain":0,"player_choice":"Max HP","damage_taken":0,"max_hp_gain":0,"max_hp_loss":4,"event_name":"Winding Halls","floor":37,"gold_loss":0},{"cards_removed":["DeusExMachina"],"damage_healed":0,"gold_gain":0,"player_choice":"Removed Skill","damage_taken":0,"max_hp_gain":0,"max_hp_loss":0,"event_name":"Falling","floor":38,"gold_loss":0},{"damage_healed":0,"gold_gain":0,"player_choice":"Upgraded","damage_taken":0,"max_hp_gain":0,"max_hp_loss":0,"event_name":"Upgrade Shrine","floor":39,"gold_loss":0,"cards_upgraded":["SpiritShield"]}],"is_beta":true,"boss_relics":[{"not_picked":["Astrolabe","Velvet Choker"],"picked":"Runic Pyramid"},{"not_picked":["VioletLotus","Philosopher\u0027s Stone"],"picked":"Fusion Hammer"}],"items_purged_floors":[6],"is_endless":false,"potions_floor_spawned":[2,5,16,21,23,27,29,33,44,45,47],"ascension_level":20}}