{"host":"wad60ubd84l8p1x5","time":1610873591,"event":{"mods":["AchievementEnabler","BaseMod","Colored Map","Minty Spire (QoL Compilation)","StSLib","SuperFastMode"],"gold_per_floor":[112,287,306,322,340,340,358,358,358],"floor_reached":8,"language":"KOR","playtime":543,"items_purged":[],"score":50,"play_id":"da4b45cc-af03-4089-9782-100dee5a41b0","local_time":"20210117175311","is_ascension_mode":false,"campfire_choices":[{"data":"Zap","floor":6,"key":"SMITH"}],"circlet_count":0,"master_deck":["Strike_B","Strike_B","Strike_B","Strike_B","Defend_B","Defend_B","Defend_B","Defend_B","Zap+1","Dualcast","Compile Driver","Coolheaded","Doubt","White Noise","Rebound","Amplify","Hologram"],"relics":["Cracked Core"],"acts_visited":[],"potions_floor_usage":[],"damage_taken":[{"damage":1,"enemies":"Jaw Worm","floor":1,"turns":3},{"damage":6,"enemies":"2 Louse","floor":3,"turns":3},{"damage":3,"enemies":"Cultist","floor":4,"turns":4},{"damage":5,"enemies":"Blue Slaver","floor":5,"turns":4},{"damage":28,"enemies":"Exordium Wildlife","floor":7,"turns":6},{"damage":33,"enemies":"3 Sentries","floor":8,"turns":6}],"seed_played":"-718012022363558323","potions_obtained":[{"floor":1,"key":"SneckoOil"},{"floor":5,"key":"Regen Potion"},{"floor":7,"key":"Block Potion"}],"is_trial":false,"path_per_floor":["M","?","M","M","M","R","M","E"],"character_chosen":"DEFECT","items_purchased":[],"campfire_rested":0,"item_purchase_floors":[],"current_hp_per_floor":[74,74,68,65,60,60,32,0,0],"gold":358,"neow_bonus":"THREE_CARDS","is_daily":false,"chose_seed":false,"campfire_upgraded":1,"win_rate":0.0,"timestamp":1610873591,"path_taken":["M","?","M","M","M","R","M","E"],"items_purchased_type":[],"build_version":"2020-12-22","purchased_purges":0,"victory":false,"max_hp_per_floor":[75,75,75,75,75,75,75,75,75],"card_choices":[{"not_picked":["Coolheaded","Gash"],"picked":"Compile Driver","floor":0},{"not_picked":["Chaos","Gash"],"picked":"Coolheaded","floor":1},{"not_picked":["Compile Driver","Self Repair"],"picked":"White Noise","floor":3},{"not_picked":["Genetic Algorithm","Double Energy"],"picked":"Rebound","floor":4},{"not_picked":["White Noise","Redo"],"picked":"Amplify","floor":5},{"not_picked":["Cold Snap","Compile Driver"],"picked":"Hologram","floor":7}],"player_experience":86289,"relics_obtained":[],"event_choices":[{"damage_healed":0,"gold_gain":175,"player_choice":"AGREE","damage_taken":0,"max_hp_gain":0,"max_hp_loss":0,"event_name":"Liars Game","floor":2,"gold_loss":0,"cards_obtained":["Doubt"]}],"is_beta":false,"boss_relics":[],"items_purged_floors":[],"is_endless":false,"potions_floor_spawned":[1,5,7],"killed_by":"3 Sentries","ascension_level":0}}