{"host":"fubl5olmpa6illow","time":1610903210,"event":{"mods":["BaseMod","Colored Map","Colored Powertips","Highlight Path","Minty Spire (QoL Compilation)","Quick Restart","Random Character Button","Relic Sorter","Relic Stats"],"gold_per_floor":[110,122,122,139,314,314,327,277,358,358,358],"floor_reached":10,"language":"ENG","playtime":571,"items_purged":[],"score":61,"play_id":"aab89681-0cf6-4613-b8a8-d6132c25d56a","local_time":"20210117180650","is_ascension_mode":true,"campfire_choices":[{"data":"Zap","floor":6,"key":"SMITH"}],"circlet_count":0,"master_deck":["Strike_B","Strike_B","Strike_B","Strike_B","Defend_B","Defend_B+1","Defend_B","Defend_B","Zap+1","Dualcast+1","Undo","Sweeping Beam","Chill","Turbo"],"relics":["SlaversCollar","HornCleat"],"acts_visited":["Exordium"],"potions_floor_usage":[10],"damage_taken":[{"damage":1,"enemies":"Cultist","floor":1,"turns":3},{"damage":7,"enemies":"Small Slimes","floor":2,"turns":5},{"damage":7,"enemies":"2 Louse","floor":4,"turns":2},{"damage":0,"enemies":"Large Slime","floor":7,"turns":7},{"damage":61,"enemies":"Gremlin Nob","floor":10,"turns":5}],"seed_played":"-3334095455959324322","potions_obtained":[{"floor":1,"key":"Regen Potion"},{"floor":2,"key":"Energy Potion"}],"is_trial":false,"path_per_floor":["M","M","?","M","?","R","M","?","T","E"],"character_chosen":"DEFECT","items_purchased":[],"campfire_rested":0,"item_purchase_floors":[],"current_hp_per_floor":[74,67,52,45,45,45,45,45,45,0,0],"gold":358,"neow_bonus":"BOSS_RELIC","is_daily":false,"chose_seed":false,"campfire_upgraded":1,"win_rate":0.0,"timestamp":1610903210,"path_taken":["M","M","?","M","?","R","M","?","T","E"],"items_purchased_type":[],"build_version":"2020-12-22","purchased_purges":0,"victory":false,"max_hp_per_floor":[75,75,75,75,75,75,75,75,75,75,75],"relic_stats":{"counters":[5,22],"obtain_stats":[{"SlaversCollar":0,"HornCleat":9,"Cracked Core":0},{"SlaversCollar":0,"HornCleat":4,"Cracked Core":0},{"SlaversCollar":0,"HornCleat":17,"Cracked Core":0}]},"card_choices":[{"not_picked":["Barrage","Gash"],"picked":"Undo","floor":1},{"not_picked":["Steam","Leap"],"picked":"Sweeping Beam","floor":2},{"not_picked":["Stack","Beam Cell"],"picked":"Chill","floor":4},{"not_picked":["Conserve Battery","Hologram"],"picked":"Turbo","floor":7}],"player_experience":262111,"relics_obtained":[{"floor":9,"key":"HornCleat"}],"event_choices":[{"damage_healed":0,"gold_gain":0,"player_choice":"Entered Light","damage_taken":15,"max_hp_gain":0,"max_hp_loss":0,"event_name":"Shining Light","floor":3,"gold_loss":0,"cards_upgraded":["Dualcast","Defend_B"]},{"damage_healed":0,"gold_gain":175,"player_choice":"AGREE","damage_taken":0,"max_hp_gain":0,"max_hp_loss":0,"event_name":"Liars Game","floor":5,"gold_loss":0,"cards_obtained":["Doubt"]},{"cards_removed":["Doubt"],"damage_healed":0,"gold_gain":0,"player_choice":"Card Removal","damage_taken":0,"max_hp_gain":0,"max_hp_loss":0,"event_name":"The Cleric","floor":8,"gold_loss":50}],"is_beta":false,"boss_relics":[],"items_purged_floors":[],"is_endless":false,"potions_floor_spawned":[1,2],"killed_by":"Gremlin Nob","ascension_level":1}}