{"host":"daa8jqyg4gqfaysm","time":1610910053,"event":{"mods":["BaseMod","Colored Powertips","Minty Spire (QoL Compilation)","StSLib"],"gold_per_floor":[116,136,97,116,11,11,44,44,44,76,90,109,109,109,109,203,203,217,217,9,9,23,23,42,42,42,42,42,42,42,42,42,42,42],"floor_reached":33,"language":"ENG","playtime":1058,"items_purged":[],"score":702,"play_id":"6f0ed15b-00cb-485e-9888-945c98ba12c5","local_time":"20210118030053","is_ascension_mode":true,"campfire_choices":[{"data":"Riddle With Holes","floor":6.0,"key":"SMITH"},{"data":"Well Laid Plans","floor":8.0,"key":"SMITH"},{"data":"Predator","floor":15,"key":"SMITH"},{"data":"Neutralize","floor":23,"key":"SMITH"},{"data":"Dash","floor":25,"key":"SMITH"},{"data":"Bouncing Flask","floor":27,"key":"SMITH"},{"data":"Acrobatics","floor":29,"key":"SMITH"},{"data":"Corpse Explosion","floor":32,"key":"SMITH"}],"circlet_count":0,"master_deck":["AscendersBane","Strike_G","Strike_G","Strike_G","Strike_G","Strike_G","Defend_G","Defend_G","Defend_G","Defend_G","Defend_G","Survivor","Neutralize+1","Flying Knee","Riddle With Holes+1","Dash+1","Acrobatics+1","Well Laid Plans+1","Tools of the Trade","Acrobatics+1","Predator+1","Corpse Explosion+1","Bouncing Flask+1","Escape Plan"],"relics":["Coffee Dripper","Bird Faced Urn","Incense Burner","Mercury Hourglass","Golden Idol","HoveringKite","Anchor","FaceOfCleric","Molten Egg 2","MutagenicStrength"],"acts_visited":["Exordium","TheCity"],"potions_floor_usage":[18,24,24],"damage_taken":[{"damage":6.0,"enemies":"Cultist","floor":1.0,"turns":4.0},{"damage":9.0,"enemies":"2 Louse","floor":2.0,"turns":2.0},{"damage":7.0,"enemies":"Jaw Worm","floor":4.0,"turns":3.0},{"damage":5.0,"enemies":"Lagavulin","floor":7.0,"turns":7.0},{"damage":10.0,"enemies":"3 Sentries","floor":10.0,"turns":10.0},{"damage":8.0,"enemies":"Lots of Slimes","floor":11.0,"turns":5.0},{"damage":12,"enemies":"Exordium Wildlife","floor":12,"turns":6},{"damage":3,"enemies":"Slime Boss","floor":16,"turns":8},{"damage":24,"enemies":"Chosen","floor":18,"turns":4},{"damage":6,"enemies":"3 Byrds","floor":22,"turns":3},{"damage":14,"enemies":"Cultist and Chosen","floor":24,"turns":7},{"damage":12,"enemies":"Champ","floor":33,"turns":10}],"seed_played":"-2226178176891485637","potions_obtained":[{"floor":4.0,"key":"Weak Potion"},{"floor":7.0,"key":"SpeedPotion"},{"floor":16,"key":"BlessingOfTheForge"},{"floor":18,"key":"GamblersBrew"}],"is_trial":false,"path_per_floor":["M","M","?","M","$","R","E","R","T","E","M","M","?","?","R","B",null,"M","?","$","?","M","R","M","R","T","R","?","R","$","?","R","B"],"character_chosen":"THE_SILENT","items_purchased":["Acrobatics","Well Laid Plans","Anchor","Bouncing Flask"],"campfire_rested":0,"item_purchase_floors":[5,5,20,20],"current_hp_per_floor":[53,44,44,37,37,37,32,32,32,26,18,10,10,10,10,11,48,26,26,26,26,23,23,10,10,10,10,22,22,22,22,22,14,14],"gold":42,"neow_bonus":"BOSS_RELIC","is_daily":false,"chose_seed":false,"campfire_upgraded":8,"win_rate":0.0,"timestamp":1610910053,"path_taken":["M","?","?","M","?","R","E","R","T","E","?","M","?","?","R","BOSS","M","?","?","?","M","R","?","R","T","R","?","R","$","?","R","BOSS"],"items_purchased_type":["Card","Card","Relic","Card"],"build_version":"2020-12-22","purchased_purges":0,"victory":false,"max_hp_per_floor":[66,66,66,66,66,66,66,66,66,66,66,66,60,60,60,60,60,60,60,60,60,61,61,62,62,62,62,62,62,62,62,62,62,62],"card_choices":[{"not_picked":["Deflect","Slice"],"picked":"Flying Knee","floor":1.0},{"not_picked":["Calculated Gamble","Caltrops"],"picked":"Riddle With Holes","floor":2.0},{"not_picked":["Heel Hook","Sucker Punch"],"picked":"Dash","floor":4.0},{"not_picked":["Endless Agony","Catalyst"],"picked":"Tools of the Trade","floor":7.0},{"not_picked":["Dodge and Roll","Catalyst"],"picked":"Acrobatics","floor":10.0},{"not_picked":["Slice","Endless Agony"],"picked":"Predator","floor":11.0},{"not_picked":["Blade Dance","Infinite Blades","Deflect"],"picked":"SKIP","floor":12},{"not_picked":["Doppelganger","Venomology"],"picked":"Corpse Explosion","floor":16},{"not_picked":["Underhanded Strike","Accuracy+1","Bane"],"picked":"SKIP","floor":18},{"not_picked":["Quick Slash","Distraction"],"picked":"Escape Plan","floor":22},{"not_picked":["Outmaneuver","Choke","Deadly Poison"],"picked":"SKIP","floor":24}],"player_experience":831887,"relics_obtained":[{"floor":7.0,"key":"Bird Faced Urn"},{"floor":9.0,"key":"Incense Burner"},{"floor":10.0,"key":"Mercury Hourglass"},{"floor":26,"key":"Molten Egg 2"}],"event_choices":[{"damage_healed":0.0,"max_hp_gain":0.0,"max_hp_loss":0.0,"gold_gain":0.0,"event_name":"World of Goop","player_choice":"Left Gold","floor":3.0,"gold_loss":39.0,"damage_taken":0.0},{"damage_healed":0,"gold_gain":0,"player_choice":"Lose Max HP","damage_taken":0,"relics_obtained":["Golden Idol"],"max_hp_gain":0,"max_hp_loss":6,"event_name":"Golden Idol","floor":13,"gold_loss":0},{"damage_healed":0,"gold_gain":0,"player_choice":"Fled","damage_taken":0,"max_hp_gain":0,"max_hp_loss":0,"event_name":"Scrap Ooze","floor":14,"gold_loss":0},{"damage_healed":0,"gold_gain":0,"player_choice":"Forge","damage_taken":0,"max_hp_gain":0,"max_hp_loss":0,"event_name":"Accursed Blacksmith","floor":19,"gold_loss":0,"cards_upgraded":["Acrobatics"]},{"damage_healed":0,"gold_gain":0,"player_choice":"Trade","damage_taken":0,"relics_obtained":["FaceOfCleric"],"max_hp_gain":0,"max_hp_loss":0,"event_name":"FaceTrader","floor":21,"gold_loss":0},{"damage_healed":12,"gold_gain":0,"player_choice":"Heal","damage_taken":0,"max_hp_gain":0,"max_hp_loss":0,"event_name":"The Library","floor":28,"gold_loss":0},{"damage_healed":0,"gold_gain":0,"player_choice":"Inject Mutagens","damage_taken":0,"relics_obtained":["MutagenicStrength"],"max_hp_gain":0,"max_hp_loss":0,"event_name":"Drug Dealer","floor":31,"gold_loss":0}],"is_beta":false,"boss_relics":[{"not_picked":["Empty Cage","Tiny House"],"picked":"HoveringKite"}],"items_purged_floors":[],"is_endless":false,"potions_floor_spawned":[4,7,16,18],"killed_by":"Champ","ascension_level":20}}