{"host":"d61fcf2p3sjwe6yo","time":1610898795,"event":{"mods":["AchievementEnabler","BaseMod","Colored Map","Downfall","Minty Spire (QoL Compilation)","StSLib","SuperFastMode"],"gold_per_floor":[99,117,134,134,134,34,81,92,106,118,132,67,102,116,132,132,132],"floor_reached":16,"language":"ENG","playtime":616,"items_purged":["bronze:Strike"],"score":133,"play_id":"4eb85304-4353-4e07-bb5a-f389d5e0c650","local_time":"20210117185315","is_ascension_mode":true,"campfire_choices":[{"floor":1,"key":"RECALL"},{"data":"bronze:ClassDefault","floor":6,"key":"SMITH"}],"circlet_count":0,"master_deck":["bronze:Strike","bronze:Strike","bronze:Strike","bronze:Defend","bronze:Defend","bronze:Defend","bronze:Defend","bronze:Replicate","bronze:Goto","bronze:Separator","bronze:ClassDefault+1","bronze:OilSpill","bronze:Branch","bronze:Constructor"],"relics":["bronze:BronzeCore","hexamod:BolsterEngine","CultistMask","downfall:HeartBlessingRed","Smiling Mask","Potion Belt"],"acts_visited":["Exordium"],"potions_floor_usage":[12,16,16,16],"damage_taken":[{"damage":0,"enemies":"2 Louse","floor":2,"turns":4},{"damage":5,"enemies":"Small Slimes","floor":3,"turns":3},{"damage":1,"enemies":"Cultist","floor":8,"turns":3},{"damage":0,"enemies":"Exordium Wildlife","floor":9,"turns":2},{"damage":13,"enemies":"Exordium Thugs","floor":10,"turns":4},{"damage":1,"enemies":"Exordium Wildlife","floor":11,"turns":3},{"damage":2,"enemies":"downfall:FleeingMerchant","floor":12,"turns":4},{"damage":17,"enemies":"Gremlin Nob","floor":13,"turns":4},{"damage":0,"enemies":"Large Slime","floor":14,"turns":4},{"damage":4,"enemies":"Red Slaver","floor":15,"turns":3},{"damage":28,"enemies":"WA_ARCHETYPE_RETAIN","floor":16,"turns":4}],"seed_played":"2484550829379790708","potions_obtained":[{"floor":9,"key":"ColorlessPotion"},{"floor":11,"key":"hexamod:SoulburnPotion"},{"floor":14,"key":"Energy Potion"},{"floor":15,"key":"BlessingOfTheForge"}],"is_trial":false,"path_per_floor":["R","M","M","?","?","R","T","M","M","M","M","$","E","M","M","B"],"character_chosen":"THE_AUTOMATON","items_purchased":[],"campfire_rested":0,"item_purchase_floors":[],"current_hp_per_floor":[77,77,72,65,65,65,65,64,64,51,50,48,31,31,27,0,0],"gold":132,"neow_bonus":"TEN_PERCENT_HP_BONUS","is_daily":false,"chose_seed":false,"campfire_upgraded":1,"win_rate":0.0,"timestamp":1610898795,"path_taken":["R","M","M","?","?","R","T","M","?","M","M","$","E","M","M","BOSS"],"items_purchased_type":[],"build_version":"2020-12-22","purchased_purges":1,"victory":false,"max_hp_per_floor":[77,77,77,77,77,77,77,77,77,77,77,77,77,77,77,77,77],"card_choices":[{"not_picked":["bronze:BugBarrage","bronze:Refactor"],"picked":"bronze:Separator","floor":2},{"not_picked":["bronze:BugBarrage","bronze:Deprecate"],"picked":"bronze:ClassDefault","floor":3},{"not_picked":["bronze:InfiniteBeams","bronze:Separator"],"picked":"bronze:OilSpill","floor":8},{"not_picked":["bronze:Repulsor","bronze:Deprecate"],"picked":"bronze:Branch","floor":9},{"not_picked":["bronze:Shield","bronze:Refactor","bronze:WildBeam"],"picked":"SKIP","floor":10},{"not_picked":["bronze:WildBeam","bronze:Invalidate","bronze:Philosophize"],"picked":"SKIP","floor":11},{"not_picked":["bronze:Philosophize","bronze:DelayedGuard","bronze:Shield"],"picked":"SKIP","floor":12},{"not_picked":["bronze:ShipIt","bronze:Turbo","bronze:Philosophize"],"picked":"SKIP","floor":13},{"not_picked":["bronze:WildBeam","bronze:Fortify","bronze:DelayedSlice"],"picked":"SKIP","floor":14},{"not_picked":["bronze:BuggyMess","bronze:WildBeam"],"picked":"bronze:Constructor","floor":15}],"player_experience":580664,"relics_obtained":[{"floor":7,"key":"Smiling Mask"},{"floor":13,"key":"Potion Belt"}],"event_choices":[{"damage_healed":0,"gold_gain":0,"player_choice":"Success","damage_taken":7,"relics_obtained":["hexamod:BolsterEngine"],"max_hp_gain":0,"max_hp_loss":0,"event_name":"Scrap Ooze","floor":4,"gold_loss":0},{"damage_healed":0,"gold_gain":0,"player_choice":"Trade","damage_taken":0,"relics_obtained":["CultistMask"],"max_hp_gain":0,"max_hp_loss":0,"event_name":"FaceTrader","floor":5,"gold_loss":0}],"is_beta":false,"boss_relics":[],"items_purged_floors":[12],"is_endless":false,"potions_floor_spawned":[9,11,14,15],"killed_by":"WA_ARCHETYPE_RETAIN","ascension_level":5}}