{"host":"leop","time":1610882211,"event":{"mods":["ATMod(°¢èªMod)","Act Like it!","BaseMod","GifTheSpireLib","Minty Spire (QoL Compilation)","MostiFishMod","Shop Mod","Spicy Shops","StSLib","TestMod","[IsaacMod]ÒÔÈö¼âËþ","¡¾ÒÅÎï¿¨ÅÆ¡¿REMEMod"],"gold_per_floor":[112,124,124,136,116,116,133,158,158,184,184,184,217,142,142,216,216,232,282,337,357,282,282,282,282],"floor_reached":24,"language":"ZHS","playtime":626,"items_purged":["Strike_R","Defend_R","Strike_R","Strike_R"],"score":524,"play_id":"842d7288-5b50-4a40-9b80-92b4cc5c4a4c","local_time":"20210117191651","is_ascension_mode":true,"campfire_choices":[{"floor":6.0,"key":"RECALL"},{"floor":11.0,"key":"REST"},{"floor":15.0,"key":"REST"},{"floor":23,"key":"REST"}],"circlet_count":0,"master_deck":["AscendersBane","Defend_R","Defend_R","Defend_R","Bash","Battery","Immolate","Shrug It Off","Sentinel","Bloodletting","REME_FirmDetermination","Carnage","Feel No Pain","REME_ACTH","MostiFishMod:EE1D","MostiFishMod:EE1D","MostiFishMod:EE1D","Rupture","Dark Embrace"],"relics":["testmod-TestBox","DaveBox","REME_ComplimentaryCards","AT_ATBox","HushsDoor","Fusion Hammer","testmod-IncinerationGenerator","Membership Card","SteamSale","SynthV:TestCard","Frozen Eye","Paper Frog","Toy Ornithopter","TheBattery","AT_RedTearstoneRing","MoneyPower","Chemical X","GuppysTail","Matryoshka","Oddly Smooth Stone","testmod-ConstraintPeriapt","SentryEyes","EE1DDrone","OrangePellets","testmod-Hope","AT_BellDemon","AT_RedNoBalance","Dodecahedron","AnarchistCookbook","MerchantsRug","MealTicket"],"acts_visited":["Exordium","TheCity"],"potions_floor_usage":[20],"damage_taken":[{"damage":1.0,"enemies":"Cultist","floor":1.0,"turns":3.0},{"damage":0.0,"enemies":"Small Slimes","floor":2.0,"turns":2.0},{"damage":2.0,"enemies":"Jaw Worm","floor":4.0,"turns":2.0},{"damage":0.0,"enemies":"3 Louse","floor":7.0,"turns":1.0},{"damage":0.0,"enemies":"Gremlin Nob","floor":8.0,"turns":2.0},{"damage":30.0,"enemies":"Lagavulin","floor":10.0,"turns":5.0},{"damage":2.0,"enemies":"Gremlin Nob","floor":13.0,"turns":3.0},{"damage":8.0,"enemies":"The Guardian","floor":16.0,"turns":5.0},{"damage":0,"enemies":"3 Byrds","floor":18,"turns":2},{"damage":17,"enemies":"2 Thieves","floor":21,"turns":2},{"damage":50,"enemies":"Gremlin Leader","floor":24,"turns":2}],"seed_played":"-5605782925806146247","potions_obtained":[{"floor":2.0,"key":"ElixirPotion"}],"is_trial":false,"path_per_floor":["M","M","$","M","?","R","M","E","T","E","R","$","E","?","R","B",null,"M","?","$","M","?","R","E"],"character_chosen":"IRONCLAD","items_purchased":["Frozen Eye","Paper Frog","Toy Ornithopter","TheBattery","PowerPotion","LiquidMemories","Chemical X","GuppysTail","Bloodletting","testmod-MagicalMallet","Matryoshka","Oddly Smooth Stone","testmod-ConstraintPeriapt","Fruit Juice","Fruit Juice","DuplicationPotion","REME_FirmDetermination","Carnage","OrangePellets","testmod-Hope","AT_BellDemon","AT_SilverBalance","Dodecahedron","AnarchistCookbook","MerchantsRug","Dark Embrace","testmod-SpacePotion","LiquidBronze","Strength Potion"],"campfire_rested":3,"item_purchase_floors":[3,3,3,3,3,3,12,12,12,12,12,12,12,12,12,12,12,12,20,20,20,20,20,20,20,20,20,20,20],"current_hp_per_floor":[67,67,67,65,65,65,65,70,70,40,62,82,80,80,85,77,83,83,83,85,26,26,51,0,0],"gold":282,"neow_bonus":"BOSS_RELIC","is_daily":false,"chose_seed":false,"campfire_upgraded":0,"win_rate":0.0,"timestamp":1610882211,"path_taken":["M","M","$","?","?","R","M","E","T","E","R","$","E","?","R","BOSS","M","?","$","M","?","R","E"],"items_purchased_type":["Relic","Relic","Relic","Relic","Potion","Potion","Relic","Relic","Card","Relic","Relic","Relic","Relic","Potion","Potion","Potion","Card","Card","Relic","Relic","Relic","Relic","Relic","Relic","Relic","Card","Potion","Potion","Potion"],"build_version":"2020-12-18","purchased_purges":4,"victory":false,"max_hp_per_floor":[75,75,75,75,75,75,75,75,75,75,75,85,85,85,85,85,85,85,85,85,85,85,85,85,85],"card_choices":[{"not_picked":["Havoc","Bomb"],"picked":"Immolate","floor":1.0},{"not_picked":["Havoc","Perfected Strike","Clothesline","Iron Wave","True Grit"],"picked":"SKIP","floor":2.0},{"not_picked":["True Grit","Disarm","Sword Boomerang","Warcry","Thunderclap"],"picked":"SKIP","floor":4.0},{"not_picked":["Rage","Fiend Fire","Clothesline","AT_IchimonjiDouble","Armaments"],"picked":"SKIP","floor":7.0},{"not_picked":["MostiFishMod:BrandingRite","REME_Cut","Heavy Blade","Exhume"],"picked":"Shrug It Off","floor":8.0},{"not_picked":["Sword Boomerang","Infernal Blade","MostiFishMod:#F4004","Dropkick"],"picked":"Sentinel","floor":10.0},{"not_picked":["Pummel","Sword Boomerang","Warcry","MostiFishMod:Mania"],"picked":"Feel No Pain","floor":13.0},{"not_picked":["MostiFishMod:NewArrival","Bludgeon","MostiFishMod:TemporaryOutbreak","MostiFishMod:WingOfPhoenix"],"picked":"REME_ACTH","floor":16.0},{"not_picked":["AT_GerminateFire","Second Wind","Blood for Blood","Body Slam+1"],"picked":"Rupture","floor":18},{"not_picked":["True Grit","Infernal Blade","Wild Strike","Dropkick","Anger"],"picked":"SKIP","floor":21}],"player_experience":1101668,"relics_obtained":[{"floor":1.0,"key":"SynthV:TestCard"},{"floor":8.0,"key":"AT_RedTearstoneRing"},{"floor":10.0,"key":"MoneyPower"},{"floor":13.0,"key":"SentryEyes"},{"floor":21,"key":"MealTicket"}],"event_choices":[{"damage_healed":0.0,"max_hp_gain":0.0,"max_hp_loss":0.0,"gold_gain":0.0,"event_name":"The Woman in Blue","player_choice":"Bought 1 Potion","floor":5.0,"gold_loss":0.0,"damage_taken":0.0},{"cards_removed":["Strike_R"],"damage_healed":0.0,"max_hp_gain":0.0,"max_hp_loss":0.0,"gold_gain":0.0,"event_name":"The Cleric","player_choice":"Card Removal","floor":14.0,"gold_loss":75.0,"damage_taken":0.0},{"damage_healed":0,"gold_gain":50,"player_choice":"Stole From Cult","damage_taken":0,"max_hp_gain":0,"max_hp_loss":0,"event_name":"Nest","floor":19,"gold_loss":0},{"cards_removed":["Strike_R"],"damage_healed":0,"gold_gain":0,"player_choice":"Gave Gold","damage_taken":0,"max_hp_gain":0,"max_hp_loss":0,"event_name":"Beggar","floor":22,"gold_loss":75}],"is_beta":true,"boss_relics":[{"not_picked":["Astrolabe","RhineFirstAidKit"],"picked":"EE1DDrone"},{"not_picked":[]}],"items_purged_floors":[3,12,12,20],"is_endless":false,"potions_floor_spawned":[2,4,13],"killed_by":"Gremlin Leader","ascension_level":20}}