{"host":"Bilverbakes","time":1610910758,"event":{"mods":["2.2 Compatiblity","AchievementEnabler","BaseMod","Bestiary","Colored Map","Minty Spire (QoL Compilation)","Relic Stats","StSLib","ojb\u0027s Info Mod"],"gold_per_floor":[119,169,188,200,218,244,256,301,361,383,395,430,442,454,466,567,579,616,678,703,39,52,90,15,15,15,15,15,15,30,73,73,73,73],"floor_reached":33,"language":"ENG","playtime":1633,"items_purged":["Strike_G"],"score":686,"play_id":"e93751e2-5a42-4312-95af-35d41347b9b4","local_time":"20210117131238","is_ascension_mode":true,"campfire_choices":[{"data":"Crippling Poison","floor":7.0,"key":"SMITH"},{"floor":11.0,"key":"REST"},{"data":"Bouncing Flask","floor":13.0,"key":"SMITH"},{"floor":15.0,"key":"REST"},{"floor":25.0,"key":"REST"},{"data":"After Image","floor":27.0,"key":"SMITH"},{"data":"Neutralize","floor":29.0,"key":"SMITH"},{"floor":32.0,"key":"REST"}],"circlet_count":0,"master_deck":["AscendersBane","Defend_G","Defend_G+1","Defend_G+1","Defend_G","Defend_G","Survivor","Neutralize+1","Endless Agony","Blade Dance","Predator","Masterful Stab","Crippling Poison+1","After Image+1","Bouncing Flask+1","Die Die Die","Expertise+1","Skewer+1","Wraith Form v2+1","Deflect+1","Shame","Caltrops+1"],"relics":["Ring of the Snake","NeowsBlessing","MawBank","Mummified Hand","War Paint","Odd Mushroom","Golden Idol","Astrolabe","Turnip","Eternal Feather","Anchor","InkBottle","Blue Candle","Darkstone Periapt"],"acts_visited":["Exordium","TheCity"],"potions_floor_usage":[33,33],"damage_taken":[{"damage":0.0,"enemies":"Small Slimes","floor":1.0,"turns":1.0},{"damage":0.0,"enemies":"Cultist","floor":3.0,"turns":1.0},{"damage":0.0,"enemies":"2 Louse","floor":4.0,"turns":1.0},{"damage":0.0,"enemies":"Looter","floor":5.0,"turns":2.0},{"damage":20.0,"enemies":"3 Sentries","floor":6.0,"turns":9.0},{"damage":17.0,"enemies":"Lagavulin","floor":8.0,"turns":7.0},{"damage":14.0,"enemies":"Large Slime","floor":10.0,"turns":7.0},{"damage":10.0,"enemies":"The Mushroom Lair","floor":12.0,"turns":3.0},{"damage":0.0,"enemies":"The Guardian","floor":16.0,"turns":7.0},{"damage":18.0,"enemies":"Shell Parasite","floor":18.0,"turns":6.0},{"damage":22.0,"enemies":"2 Thieves","floor":20.0,"turns":3.0},{"damage":0.0,"enemies":"Snake Plant","floor":22.0,"turns":4.0},{"damage":13.0,"enemies":"Slavers","floor":23.0,"turns":6.0},{"damage":12.0,"enemies":"Centurion and Healer","floor":30.0,"turns":9.0},{"damage":23.0,"enemies":"Gremlin Leader","floor":31.0,"turns":7.0},{"damage":52,"enemies":"Automaton","floor":33,"turns":10}],"seed_played":"1537703571607754453","potions_obtained":[{"floor":1.0,"key":"CunningPotion"},{"floor":5.0,"key":"GamblersBrew"},{"floor":10.0,"key":"LiquidMemories"},{"floor":16.0,"key":"Ancient Potion"},{"floor":20.0,"key":"Strength Potion"},{"floor":23.0,"key":"Strength Potion"},{"floor":30.0,"key":"Energy Potion"}],"is_trial":false,"path_per_floor":["M","?","M","M","M","E","R","E","T","M","R","?","R","?","R","B",null,"M","?","M","$","M","E","?","R","T","R","?","R","M","E","R","B"],"character_chosen":"THE_SILENT","items_purchased":["Turnip","Eternal Feather"],"campfire_rested":4,"item_purchase_floors":[21,21],"current_hp_per_floor":[59,59,59,59,59,39,39,22,22,8,27,17,17,17,35,35,54,36,36,14,14,14,1,1,31,31,43,43,55,43,20,50,0,0],"gold":73,"neow_bonus":"THREE_ENEMY_KILL","is_daily":false,"chose_seed":false,"campfire_upgraded":4,"win_rate":0.0,"timestamp":1610910758,"path_taken":["M","?","?","?","M","E","R","E","T","M","R","?","R","?","R","BOSS","M","?","M","$","M","E","?","R","T","R","?","R","?","E","R","BOSS"],"items_purchased_type":["Relic","Relic"],"build_version":"2020-12-18","purchased_purges":1,"victory":false,"max_hp_per_floor":[66,66,66,66,66,66,66,66,66,66,66,66,66,60,60,60,60,60,60,60,60,60,60,60,60,60,60,60,60,60,60,60,60,60],"relic_stats":{"Darkstone Periapt":0,"counters":[16,83],"Golden Idol":49,"Astrolabe":["Expertise","Skewer","Wraith Form v2"],"Blue Candle":[3],"Eternal Feather":48,"War Paint":["Defend_G","Defend_G"],"MawBank":180,"Mummified Hand":[18],"Turnip":[8],"obtain_stats":[{"Darkstone Periapt":31,"NeowsBlessing":0,"Golden Idol":14,"Astrolabe":17,"Blue Candle":28,"Eternal Feather":21,"War Paint":9,"Odd Mushroom":12,"MawBank":6,"Anchor":23,"Mummified Hand":8,"Turnip":21,"InkBottle":26,"Ring of the Snake":0},{"Darkstone Periapt":15,"NeowsBlessing":0,"Golden Idol":8,"Astrolabe":9,"Blue Candle":13,"Eternal Feather":11,"War Paint":6,"Odd Mushroom":8,"MawBank":5,"Anchor":13,"Mummified Hand":6,"Turnip":11,"InkBottle":13,"Ring of the Snake":0},{"Darkstone Periapt":73,"NeowsBlessing":0,"Golden Idol":31,"Astrolabe":38,"Blue Candle":57,"Eternal Feather":47,"War Paint":21,"Odd Mushroom":31,"MawBank":14,"Anchor":57,"Mummified Hand":21,"Turnip":47,"InkBottle":57,"Ring of the Snake":0}],"InkBottle":[10],"Ring of the Snake":[37]},"card_choices":[{"not_picked":["Distraction","Sucker Punch"],"picked":"Endless Agony","floor":1.0},{"not_picked":["Slice","Acrobatics"],"picked":"Blade Dance","floor":3.0},{"not_picked":["Dagger Throw","Choke"],"picked":"Predator","floor":4.0},{"not_picked":["Acrobatics","Outmaneuver"],"picked":"Masterful Stab","floor":5.0},{"not_picked":["Distraction","Calculated Gamble"],"picked":"Crippling Poison","floor":6.0},{"not_picked":["Acrobatics","Backstab"],"picked":"After Image","floor":8.0},{"not_picked":["Accuracy","Setup","Skewer"],"picked":"SKIP","floor":10.0},{"not_picked":["Cloak And Dagger","Deadly Poison"],"picked":"Bouncing Flask","floor":12.0},{"not_picked":["Tools of the Trade","Night Terror"],"picked":"Die Die Die","floor":16.0},{"not_picked":["Prepared","Infinite Blades","Deadly Poison"],"picked":"SKIP","floor":18.0},{"not_picked":["Slice","Concentrate","PiercingWail"],"picked":"SKIP","floor":20.0},{"not_picked":["Accuracy","Concentrate","Deflect"],"picked":"SKIP","floor":22.0},{"not_picked":["Heel Hook","Finisher"],"picked":"Deflect+1","floor":23.0},{"not_picked":["Endless Agony","Underhanded Strike","Accuracy"],"picked":"SKIP","floor":30.0},{"not_picked":["Skewer","Outmaneuver"],"picked":"Caltrops+1","floor":31.0}],"player_experience":721329,"relics_obtained":[{"floor":6.0,"key":"MawBank"},{"floor":8.0,"key":"Mummified Hand"},{"floor":9.0,"key":"War Paint"},{"floor":12.0,"key":"Odd Mushroom"},{"floor":23.0,"key":"Anchor"},{"floor":26.0,"key":"InkBottle"},{"floor":31.0,"key":"Darkstone Periapt"}],"event_choices":[{"damage_healed":0.0,"max_hp_gain":0.0,"max_hp_loss":0.0,"gold_gain":50.0,"event_name":"Golden Shrine","player_choice":"Pray","floor":2.0,"gold_loss":0.0,"damage_taken":0.0},{"damage_healed":0.0,"max_hp_gain":0.0,"max_hp_loss":0.0,"gold_gain":0.0,"event_name":"Mushrooms","player_choice":"Fought Mushrooms","floor":12.0,"gold_loss":0.0,"damage_taken":0.0},{"damage_healed":0.0,"max_hp_gain":0.0,"max_hp_loss":6.0,"gold_gain":0.0,"event_name":"Golden Idol","player_choice":"Lose Max HP","floor":14.0,"gold_loss":0.0,"damage_taken":0.0,"relics_obtained":["Golden Idol"]},{"damage_healed":0.0,"max_hp_gain":0.0,"max_hp_loss":0.0,"gold_gain":50.0,"event_name":"Nest","player_choice":"Stole From Cult","floor":19.0,"gold_loss":0.0,"damage_taken":0.0},{"cards_removed":["Strike_G"],"damage_healed":0.0,"max_hp_gain":0.0,"max_hp_loss":0.0,"gold_gain":0.0,"event_name":"Beggar","player_choice":"Gave Gold","floor":24.0,"gold_loss":75.0,"damage_taken":0.0},{"damage_healed":0.0,"max_hp_gain":0.0,"max_hp_loss":0.0,"gold_gain":0.0,"event_name":"Addict","player_choice":"Stole Relic","floor":28.0,"gold_loss":0.0,"damage_taken":0.0,"relics_obtained":["Blue Candle"],"cards_obtained":["Shame"]}],"is_beta":true,"boss_relics":[{"not_picked":["Ectoplasm","Black Star"],"picked":"Astrolabe"}],"items_purged_floors":[21],"is_endless":false,"potions_floor_spawned":[1,5,10,16,20,23,30,31],"killed_by":"Automaton","ascension_level":20}}