{"host":"oc9z8cublggqyfxu","time":1610881146,"event":{"mods":["AchievementEnabler","Act Like it!","Aspiration","BaseMod","Colored Map","Colored Powertips","Dota2Spire","Friendly Minions","Gensokyo","GifTheSpireLib","Hallownest","Hermit","Highlight Path","KinomotoSakuraMod(木之本樱)","Koishi","Lobotomy","LobotomyExtend","Marisa（F雨　魔理沙）","Minty Spire (QoL Compilation)","Quick Restart","Rare Cards Sparkle","Reimu（博丽灵梦）","Relic Stats","Remilia（蕾米莉亚）","Replay The Spire","RumiaBox-露米娅的神秘盒子","Spicy Shops","StSLib","The Administrix","The Animator","The Blackbeard","The Bug Knight","The Cursed","The Hierophant","The Mystic","The Runesmith","The Servant 0.9.4","Yakumo Yukari mod","Youmu（魂魄妖梦）","Yuyuko","vexMod","【功能Mod】混沌之环修复补丁","【功能Mod】聪明的最终Boss"],"gold_per_floor":[112,135,145,145,160,160,178,178,228,36,47,62,75,100,100,204,204,216,216,216],"floor_reached":19,"language":"ZHS","playtime":3111,"items_purged":["Decay"],"score":171,"play_id":"36aa8d2a-47e9-4541-8787-14d86777c96e","local_time":"20210117185906","is_ascension_mode":false,"campfire_choices":[{"data":"Eruption","floor":6.0,"key":"SMITH"},{"data":"Blasphemy","floor":8.0,"key":"SMITH"},{"floor":15.0,"key":"REST"}],"circlet_count":0,"master_deck":["Strike_P","Strike_P","Strike_P","Strike_P","Defend_P","Defend_P","Defend_P","Defend_P","Eruption+1","FlurryOfBlows","UniverseFragment","Scarecrow","Replay:Hum","SpiderBud","Adaptation","OSAHOGD","Blasphemy+1","Nirvana","Nirvana","CherryBlossoms","JustLucky","Adaptation","LittleHelper","ShyLook","PunishingBird","HeroicMonk"],"relics":["PureWater","CogitoBucket","AddBug","SecretRecord","SecretRecord"],"acts_visited":["Gensokyo:Gensokyo","TheCity"],"potions_floor_usage":[19,19],"damage_taken":[{"damage":0.0,"enemies":"Gensokyo:2_Kodama","floor":1.0,"turns":3.0},{"damage":1.0,"enemies":"Gensokyo:Gryphon","floor":3.0,"turns":4.0},{"damage":0.0,"enemies":"Gensokyo:3_Fairies","floor":5.0,"turns":3.0},{"damage":0.0,"enemies":"Gensokyo:3_Kodama","floor":7.0,"turns":3.0},{"damage":5.0,"enemies":"Gensokyo:VengefulSpirit","floor":11.0,"turns":4.0},{"damage":28.0,"enemies":"Gensokyo:Gryphon_and_Rabbit","floor":12.0,"turns":5.0},{"damage":14.0,"enemies":"Gensokyo:Python_and_Kodama","floor":13.0,"turns":6.0},{"damage":38.0,"enemies":"Gensokyo:Aya","floor":14.0,"turns":7.0},{"damage":42.0,"enemies":"Gensokyo:Kokoro","floor":16.0,"turns":8.0},{"damage":46.0,"enemies":"Spheric Guardian","floor":18.0,"turns":10.0},{"damage":41,"enemies":"Chosen","floor":19,"turns":2}],"seed_played":"-1254879063935953088","potions_obtained":[{"floor":3.0,"key":"Dexterity Potion"},{"floor":7.0,"key":"EssenceOfSteel"},{"floor":13.0,"key":"Venom Potion"},{"floor":16.0,"key":"ColorlessPotion"},{"floor":18.0,"key":"StancePotion"}],"is_trial":false,"path_per_floor":["M","T","M","?","M","R","M","R","T","$","M","M","M","E","R","B",null,"M","M"],"character_chosen":"WATCHER","items_purchased":["vexMod:BarristanHead","Nirvana"],"campfire_rested":1,"item_purchase_floors":[10,10],"current_hp_per_floor":[72,72,71,71,71,71,71,71,71,71,67,61,59,33,57,31,82,41,0,0],"gold":216,"neow_bonus":"","is_daily":false,"chose_seed":false,"campfire_upgraded":2,"win_rate":0.0,"timestamp":1610881146,"path_taken":["M","?","M","?","M","R","M","R","T","$","M","M","?","E","R","BOSS","M","M"],"items_purchased_type":["Relic","Card"],"build_version":"2020-12-22","purchased_purges":1,"victory":false,"max_hp_per_floor":[72,72,72,72,72,72,72,72,72,72,72,82,82,82,82,82,82,82,82,82],"relic_stats":{"counters":[13,57],"obtain_stats":[{"CogitoBucket":0,"AddBug":1,"SecretRecord":1,"PureWater":0},{"CogitoBucket":0,"AddBug":1,"SecretRecord":1,"PureWater":0},{"CogitoBucket":0,"AddBug":3,"SecretRecord":3,"PureWater":0}]},"card_choices":[{"not_picked":["ClearTheMind","Weave"],"picked":"FlurryOfBlows","floor":1.0},{"not_picked":["Scorched","BeautyBeast"],"picked":"UniverseFragment","floor":1.0},{"not_picked":["BeautyBeast","Wellcheers"],"picked":"Scarecrow","floor":3.0},{"not_picked":["WheelKick","SashWhip"],"picked":"Replay:Hum","floor":3.0},{"not_picked":["Yin","BlackArmy"],"picked":"SpiderBud","floor":5.0},{"not_picked":["CrushJoints","Replay:BluntJabs"],"picked":"Adaptation","floor":5.0},{"not_picked":["WallGazer","FairyFestival"],"picked":"OSAHOGD","floor":7.0},{"not_picked":["Halt","Consecrate"],"picked":"Blasphemy","floor":7.0},{"not_picked":["Woodsman","WallGazer"],"picked":"CherryBlossoms","floor":11.0},{"not_picked":["CrushJoints","PathToVictory"],"picked":"JustLucky","floor":11.0},{"not_picked":["BowlingBash","SashWhip"],"picked":"Adaptation","floor":12.0},{"not_picked":["Bloodbath","BigBadWolf"],"picked":"LittleHelper","floor":12.0},{"not_picked":["LaLuna","PunishingBird"],"picked":"DespairKnight","floor":13.0},{"not_picked":["Replay:BluntJabs","PathToVictory","Wallop"],"picked":"SKIP","floor":13.0},{"not_picked":["Replay:BluntJabs","PathToVictory","Wallop"],"picked":"SKIP","floor":13.0},{"not_picked":["Murderer","MeatLantern"],"picked":"ShyLook","floor":14.0},{"not_picked":["LessonLearned","CarveReality","Wallop"],"picked":"SKIP","floor":14.0},{"not_picked":["LaLuna","MeatLantern"],"picked":"PunishingBird","floor":16.0},{"not_picked":["QueenOfHatred","WallGazer"],"picked":"HeroicMonk","floor":18.0},{"not_picked":["EmptyBody","CrushJoints+1","FollowUp"],"picked":"SKIP","floor":18.0},{"not_picked":["EmptyBody","CrushJoints+1","FollowUp"],"picked":"SKIP","floor":18.0}],"player_experience":285467,"relics_obtained":[{"floor":1.0,"key":"AddBug"},{"floor":1.0,"key":"LetterFromLob"},{"floor":3.0,"key":"LetterFromLob"},{"floor":5.0,"key":"LetterFromLob"},{"floor":7.0,"key":"LetterFromLob"},{"floor":9.0,"key":"Dota2Spire:EchoSabre"},{"floor":11.0,"key":"LetterFromLob"},{"floor":12.0,"key":"LetterFromLob"},{"floor":13.0,"key":"SecretRecord"},{"floor":13.0,"key":"LetterFromLob"},{"floor":14.0,"key":"Simple Rune"},{"floor":14.0,"key":"LetterFromLob"},{"floor":16.0,"key":"LetterFromLob"},{"floor":18.0,"key":"LetterFromLob"}],"event_choices":[],"is_beta":false,"boss_relics":[{"not_picked":["vexMod:MysteryBossChallenge","Sozu"],"picked":"ChewingGum"}],"items_purged_floors":[10],"is_endless":false,"potions_floor_spawned":[3,7,13,16,18],"killed_by":"Chosen","ascension_level":0}}