{"host":"CK","time":1610854097,"event":{"mods":["2.2 Compatiblity","BaseMod","Bestiary","Block Reminder","Colored Powertips","DeckTracker","Displayed Cursed Tome","Minty Spire (QoL Compilation)","Permanent Neow","Slay-I","Unknown Chances"],"gold_per_floor":[365,124,134,149,149,149,159,104,177,197,197,211,211,211,211,285,285,298,348,348,366,376,376,376],"floor_reached":23,"language":"ENG","playtime":1000,"items_purged":["Strike_B"],"score":339,"play_id":"44c2be9b-9f85-4758-b548-a5aa17966195","local_time":"20210116192817","is_ascension_mode":true,"campfire_choices":[{"data":"Zap","floor":6.0,"key":"SMITH"},{"data":"Self Repair","floor":11.0,"key":"SMITH"},{"data":"Go for the Eyes","floor":13.0,"key":"SMITH"},{"data":"Auto Shields","floor":15.0,"key":"SMITH"}],"circlet_count":0,"master_deck":["AscendersBane","Strike_B","Strike_B","Defend_B","Defend_B","Defend_B","Defend_B","Zap+1","Dualcast","Self Repair+1","Melter","Gash","Auto Shields+1","Go for the Eyes+1","Hyperbeam","Steam","Conserve Battery+1"],"relics":["Cracked Core","MealTicket","Art of War","Mummified Hand","Black Star","Tiny Chest"],"acts_visited":["Exordium","TheCity"],"potions_floor_usage":[21,21,23],"damage_taken":[{"damage":2.0,"enemies":"Jaw Worm","floor":1.0,"turns":3.0},{"damage":9.0,"enemies":"Small Slimes","floor":3.0,"turns":3.0},{"damage":1.0,"enemies":"Cultist","floor":4.0,"turns":3.0},{"damage":4.0,"enemies":"3 Louse","floor":7.0,"turns":4.0},{"damage":8.0,"enemies":"Red Slaver","floor":10.0,"turns":3.0},{"damage":8.0,"enemies":"Blue Slaver","floor":12.0,"turns":4.0},{"damage":19.0,"enemies":"The Guardian","floor":16.0,"turns":12.0},{"damage":23.0,"enemies":"2 Thieves","floor":18.0,"turns":4.0},{"damage":13,"enemies":"Chosen","floor":21,"turns":4},{"damage":36,"enemies":"Snake Plant","floor":22,"turns":6},{"damage":20,"enemies":"Slavers","floor":23,"turns":1}],"seed_played":"1704805963878713131","potions_obtained":[{"floor":3.0,"key":"DuplicationPotion"},{"floor":4.0,"key":"Weak Potion"},{"floor":10.0,"key":"ColorlessPotion"},{"floor":16.0,"key":"SteroidPotion"},{"floor":22,"key":"Weak Potion"}],"is_trial":false,"path_per_floor":["M","$","M","M","?","R","M","?","T","M","R","M","R","?","R","B",null,"M","T","?","M","M","E"],"character_chosen":"DEFECT","items_purchased":["MealTicket"],"campfire_rested":0,"item_purchase_floors":[2],"current_hp_per_floor":[62,62,53,59,52,52,55,55,55,54,54,56,56,47,47,38,58,45,45,45,42,16,0,0],"gold":376,"neow_bonus":"TWO_FIFTY_GOLD","is_daily":false,"chose_seed":false,"campfire_upgraded":4,"win_rate":0.0,"timestamp":1610854097,"path_taken":["M","$","M","M","?","R","M","?","T","?","R","M","R","?","R","BOSS","M","?","?","M","M","E"],"items_purchased_type":["Relic"],"build_version":"2020-12-18","purchased_purges":1,"victory":false,"max_hp_per_floor":[64,64,64,64,64,64,64,64,64,64,64,64,64,64,64,64,64,64,64,64,64,64,64,64],"card_choices":[{"not_picked":["Coolheaded","Chaos","Rebound"],"picked":"SKIP","floor":1.0},{"not_picked":["Melter","Fusion"],"picked":"Self Repair","floor":3.0},{"not_picked":["Doom and Gloom","Hologram","Melter"],"picked":"SKIP","floor":4.0},{"not_picked":["Doom and Gloom","Hologram"],"picked":"Melter","floor":4.0},{"not_picked":["Tempest","Compile Driver"],"picked":"Gash","floor":7.0},{"not_picked":["Turbo","Skim"],"picked":"Auto Shields","floor":10.0},{"not_picked":["Cold Snap","Self Repair"],"picked":"Go for the Eyes","floor":12.0},{"not_picked":["Fission","Multi-Cast"],"picked":"Hyperbeam","floor":16.0},{"not_picked":["Compile Driver","Gash","Storm"],"picked":"SKIP","floor":18.0},{"not_picked":["Ball Lightning","Rebound"],"picked":"Steam","floor":21},{"not_picked":["Beam Cell","Go for the Eyes"],"picked":"Conserve Battery+1","floor":22}],"player_experience":1149845,"relics_obtained":[{"floor":9.0,"key":"Mummified Hand"},{"floor":19.0,"key":"Tiny Chest"}],"event_choices":[{"cards_removed":["Strike_B"],"damage_healed":0.0,"max_hp_gain":0.0,"max_hp_loss":0.0,"gold_gain":0.0,"event_name":"Golden Wing","player_choice":"Card Removal","floor":5.0,"gold_loss":0.0,"damage_taken":7.0},{"damage_healed":0.0,"max_hp_gain":0.0,"max_hp_loss":0.0,"gold_gain":0.0,"event_name":"WeMeetAgain","player_choice":"Paid Gold","floor":8.0,"gold_loss":55.0,"damage_taken":0.0,"relics_obtained":["Art of War"]},{"damage_healed":0.0,"max_hp_gain":0.0,"max_hp_loss":0.0,"gold_gain":0.0,"event_name":"Wheel of Change","player_choice":"Damaged","floor":14.0,"gold_loss":0.0,"damage_taken":9.0},{"damage_healed":0.0,"max_hp_gain":0.0,"max_hp_loss":0.0,"gold_gain":0.0,"event_name":"The Mausoleum","player_choice":"Ignored","floor":20.0,"gold_loss":0.0,"damage_taken":0.0}],"is_beta":true,"boss_relics":[{"not_picked":["Runic Dome","Snecko Eye"],"picked":"Black Star"}],"items_purged_floors":[2],"is_endless":false,"potions_floor_spawned":[3,4,10,16,18,22],"killed_by":"Slavers","ascension_level":17}}