{"host":"dbkc9h3etq50r1dq","time":1610860130,"event":{"mods":["AchievementEnabler","BaseMod","Block Reminder","Colored Powertips","Curses Come First","Custom Start","Dark Map","Minty Spire (QoL Compilation)","Permanent Neow","Potion Indicator Mod","Rare Cards Sparkle","StSLib","SuperFastMode"],"gold_per_floor":[18,18,33,33,51,51,80,92,92,117,117,117,133,152,152,249,249,262,278,289,289,289],"floor_reached":21,"language":"ZHS","playtime":571,"items_purged":[],"score":261,"play_id":"7f97ea74-2e38-49a5-a93d-9032464ba05c","local_time":"20210117130850","is_ascension_mode":true,"campfire_choices":[{"data":"Sword Boomerang","floor":6.0,"key":"SMITH"},{"data":"Uppercut","floor":12,"key":"SMITH"},{"data":"Metallicize","floor":15,"key":"SMITH"}],"circlet_count":0,"master_deck":["Strike_R","Strike_R","Strike_R","Strike_R","Defend_R","Defend_R","Defend_R","Defend_R","Bash","Armaments+1","Sword Boomerang+1","Spot Weakness","Shrug It Off","Demon Form","Uppercut+1","Metallicize+1","Parasite","Double Tap","Whirlwind","Flex","Inflame","Seeing Red"],"relics":["Black Blood","Prayer Wheel","Oddly Smooth Stone","Bronze Scales","Letter Opener"],"acts_visited":["Exordium","TheCity"],"potions_floor_usage":[8,9,10,18,21],"damage_taken":[{"damage":9.0,"enemies":"2 Louse","floor":1.0,"turns":3.0},{"damage":0.0,"enemies":"Small Slimes","floor":3.0,"turns":3.0},{"damage":2.0,"enemies":"Jaw Worm","floor":5.0,"turns":4.0},{"damage":25,"enemies":"Gremlin Nob","floor":7,"turns":4},{"damage":14,"enemies":"Lots of Slimes","floor":8,"turns":3},{"damage":2,"enemies":"Lagavulin","floor":10,"turns":5},{"damage":6,"enemies":"3 Louse","floor":13,"turns":4},{"damage":7,"enemies":"Looter","floor":14,"turns":3},{"damage":33,"enemies":"Slime Boss","floor":16,"turns":9},{"damage":34,"enemies":"2 Thieves","floor":18,"turns":5},{"damage":12,"enemies":"Chosen","floor":19,"turns":5},{"damage":48,"enemies":"3 Cultists","floor":20,"turns":6},{"damage":31,"enemies":"Snecko","floor":21,"turns":5}],"seed_played":"-4300840418580683453","potions_obtained":[{"floor":5.0,"key":"DuplicationPotion"},{"floor":7,"key":"LiquidBronze"},{"floor":8,"key":"Fruit Juice"},{"floor":16,"key":"SneckoOil"},{"floor":18,"key":"Strength Potion"}],"is_trial":false,"path_per_floor":["M","?","M","?","M","R","E","M","T","E","?","R","M","M","R","B",null,"M","M","M","M"],"character_chosen":"IRONCLAD","items_purchased":[],"campfire_rested":0,"item_purchase_floors":[],"current_hp_per_floor":[69,69,75,68,72,72,53,45,50,54,75,75,75,74,74,47,76,54,54,18,0,0],"gold":289,"neow_bonus":"ONE_RARE_RELIC","is_daily":false,"chose_seed":false,"campfire_upgraded":3,"win_rate":0.0,"timestamp":1610860130,"path_taken":["M","?","M","?","M","R","E","M","T","E","?","R","M","?","R","BOSS","M","?","M","M"],"items_purchased_type":[],"build_version":"2020-12-22","purchased_purges":0,"victory":false,"max_hp_per_floor":[80,80,80,80,80,80,80,80,85,85,85,85,85,85,85,85,85,85,85,85,85,85],"card_choices":[{"not_picked":["Havoc","Blood for Blood"],"picked":"Armaments","floor":1.0},{"not_picked":["Perfected Strike","Thunderclap"],"picked":"Sword Boomerang","floor":1.0},{"not_picked":["Shockwave","Body Slam"],"picked":"Spot Weakness","floor":3.0},{"not_picked":["Twin Strike","Searing Blow","Iron Wave"],"picked":"SKIP","floor":3.0},{"not_picked":["Headbutt","Power Through"],"picked":"Shrug It Off","floor":5.0},{"not_picked":["Intimidate","Reckless Charge","Hemokinesis"],"picked":"SKIP","floor":5.0},{"not_picked":["Heavy Blade","Wild Strike"],"picked":"Demon Form","floor":7},{"not_picked":["Havoc","Wild Strike"],"picked":"Uppercut","floor":8},{"not_picked":["Combust","Clash","Anger"],"picked":"SKIP","floor":8},{"not_picked":["Clash","Shrug It Off"],"picked":"Metallicize","floor":10},{"not_picked":["Clash","Rage","True Grit"],"picked":"SKIP","floor":13},{"not_picked":["Warcry","Sentinel","Headbutt"],"picked":"SKIP","floor":13},{"not_picked":["Reckless Charge","Rupture"],"picked":"Double Tap","floor":14},{"not_picked":["Infernal Blade","Sentinel","Perfected Strike"],"picked":"SKIP","floor":14},{"not_picked":["Rupture","Intimidate"],"picked":"Whirlwind","floor":18},{"not_picked":["Ghostly Armor","Flame Barrier+1","Wild Strike"],"picked":"SKIP","floor":18},{"not_picked":["Clash+1","Shockwave"],"picked":"Flex","floor":19},{"not_picked":["Power Through","Havoc","Shockwave"],"picked":"SKIP","floor":19},{"not_picked":["Iron Wave+1","Uppercut"],"picked":"Inflame","floor":20},{"not_picked":["Perfected Strike","Pommel Strike+1"],"picked":"Seeing Red","floor":20}],"player_experience":146666,"relics_obtained":[{"floor":7,"key":"Oddly Smooth Stone"},{"floor":9,"key":"Bronze Scales"},{"floor":10,"key":"Letter Opener"}],"event_choices":[{"damage_healed":0.0,"max_hp_gain":0.0,"max_hp_loss":0.0,"gold_gain":0.0,"event_name":"Living Wall","player_choice":"Grow","floor":2.0,"gold_loss":0.0,"damage_taken":0.0,"cards_upgraded":["Armaments"]},{"cards_removed":["Strike_R"],"damage_healed":0.0,"max_hp_gain":0.0,"max_hp_loss":0.0,"gold_gain":0.0,"event_name":"Golden Wing","player_choice":"Card Removal","floor":4.0,"gold_loss":0.0,"damage_taken":7.0},{"damage_healed":21,"gold_gain":0,"player_choice":"Healed and dodged fight","damage_taken":0,"max_hp_gain":0,"max_hp_loss":0,"event_name":"Mushrooms","floor":11,"gold_loss":0,"cards_obtained":["Parasite"]}],"is_beta":false,"boss_relics":[{"not_picked":["Runic Cube","Fusion Hammer"],"picked":"Black Blood"}],"items_purged_floors":[],"is_endless":false,"potions_floor_spawned":[5,7,8,16,18],"killed_by":"Snecko","ascension_level":7}}