{"host":"1zjc08c6hob33401","time":1610926523,"event":{"mods":["AchievementEnabler","Act Like it!","Aspiration","BaseMod","Downfall","Energized Spire","Evolution","Friendly Minions","Gensokyo","GifTheSpireLib","Hubris","Infinite Spire","Jedi Mod","Minty Spire (QoL Compilation)","Pale of the Ancients","Quick Restart","Retaliation","Shop Mod","StS++","StSLib","Stuff the Spire","The Blue Laboratory","Wandering Minibosses","vexMod","??????REMEMod"],"gold_per_floor":[118,133,153,169,12,12,39,39,39,68,68,157,157,173,173,270,270,283,283,283,283,90,90,108,138,138,138,166,166,166,166,166,267,267,284,304,304,320,336,336,109,124,149,149,3,3,3,3,3,3,15535,15553,15553,14910,14910,14924,14924,14049,14049,14049],"floor_reached":61,"language":"RUS","playtime":2499,"items_purged":["Guardian:Defend_Guardian","Guardian:Defend_Guardian","Guardian:Strike_Guardian","Guardian:Defend_Guardian+1"],"score":1484,"play_id":"79ee9cad-c0c4-4ba9-afff-c3e460b391d6","local_time":"20210118013523","is_ascension_mode":true,"campfire_choices":[{"data":"Guardian:MultiBeam","floor":6.0,"key":"SMITH"},{"data":"Guardian:FloatingOrbs","floor":8.0,"key":"SMITH"},{"data":"Guardian:TwinSlam","floor":15.0,"key":"SMITH"},{"data":"Gensokyo:RedCapeBlueCape","floor":23.0,"key":"SMITH"},{"data":"Guardian:Planning","floor":29,"key":"SMITH"},{"data":"Guardian:EvasiveProtocol","floor":32,"key":"SMITH"},{"data":"REME_ShadowForm","floor":40,"key":"SMITH"},{"data":"Guardian:SphericShield","floor":44,"key":"SMITH"},{"data":"A Thousand Cuts","floor":49,"key":"SMITH"},{"data":"Guardian:CurlUp","floor":55,"key":"SMITH"},{"data":"Guardian:Incinerate","floor":57,"key":"SMITH"}],"circlet_count":0,"master_deck":["Guardian:Incinerate","Guardian:Incinerate","Guardian:Incinerate+1","Guardian:CurlUp+1","Guardian:TwinSlam+1","Die Die Die+1","Guardian:EvasiveProtocol+1","Guardian:VentSteam+1","Guardian:RollAttack","Guardian:MultiBeam+1","Guardian:FloatingOrbs+1","Guardian:ChargeCore","Guardian:PrismaticBeam+1","Gensokyo:RedCapeBlueCape+1","Guardian:Planning+1","hubris:InfiniteBlow+172","Guardian:SphericShield+1","Backstab+1","REME_ShadowForm+1","A Thousand Cuts+1","Outmaneuver+1","Gensokyo:SummonPsychicCat","Adrenaline"],"relics":["Guardian:ModeShifter","EVO:Axolotl","REME_ComplimentaryCards","Chemical X","MealTicket","Anchor","Toy Ornithopter","energizedSpire:OgreHead","hubris:Towel","War Paint","Bottled Lightning","REME_DuelDisc","StuffTheSpire:HeavyRock","Gensokyo:ChorusOfJoy","aspiration:SilentSkillbook","hubris:EmptyBottle","hubris:SlimyHat","Gensokyo:DualWield","Gensokyo:EmptyGrave","jedi:Pinwheel","paleoftheancients:Timepiece","Spirit Poop","wanderingMiniBosses:LockLocket","paleoftheancients:SoulOfTheCollector","StuffTheSpire:BottledEssence","vexMod:FocusSash","HornCleat","REME_CardOfGreed","StSpp:BoiledEgg","Art of War","Gensokyo:Companionship","infinitespire:CursedDice"],"acts_visited":["Gensokyo:Gensokyo","Gensokyo:Gensokyoer","Gensokyo:Gensokyoest","paleoftheancients:PaleOfTheAncients"],"potions_floor_usage":[28,33,38,60],"damage_taken":[{"damage":0.0,"enemies":"Gensokyo:3_Fairies","floor":1.0,"turns":4.0},{"damage":7.0,"enemies":"Gensokyo:Gryphon","floor":2.0,"turns":3.0},{"damage":0.0,"enemies":"Gensokyo:2_Kodama","floor":3.0,"turns":1.0},{"damage":2.0,"enemies":"Gensokyo:Kitsune","floor":4.0,"turns":3.0},{"damage":30.0,"enemies":"Gensokyo:Cirno","floor":7.0,"turns":6.0},{"damage":4.0,"enemies":"Gensokyo:Aya","floor":10.0,"turns":3.0},{"damage":7.0,"enemies":"Gensokyo:3_Kodama","floor":12.0,"turns":7.0},{"damage":0.0,"enemies":"Gensokyo:2_Rabbits","floor":14.0,"turns":1.0},{"damage":14.0,"enemies":"Gensokyo:Yukari","floor":16.0,"turns":8.0},{"damage":6.0,"enemies":"Gensokyo:CosmicMonolith","floor":18.0,"turns":3.0},{"damage":0,"enemies":"Gensokyo:Chomper","floor":24,"turns":2},{"damage":19,"enemies":"Gensokyo:Koishi","floor":25,"turns":6},{"damage":13,"enemies":"Gensokyo:Tenshi","floor":28,"turns":4},{"damage":21,"enemies":"Gensokyo:Eiki","floor":33,"turns":8},{"damage":12,"enemies":"Gensokyo:3_Boulders","floor":35,"turns":3},{"damage":0,"enemies":"Gensokyo:3_Bats","floor":36,"turns":2},{"damage":0,"enemies":"Gensokyo:3_Boulders","floor":38,"turns":2},{"damage":0,"enemies":"Gensokyo:4_Bats","floor":39,"turns":1},{"damage":6,"enemies":"Gensokyo:Dusk_and_Dawn","floor":42,"turns":3},{"damage":10,"enemies":"Gensokyo:Shinki","floor":50,"turns":6},{"damage":42,"enemies":"Gensokyo:Shinki","floor":51,"turns":6},{"damage":0,"enemies":"Gensokyo:Shinki","floor":52,"turns":3},{"damage":0,"enemies":"Gensokyo:Shinki","floor":56,"turns":1},{"damage":50,"enemies":"paleoftheancients:N","floor":60,"turns":5}],"seed_played":"-6424870098139255447","potions_obtained":[{"floor":2.0,"key":"infinitespire:BlackPotion"},{"floor":4.0,"key":"sneckomod:MuddlingPotion"},{"floor":10.0,"key":"PowerPotion"},{"floor":14.0,"key":"blueLaboratory:HummingbirdPotion"},{"floor":24,"key":"blueLaboratory:AbyssPotion"},{"floor":25,"key":"Guardian:AcceleratePotion"},{"floor":35,"key":"blueLaboratory:FrostheartPotion"},{"floor":36,"key":"blueLaboratory:PhilterOfMotion"},{"floor":51,"key":"Guardian:AcceleratePotion"},{"floor":52,"key":"blueLaboratory:FrostheartPotion"}],"is_trial":false,"path_per_floor":["M","M","M","M","COS","R","E","R","T","E","?","M","?","M","R","B",null,"M","?","?","?","COS","R","M","E","T","AVR","E","R","?","?","R","B",null,"M","M","?","M","M","R","$","M","T","R","COS","?","?","T","R","B","M","M","?","$","R","M","R","$","?","B",null],"character_chosen":"GUARDIAN","items_purchased":["hubris:EmptyBottle","StuffTheSpire:BottledEssence","vexMod:FocusSash","HornCleat","REME_CardOfGreed","StSpp:BoiledEgg","Art of War","Adrenaline"],"campfire_rested":0,"item_purchase_floors":[41,54,54,54,58,58,58,58],"current_hp_per_floor":[80,73,73,71,71,71,41,41,41,37,45,38,38,38,38,34,80,74,74,74,74,74,74,74,55,55,55,47,47,47,47,47,31,80,68,68,68,73,73,73,80,74,74,74,74,74,74,74,74,74,53,64,64,74,74,74,74,74,74,49],"gold":14049,"neow_bonus":"UPGRADE_CARD","is_daily":false,"chose_seed":false,"campfire_upgraded":11,"win_rate":0.0,"timestamp":1610926523,"path_taken":["M","M","M","M","COS","R","E","R","T","E","?","M","?","M","R","BOSS","M","?","?","?","COS","R","?","E","T","AVR","E","R","?","?","R","BOSS","M","?","?","?","M","R","$","M","T","R","COS","?","?","?","R","BOSS","M","M","?","$","R","M","R","$","?","BOSS"],"items_purchased_type":["Relic","Relic","Relic","Relic","Relic","Relic","Relic","Card"],"build_version":"2020-12-22","purchased_purges":4,"victory":true,"max_hp_per_floor":[80,80,80,80,80,80,80,80,80,80,80,80,80,80,80,80,80,80,80,80,80,80,80,80,80,80,80,80,80,80,80,80,80,80,80,80,80,80,80,80,80,80,80,80,80,80,74,74,74,74,74,74,74,74,74,74,74,74,74,74],"card_choices":[{"not_picked":["Guardian:RefractedBeam","Guardian:Incinerate"],"picked":"Guardian:EvasiveProtocol","floor":1.0},{"not_picked":["Guardian:Incinerate","Guardian:WalkerClaw"],"picked":"Guardian:VentSteam","floor":2.0},{"not_picked":["Guardian:ShieldCharger","Guardian:TemporalShield"],"picked":"Guardian:RollAttack","floor":3.0},{"not_picked":["Guardian:RollAttack","Guardian:PolyBeam"],"picked":"Guardian:MultiBeam","floor":4.0},{"not_picked":["Guardian:TemporalShield","Guardian:Gem_Green"],"picked":"Guardian:FloatingOrbs","floor":7.0},{"not_picked":["Guardian:RollAttack","Guardian:ShieldSpikes"],"picked":"Guardian:Gem_Cyan","floor":10.0},{"not_picked":["Guardian:WalkerClaw","Guardian:RollAttack"],"picked":"Guardian:ChargeCore","floor":12.0},{"not_picked":["Guardian:BodySlam","Guardian:Gem_Cyan"],"picked":"Guardian:Gem_Orange","floor":14.0},{"not_picked":["Guardian:StasisField","Guardian:StasisStrike"],"picked":"Guardian:Gem_Synthetic","floor":16.0},{"not_picked":["Guardian:Gem_Red","Guardian:Reroute"],"picked":"Guardian:PrismaticBeam","floor":18.0},{"not_picked":["Guardian:Incinerate","Guardian:ChargeCore"],"picked":"Guardian:Gem_Lightblue","floor":24},{"not_picked":["Guardian:RefractedBeam","Guardian:RollAttack"],"picked":"Guardian:Planning","floor":25},{"not_picked":["Guardian:Gem_Cyan","Guardian:CrystalBeam+1","Guardian:Reroute"],"picked":"SKIP","floor":28},{"not_picked":["Guardian:HyperBeam_Guardian","Guardian:StasisField"],"picked":"Guardian:SphericShield","floor":33},{"not_picked":["Skewer","StSpp:StrikeFirst+1","Cloak And Dagger+1"],"picked":"Guardian:Gem_Fragmented","floor":35},{"not_picked":["Guardian:ChargeUp+1","PiercingWail","Guardian:VentSteam+1"],"picked":"Backstab+1","floor":36},{"not_picked":["jedi:pocketpoison","StuffTheSpire:BumpUp","Guardian:Gem_Red"],"picked":"REME_ShadowForm","floor":38},{"not_picked":["Acrobatics","Guardian:ShieldCharger","Bane"],"picked":"A Thousand Cuts","floor":39},{"not_picked":["Guardian:Harden+1","StuffTheSpire:BumpUp+1","StSpp:ChainedTrap","StSpp:TimeParadox+1"],"picked":"SKIP","floor":42},{"not_picked":["StuffTheSpire:Python","Guardian:PiercingHide+1","Blade Dance+1"],"picked":"Outmaneuver+1","floor":51},{"not_picked":["Dagger Throw","Guardian:Suspension+1","Guardian:Emergency+1"],"picked":"Guardian:Gem_Purple","floor":52},{"not_picked":["Guardian:RollAttack","Predator","Guardian:ChargeCore"],"picked":"Guardian:Gem_Purple","floor":56}],"player_experience":605255,"relics_obtained":[{"floor":7.0,"key":"MealTicket"},{"floor":9.0,"key":"Anchor"},{"floor":10.0,"key":"Toy Ornithopter"},{"floor":25,"key":"War Paint"},{"floor":26,"key":"Bottled Lightning"},{"floor":28,"key":"StuffTheSpire:HeavyRock"},{"floor":43,"key":"hubris:SlimyHat"},{"floor":48,"key":"jedi:Pinwheel"},{"floor":51,"key":"wanderingMiniBosses:LockLocket"},{"floor":52,"key":"paleoftheancients:SoulOfTheCollector"}],"event_choices":[{"cards_removed":["Guardian:Defend_Guardian"],"damage_healed":0,"gold_gain":0,"player_choice":"Purged","damage_taken":0,"max_hp_gain":0,"max_hp_loss":0,"event_name":"Purifier","floor":53,"gold_loss":0}],"is_beta":false,"boss_relics":[{"not_picked":["hubris:BlackHole","vexMod:NewClearReactor"],"picked":"energizedSpire:OgreHead"},{"not_picked":["Astrolabe","Black Star"],"picked":"aspiration:SilentSkillbook"}],"items_purged_floors":[27,41,54,58],"is_endless":false,"potions_floor_spawned":[2,4,10,14,24,25,35,36,51,52],"ascension_level":1}}