{"host":"54jr43vd79817238","time":1610873651,"event":{"mods":["100% Spire Juice","ATMod(°¢èªMod)","Act Like it!","Arknights The Spire","Aspiration","BaseMod","CapriCore","Dota2Spire","Friendly Minions","Gensokyo","GungeonMod","Hallownest","Hermit","Jedi Mod","KinomotoSakuraMod(Ä¾Ö®±¾Ó£)","Lobotomy","LobotomyExtend","Mari Mod (Legacy)","Mari\u0027s V1 Patch","Marisa£¨ìFÓê¡¡Ä§ÀíÉ³£©","Minty Spire (QoL Compilation)","MostiFishMod","Quarter Circle Forward PUNCH!","Replay The Spire","Robot Space Explorer","RumiaBox-Â¶Ã×æ«µÄÉñÃØºÐ×Ó","Spicy Shops","StSLib","TestMod","The Alterego","The Dragon Tamer","The Marked","WarShipGirlsR/Õ½½¢ÉÙÅ®R mod","Yakumo Yukari mod","Youmu£¨»êÆÇÑýÃÎ£©","vexMod","¡¾ÒÅÎï¿¨ÅÆ¡¿REMEMod"],"gold_per_floor":[257,257,271,116,128,141,158,158,182,195,197,215,215,232,232,315,315,315,329,329,329,181,181,181,181,208,208,212,212,230,280,280,384,384,401,171,186,186,205,205,227,227,296,223,97,102,102,102,102,67,67,67,67,67,62,62],"floor_reached":55,"language":"ZHS","playtime":3377,"items_purged":[],"score":852,"play_id":"7bf6d09c-ce52-4236-b7af-94b2a216a56e","local_time":"20210117165411","is_ascension_mode":false,"campfire_choices":[{"floor":13,"key":"RECALL"},{"floor":15,"key":"DIG"},{"floor":23,"key":"DIG"},{"data":"MariMod:Mari_Character_Development","floor":25,"key":"SMITH"},{"floor":29,"key":"DIG"},{"data":"MariMod:Mari_Limelight","floor":32,"key":"SMITH"},{"floor":40,"key":"DIG"},{"floor":49,"key":"DIG"},{"data":"MariMod:Mari_Heavy_Price","floor":53,"key":"SMITH"}],"circlet_count":0,"master_deck":["MariMod:Mari_Strike","MariMod:Mari_Strike","MariMod:Mari_Strike","MariMod:Mari_Strike","MariMod:Mari_Strike","MariMod:Mari_Defend","MariMod:Mari_Defend","MariMod:Mari_Defend","MariMod:Mari_Defend","MariMod:Mari_Defend","MariMod:Mari_Reminisce","MariMod:Mari_Debut+1","AT_ChampionStep","MariMod:Mari_Tea_Time","MariMod:Mari_Lie_In_Wait+1","MariMod:Mari_Practice_Outfit","MariMod:Mari_Golden_Glint","MariMod:Mari_The_FLYING_CAR","MariMod:Mari_Dolphin_Strike+1","MariMod:Mari_Limelight+1","MariMod:Mari_Approved","MariMod:Mari_Well_Kept_Secret+1","MariMod:Mari_SHINY+1","MariMod:Mari_Reckless_Driving","MariMod:Mari_Character_Development+1","MariMod:Mari_Approved","MariMod:Mari_Wishing_Fountain+1","MariMod:Mari_Fire_Strike+1","MariMod:Mari_Heavy_Metal","MariMod:Mari_Choreography","MariMod:Mari_Oh_My_God+1","MariMod:Mari_Sparkle+1","Gensokyo:BlemishedSteel","MariMod:Mari_The_HELICOPTER","MariMod:Mari_Heavy_Price+1","MariMod:Mari_Shut_Up","MariMod:Mari_Overexertion","Gensokyo:RainbowDanmaku"],"relics":["MariMod:MariTheSpark","testmod-TestBox","DaveBox","REME_ComplimentaryCards","AT_ATBox","RhineCircuit","testmod-Prudence","Technique","Gensokyo:Justice","Meat on the Bone","LetterFromLob","Replay:Multitool","qcfpunch:Broken_Tusk","JellyFishMachine","REME_PuzzleBoxRelic","aspiration:Lifesprig","DemoMod:LamentConfigurum","Durian","REME_DemonsWealth","Guide Book","Smiling Mask","Snack Pack","Sling","Gremlin Horn","Strawberry"],"acts_visited":["Gensokyo:Gensokyo","Hallownest:CityofTears","Gensokyo:Gensokyoest","TheEnding"],"potions_floor_usage":[7,10,12,19,33,33],"damage_taken":[{"damage":1,"enemies":"Gensokyo:3_Fairies","floor":1,"turns":7},{"damage":12,"enemies":"Gensokyo:2_Kodama","floor":3,"turns":6},{"damage":0,"enemies":"Gensokyo:Gryphon","floor":5,"turns":3},{"damage":0,"enemies":"Gensokyo:3_Kodama","floor":6,"turns":7},{"damage":2,"enemies":"Gensokyo:2_Rabbits","floor":7,"turns":5},{"damage":0,"enemies":"Gensokyo:Mamizou","floor":10,"turns":9},{"damage":0,"enemies":"Gensokyo:LivingMonolith","floor":11,"turns":3},{"damage":7,"enemies":"Gensokyo:Cirno","floor":12,"turns":6},{"damage":0,"enemies":"Gensokyo:VengefulSpirit","floor":14,"turns":5},{"damage":14,"enemies":"Gensokyo:Reimu","floor":16,"turns":5},{"damage":0,"enemies":"Hallownest:2_Mistakes","floor":18,"turns":4},{"damage":6,"enemies":"Hallownest:Guard_and_Sentry","floor":19,"turns":4},{"damage":6,"enemies":"Hallownest:Master_and_Novice","floor":28,"turns":2},{"damage":6,"enemies":"Hallownest:3_Mistakes","floor":30,"turns":4},{"damage":2,"enemies":"Hallownest:Warrior_and_Youth","floor":31,"turns":3},{"damage":0,"enemies":"Hallownest:BossMantisLord","floor":33,"turns":7},{"damage":0,"enemies":"Gensokyo:3_Bats","floor":35,"turns":4},{"damage":11,"enemies":"Gensokyo:3_Boulders","floor":37,"turns":5},{"damage":22,"enemies":"Gensokyo:4_Bats","floor":39,"turns":2},{"damage":16,"enemies":"Gensokyo:Dusk_and_Dawn","floor":41,"turns":3},{"damage":25,"enemies":"Gensokyo:Dusk_and_Dawn","floor":46,"turns":7},{"damage":0,"enemies":"Gensokyo:Yuyuko","floor":50,"turns":5},{"damage":93,"enemies":"Shield and Spear","floor":55,"turns":4}],"seed_played":"-3414782684811736574","potions_obtained":[{"floor":3,"key":"PowerPotion"},{"floor":5,"key":"AttackPotion"},{"floor":10,"key":"Energy Potion"},{"floor":11,"key":"Weak Potion"},{"floor":28,"key":"DemoMod:LeadSkinPotion"},{"floor":30,"key":"jedi:StrikingPotion"},{"floor":37,"key":"LiquidBronze"},{"floor":41,"key":"Weak Potion"}],"is_trial":false,"path_per_floor":["M","?","M","COS","M","M","M","?","T","E","M","E","R","M","R","B",null,"M","M","?","?","$","R","?","R","T","R","M","R","M","M","R","B",null,"M","COS","M","?","M","R","M","R","T","$","$","?","?","$","R","B",null,null,"R","$","E"],"character_chosen":"MARI","items_purchased":["REME_PuzzleBoxRelic","Sling","Gremlin Horn"],"campfire_rested":0,"item_purchase_floors":[22,44,45],"current_hp_per_floor":[71,71,59,59,59,59,57,57,57,57,57,50,50,50,50,48,72,72,66,66,72,72,72,72,72,72,72,66,71,65,63,63,63,77,77,77,66,66,44,44,40,63,63,63,63,63,63,63,70,70,70,84,84,84,0,0],"gold":62,"neow_bonus":"HUNDRED_GOLD","is_daily":false,"chose_seed":false,"campfire_upgraded":3,"win_rate":0.0,"timestamp":1610873651,"path_taken":["M","?","M","COS","M","M","M","?","T","E","M","E","R","M","R","BOSS","M","M","?","?","$","R","?","R","T","R","M","R","M","M","R","BOSS","M","COS","?","?","M","R","?","R","T","?","$","?","?","?","R","BOSS","R","$","E"],"items_purchased_type":["Relic","Relic","Relic"],"build_version":"2020-12-22","purchased_purges":0,"victory":false,"max_hp_per_floor":[72,72,72,72,72,72,72,72,72,72,72,72,72,72,72,72,72,72,72,72,72,72,72,72,72,72,72,72,77,77,77,77,77,77,77,77,77,77,77,77,77,77,77,77,77,77,77,77,84,84,84,84,84,84,84,84],"card_choices":[{"not_picked":["MariMod:Mari_Slap","MariMod:Mari_Mic_Check"],"picked":"MariMod:Mari_Tea_Time","floor":1},{"not_picked":["MariMod:Mari_Shine","MariMod:Mari_Old_Costume"],"picked":"MariMod:Mari_Lie_In_Wait","floor":3},{"not_picked":["MariMod:Mari_The_GOLDEN_STATUE","MariMod:Mari_Old_Costume"],"picked":"MariMod:Mari_Practice_Outfit","floor":5},{"not_picked":["MariMod:Mari_Closure","MariMod:Mari_Glow"],"picked":"MariMod:Mari_Golden_Glint","floor":6},{"not_picked":["MariMod:Mari_Golden_Glint","MariMod:Mari_Defiance"],"picked":"MariMod:Mari_Lie_In_Wait","floor":7},{"not_picked":["MariMod:Mari_Second_Season","MariMod:Mari_Collect_Thoughts"],"picked":"MariMod:Mari_The_FLYING_CAR","floor":10},{"not_picked":["MariMod:Mari_Sparkle","MariMod:Mari_Lets_Go"],"picked":"MariMod:Mari_Dolphin_Strike","floor":10},{"not_picked":["MariMod:Mari_Reflection","MariMod:Mari_Lets_Go"],"picked":"MariMod:Mari_Limelight","floor":11},{"not_picked":["MariMod:Mari_Self_Care","MariMod:Mari_Pretty_Bomber_Head"],"picked":"MariMod:Mari_Approved","floor":12},{"not_picked":["MariMod:Mari_Golden_Glint","MariMod:Mari_Fragile_Hope"],"picked":"MariMod:Mari_Well_Kept_Secret","floor":14},{"not_picked":["MariMod:Mari_All_Or_Nothing","MariMod:Mari_Administrator_Privilege"],"picked":"MariMod:Mari_SHINY","floor":16},{"not_picked":["MariMod:Mari_Pent_Up_Emotions","MariMod:Mari_Defiance+1"],"picked":"MariMod:Mari_Reckless_Driving","floor":18},{"not_picked":["MariMod:Mari_Pretty_Bomber_Head","MariMod:Mari_Unveiled_Secret"],"picked":"MariMod:Mari_Character_Development","floor":19},{"not_picked":["MariMod:Mari_The_FLYING_CAR+1","MariMod:Mari_Collect_Thoughts"],"picked":"MariMod:Mari_Approved","floor":19},{"not_picked":["MariMod:Mari_Pent_Up_Emotions","MariMod:Mari_Shut_Up"],"picked":"MariMod:Mari_Wishing_Fountain+1","floor":28},{"not_picked":["MariMod:Mari_Its_Joke","MariMod:Mari_Withdrawal"],"picked":"MariMod:Mari_Fire_Strike+1","floor":30},{"not_picked":["MariMod:Mari_Fragile_Hope","MariMod:Mari_Self_Care+1"],"picked":"MariMod:Mari_Heavy_Metal","floor":31},{"not_picked":["MariMod:Mari_Wishing_Fountain","MariMod:Mari_Research"],"picked":"MariMod:Mari_Choreography","floor":33},{"not_picked":["MariMod:Mari_Supervision","MariMod:Mari_Grand_Scheme"],"picked":"MariMod:Mari_Oh_My_God","floor":33},{"not_picked":["MariMod:Mari_Lets_Go+1","MariMod:Mari_Lie_In_Wait+1","Delirium"],"picked":"MariMod:Mari_Sparkle+1","floor":35},{"not_picked":["MariMod:Mari_Character_Development","MariMod:Mari_The_Light_We_Chase","MariMod:Mari_Expensive_Tastes"],"picked":"MariMod:Mari_The_HELICOPTER","floor":37},{"not_picked":["MariMod:Mari_Fragile_Hope","MariMod:Mari_Tough_Front+1","Languid"],"picked":"MariMod:Mari_Heavy_Price","floor":37},{"not_picked":["MariMod:Mari_Self_Care","MariMod:Mari_Defiance","Writhe"],"picked":"MariMod:Mari_Shut_Up","floor":39},{"not_picked":["MariMod:Mari_Defiance+1","MariMod:Mari_Fire_Strike","Voices"],"picked":"MariMod:Mari_Overexertion","floor":41},{"not_picked":["Gensokyo:DreamlikeParadise","Gensokyo:HouraiInAPot"],"picked":"Gensokyo:RainbowDanmaku","floor":46}],"player_experience":263768,"relics_obtained":[{"floor":10,"key":"Meat on the Bone"},{"floor":10,"key":"LetterFromLob"},{"floor":12,"key":"Replay:Multitool"},{"floor":15,"key":"qcfpunch:Broken_Tusk"},{"floor":23,"key":"aspiration:Lifesprig"},{"floor":26,"key":"DemoMod:LamentConfigurum"},{"floor":29,"key":"Durian"},{"floor":40,"key":"Smiling Mask"},{"floor":43,"key":"Snack Pack"},{"floor":49,"key":"Strawberry"}],"event_choices":[],"is_beta":false,"boss_relics":[{"not_picked":["TimeKeys","Cursed Key"],"picked":"JellyFishMachine"},{"not_picked":["testmod-SaigiyounoYou","MoonlightInvasionPlan"],"picked":"REME_DemonsWealth"}],"items_purged_floors":[],"is_endless":false,"potions_floor_spawned":[3,5,10,11,28,30,37,41],"killed_by":"Shield and Spear","ascension_level":0}}