{"host":"dwyzfvnzfcqffr30","time":1610878101,"event":{"mods":["2.2 Compatiblity","Act Like it!","BaseMod","Beaked The Cultist","Better Altar","Better Match","Better Note","Better Sensory Stone","Better Skull","Better Third Choice","Clockwork Mod","Colored Map","Colored Powertips","Conspire","Elementarium","GifTheSpireLib","Halation","Hermit","Hubris","Infinite Spire","Ironclad Rager","Jedi Mod","Menagerie","Mimic Mod","Minty Spire (QoL Compilation)","Permanent Neow","Random Character Button","Replay The Spire","Spicy Shops","Spikes Relics","StSLib","Stuff the Spire","The Construct","The Disciple","The Druid","The Marked","TheFirefly","Trackpad","Wandering Minibosses","vexMod"],"gold_per_floor":[116,116,41,59,75,75,115,40,40,74,74,108,135,154,154,240,240,267,267,303,448,448,448,448,448],"floor_reached":24,"language":"ENG","playtime":1970,"items_purged":["beaked:Strike_Y+1"],"score":424,"play_id":"84be40fb-128c-4846-80f3-ea73fbed6e04","local_time":"20210117020821","is_ascension_mode":true,"campfire_choices":[{"floor":6,"key":"RECALL"},{"floor":11,"key":"REST"},{"data":"beaked:RitualOfBody+1","floor":15,"key":"SMITH"},{"data":"beaked:BraceForImpact+1","floor":23,"key":"SMITH"}],"circlet_count":0,"master_deck":["AscendersBane","beaked:Strike_Y+1","beaked:Strike_Y+1","beaked:Strike_Y+1","beaked:Strike_Y+1","beaked:Strike_Y+1","beaked:Defend_Y+1","beaked:Defend_Y+1","beaked:Defend_Y+1","beaked:Defend_Y+1","beaked:Ceremony+1","beaked:Ceremony+1","beaked:Ceremony+1","beaked:MimicMachine+1","Apotheosis+1","MasterReality+1","beaked:BraceForImpact+2","beaked:BloodRitual+1","beaked:Resilience+1","Reforge+1","beaked:Evade+1","beaked:WarriorEssence+1","beaked:RitualOfBody+2","Elementarium:StickyTar"],"relics":["beaked:MendingPlumage","infinitespire:EvilPickle","Bottled Tornado","conspire:InfiniteJournal","Quantum Egg","Molten Egg 2","Toxic Egg 2","Frozen Egg 2","trackpad:WritersBlock","trackpad:ByrdCharm","infinitespire:Broken Mirror","infinitespire:Golems Mask","Menagerie:GrandMagusSpellbook","conspire:SpecialSausage","hubris:Icosahedron","Ornamental Fan","ZombieTooth"],"acts_visited":["Menagerie:Menagerie","Elementarium:Elementarium"],"potions_floor_usage":[7,13,18,21,24],"damage_taken":[{"damage":7,"enemies":"Menagerie:MonstrousExperiment","floor":1,"turns":6},{"damage":4,"enemies":"Menagerie:WhisperingWraith","floor":4,"turns":6},{"damage":16,"enemies":"Menagerie:StygianBoar","floor":5,"turns":4},{"damage":17,"enemies":"Menagerie:VoidReaper","floor":7,"turns":8},{"damage":41,"enemies":"Menagerie:MaskedSummoner","floor":10,"turns":9},{"damage":9,"enemies":"Menagerie:VoidReaper","floor":12,"turns":5},{"damage":27,"enemies":"Menagerie:GrandMagus","floor":13,"turns":6},{"damage":7,"enemies":"Menagerie:KEEPER_AND_YOUNG_SUNEATER","floor":14,"turns":4},{"damage":12,"enemies":"Menagerie:Chimera","floor":16,"turns":8},{"damage":1,"enemies":"Elementarium:Cyclone","floor":18,"turns":5},{"damage":36,"enemies":"conspire:MimicChest","floor":20,"turns":11},{"damage":26,"enemies":"Elementarium:MUD_AND_TAR_GOLEMS","floor":21,"turns":7},{"damage":52,"enemies":"Elementarium:ElementalPortal","floor":24,"turns":2}],"seed_played":"-8680504277492658853","potions_obtained":[{"floor":7,"key":"Fruit Juice"},{"floor":10,"key":"FearPotion"},{"floor":12,"key":"Venom Potion"},{"floor":16,"key":"Energy Potion"},{"floor":20,"key":"jedi:holywater"},{"floor":21,"key":"SteroidPotion"}],"is_trial":false,"path_per_floor":["M","?","$","M","M","R","E","$","T","E","R","E","?","M","R","B",null,"M","?","?","M","AVR","R","E"],"character_chosen":"BEAKED_THE_CULTIST","items_purchased":["Reforge+1"],"campfire_rested":1,"item_purchase_floors":[8],"current_hp_per_floor":[45,33,33,45,40,40,50,50,50,36,50,50,37,46,46,50,50,49,49,44,44,44,44,0,0],"gold":448,"neow_bonus":"THREE_CARDS","is_daily":false,"chose_seed":false,"campfire_upgraded":2,"win_rate":0.0,"timestamp":1610878101,"path_taken":["M","?","$","?","M","R","E","$","T","E","R","E","?","M","R","BOSS","M","?","?","M","AVR","R","E"],"items_purchased_type":["Card"],"build_version":"2020-12-22","purchased_purges":1,"victory":false,"max_hp_per_floor":[45,45,45,45,45,45,50,50,50,50,50,50,50,50,50,50,50,50,50,50,50,50,50,50,50],"card_choices":[{"not_picked":["beaked:DigDeep","beaked:Struggle"],"picked":"beaked:MimicMachine","floor":0},{"not_picked":["beaked:Redirect+1","beaked:Tweet+1"],"picked":"beaked:BraceForImpact+1","floor":1},{"not_picked":["beaked:DigDeeper+1","beaked:Foresight+1"],"picked":"beaked:BloodRitual+1","floor":4},{"not_picked":["beaked:RuinSticks+1","ReplayTheSpireMod:RavenHex+1","beaked:SurvivalInstinct+1"],"picked":"SKIP","floor":5},{"not_picked":["beaked:Devastation+1","beaked:Evade+1"],"picked":"beaked:Resilience+1","floor":7},{"not_picked":["beaked:Cower+1","beaked:StickSmack+1"],"picked":"beaked:Evade+1","floor":10},{"not_picked":["beaked:Flinch+1","beaked:DigDeep+1"],"picked":"beaked:WarriorEssence+1","floor":12},{"not_picked":["beaked:TuckingFeathers+1","beaked:DesperateSwing+1"],"picked":"beaked:RitualOfBody+1","floor":14},{"not_picked":["beaked:Evade+1","beaked:Tweet+1","beaked:Daydream+1"],"picked":"SKIP","floor":18},{"not_picked":["beaked:Foresight+1","beaked:SacrificialDive+1","beaked:Windmill+1"],"picked":"SKIP","floor":21}],"player_experience":2138860,"relics_obtained":[{"floor":7,"key":"trackpad:ByrdCharm"},{"floor":10,"key":"infinitespire:Broken Mirror"},{"floor":12,"key":"infinitespire:Golems Mask"},{"floor":20,"key":"Ornamental Fan"}],"event_choices":[{"damage_healed":0,"gold_gain":0,"player_choice":"Simplicity","damage_taken":0,"max_hp_gain":0,"max_hp_loss":10,"event_name":"betterThird:BetterWriting","floor":0,"gold_loss":0},{"damage_healed":0,"gold_gain":0,"player_choice":"RE ","damage_taken":14,"relics_obtained":["trackpad:WritersBlock"],"max_hp_gain":0,"max_hp_loss":0,"event_name":"betterSkull:BetterSkull","floor":2,"gold_loss":0,"cards_upgraded":[]},{"damage_healed":0,"gold_gain":0,"player_choice":"Steal","damage_taken":0,"relics_obtained":["Menagerie:GrandMagusSpellbook"],"max_hp_gain":0,"max_hp_loss":0,"event_name":"Menagerie:GrandMagusTower","floor":13,"gold_loss":0}],"is_beta":false,"boss_relics":[{"not_picked":["Painkiller Herb","StuffTheSpire:ModemDavis"],"picked":"conspire:SpecialSausage"}],"items_purged_floors":[3],"is_endless":false,"potions_floor_spawned":[7,10,12,16,20,21],"killed_by":"Elementarium:ElementalPortal","ascension_level":14}}