{"host":"8lgo2trwv2o0qyml","time":1610911694,"event":{"mods":["BaseMod","Colored Map","Colored Powertips","DeckTracker","Highlight Path","Hubris","Infinite Spire","Minty Spire (QoL Compilation)","Quick Restart","Random Character Button","Relic Sorter","Replay The Spire","StSLib","SuperFastMode","Synergy Search"],"gold_per_floor":[113,132,132,156,181,219,219,219,246,296,261,301,359,365,365],"floor_reached":14,"playtime":534,"items_purged":[],"score":98,"play_id":"eecec1a1-db13-4fae-86b1-59b1844f7fcb","local_time":"20210117142814","is_ascension_mode":false,"campfire_choices":[{"floor":7,"key":"REST"}],"circlet_count":0,"master_deck":["Strike_G","Strike_G","Strike_G","Strike_G","Strike_G","Defend_G","Defend_G","Defend_G+1","Defend_G","Defend_G+1","Survivor","Neutralize","Deadly Poison","Blade Dance","Toxin Wave","Dash","ReplayTheSpireMod:Shiv Toss","Hallucinations","Prepared","ReplayTheSpireMod:Splinters","Distraction","Clumsy"],"relics":["Ring of the Snake","NeowsBlessing","Golden Idol","War Paint","hubris:SlimyHat","Ring of Greed","Ring of Misfortune","Golden Egg","Replay:Bandana","hubris:DisguiseKit","Frozen Egg 2"],"acts_visited":["Exordium"],"potions_floor_usage":[6,6,14],"damage_taken":[{"damage":0,"enemies":"2 Louse","floor":1,"turns":1},{"damage":0,"enemies":"Small Slimes","floor":2,"turns":1},{"damage":0,"enemies":"Cultist","floor":4,"turns":1},{"damage":5,"enemies":"2 Fungi Beasts","floor":5,"turns":3},{"damage":22,"enemies":"3 Sentries","floor":6,"turns":6},{"damage":29,"enemies":"Lagavulin","floor":12,"turns":9},{"damage":42,"enemies":"Gremlin Nob","floor":14,"turns":5}],"seed_played":"-3584735521602139885","potions_obtained":[{"floor":2,"key":"AttackPotion"},{"floor":4,"key":"SteroidPotion"},{"floor":13,"key":"SneckoOil"}],"is_trial":false,"path_per_floor":["M","M","?","M","M","E","R","?","T","?","?","E","?","E"],"character_chosen":"THE_SILENT","items_purchased":[],"campfire_rested":1,"item_purchase_floors":[],"current_hp_per_floor":[70,70,53,53,48,26,47,47,47,47,64,35,35,0,0],"gold":365,"neow_bonus":"THREE_ENEMY_KILL","is_daily":false,"chose_seed":false,"campfire_upgraded":0,"win_rate":0.0,"timestamp":1610911694,"path_taken":["M","M","?","M","M","E","R","?","T","?","?","E","?","E"],"items_purchased_type":[],"build_version":"2020-12-22","purchased_purges":0,"victory":false,"max_hp_per_floor":[70,70,70,70,70,70,70,70,70,70,70,70,70,70,70],"card_choices":[{"not_picked":["Sucker Punch","Caltrops"],"picked":"Deadly Poison","floor":1},{"not_picked":["Calculated Gamble","Poisoned Stab"],"picked":"Blade Dance","floor":2},{"not_picked":["Deflect","ReplayTheSpireMod:The Works"],"picked":"Toxin Wave","floor":4},{"not_picked":["Outmaneuver","Blade Dance"],"picked":"Dash","floor":5},{"not_picked":["Noxious Fumes","Blade Dance"],"picked":"ReplayTheSpireMod:Shiv Toss","floor":6},{"not_picked":["Predator","Outmaneuver"],"picked":"Prepared","floor":12},{"not_picked":["Poisoned Stab","Fluid Movement+1","Spot Weakness"],"picked":"Distraction","floor":13}],"player_experience":90591,"relics_obtained":[{"floor":6,"key":"War Paint"},{"floor":9,"key":"hubris:SlimyHat"},{"floor":10,"key":"Ring of Greed"},{"floor":10,"key":"Ring of Misfortune"},{"floor":10,"key":"Golden Egg"},{"floor":10,"key":"Replay:Bandana"},{"floor":12,"key":"hubris:DisguiseKit"},{"floor":13,"key":"Frozen Egg 2"}],"event_choices":[{"damage_healed":0,"gold_gain":0,"player_choice":"Take Damage","damage_taken":17,"relics_obtained":["Golden Idol"],"max_hp_gain":0,"max_hp_loss":0,"event_name":"Golden Idol","floor":3,"gold_loss":0},{"damage_healed":17,"gold_gain":0,"player_choice":"Healed","damage_taken":0,"max_hp_gain":0,"max_hp_loss":0,"event_name":"The Cleric","floor":11,"gold_loss":35}],"is_beta":false,"boss_relics":[],"items_purged_floors":[],"is_endless":false,"potions_floor_spawned":[2,4],"killed_by":"Gremlin Nob","ascension_level":0}}