{"host":"nnxvcju6x1qybncj","time":1610910374,"event":{"mods":["BaseMod","Displayed Cursed Tome","Downfall","Evolution","Jorbs\u0027s Wanderer Trilogy","Minty Spire (QoL Compilation)","Quick Restart","StSLib"],"gold_per_floor":[109,127,127,202,214,214,249,28,51,51,61,61,74,101,101,176,176,194,225,225,118,168,168,178,197,273,273,299,66,85,95,95,95,95],"floor_reached":33,"language":"ENG","playtime":1449,"items_purged":["Strike_R"],"score":520,"play_id":"44ed852a-2697-409d-a980-a985f121cd6d","local_time":"20210117200614","is_ascension_mode":true,"campfire_choices":[{"data":"Bash","floor":6.0,"key":"SMITH"},{"data":"Perfected Strike","floor":10.0,"key":"SMITH"},{"data":"Spot Weakness","floor":15.0,"key":"SMITH"},{"floor":23.0,"key":"REST"},{"floor":32,"key":"REST"}],"circlet_count":0,"master_deck":["AscendersBane","Pommel Strike","Pommel Strike","Strike_R","Strike_R","Defend_R","Defend_R","Defend_R","Defend_R","Bash+1","Metallicize","Pommel Strike","Spot Weakness+1","Perfected Strike+1","Power Through","Twin Strike","Clothesline","Perfected Strike","Perfected Strike","Burning Pact","Perfected Strike","Spot Weakness","Perfected Strike+1"],"relics":["Burning Blood","EVO:Axolotl","NeowsBlessing","Orichalcum","Bag of Marbles","Ancient Tea Set","Blood Vial","Runic Pyramid","Red Mask","Meat on the Bone","Anchor","Regal Pillow"],"acts_visited":["Exordium","TheCity"],"potions_floor_usage":[33],"damage_taken":[{"damage":0.0,"enemies":"Small Slimes","floor":1.0,"turns":1.0},{"damage":0.0,"enemies":"2 Louse","floor":2.0,"turns":1.0},{"damage":0.0,"enemies":"Jaw Worm","floor":5.0,"turns":1.0},{"damage":24.0,"enemies":"Lagavulin","floor":7.0,"turns":6.0},{"damage":6.0,"enemies":"2 Fungi Beasts","floor":11.0,"turns":3.0},{"damage":5.0,"enemies":"3 Louse","floor":13.0,"turns":4.0},{"damage":4.0,"enemies":"Gremlin Nob","floor":14.0,"turns":3.0},{"damage":57.0,"enemies":"Hexaghost","floor":16.0,"turns":12.0},{"damage":12.0,"enemies":"3 Byrds","floor":18.0,"turns":6.0},{"damage":41.0,"enemies":"Masked Bandits","floor":19.0,"turns":6.0},{"damage":8.0,"enemies":"Shell Parasite","floor":24.0,"turns":3.0},{"damage":8.0,"enemies":"3 Cultists","floor":25.0,"turns":5.0},{"damage":54,"enemies":"Gremlin Leader","floor":28,"turns":4},{"damage":15,"enemies":"Shelled Parasite and Fungi","floor":30,"turns":4},{"damage":18,"enemies":"Centurion and Healer","floor":31,"turns":4},{"damage":43,"enemies":"Automaton","floor":33,"turns":6}],"seed_played":"-5712664933813545308","potions_obtained":[{"floor":2.0,"key":"FearPotion"},{"floor":5.0,"key":"BlessingOfTheForge"},{"floor":14.0,"key":"Ancient Potion"},{"floor":18.0,"key":"ElixirPotion"},{"floor":30,"key":"ElixirPotion"},{"floor":31,"key":"Fire Potion"}],"is_trial":false,"path_per_floor":["M","M","?","?","M","R","E","$","T","R","M","$","M","E","R","B",null,"M","?","?","$","?","R","M","M","T","?","E","$","M","M","R","B"],"character_chosen":"IRONCLAD","items_purchased":["Perfected Strike","Bag of Marbles","Perfected Strike","Burning Pact","Regal Pillow"],"campfire_rested":2,"item_purchase_floors":[8,8,21,21,29],"current_hp_per_floor":[74,75,80,69,75,75,57,57,57,57,57,57,58,60,60,11,63,59,26,26,26,26,50,50,50,50,80,44,44,49,51,80,37,37],"gold":95,"neow_bonus":"THREE_ENEMY_KILL","is_daily":false,"chose_seed":false,"campfire_upgraded":3,"win_rate":0.0,"timestamp":1610910374,"path_taken":["M","M","?","?","M","R","E","?","T","R","M","$","M","E","R","BOSS","M","?","?","$","?","R","M","?","T","?","E","$","M","M","R","BOSS"],"items_purchased_type":["Card","Relic","Card","Card","Relic"],"build_version":"2020-12-22","purchased_purges":1,"victory":false,"max_hp_per_floor":[75,75,80,80,80,80,80,80,80,80,80,80,80,80,80,80,80,80,80,80,80,80,80,80,80,80,80,80,80,80,80,80,80,80],"card_choices":[{"not_picked":["Clash","Clothesline"],"picked":"Metallicize","floor":1.0},{"not_picked":["Seeing Red","Armaments"],"picked":"Pommel Strike","floor":2.0},{"not_picked":["Twin Strike","Heavy Blade"],"picked":"Spot Weakness","floor":5.0},{"not_picked":["Feed","Fire Breathing"],"picked":"Rampage","floor":7.0},{"not_picked":["Havoc","Rupture"],"picked":"Power Through","floor":11.0},{"not_picked":["Flex","Havoc"],"picked":"Twin Strike","floor":13.0},{"not_picked":["Iron Wave","Hemokinesis","Sever Soul"],"picked":"SKIP","floor":14.0},{"not_picked":["Thunderclap+1","Armaments"],"picked":"Clothesline","floor":18.0},{"not_picked":["Cleave","Armaments"],"picked":"Perfected Strike","floor":19.0},{"not_picked":["Clash","Wild Strike"],"picked":"Perfected Strike","floor":24.0},{"not_picked":["Battle Trance","Searing Blow","Body Slam"],"picked":"SKIP","floor":25.0},{"not_picked":["Body Slam","Sever Soul+1"],"picked":"Spot Weakness","floor":28},{"not_picked":["Clash","Flex+1"],"picked":"Perfected Strike+1","floor":30},{"not_picked":["Evolve","Blood for Blood","Perfected Strike"],"picked":"SKIP","floor":31}],"player_experience":683479,"relics_obtained":[{"floor":7.0,"key":"Orichalcum"},{"floor":9.0,"key":"Ancient Tea Set"},{"floor":14.0,"key":"Blood Vial"},{"floor":19.0,"key":"Red Mask"},{"floor":26.0,"key":"Meat on the Bone"},{"floor":28,"key":"Anchor"}],"event_choices":[{"damage_healed":0.0,"max_hp_gain":5.0,"max_hp_loss":0.0,"gold_gain":0.0,"event_name":"Big Fish","player_choice":"Donut","floor":3.0,"gold_loss":0.0,"damage_taken":0.0},{"damage_healed":0.0,"max_hp_gain":0.0,"max_hp_loss":0.0,"gold_gain":75.0,"event_name":"World of Goop","player_choice":"Gather Gold","floor":4.0,"gold_loss":0.0,"damage_taken":11.0},{"damage_healed":0.0,"max_hp_gain":0.0,"max_hp_loss":0.0,"gold_gain":0.0,"event_name":"Masked Bandits","player_choice":"Fought Bandits","floor":19.0,"gold_loss":0.0,"damage_taken":0.0},{"damage_healed":0.0,"max_hp_gain":0.0,"max_hp_loss":0.0,"gold_gain":50.0,"event_name":"Golden Shrine","player_choice":"Pray","floor":22.0,"gold_loss":0.0,"damage_taken":0.0},{"cards_removed":["Rampage"],"damage_healed":30.0,"max_hp_gain":0.0,"max_hp_loss":0.0,"gold_gain":0.0,"event_name":"Bonfire Elementals","player_choice":"Offered Uncommon","floor":27.0,"gold_loss":0.0,"damage_taken":0.0}],"is_beta":false,"boss_relics":[{"not_picked":["Runic Cube","Empty Cage"],"picked":"Runic Pyramid"}],"items_purged_floors":[29],"is_endless":false,"potions_floor_spawned":[2,5,14,18,30,31],"killed_by":"Automaton","ascension_level":16}}