{"host":"w5vfr18i2ft1pzo2","time":1610858729,"event":{"mods":["AchievementEnabler","Act Like it!","Aspiration","BaseMod","Better Debug","Better Third Choice","BetterRewards","Colored Map","Colored Powertips","Conspire","Curses Come First","DNKmod","Defuse TimeMaze Blight","Dota2Spire","Elementarium","Energized Spire","Evolution","Force Act Four","Fox Events","Friendly Minions","Gensokyo","GifTheSpireLib","Gold Saver","Halation","Hallownest","Hubris","Hyrulean Relics","Infinite Spire","Jedi Mod","Marisa????????","Minty Spire (QoL Compilation)","MostiFishMod","Poor People Problems","Prisma Mod","Reimu??????","Remilia??????","Replay The Spire","SacredBarkPlus","Shop Mod","Small Relic Pack","Spicy Shops","Spikes Relics","StSLib","Stuff the Spire","SuperFastMode","Synergy Search","The Animator","The Blue Laboratory","The Servant 0.9.4","Trackpad","Treasure Hunter","Uncapped","Wandering Minibosses","Yakumo Yukari mod","noobMod","vexMod","??????REMEMod"],"gold_per_floor":[1909,830,830,846,846,846,872,892,943,280,51,76,76,89,89,197,197,210,210,309,224,224,256,275,354,378,378,390,400,400,416,416,523,523,540,540,540,555,568,600,600,631,631,651,390,390,421,438,438,438,438,438,784,836,893,893,893,121,197,278,278,34,135,211,211,114,235,235,241,241],"floor_reached":69,"language":"ENG","playtime":2012,"items_purged":["Strike_G","Defend_G","Strike_G","Strike_G","Strike_G","Strike_G","StuffTheSpire:BumpUp+1"],"score":1407,"play_id":"5c301674-921e-4fd5-9710-22e2ddcb7651","local_time":"20210117124529","is_ascension_mode":true,"campfire_choices":[{"data":"MostiFishMod:Mottled","floor":6,"key":"SMITH"},{"data":"REME_GreenPollution","floor":13,"key":"SMITH"},{"floor":15,"key":"RECALL"},{"data":"Bouncing Flask","floor":32,"key":"SMITH"},{"data":"jedi:unstablefumes","floor":41,"key":"SMITH"},{"data":"ReplayTheSpireMod:Black Plague","floor":49,"key":"SMITH"},{"data":"Poison Darts","floor":52,"key":"SMITH"},{"floor":68,"key":"REST"}],"circlet_count":0,"master_deck":["Defend_G","Defend_G+1","Defend_G+1","Defend_G","Survivor+1","Neutralize","MostiFishMod:Mottled+2","Deflect+1","TH:CopperCoins","Prepared","TH:TreasureMap+1","Acrobatics+1","jedi:brewingpoison","REME_GreenPollution+1","TH:BikiniMail","Bouncing Flask+1","Malaise+1","Noxious Fumes+1","Chaos+1","animator:HigakiRinne+1","MostiFishMod:Neurotoxin+1","animator:HigakiRinne+1","jedi:unstablefumes+1","TH:DeckOfManyThings+1","Poison Darts+1","MostiFishMod:ButterFly+1","TH:CopperCoins+1","jedi:pocketpoison+1","TH:DeckOfManyThings+1","jedi:brewingpoison+1","TH:DeckOfManyThings+1","Catalyst+1","animator:HigakiRinne+1","Bouncing Flask+1","wanderingMiniBosses:FinaleOfPromise+1","Quick Slash+1","Acrobatics","Tools of the Trade+1","REME_ProfessionalPlagiarism+1","Toxin Wave+1","MostiFishMod:ShivMaster+1","Finesse"],"relics":["animator:TheWolleyCore","Ring of the Snake","animator:AncientMedallion"],"acts_visited":["Exordium","TheCity","TheBeyond","TheEnding","EYB:TheUnnamedReign"],"potions_floor_usage":[69,69,69,69,69],"damage_taken":[{"damage":0,"enemies":"Jaw Worm","floor":1,"turns":2},{"damage":0,"enemies":"Cultist","floor":4,"turns":1},{"damage":0,"enemies":"Lagavulin","floor":7,"turns":2},{"damage":0,"enemies":"2 Louse","floor":8,"turns":1},{"damage":0,"enemies":"3 Sentries","floor":12,"turns":2},{"damage":0,"enemies":"Exordium Wildlife","floor":14,"turns":2},{"damage":0,"enemies":"Fading Forest","floor":16,"turns":6},{"damage":0,"enemies":"Spheric Guardian","floor":18,"turns":2},{"damage":0,"enemies":"Slavers","floor":23,"turns":1},{"damage":0,"enemies":"Chosen","floor":24,"turns":1},{"damage":0,"enemies":"Centurion and Healer","floor":25,"turns":1},{"damage":0,"enemies":"Sentry and Sphere","floor":28,"turns":1},{"damage":0,"enemies":"Snake Plant","floor":29,"turns":1},{"damage":0,"enemies":"Centurion and Healer","floor":31,"turns":1},{"damage":0,"enemies":"hubris:MusketHawk","floor":33,"turns":2},{"damage":0,"enemies":"3 Shapes","floor":35,"turns":1},{"damage":0,"enemies":"3 Darklings","floor":38,"turns":1},{"damage":0,"enemies":"Jaw Worm Horde","floor":39,"turns":1},{"damage":0,"enemies":"R_Hoarder","floor":40,"turns":2},{"damage":0,"enemies":"Giant Head","floor":42,"turns":2},{"damage":0,"enemies":"Writhing Mass","floor":44,"turns":1},{"damage":0,"enemies":"conspire:MimicChest","floor":47,"turns":1},{"damage":2,"enemies":"4 Shapes","floor":48,"turns":1},{"damage":0,"enemies":"Replay:Hell Engine","floor":50,"turns":2},{"damage":0,"enemies":"animator:UNNAMED_CULTIST_1","floor":54,"turns":6},{"damage":0,"enemies":"animator:UNNAMED_HAT","floor":55,"turns":5},{"damage":25,"enemies":"animator:TRIPLE_LAGAVULIN","floor":59,"turns":3},{"damage":28,"enemies":"animator:UNNAMED_CULTIST_2","floor":60,"turns":5},{"damage":53,"enemies":"animator:ULTIMATE_CRYSTAL","floor":63,"turns":6},{"damage":17,"enemies":"animator:ULTIMATE_CUBE","floor":67,"turns":5},{"damage":128,"enemies":"animator:TheUnnamed","floor":69,"turns":5}],"seed_played":"-2465318554675890271","potions_obtained":[{"floor":8,"key":"LiquidMemories"},{"floor":14,"key":"PowerPotion"},{"floor":16,"key":"Venom Potion"},{"floor":54,"key":"animator:FalseLifePotion"},{"floor":55,"key":"animator:FalseLifePotion"},{"floor":59,"key":"animator:FalseLifePotion"},{"floor":60,"key":"animator:FalseLifePotion"}],"is_trial":false,"path_per_floor":["M","$","?","M","?","R","E","M","T","$","$","E","R","M","R","B",null,"M","AVR","?","?","?","E","M","M","T","?","M","M","?","M","R","B",null,"M","AVR","?","M","M","E","R","E","T","M","$","?","?","M","R","B",null,"R","??","M","M","T","?","$","M","M","?","$","E","T","?","$","E","R","B"],"character_chosen":"THE_SILENT","items_purchased":["MerchantsRug","halation:Convergence","vexMod:PlasmaPancake","Dota2Spire:LinkenSphere","StuffTheSpire:GrapeVine","Acrobatics","jedi:brewingpoison+1","StuffTheSpire:Experiment12","trackpad:HandOfMidas","REME_GreenPollution","ToxicTincture","animator:AncientMedallion","animator:AncientMedallion","animator:AncientMedallion","REME_ProfessionalPlagiarism","Toxin Wave","Finesse"],"campfire_rested":1,"item_purchase_floors":[2,2,2,2,2,10,10,10,10,11,11,58,58,58,62,62,66],"current_hp_per_floor":[64,70,70,71,74,74,75,76,76,76,76,77,77,78,78,79,79,79,79,79,79,79,79,79,79,79,60,61,62,62,63,63,64,75,76,76,76,77,78,79,79,82,82,82,82,82,82,84,84,85,85,85,92,92,92,92,92,92,67,78,78,78,39,39,39,39,75,92,0,0],"gold":241,"neow_bonus":"RANDOM_COMMON_RELIC","is_daily":false,"chose_seed":false,"campfire_upgraded":6,"win_rate":0.0,"timestamp":1610858729,"path_taken":["M","$","?","?","?","R","E","M","T","?","$","E","R","?","R","BOSS","M","AVR","?","?","?","E","M","?","T","?","M","M","?","M","R","BOSS","M","AVR","?","?","M","E","R","E","T","M","?","?","?","M","R","BOSS","R","??","M","M","T","?","$","M","M","?","$","E","T","?","$","E","R","BOSS"],"items_purchased_type":["Relic","Relic","Relic","Relic","Relic","Card","Card","Relic","Relic","Card","Relic","Relic","Relic","Relic","Card","Card","Card"],"build_version":"2020-12-22","purchased_purges":7,"victory":false,"max_hp_per_floor":[70,76,76,76,79,79,79,79,79,79,79,79,79,79,79,79,79,79,79,79,79,79,79,79,79,79,79,79,79,79,79,79,79,79,79,79,79,79,79,79,79,82,82,82,82,82,82,85,85,85,85,85,92,92,92,92,92,92,92,92,92,92,92,92,92,92,92,92,92,92],"card_choices":[{"not_picked":["ReplayTheSpireMod:The Works","StuffTheSpire:Python"],"picked":"Deflect","floor":1},{"not_picked":["StuffTheSpire:BumpUp","Flying Knee","Choke","Sucker Punch","StuffTheSpire:Injection"],"picked":"SKIP","floor":4},{"not_picked":["TH:PixieDust","TH:ElvenBoots","TH:CursedSword"],"picked":"TH:CopperCoins","floor":7},{"not_picked":["Bouncing Flask","jedi:acidrain","StuffTheSpire:Injection","Choke"],"picked":"MostiFishMod:FullyArmed","floor":7},{"not_picked":["REME_ShadowStrike","Quick Slash","Blur","Underhanded Strike"],"picked":"Prepared","floor":8},{"not_picked":["TH:ElvenBoots","TH:Mimic","TH:DeckOfManyThings"],"picked":"TH:TreasureMap","floor":9},{"not_picked":["TH:TreasureMap","TH:ElvenBoots","TH:DeckOfManyThings"],"picked":"TH:BikiniMail","floor":12},{"not_picked":["ReplayTheSpireMod:The Works","ReplayTheSpireMod:From All Sides","Prepared","Dagger Throw","Underhanded Strike"],"picked":"SKIP","floor":12},{"not_picked":["Poisoned Stab","Sucker Punch","MostiFishMod:PerfectParry","Dagger Throw"],"picked":"Bouncing Flask","floor":14},{"not_picked":["TH:CursedSword","TH:BikiniMail","TH:PixieDust"],"picked":"TH:TreasureMap","floor":16},{"not_picked":["PiercingWail","Outmaneuver","MostiFishMod:InvigoratingSolution","Cloak And Dagger","hubris:SlightOfHand+1"],"picked":"SKIP","floor":18},{"not_picked":["TH:ArmorSpikes","TH:CursedSword","TH:Mimic","TH:TreasureMap"],"picked":"SKIP","floor":23},{"not_picked":["Blade Dance","Bane+1","Backstab","Caltrops+1","Deflect"],"picked":"SKIP","floor":23},{"not_picked":["StuffTheSpire:ClusterCrunch","Outmaneuver+1","Flying Knee","Bane"],"picked":"StuffTheSpire:BrimstoneBlast+1","floor":24},{"not_picked":["StuffTheSpire:DoubleShiv","Leg Sweep","Dagger Throw+1","Hidden Blade+1"],"picked":"MostiFishMod:Neurotoxin","floor":25},{"not_picked":["TH:TreasureMap","TH:DeckOfManyThings","TH:EnergyPotion","TH:Mimic"],"picked":"SKIP","floor":26},{"not_picked":["Outmaneuver","StuffTheSpire:Python","Prepared+1","Dodge and Roll","Sucker Punch+1"],"picked":"SKIP","floor":28},{"not_picked":["Slice","jedi:unstablefumes","Hidden Blade","Prepared","Riddle With Holes"],"picked":"SKIP","floor":29},{"not_picked":["Slice","Hidden Blade","Prepared","Riddle With Holes"],"picked":"jedi:unstablefumes","floor":29},{"not_picked":["Deflect+1","hubris:Sniper+1","Cloak And Dagger","Predator","Poisoned Stab+1"],"picked":"SKIP","floor":31},{"not_picked":["TH:ArmorSpikes","TH:BikiniMail","TH:TreasureMap"],"picked":"TH:DeckOfManyThings","floor":33},{"not_picked":["MostiFishMod:FullyArmed","Wraith Form v2","Venomology","MostiFishMod:Neurotoxin"],"picked":"Poison Darts","floor":33},{"not_picked":["Quick Slash+1","Caltrops+1","Slice+1","Cloak And Dagger+1","StuffTheSpire:Python"],"picked":"SKIP","floor":35},{"not_picked":["Flying Knee","StuffTheSpire:Python+1","Dodge and Roll","Sucker Punch"],"picked":"StuffTheSpire:BumpUp+1","floor":38},{"not_picked":["Expertise","Hidden Blade","Dagger Spray+1","Caltrops+1","Sucker Punch+1"],"picked":"SKIP","floor":39},{"not_picked":["TH:Mimic","TH:ElvenBoots","TH:EnergyPotion"],"picked":"TH:CopperCoins","floor":40},{"not_picked":["Outmaneuver","Doppelganger","ReplayTheSpireMod:The Works+1","Underhanded Strike"],"picked":"jedi:pocketpoison+1","floor":40},{"not_picked":["TH:ElvenBoots","TH:CursedSword","TH:BikiniMail"],"picked":"TH:DeckOfManyThings","floor":42},{"not_picked":["Concentrate+1","Acrobatics+1","MostiFishMod:PoisonShield+1","Sneak Up+1"],"picked":"jedi:brewingpoison","floor":42},{"not_picked":["TH:EnergyPotion","TH:Mimic","TH:PixieDust"],"picked":"TH:DeckOfManyThings","floor":43},{"not_picked":["Outmaneuver+1","Hidden Blade+1","Heel Hook","MostiFishMod:ShivMaster"],"picked":"Catalyst+1","floor":44},{"not_picked":["Eviscerate","Concentrate","Sneak Up+1","Poisoned Stab+1"],"picked":"StuffTheSpire:Injection+1","floor":47},{"not_picked":["ReplayTheSpireMod:Exploit Weakness+1","ReplayTheSpireMod:Tripwire+1","Outmaneuver+1","Poisoned Stab+1"],"picked":"Bouncing Flask","floor":48},{"not_picked":[],"picked":"wanderingMiniBosses:FinaleOfPromise","floor":54},{"not_picked":["Predator","Cloak And Dagger+1"],"picked":"Quick Slash","floor":54},{"not_picked":["StuffTheSpire:Incantation+1","StuffTheSpire:BumpUp"],"picked":"Acrobatics","floor":55},{"not_picked":["TH:CursedSword","TH:ArmorSpikes"],"picked":"SKIP","floor":56},{"not_picked":["StuffTheSpire:ReptileScales","Riddle With Holes"],"picked":"Tools of the Trade","floor":59},{"not_picked":["Flying Knee+1","Pace","Backstab"],"picked":"SKIP","floor":60},{"not_picked":["TH:CursedSword","TH:ElvenBoots"],"picked":"SKIP","floor":63},{"not_picked":["hubris:Sniper","Backstab","ReplayTheSpireMod:The Works"],"picked":"SKIP","floor":63},{"not_picked":["TH:ElvenBoots","TH:PixieDust"],"picked":"SKIP","floor":64},{"not_picked":["StuffTheSpire:FinalStruggle+1","Glass Knife+1"],"picked":"MostiFishMod:ShivMaster+1","floor":65},{"not_picked":["TH:Mimic","TH:CursedSword"],"picked":"SKIP","floor":67},{"not_picked":["Atom Bomb","Blade Dance+1","Flying Knee+1"],"picked":"SKIP","floor":67}],"player_experience":477203,"relics_obtained":[{"floor":1,"key":"SynthV:TestCard"},{"floor":3,"key":"aspiration:StickyExplosives"},{"floor":7,"key":"SpikesRelics:DaevaFist"},{"floor":12,"key":"jedi:kaleidoscope"},{"floor":23,"key":"Mirror"},{"floor":23,"key":"Bag of Preparation"},{"floor":26,"key":"aspiration:HiddenCompartment"},{"floor":40,"key":"relicPack:DarknessArmor"},{"floor":40,"key":"trackpad:Mousetrap"},{"floor":42,"key":"halation:EternalFortune"},{"floor":42,"key":"PureWhite:ReiMu"},{"floor":42,"key":"Dota2Spire:UrnOfShadows"},{"floor":43,"key":"FossilizedHelix"},{"floor":47,"key":"RollingBoulder"},{"floor":48,"key":"halation:EternalFortune"},{"floor":53,"key":"animator:TheWolleyCore"},{"floor":54,"key":"wanderingMiniBosses:Blackblade"},{"floor":56,"key":"animator:AncientMedallion"},{"floor":63,"key":"animator:AncientMedallion"},{"floor":64,"key":"animator:AncientMedallion"},{"floor":67,"key":"animator:AncientMedallion"}],"event_choices":[{"damage_healed":0,"gold_gain":0,"player_choice":"Relic","damage_taken":0,"max_hp_gain":0,"max_hp_loss":0,"event_name":"Wheel of Change","floor":3,"gold_loss":0},{"damage_healed":0,"gold_gain":99,"player_choice":"Steal","damage_taken":0,"max_hp_gain":0,"max_hp_loss":0,"event_name":"betterThird:BetterNest","floor":20,"gold_loss":0},{"damage_healed":0,"gold_gain":0,"player_choice":"Obtained Relic","damage_taken":0,"relics_obtained":["SynthV:C4"],"max_hp_gain":0,"max_hp_loss":0,"event_name":"Addict","floor":21,"gold_loss":85},{"damage_healed":0,"gold_gain":0,"player_choice":"1 cards matched","damage_taken":0,"max_hp_gain":0,"max_hp_loss":0,"event_name":"Match and Keep!","floor":37,"gold_loss":0,"cards_obtained":["MostiFishMod:ButterFly"]},{"damage_healed":0,"gold_gain":0,"player_choice":"Leave","damage_taken":0,"max_hp_gain":0,"max_hp_loss":0,"event_name":"conspire:Investor","floor":61,"gold_loss":0}],"is_beta":false,"boss_relics":[{"not_picked":["aspiration:PoetsPen","energizedSpire:MagnifyingGlass"],"picked":"FeatherPendant"},{"not_picked":["conspire:SlowCooker","TimeKeys"],"picked":"REME_ChargedStone"}],"items_purged_floors":[2,10,10,19,36,45,45],"is_endless":false,"potions_floor_spawned":[8,14,16,23,28,29,31,33,38,42,47,48,54,59],"killed_by":"animator:TheUnnamed","ascension_level":7}}