{"host":"1fn5ivlym87f4xjq","time":1610894952,"event":{"mods":["BaseMod","BetterRewards","Colored Powertips","Conspire","Downfall","Minty Spire (QoL Compilation)","Shop Mod","Spicy Shops","StSLib","The Alterego","The Animator","The Exalted","The Forsaken","The Hierophant"],"gold_per_floor":[116,41,999998412,999997578,999997578,999997608,999997637,999997637,999997663,999996758,999996768,999996768,999996101,999996131,999996131,999996205,999996205,999996219,999996219,999996169,999996215,999992123,999992123,999992150,999992183,999992183,999992215,999989519,999989549,999985269,999985304,999985304,999985383,999985383,999985400,999985265,999985337,999985206,999985071,999985100,999985100,999985129,999985141,999985188,999985200,999985239,999985251,999985294,999985306,999985418,999985540,999985552,999985564,999985576,999985605,999984936,999984951,999984981,999984981,999984981,999984981],"floor_reached":60,"language":"ENG","playtime":2645,"items_purged":["Defend_R","Defend_R","Defend_R","Strike_R","Strike_R"],"score":4062,"play_id":"7a0d7c83-f884-40a3-9572-35c6bcdb6399","local_time":"20210117154912","daily_mods":["Vintage","Heirloom","Flight","downfall:Lament","DeadlyEvents","Elite Swarm","Lethality","downfall:Enraging","downfall:ExchangeController"],"is_ascension_mode":true,"campfire_choices":[{"floor":8.0,"key":"REST"},{"data":"Bash","floor":12.0,"key":"SMITH"},{"data":"Flash of Steel+1","floor":15.0,"key":"SMITH"},{"data":"Heavy Blade+1","floor":23.0,"key":"SMITH"},{"floor":32.0,"key":"DIG"},{"data":"RitualDagger+1","floor":41.0,"key":"SMITH"},{"data":"RitualDagger+2","floor":45.0,"key":"SMITH"},{"data":"RitualDagger+3","floor":47.0,"key":"SMITH"},{"data":"RitualDagger+4","floor":49.0,"key":"SMITH"},{"data":"RitualDagger+5","floor":59,"key":"SMITH"}],"circlet_count":15,"master_deck":["AscendersBane","Strike_R+1","Strike_R+1","Strike_R","Bash+1","Armaments+1","Armaments+1","Madness+1","Immolate+1","Flash of Steel+2","Brutality+1","Exhume+1","RitualDagger+6","conspire:SpireCoStock+2","Heavy Blade+2","Seeing Red+1","Feed+1","Demon Form+1","Demon Form+1","Metallicize+1","Metallicize+1","Armaments+1","Spot Weakness+1","Armaments+1","Exhume+1","Limit Break+1","Limit Break+1","Armaments+1","alterego_mod:BiFurious+50"],"relics":["Burning Blood","downfall:NeowBlessing_Player","NeowsBlessing","StoneCalendar","Slimebound:StickyStick","Toxic Egg 2","Frozen Egg 2","Molten Egg 2","conspire:InfiniteJournal","MerchantsRug","conspire:TreasureMap","Ginger","Turnip","Regal Pillow","conspire:Dentures","Smiling Mask","sneckomod:BlankCard","TheAbacus","Omamori","sneckomod:UnknownEgg","Singing Bowl","Vajra","Gremlin Horn","Sozu","Sozu","Sozu","Sozu","Sozu","Potion Belt","Shuriken","Toolbox","Mercury Hourglass","conspire:TopHat","bronze:DonusWashers","conspire:GiftBox","Chemical X","conspire:Boomerang","Black Star","The Courier","Bromod:ArcaneTempo","Meat on the Bone","War Paint","conspire:BottledYoYo","Bird Faced Urn","Darkstone Periapt","hexamod:BolsterEngine","Lantern","conspire:DeflatedDodgeball","Sling","Matryoshka","Akabeko","Du-Vu Doll","theForsaken:HumbleEgg","Toy Ornithopter","Bromod:ArcaneGuardian","Lee\u0027s Waffle","theForsaken:Gavel","Bromod:ArcaneFury","Tiny Chest","Sundial","Anchor","Mummified Hand","Bag of Marbles","Bromod:ArcaneAegis","PreservedInsect","Self Forming Clay","MealTicket","Bronze Scales","bronze:BronzeIdol","bronze:DecasWashers","Guardian:GemstoneGun","Kunai","Ice Cream","Red Skull","Blood Vial","HandDrill","OrangePellets","Prayer Wheel","conspire:InfiniteJournal","Ancient Tea Set","Nunchaku","Bromod:ArcaneConsequence","Bromod:ArcaneMomentum","Bromod:ArcaneNullifier","Orichalcum","Bromod:ArcanePistoleer","conspire:DecoderRing","Oddly Smooth Stone","Calipers","Dream Catcher","Bromod:ArcaneTrickery","Art of War","Membership Card","Guardian:PocketSentry","Paper Frog","theForsaken:ScaryMask","Bromod:ArcaneAwakening","Pantograph","StrikeDummy","HornCleat","Pear","White Beast Statue","Bromod:ArcaneVictory","champ:DuelingGlove","CaptainsWheel","Eternal Feather","Bromod:ArcaneDeflection","InkBottle","Incense Burner","Magic Flower","FossilizedHelix","conspire:GlowingRock","champ:DeflectingBracers","Bromod:ArcaneUltimatum","Bromod:ArcanePulse","Champion Belt","Torii","TungstenRod","Bag of Preparation","Bromod:ArcaneAvenger","Peace Pipe","Charon\u0027s Ashes","Girya","Shovel","theForsaken:Kindling","ClockworkSouvenir","Question Card","Mango","Pocketwatch","Circlet","Mark of Pain","DollysMirror","Strange Spoon","Medical Kit","Orrery","champ:Barbells","Brimstone","Lizard Tail","MawBank","Happy Flower","Pen Nib","Calling Bell","downfall:NeowBlessing_Player","NeowsBlessing","Dead Branch","Boot","Frozen Eye","Bottled Tornado","Cauldron","Bottled Lightning","Centennial Puzzle","Bottled Flame","Ornamental Fan","Blue Candle"],"acts_visited":["Exordium","TheCity","TheBeyond"],"potions_floor_usage":[],"damage_taken":[{"damage":0.0,"enemies":"Small Slimes","floor":1.0,"turns":1.0},{"damage":0.0,"enemies":"3 Sentries","floor":6.0,"turns":2.0},{"damage":0.0,"enemies":"Lagavulin","floor":7.0,"turns":1.0},{"damage":17.0,"enemies":"Jaw Worm","floor":11.0,"turns":2.0},{"damage":0.0,"enemies":"3 Sentries","floor":14.0,"turns":1.0},{"damage":112.0,"enemies":"Hexaghost","floor":16.0,"turns":3.0},{"damage":1.0,"enemies":"Chosen","floor":18.0,"turns":2.0},{"damage":16.0,"enemies":"Shell Parasite","floor":21.0,"turns":3.0},{"damage":0.0,"enemies":"Book of Stabbing","floor":24.0,"turns":1.0},{"damage":0.0,"enemies":"conspire:Head Lice","floor":25.0,"turns":1.0},{"damage":0.0,"enemies":"conspire:SneckoGhost","floor":27.0,"turns":1.0},{"damage":0.0,"enemies":"Gremlin Leader","floor":29.0,"turns":1.0},{"damage":0.0,"enemies":"Book of Stabbing","floor":31.0,"turns":1.0},{"damage":0.0,"enemies":"conspire:MysteriousRune","floor":33.0,"turns":2.0},{"damage":0.0,"enemies":"3 Darklings","floor":35.0,"turns":1.0},{"damage":0.0,"enemies":"Nemesis","floor":37.0,"turns":1.0},{"damage":0.0,"enemies":"Giant Head","floor":40.0,"turns":1.0},{"damage":0.0,"enemies":"Reptomancer","floor":42.0,"turns":1.0},{"damage":0.0,"enemies":"Nemesis","floor":44.0,"turns":1.0},{"damage":0.0,"enemies":"Giant Head","floor":48.0,"turns":2.0},{"damage":0.0,"enemies":"Time Eater","floor":50.0,"turns":2.0},{"damage":0.0,"enemies":"Donu and Deca","floor":51.0,"turns":2.0},{"damage":998,"enemies":"Jaw Worm","floor":53,"turns":1},{"damage":0,"enemies":"Cultist","floor":55,"turns":1},{"damage":0,"enemies":"2 Louse","floor":57,"turns":1},{"damage":0,"enemies":"Gremlin Nob","floor":58,"turns":1},{"damage":998,"enemies":"3 Sentries","floor":60,"turns":1}],"seed_played":"-2058492713949159088","potions_obtained":[{"floor":6.0,"key":"DistilledChaos"}],"is_trial":true,"path_per_floor":["M","?","$","$","?","E","E","R","T","$","M","R","$","E","R","B",null,"M","?","?","M","$","R","E","E","T","E","$","E","$","E","R","B",null,"M","$","E","$","$","E","R","E","T","E","R","T","R","E","R","B","B",null,"M","?","M","$","M","E","R","E"],"character_chosen":"IRONCLAD","items_purchased":["MerchantsRug","conspire:TreasureMap","Ginger","Turnip","Regal Pillow","conspire:Dentures","sneckomod:MuddlingPotion","sneckomod:BlankCard","TheAbacus","Omamori","Armaments+1","Singing Bowl","Shuriken","Armaments+1","Toolbox","Mercury Hourglass","Madness+1","bronze:DonusWashers","conspire:GiftBox","Chemical X","Flash of Steel+1","Meat on the Bone","War Paint","Heavy Blade+1","Seeing Red+1","Feed+1","conspire:BottledYoYo","Bird Faced Urn","Darkstone Periapt","hexamod:BolsterEngine","Lantern","conspire:DeflatedDodgeball","Sling","Matryoshka","Akabeko","Du-Vu Doll","theForsaken:HumbleEgg","Toy Ornithopter","Bromod:ArcaneGuardian","Lee\u0027s Waffle","theForsaken:Gavel","Bromod:ArcaneFury","Tiny Chest","Sundial","Anchor","Mummified Hand","Bag of Marbles","Kunai","Ice Cream","Red Skull","Blood Vial","HandDrill","OrangePellets","Prayer Wheel","conspire:InfiniteJournal","Ancient Tea Set","Nunchaku","Bromod:ArcaneConsequence","Bromod:ArcaneMomentum","Bromod:ArcaneNullifier","Orichalcum","Bromod:ArcanePistoleer","conspire:DecoderRing","Oddly Smooth Stone","Bromod:ArcaneTrickery","Art of War","Membership Card","Guardian:PocketSentry","Paper Frog","theForsaken:ScaryMask","Bromod:ArcaneAwakening","Pantograph","StrikeDummy","HornCleat","Pear","White Beast Statue","Bromod:ArcaneVictory","champ:DuelingGlove","CaptainsWheel","Eternal Feather","Bromod:ArcaneDeflection","InkBottle","Incense Burner","Magic Flower","FossilizedHelix","conspire:GlowingRock","champ:DeflectingBracers","Bromod:ArcaneUltimatum","Bromod:ArcanePulse","Champion Belt","Torii","TungstenRod","Bag of Preparation","Bromod:ArcaneAvenger","Peace Pipe","Charon\u0027s Ashes","Girya","Shovel","theForsaken:Kindling","ClockworkSouvenir","Question Card","Mango","Metallicize+1","DollysMirror","Strange Spoon","Medical Kit","Orrery","champ:Barbells","Brimstone","Frozen Eye","Bottled Tornado","Cauldron","Bottled Lightning","Centennial Puzzle","Bottled Flame","Ornamental Fan","Blue Candle","Armaments+1"],"campfire_rested":1,"item_purchase_floors":[3,3,3,3,3,3,3,4,4,4,4,4,10,10,10,10,10,13,13,13,13,22,22,22,22,22,22,22,22,22,22,22,22,22,22,22,22,22,22,22,22,22,22,22,22,22,22,28,28,28,28,28,28,28,28,28,28,28,28,28,28,28,28,28,30,30,30,30,30,30,30,30,30,30,30,30,30,30,30,30,30,30,30,30,30,30,30,30,30,30,30,30,30,30,30,30,30,30,30,30,30,30,30,36,36,38,38,39,39,56,56,56,56,56,56,56,56,56],"current_hp_per_floor":[174,174,174,174,121,129,137,179,179,179,168,168,168,174,174,68,251,256,250,250,240,286,286,286,288,288,288,288,290,314,316,316,318,418,418,418,420,424,424,426,426,426,426,428,428,428,428,430,430,430,436,636,491,482,499,515,535,565,581,0,0],"gold":999984981,"neow_bonus":"","is_daily":false,"chose_seed":false,"campfire_upgraded":8,"win_rate":0.0,"timestamp":1610894952,"path_taken":["M","?","?","$","?","E","E","R","T","$","?","R","$","E","R","BOSS","M","?","?","?","$","R","E","E","T","E","$","E","$","E","R","BOSS","M","?","?","?","$","E","R","E","T","E","R","?","R","?","R","BOSS","BOSS","M","?","M","$","M","E","R","E"],"items_purchased_type":["Relic","Relic","Relic","Relic","Relic","Relic","Potion","Relic","Relic","Relic","Card","Relic","Relic","Card","Relic","Relic","Card","Relic","Relic","Relic","Card","Relic","Relic","Card","Card","Card","Relic","Relic","Relic","Relic","Relic","Relic","Relic","Relic","Relic","Relic","Relic","Relic","Relic","Relic","Relic","Relic","Relic","Relic","Relic","Relic","Relic","Relic","Relic","Relic","Relic","Relic","Relic","Relic","Relic","Relic","Relic","Relic","Relic","Relic","Relic","Relic","Relic","Relic","Relic","Relic","Relic","Relic","Relic","Relic","Relic","Relic","Relic","Relic","Relic","Relic","Relic","Relic","Relic","Relic","Relic","Relic","Relic","Relic","Relic","Relic","Relic","Relic","Relic","Relic","Relic","Relic","Relic","Relic","Relic","Relic","Relic","Relic","Relic","Relic","Relic","Relic","Card","Relic","Relic","Relic","Relic","Relic","Relic","Relic","Relic","Relic","Relic","Relic","Relic","Relic","Relic","Card"],"build_version":"2020-12-22","purchased_purges":5,"victory":false,"max_hp_per_floor":[175,175,175,175,175,177,179,179,179,179,179,179,179,179,179,179,279,279,279,279,279,286,286,286,288,288,288,288,290,314,316,316,318,418,418,418,420,424,424,426,426,426,426,428,428,428,428,430,430,430,436,636,636,636,636,636,636,644,644,644,644],"card_choices":[{"not_picked":["conspire:HitWhereItHurts+1","conspire:Purge+1","Double Tap+1"],"picked":"Singing Bowl","floor":6.0},{"not_picked":["Fiend Fire+1","Corruption+1","Bludgeon+1"],"picked":"Singing Bowl","floor":7.0},{"not_picked":["Fiend Fire+1","conspire:HitWhereItHurts+1"],"picked":"Immolate+1","floor":13.0},{"not_picked":["Corruption+1","Double Tap+1"],"picked":"Brutality+1","floor":14.0},{"not_picked":["Feed+1","conspire:Purge+1"],"picked":"Exhume+1","floor":16.0},{"not_picked":["Double Tap+1","Reaper+1"],"picked":"Demon Form+1","floor":24.0},{"not_picked":["conspire:Purge+1","Feed+1","Double Tap+1"],"picked":"Singing Bowl","floor":25.0},{"not_picked":["Bludgeon+1","conspire:Purge+1"],"picked":"Demon Form+1","floor":27.0},{"not_picked":["Immolate+1","Fiend Fire+1","conspire:HitWhereItHurts+1"],"picked":"Singing Bowl","floor":29.0},{"not_picked":["Demon Form+1","Juggernaut+1","Feed+1","Offering+1"],"picked":"Singing Bowl","floor":31.0},{"not_picked":["Limit Break+1","Feed+1","Juggernaut+1","Immolate+1"],"picked":"Singing Bowl","floor":33.0},{"not_picked":["Barricade+1","Fiend Fire+1","Feed+1","Reaper+1"],"picked":"Singing Bowl","floor":37.0},{"not_picked":["Headbutt+1","Clash+1","conspire:Charge+1"],"picked":"Armaments+1","floor":38.0},{"not_picked":["True Grit+1","Rupture+1","Shrug It Off+1","Power Through+1"],"picked":"Singing Bowl","floor":38.0},{"not_picked":["Searing Blow+1","Inflame+1","Twin Strike+1"],"picked":"Spot Weakness+1","floor":38.0},{"not_picked":["Brutality+1","Dual Wield+1","Cleave+1","Heavy Blade+1"],"picked":"Singing Bowl","floor":38.0},{"not_picked":["Perfected Strike+1","Reaper+1","Iron Wave+1"],"picked":"Armaments+1","floor":38.0},{"not_picked":["Demon Form+1","Barricade+1","Impervious+1","Feed+1"],"picked":"Singing Bowl","floor":40.0},{"not_picked":["Barricade+1","Reaper+1","Berserk+1"],"picked":"Exhume+1","floor":42.0},{"not_picked":["Barricade+1","Fiend Fire+1","Feed+1","Exhume+1"],"picked":"Singing Bowl","floor":44.0},{"not_picked":["Double Tap+1","Bludgeon+1","Fiend Fire+1","Berserk+1"],"picked":"Singing Bowl","floor":48.0},{"not_picked":["Offering+1","conspire:HitWhereItHurts+1","Impervious+1"],"picked":"Limit Break+1","floor":50.0},{"not_picked":["Feed+1","Double Tap+1","Corruption+1"],"picked":"Limit Break+1","floor":51.0},{"not_picked":["Limit Break+1","Fiend Fire+1","Berserk+1","Exhume+1"],"picked":"Singing Bowl","floor":58}],"player_experience":152102,"relics_obtained":[{"floor":1.0,"key":"Slimebound:StickyStick"},{"floor":6.0,"key":"Vajra"},{"floor":7.0,"key":"Gremlin Horn"},{"floor":9.0,"key":"Potion Belt"},{"floor":11.0,"key":"conspire:TopHat"},{"floor":14.0,"key":"conspire:Boomerang"},{"floor":18.0,"key":"The Courier"},{"floor":21.0,"key":"Bromod:ArcaneTempo"},{"floor":24.0,"key":"Bromod:ArcaneAegis"},{"floor":24.0,"key":"PreservedInsect"},{"floor":25.0,"key":"Self Forming Clay"},{"floor":25.0,"key":"MealTicket"},{"floor":26.0,"key":"Bronze Scales"},{"floor":26.0,"key":"bronze:BronzeIdol"},{"floor":27.0,"key":"bronze:DecasWashers"},{"floor":27.0,"key":"Guardian:GemstoneGun"},{"floor":29.0,"key":"Calipers"},{"floor":29.0,"key":"Dream Catcher"},{"floor":31.0,"key":"Pocketwatch"},{"floor":31.0,"key":"Circlet"},{"floor":32.0,"key":"Circlet"},{"floor":35.0,"key":"Circlet"},{"floor":37.0,"key":"Circlet"},{"floor":37.0,"key":"Circlet"},{"floor":40.0,"key":"Lizard Tail"},{"floor":40.0,"key":"Circlet"},{"floor":42.0,"key":"MawBank"},{"floor":42.0,"key":"Circlet"},{"floor":43.0,"key":"Circlet"},{"floor":43.0,"key":"Happy Flower"},{"floor":44.0,"key":"Pen Nib"},{"floor":44.0,"key":"Circlet"},{"floor":46.0,"key":"Circlet"},{"floor":48.0,"key":"Circlet"},{"floor":52.0,"key":"Circlet"},{"floor":52.0,"key":"Circlet"},{"floor":52.0,"key":"Circlet"},{"floor":55,"key":"Boot"},{"floor":57,"key":"Circlet"}],"event_choices":[{"cards_removed":["Defend_R"],"damage_healed":0.0,"max_hp_gain":0.0,"max_hp_loss":0.0,"gold_gain":0.0,"event_name":"The Cleric","player_choice":"Card Removal","floor":2.0,"gold_loss":75.0,"damage_taken":0.0},{"damage_healed":0.0,"max_hp_gain":0.0,"max_hp_loss":0.0,"gold_gain":0.0,"event_name":"Shining Light","player_choice":"Entered Light","floor":5.0,"gold_loss":0.0,"damage_taken":53.0,"cards_upgraded":["Strike_R","Strike_R"]},{"damage_healed":0.0,"max_hp_gain":0.0,"max_hp_loss":0.0,"gold_gain":0.0,"event_name":"Nest","player_choice":"Joined the Cult","floor":19.0,"gold_loss":0.0,"damage_taken":6.0,"cards_obtained":["RitualDagger"]},{"damage_healed":0.0,"max_hp_gain":0.0,"max_hp_loss":0.0,"gold_gain":0.0,"event_name":"conspire:Investor","player_choice":"Invest 1","floor":20.0,"gold_loss":0.0,"damage_taken":0.0},{"damage_healed":0,"gold_gain":0,"player_choice":"Success","damage_taken":11,"relics_obtained":["Dead Branch"],"max_hp_gain":0,"max_hp_loss":0,"event_name":"Scrap Ooze","floor":54,"gold_loss":0}],"is_beta":false,"boss_relics":[{"not_picked":["conspire:SeveredTorchhead","SacredBark"],"picked":"Black Star"},{"not_picked":["Runic Cube","expansioncontent:StudyCardRelic"],"picked":"Mark of Pain"},{"not_picked":["Runic Dome","Velvet Choker"],"picked":"Calling Bell"}],"items_purged_floors":[3,3,4,22,28],"is_endless":true,"potions_floor_spawned":[6,11,14,16,21,27,29,31,33,35,37,40,42,44,48,50,51,53,55,57,58],"killed_by":"3 Sentries","ascension_level":20}}