{"host":"08t08ld674si40tv","time":1610864911,"event":{"mods":["AchievementEnabler","BaseMod","Colored Map","Minty Spire (QoL Compilation)","StSLib","SuperFastMode"],"gold_per_floor":[20,37,37,37,47,47,63,63,112,146,165,179,179,212,212,289,289,303,66,66,82,82,82,107,107,107,107,187,205,105,145,145,227,227,254,254,57,68,645,645,660,690,764,784,784,816,885,905,905,905,905,905,905,53,86,86],"floor_reached":57,"language":"KOR","playtime":1354,"items_purged":["Strike_R","Strike_R","Strike_R","Strike_R","Strike_R"],"score":3066,"play_id":"5a7b0ecb-5f38-49b9-852f-0eb204afea2b","local_time":"20210117152831","is_ascension_mode":true,"campfire_choices":[{"data":"Body Slam","floor":6.0,"key":"SMITH"},{"floor":8.0,"key":"REST"},{"data":"Battle Trance","floor":13.0,"key":"SMITH"},{"data":"Uppercut","floor":15.0,"key":"SMITH"},{"floor":23.0,"key":"REST"},{"data":"Offering","floor":25.0,"key":"SMITH"},{"data":"Evolve","floor":27.0,"key":"SMITH"},{"floor":32.0,"key":"REST"},{"data":"Barricade","floor":40.0,"key":"SMITH"},{"floor":49.0,"key":"RECALL"},{"data":"Fire Breathing","floor":53.0,"key":"SMITH"}],"circlet_count":0,"master_deck":["AscendersBane","Defend_R","Defend_R","Defend_R","Defend_R","Bash","Apotheosis+1","Uppercut+1","Wild Strike","Body Slam+1","Battle Trance+1","Spot Weakness","Offering+1","Evolve+1","Power Through+1","Barricade+1","Fire Breathing+1","Second Wind+1"],"relics":["Burning Blood","Oddly Smooth Stone","Oddly Smooth Stone","Tiny Chest","Boot","Bronze Scales","Mark of Pain","Omamori","White Beast Statue","CeramicFish","Toxic Egg 2","Kunai","Akabeko","SacredBark","Pear","Pen Nib","Ornamental Fan","Question Card","FossilizedHelix","Sling","Centennial Puzzle","Art of War"],"acts_visited":["Exordium","TheCity","TheBeyond","TheEnding"],"potions_floor_usage":[56],"damage_taken":[{"damage":7.0,"enemies":"Cultist","floor":1.0,"turns":4.0},{"damage":13.0,"enemies":"Small Slimes","floor":2.0,"turns":4.0},{"damage":2.0,"enemies":"Jaw Worm","floor":5.0,"turns":4.0},{"damage":18.0,"enemies":"Large Slime","floor":7.0,"turns":4.0},{"damage":5.0,"enemies":"Lagavulin","floor":10.0,"turns":4.0},{"damage":25.0,"enemies":"Exordium Thugs","floor":11.0,"turns":4.0},{"damage":6.0,"enemies":"2 Fungi Beasts","floor":12.0,"turns":4.0},{"damage":37.0,"enemies":"Gremlin Nob","floor":14.0,"turns":4.0},{"damage":11.0,"enemies":"Hexaghost","floor":16.0,"turns":7.0},{"damage":5.0,"enemies":"2 Thieves","floor":18.0,"turns":4.0},{"damage":8.0,"enemies":"Chosen","floor":21.0,"turns":3.0},{"damage":29.0,"enemies":"Slavers","floor":24.0,"turns":6.0},{"damage":19.0,"enemies":"Snake Plant","floor":29.0,"turns":3.0},{"damage":8.0,"enemies":"Gremlin Leader","floor":31.0,"turns":5.0},{"damage":32.0,"enemies":"Automaton","floor":33.0,"turns":9.0},{"damage":6.0,"enemies":"3 Shapes","floor":35.0,"turns":5.0},{"damage":23.0,"enemies":"Orb Walker","floor":38.0,"turns":3.0},{"damage":19.0,"enemies":"4 Shapes","floor":41.0,"turns":3.0},{"damage":15.0,"enemies":"Nemesis","floor":42.0,"turns":9.0},{"damage":6.0,"enemies":"Jaw Worm Horde","floor":44.0,"turns":3.0},{"damage":0.0,"enemies":"Giant Head","floor":46.0,"turns":5.0},{"damage":23.0,"enemies":"Sphere and 2 Shapes","floor":48.0,"turns":6.0},{"damage":6.0,"enemies":"Donu and Deca","floor":50.0,"turns":5.0},{"damage":45.0,"enemies":"Time Eater","floor":51.0,"turns":7.0},{"damage":0.0,"enemies":"Shield and Spear","floor":55.0,"turns":5.0},{"damage":76,"enemies":"The Heart","floor":56,"turns":8}],"seed_played":"-1252132968460482156","potions_obtained":[{"floor":1.0,"key":"LiquidMemories"},{"floor":2.0,"key":"LiquidMemories"},{"floor":14.0,"key":"Explosive Potion"},{"floor":16.0,"key":"Block Potion"},{"floor":24.0,"key":"ColorlessPotion"},{"floor":29.0,"key":"SteroidPotion"},{"floor":31.0,"key":"Explosive Potion"},{"floor":35.0,"key":"Block Potion"},{"floor":38.0,"key":"Energy Potion"},{"floor":41.0,"key":"Ancient Potion"},{"floor":42.0,"key":"BloodPotion"},{"floor":44.0,"key":"BloodPotion"},{"floor":48.0,"key":"DistilledChaos"},{"floor":55.0,"key":"DuplicationPotion"}],"is_trial":false,"path_per_floor":["M","M","?","?","M","R","M","R","T","E","M","M","R","E","R","B",null,"M","$","?","M","?","R","E","R","T","R","T","M","$","E","R","B",null,"M","?","$","M","$","R","M","E","T","M","?","E","T","M","R","B","B",null,"R","$","E","B",null],"character_chosen":"IRONCLAD","items_purchased":["Omamori","Second Wind+1","Pear","FossilizedHelix","Sling","Centennial Puzzle"],"campfire_rested":3,"item_purchase_floors":[19,37,39,54,54,54],"current_hp_per_floor":[67,60,60,60,64,64,52,74,74,75,56,56,56,25,25,20,61,62,62,41,39,39,63,40,40,40,40,40,27,27,25,49,23,66,66,66,66,49,59,59,46,37,37,73,73,79,79,85,85,85,46,75,75,75,81,11],"gold":86,"neow_bonus":"RANDOM_COLORLESS_2","is_daily":false,"chose_seed":false,"campfire_upgraded":7,"win_rate":0.0,"timestamp":1610864911,"path_taken":["M","M","?","?","?","R","M","R","T","E","?","M","R","E","R","BOSS","M","$","?","M","?","R","E","R","T","R","?","M","$","E","R","BOSS","M","?","$","M","?","R","M","E","T","M","?","E","?","M","R","BOSS","BOSS","R","$","E","BOSS"],"items_purchased_type":["Relic","Card","Relic","Relic","Relic","Relic"],"build_version":"2020-12-22","purchased_purges":5,"victory":true,"max_hp_per_floor":[75,75,75,75,75,75,75,75,75,75,75,75,75,75,75,75,75,75,75,80,80,80,80,80,80,80,80,80,80,80,80,80,80,80,80,80,80,80,90,90,90,90,90,90,85,85,85,85,85,85,85,85,85,85,85,85],"card_choices":[{"not_picked":["Magnetism","Sadistic Nature"],"picked":"Apotheosis","floor":0.0},{"not_picked":["Dual Wield","Clothesline"],"picked":"Uppercut","floor":1.0},{"not_picked":["Cleave","Flex"],"picked":"Wild Strike","floor":2.0},{"not_picked":["Bloodletting","Flex"],"picked":"Body Slam","floor":5.0},{"not_picked":["True Grit","Searing Blow","Uppercut"],"picked":"SKIP","floor":7.0},{"not_picked":["Twin Strike","Iron Wave","Clothesline"],"picked":"SKIP","floor":10.0},{"not_picked":["Clothesline","Havoc","Bloodletting"],"picked":"SKIP","floor":11.0},{"not_picked":["Metallicize","Heavy Blade"],"picked":"Battle Trance","floor":12.0},{"not_picked":["Fiend Fire","Sword Boomerang"],"picked":"Spot Weakness","floor":14.0},{"not_picked":["Bludgeon","Exhume"],"picked":"Offering","floor":16.0},{"not_picked":["True Grit","Sever Soul"],"picked":"Evolve","floor":18.0},{"not_picked":["Pommel Strike","Rampage","Warcry"],"picked":"SKIP","floor":21.0},{"not_picked":["Evolve","Clothesline","Shrug It Off"],"picked":"SKIP","floor":24.0},{"not_picked":["Metallicize","Heavy Blade","Blood for Blood+1"],"picked":"SKIP","floor":29.0},{"not_picked":["Body Slam","Dual Wield+1"],"picked":"Power Through+1","floor":31.0},{"not_picked":["Fiend Fire","Offering+1"],"picked":"Barricade","floor":33.0},{"not_picked":["Inflame+1","Anger+1"],"picked":"Fire Breathing","floor":35.0},{"not_picked":["Warcry+1","Sword Boomerang","Armaments+1"],"picked":"SKIP","floor":38.0},{"not_picked":["Double Tap+1","Blood for Blood","Anger"],"picked":"SKIP","floor":41.0},{"not_picked":["Dropkick","Thunderclap","Iron Wave"],"picked":"SKIP","floor":42.0},{"not_picked":["Perfected Strike","True Grit+1","Sword Boomerang"],"picked":"SKIP","floor":44.0},{"not_picked":["Thunderclap+1","Perfected Strike+1","Fire Breathing+1"],"picked":"SKIP","floor":46.0},{"not_picked":["Thunderclap","Anger","Armaments+1","Body Slam"],"picked":"SKIP","floor":48.0},{"not_picked":["Double Tap+1","Rage+1","Fire Breathing","Ghostly Armor+1"],"picked":"SKIP","floor":55.0}],"player_experience":239613,"relics_obtained":[{"floor":9.0,"key":"Tiny Chest"},{"floor":10.0,"key":"Boot"},{"floor":14.0,"key":"Bronze Scales"},{"floor":24.0,"key":"CeramicFish"},{"floor":26.0,"key":"Toxic Egg 2"},{"floor":28.0,"key":"Kunai"},{"floor":31.0,"key":"Akabeko"},{"floor":42.0,"key":"Pen Nib"},{"floor":46.0,"key":"Ornamental Fan"},{"floor":47.0,"key":"Question Card"},{"floor":55.0,"key":"Art of War"}],"event_choices":[{"damage_healed":0.0,"max_hp_gain":0.0,"max_hp_loss":0.0,"gold_gain":0.0,"event_name":"Liars Game","player_choice":"Ignored","floor":3.0,"gold_loss":0.0,"damage_taken":0.0},{"damage_healed":0.0,"max_hp_gain":0.0,"max_hp_loss":0.0,"gold_gain":0.0,"event_name":"Accursed Blacksmith","player_choice":"Forge","floor":4.0,"gold_loss":0.0,"damage_taken":0.0,"cards_upgraded":["Apotheosis"]},{"damage_healed":0.0,"max_hp_gain":5.0,"max_hp_loss":0.0,"gold_gain":0.0,"event_name":"Forgotten Altar","player_choice":"Shed Blood","floor":20.0,"gold_loss":0.0,"damage_taken":26.0},{"damage_healed":0.0,"max_hp_gain":0.0,"max_hp_loss":0.0,"gold_gain":0.0,"event_name":"The Mausoleum","player_choice":"Opened","floor":22.0,"gold_loss":0.0,"damage_taken":0.0,"relics_obtained":["White Beast Statue"],"cards_obtained":["Writhe"]},{"damage_healed":0.0,"max_hp_gain":0.0,"max_hp_loss":0.0,"gold_gain":0.0,"event_name":"Lab","player_choice":"Got Potions","floor":36.0,"gold_loss":0.0,"damage_taken":0.0},{"damage_healed":0.0,"max_hp_gain":0.0,"max_hp_loss":5.0,"gold_gain":0.0,"event_name":"Winding Halls","player_choice":"Max HP","floor":45.0,"gold_loss":0.0,"damage_taken":0.0}],"is_beta":false,"boss_relics":[{"not_picked":["Velvet Choker","Busted Crown"],"picked":"Mark of Pain"},{"not_picked":["Coffee Dripper","Runic Cube"],"picked":"SacredBark"}],"items_purged_floors":[19,30,37,39,54],"is_endless":false,"potions_floor_spawned":[1,2,14,16,24,29,31,33,35,38,41,42,44,46,48,55],"ascension_level":20}}