{"host":"gvmmh8a4dbuurnvz","time":1610873248,"event":{"mods":["AchievementEnabler","Aspiration","BaseMod","Better Vampires","BetterRewards","Colored Powertips","Highlight Path","Minty Spire (QoL Compilation)","Spicy Shops","StSLib","¡¾ÒÅÎï¿¨ÅÆ¡¿REMEMod"],"gold_per_floor":[158,108,139,156,56,56,70,70,70,91,112,112,112,60,60,175,175,196,218,218,19,45,45,64,94,94,94,94,117,140,153,153,251,251,290,69,90,104,104,140,140,170,170,170,170,199,221,244,244,244],"floor_reached":51,"language":"ZHS","playtime":2364,"items_purged":["Strike_P","Strike_P","Writhe","Defend_P"],"score":1386,"play_id":"844a5ea7-613f-4d0d-8329-a6d59cd036fa","local_time":"20210117164728","is_ascension_mode":true,"campfire_choices":[{"data":"Eruption","floor":6.0,"key":"SMITH"},{"data":"Adaptation","floor":13.0,"key":"SMITH"},{"data":"TalkToTheHand","floor":15.0,"key":"SMITH"},{"data":"SignatureMove","floor":23.0,"key":"SMITH"},{"data":"REME_CRH","floor":49,"key":"SMITH"}],"circlet_count":0,"master_deck":["Defend_P","Eruption+1","Vigilance","Adaptation+1","PathToVictory","TalkToTheHand+1","SignatureMove+1","JustLucky+1","CrushJoints+1","PathToVictory","REME_CRH+1","PathToVictory+1","PathToVictory"],"relics":["PureWater","REME_ComplimentaryCards","REME_ArchaeologicalTools","Question Card","Singing Bowl","Letter Opener","Prayer Wheel","REME_LimitBreaker","Astrolabe","Enchiridion","Bag of Marbles","Bag of Preparation","Thread and Needle","aspiration:ArtOfWarUpgrade","SlaversCollar","Omamori","Bottled Lightning","REME_IWantAll","Sundial","Boot"],"acts_visited":["Exordium","TheCity","TheBeyond"],"potions_floor_usage":[29,33,33,46,47,50,50],"damage_taken":[{"damage":0.0,"enemies":"Small Slimes","floor":1.0,"turns":3.0},{"damage":0.0,"enemies":"Jaw Worm","floor":3.0,"turns":4.0},{"damage":2.0,"enemies":"Cultist","floor":4.0,"turns":4.0},{"damage":5.0,"enemies":"Looter","floor":7.0,"turns":5.0},{"damage":7.0,"enemies":"Blue Slaver","floor":10.0,"turns":3.0},{"damage":1.0,"enemies":"Red Slaver","floor":11.0,"turns":2.0},{"damage":3.0,"enemies":"Slime Boss","floor":16.0,"turns":3.0},{"damage":0.0,"enemies":"Spheric Guardian","floor":18.0,"turns":2.0},{"damage":0.0,"enemies":"Chosen","floor":19.0,"turns":3.0},{"damage":27.0,"enemies":"Sentry and Sphere","floor":22.0,"turns":4.0},{"damage":12.0,"enemies":"Snake Plant","floor":24.0,"turns":2.0},{"damage":0.0,"enemies":"Book of Stabbing","floor":25.0,"turns":1.0},{"damage":0,"enemies":"Centurion and Healer","floor":29,"turns":3},{"damage":6,"enemies":"Chosen and Byrds","floor":30,"turns":5},{"damage":0,"enemies":"Snake Plant","floor":31,"turns":2},{"damage":5,"enemies":"Champ","floor":33,"turns":4},{"damage":0,"enemies":"3 Shapes","floor":35,"turns":3},{"damage":0,"enemies":"Orb Walker","floor":37,"turns":2},{"damage":0,"enemies":"Transient","floor":38,"turns":5},{"damage":2,"enemies":"Giant Head","floor":40,"turns":4},{"damage":0,"enemies":"Reptomancer","floor":42,"turns":1},{"damage":18,"enemies":"Nemesis","floor":46,"turns":3},{"damage":4,"enemies":"Writhing Mass","floor":47,"turns":2},{"damage":18,"enemies":"3 Darklings","floor":48,"turns":4},{"damage":29,"enemies":"Awakened One","floor":50,"turns":3}],"seed_played":"-5429987531159393105","potions_obtained":[{"floor":10.0,"key":"FearPotion"},{"floor":11.0,"key":"SteroidPotion"},{"floor":16.0,"key":"SpeedPotion"},{"floor":18.0,"key":"EssenceOfSteel"},{"floor":29,"key":"FearPotion"},{"floor":35,"key":"Ambrosia"},{"floor":38,"key":"Weak Potion"},{"floor":40,"key":"Explosive Potion"},{"floor":47,"key":"REME_GoldPotion"}],"is_trial":false,"path_per_floor":["M","?","M","M","$","R","M","?","T","M","M","?","R","$","R","B",null,"M","M","?","$","M","R","M","E","T","T","$","M","M","M","R","B",null,"M","$","M","M","?","E","R","E","T","?","$","E","M","M","R","B",null],"character_chosen":"WATCHER","items_purchased":["Adaptation","REME_ArchaeologicalTools","Question Card","Singing Bowl","SignatureMove","Bag of Marbles","Omamori"],"campfire_rested":0,"item_purchase_floors":[0,0,0,0,14,21,36],"current_hp_per_floor":[74,74,76,76,76,76,73,73,73,68,69,51,51,51,51,50,86,90,94,78,78,55,55,47,49,49,49,49,53,51,53,53,48,114,118,118,120,124,124,124,124,124,124,124,124,108,108,94,94,65],"gold":244,"neow_bonus":"","is_daily":false,"chose_seed":false,"campfire_upgraded":5,"win_rate":0.0,"timestamp":1610873248,"path_taken":["M","?","M","M","$","R","M","?","T","M","?","?","R","$","R","BOSS","M","M","?","$","M","R","M","E","T","?","$","M","?","M","R","BOSS","M","$","M","M","?","E","R","E","T","?","$","E","?","M","R","BOSS"],"items_purchased_type":["Card","Relic","Relic","Relic","Card","Relic","Relic"],"build_version":"2020-12-22","purchased_purges":4,"victory":true,"max_hp_per_floor":[74,74,76,78,78,78,80,80,80,82,84,84,84,84,84,86,86,90,94,94,94,98,98,102,104,104,104,104,108,112,114,114,114,114,118,118,120,124,124,126,126,126,126,126,126,128,132,136,136,136],"card_choices":[{"not_picked":["FollowUp","JustLucky","CrushJoints","Study"],"picked":"Singing Bowl","floor":1.0},{"not_picked":["ClearTheMind","CarveReality","Weave","EmptyMind"],"picked":"Singing Bowl","floor":3.0},{"not_picked":["FlurryOfBlows","ClearTheMind","Crescendo","Study"],"picked":"Singing Bowl","floor":4.0},{"not_picked":["EmptyBody","Crescendo","ForeignInfluence","Indignation"],"picked":"Singing Bowl","floor":7.0},{"not_picked":["Protect","Consecrate","Fasting2"],"picked":"PathToVictory","floor":10.0},{"not_picked":["Consecrate","Swivel","ReachHeaven","FlyingSleeves"],"picked":"Singing Bowl","floor":10.0},{"not_picked":["EmptyFist","ThirdEye","FlurryOfBlows","Omniscience"],"picked":"Singing Bowl","floor":11.0},{"not_picked":["Study","REME_Repentance","REME_MusicOfDeath"],"picked":"TalkToTheHand","floor":11.0},{"not_picked":["REME_EmptyShield","Wish","Establishment","Ragnarok"],"picked":"Singing Bowl","floor":16.0},{"not_picked":["JustLucky","ForeignInfluence","REME_Repentance","LikeWater"],"picked":"Singing Bowl","floor":18.0},{"not_picked":["Fasting2","SashWhip","Conclude","FollowUp+1"],"picked":"Singing Bowl","floor":18.0},{"not_picked":["Wallop","WaveOfTheHand","Evaluate","ForeignInfluence"],"picked":"Singing Bowl","floor":19.0},{"not_picked":["Halt","FlurryOfBlows","Establishment","SashWhip+1"],"picked":"Singing Bowl","floor":19.0},{"not_picked":["Crescendo","Vengeance","Collect","FollowUp"],"picked":"Singing Bowl","floor":22.0},{"not_picked":["REME_MusicOfDeath","Halt+1","FlurryOfBlows","WaveOfTheHand+1"],"picked":"Singing Bowl","floor":22.0},{"not_picked":["CutThroughFate","Study","Protect","ThirdEye+1"],"picked":"Singing Bowl","floor":24.0},{"not_picked":["WheelKick+1","FlurryOfBlows","ForeignInfluence","Protect"],"picked":"Singing Bowl","floor":24.0},{"not_picked":["CutThroughFate","SashWhip","Tantrum","Collect"],"picked":"Singing Bowl","floor":25.0},{"not_picked":["JustLucky","Protect","ConjureBlade","CrushJoints+1"],"picked":"Singing Bowl","floor":29},{"not_picked":["FlurryOfBlows+1","REME_Repentance","EmptyMind","SignatureMove"],"picked":"Singing Bowl","floor":29},{"not_picked":["FlyingSleeves+1","CrushJoints","Halt+1","Vengeance"],"picked":"Singing Bowl","floor":30},{"not_picked":["EmptyFist","EmptyBody","REME_Repentance","Swivel"],"picked":"Singing Bowl","floor":30},{"not_picked":["Devotion","Weave","CrushJoints","Indignation"],"picked":"Singing Bowl","floor":31},{"not_picked":["DeceiveReality","Protect+1","Worship+1"],"picked":"PathToVictory","floor":31},{"not_picked":["REME_EmptyShield","Judgement","Devotion"],"picked":"REME_CRH","floor":33},{"not_picked":["ForeignInfluence","SashWhip","CrushJoints","Protect+1"],"picked":"Singing Bowl","floor":35},{"not_picked":["FlurryOfBlows","ClearTheMind+1","CutThroughFate+1","Consecrate+1"],"picked":"SKIP","floor":35},{"not_picked":["FlurryOfBlows","ClearTheMind+1","CutThroughFate+1","Consecrate+1"],"picked":"Singing Bowl","floor":35},{"not_picked":["LikeWater+1","Protect+1","Meditate+1"],"picked":"PathToVictory+1","floor":37},{"not_picked":["Protect","SpiritShield","Indignation+1","Wallop+1"],"picked":"Singing Bowl","floor":37},{"not_picked":["Perseverance","EmptyFist+1","SignatureMove","Worship+1"],"picked":"Singing Bowl","floor":38},{"not_picked":["WheelKick+1","EmptyFist","EmptyBody+1","Halt+1"],"picked":"Singing Bowl","floor":38},{"not_picked":["Perseverance","ThirdEye","Halt+1","ClearTheMind"],"picked":"Singing Bowl","floor":40},{"not_picked":["Evaluate","Consecrate","Study+1"],"picked":"PathToVictory","floor":42},{"not_picked":["Indignation+1","ThirdEye","LikeWater","EmptyMind+1"],"picked":"Singing Bowl","floor":46},{"not_picked":["CrushJoints","JustLucky+1","Evaluate+1","Crescendo"],"picked":"Singing Bowl","floor":47},{"not_picked":["CutThroughFate+1","Indignation","WreathOfFlame+1","Vault"],"picked":"Singing Bowl","floor":47},{"not_picked":["WindmillStrike+1","FlurryOfBlows+1","FlyingSleeves","Sanctity+1"],"picked":"Singing Bowl","floor":48},{"not_picked":["JustLucky","Prostrate+1","REME_Repentance","Halt+1"],"picked":"Singing Bowl","floor":48}],"player_experience":274937,"relics_obtained":[{"floor":9.0,"key":"Prayer Wheel"},{"floor":20.0,"key":"Enchiridion"},{"floor":25.0,"key":"Bag of Preparation"},{"floor":26.0,"key":"Thread and Needle"},{"floor":27.0,"key":"Art of War"},{"floor":40,"key":"Bottled Lightning"},{"floor":42,"key":"REME_IWantAll"},{"floor":43,"key":"Sundial"},{"floor":46,"key":"Boot"}],"event_choices":[{"cards_removed":["Defend_P"],"damage_healed":0.0,"max_hp_gain":0.0,"max_hp_loss":0.0,"gold_gain":0.0,"event_name":"The Cleric","player_choice":"Card Removal","floor":2.0,"gold_loss":50.0,"damage_taken":0.0},{"damage_healed":0.0,"max_hp_gain":0.0,"max_hp_loss":0.0,"gold_gain":0.0,"event_name":"Big Fish","player_choice":"Box","floor":8.0,"gold_loss":0.0,"damage_taken":0.0,"relics_obtained":["Letter Opener"],"cards_obtained":["Regret"]},{"damage_healed":0.0,"max_hp_gain":0.0,"max_hp_loss":0.0,"gold_gain":0.0,"event_name":"Scrap Ooze","player_choice":"Success","floor":12.0,"gold_loss":0.0,"damage_taken":18.0,"relics_obtained":["REME_LimitBreaker"]},{"damage_healed":0.0,"max_hp_gain":0.0,"max_hp_loss":0.0,"gold_gain":0.0,"event_name":"Cursed Tome","player_choice":"Obtained Book","floor":20.0,"gold_loss":0.0,"damage_taken":16.0},{"cards_removed":["Defend_P"],"damage_healed":0,"gold_gain":0,"player_choice":"Removed Skill","damage_taken":0,"max_hp_gain":0,"max_hp_loss":0,"event_name":"Falling","floor":39,"gold_loss":0},{"damage_healed":0,"gold_gain":0,"player_choice":"Ignored","damage_taken":0,"max_hp_gain":0,"max_hp_loss":0,"event_name":"SecretPortal","floor":44,"gold_loss":0}],"is_beta":false,"boss_relics":[{"not_picked":["SacredBark","REME_DemonsWealth"],"picked":"Astrolabe"},{"not_picked":["REME_DuelDisc","Fusion Hammer"],"picked":"SlaversCollar"}],"items_purged_floors":[0,5,21,36],"is_endless":false,"potions_floor_spawned":[10,11,16,18,25,29,30,35,38,40,47],"ascension_level":4}}