{"host":"t9zjxed0utvsfjwc","time":1610897736,"event":{"mods":["2.2 Compatiblity","Aspiration","BaseMod","Better Altar","Better Match","Better Note","Better Sensory Stone","Better Skull","Better Third Choice","Block Reminder","Colored Map","Colored Powertips","Hermit","Highlight Path","Hubris","Infinite Spire","Minty Spire (QoL Compilation)","Quick Restart","Rare Cards Sparkle","Replay The Spire","Shade Mod","StSLib","The Cursed","The Death Knight","The Marked","Unceasing Turn Reminder","everything is the same but u backflip on backflip"],"gold_per_floor":[116,116,116,136,61,89,89,122,146,274,274,274,294,308,308,408,408,423,97,97,126,139,171,177,177,225,225,241,241],"floor_reached":28,"language":"ENG","playtime":1906,"items_purged":["Defend_R","Regret"],"score":254,"play_id":"59812821-cb2c-406d-94d2-cb2026056cea","local_time":"20210117153536","is_ascension_mode":true,"campfire_choices":[{"floor":12,"key":"RECALL"},{"data":"Cleave","floor":15,"key":"SMITH"},{"floor":25,"key":"REST"}],"circlet_count":0,"master_deck":["Strike_R","Strike_R","Strike_R","Defend_R+1","Defend_R+1","Bash","Endless Agony","Choke","Ghostly Armor","Armaments","Iron Wave","Ghostly Armor","Cleave+1","Injury","TheCursedMod:Dregs","hermit:CursedWeapon","ReplayReversal+1"],"relics":["Burning Blood","Potion Belt","Matryoshka","Lizard Tail","Simple Rune","Nunchaku","hubris:OldNail","aspiration:BabyByrd","Replay:Ancient Bell","ReplayFunnel","The Courier","Replay:Towering Pillar of Hats","TungstenRod","Red Mask","infinitespire:Midas Blood","Enchiridion"],"acts_visited":["Exordium","TheCity"],"potions_floor_usage":[8,14,16,16,18,23],"damage_taken":[{"damage":0,"enemies":"Small Slimes","floor":1,"turns":3},{"damage":3,"enemies":"Jaw Worm","floor":4,"turns":4},{"damage":20,"enemies":"Gremlin Nob","floor":6,"turns":4},{"damage":30,"enemies":"3 Sentries","floor":8,"turns":11},{"damage":0,"enemies":"2 Louse","floor":13,"turns":2},{"damage":2,"enemies":"Exordium Thugs","floor":14,"turns":5},{"damage":66,"enemies":"The Guardian","floor":16,"turns":15},{"damage":16,"enemies":"3 Byrds","floor":18,"turns":7},{"damage":14,"enemies":"Masked Bandits","floor":21,"turns":4},{"damage":5,"enemies":"Spheric Guardian","floor":22,"turns":5},{"damage":37,"enemies":"Book of Stabbing","floor":23,"turns":6},{"damage":78,"enemies":"Gremlin Leader","floor":28,"turns":8}],"seed_played":"3385819042439582011","potions_obtained":[{"floor":4,"key":"Block Potion"},{"floor":8,"key":"SpeedPotion"},{"floor":10,"key":"Fire Potion"},{"floor":10,"key":"Strength Potion"},{"floor":16,"key":"Adrenaline Potion"},{"floor":22,"key":"DistilledChaos"}],"is_trial":false,"path_per_floor":["M","?","?","M","$","E","$","E","T","?","?","R","M","M","R","B",null,"M","$","?","?","M","E","?","R","T","?","E"],"character_chosen":"IRONCLAD","items_purchased":["TungstenRod"],"campfire_rested":1,"item_purchase_floors":[19],"current_hp_per_floor":[80,80,80,80,80,66,66,42,42,22,22,22,28,32,32,12,80,70,70,70,62,63,32,20,44,44,70,0,0],"gold":241,"neow_bonus":"RANDOM_COMMON_RELIC","is_daily":false,"chose_seed":false,"campfire_upgraded":1,"win_rate":0.0,"timestamp":1610897736,"path_taken":["M","?","?","M","$","E","$","E","T","?","?","R","M","M","R","BOSS","M","$","?","?","M","E","?","R","T","?","E"],"items_purchased_type":["Relic"],"build_version":"2020-12-22","purchased_purges":2,"victory":false,"max_hp_per_floor":[80,80,80,80,80,80,80,80,80,80,80,80,80,80,80,80,80,80,80,80,80,80,80,80,80,80,80,80,80],"card_choices":[{"not_picked":["Warcry","Combust","hubris:ReadiedAction"],"picked":"SKIP","floor":1},{"not_picked":["hubris:ReadiedAction","Havoc"],"picked":"Ghostly Armor","floor":4},{"not_picked":["Demonic Infusion","Replay:Undeath\u0027s Touch"],"picked":"Armaments","floor":6},{"not_picked":["Headbutt","Warcry"],"picked":"Iron Wave","floor":8},{"not_picked":["Thunderclap","Armaments"],"picked":"Ghostly Armor","floor":10},{"not_picked":["Perfected Strike","Spot Weakness","Wild Strike"],"picked":"SKIP","floor":13},{"not_picked":["Warcry","Heavy Blade"],"picked":"Cleave","floor":14},{"not_picked":["ReplayTheSpireMod:Doomed","Looming Evil"],"picked":"Injury","floor":17},{"not_picked":["Delirium","Shame"],"picked":"Regret","floor":17},{"not_picked":["Pain","hubris:Sloth"],"picked":"TheCursedMod:Dregs","floor":17},{"not_picked":["Havoc","Sever Soul","Wild Strike"],"picked":"SKIP","floor":18},{"not_picked":["Sever Soul","Havoc+1"],"picked":"ReplayReversal+1","floor":21},{"not_picked":["Double Tap","Run Through","Heavy Blade"],"picked":"SKIP","floor":22},{"not_picked":["Whirlwind+1","Rupture","Sword Boomerang"],"picked":"SKIP","floor":23}],"player_experience":360523,"relics_obtained":[{"floor":6,"key":"Matryoshka"},{"floor":8,"key":"Lizard Tail"},{"floor":9,"key":"Simple Rune"},{"floor":9,"key":"Nunchaku"},{"floor":10,"key":"hubris:OldNail"},{"floor":21,"key":"Red Mask"},{"floor":23,"key":"infinitespire:Midas Blood"},{"floor":24,"key":"Enchiridion"}],"event_choices":[{"cards_removed":["Draining Mist"],"damage_healed":0,"gold_gain":0,"player_choice":"Forget","damage_taken":0,"max_hp_gain":0,"max_hp_loss":0,"event_name":"Living Wall","floor":3,"gold_loss":0},{"cards_removed":["Ghostly Armor"],"damage_healed":0,"gold_gain":0,"player_choice":"Take \u0026 Give","damage_taken":0,"max_hp_gain":0,"max_hp_loss":0,"event_name":"betterNote:BetterNote","floor":20,"gold_loss":0,"cards_obtained":["hermit:CursedWeapon"]},{"damage_healed":0,"gold_gain":0,"player_choice":"Fought Bandits","damage_taken":0,"max_hp_gain":0,"max_hp_loss":0,"event_name":"Masked Bandits","floor":21,"gold_loss":0},{"damage_healed":0,"gold_gain":0,"player_choice":"Obtained Book","damage_taken":16,"max_hp_gain":0,"max_hp_loss":0,"event_name":"Cursed Tome","floor":24,"gold_loss":0},{"damage_healed":26,"gold_gain":0,"player_choice":"Heal","damage_taken":0,"max_hp_gain":0,"max_hp_loss":0,"event_name":"The Library","floor":27,"gold_loss":0}],"is_beta":false,"boss_relics":[{"not_picked":["Astrolabe","Busted Crown"],"picked":"Replay:Ancient Bell"},{"not_picked":["Replay:Mystery Machine","Lantern"],"picked":"ReplayFunnel"},{"not_picked":["Blue Candle","infinitespire:EmpoweringShard"],"picked":"The Courier"},{"not_picked":["Girya","Pondfish Scales"],"picked":"Replay:Towering Pillar of Hats"}],"items_purged_floors":[5,19],"is_endless":false,"potions_floor_spawned":[4,8,16,22],"killed_by":"Gremlin Leader","ascension_level":1}}