{"host":"363c1o4m0ew2jbar","time":1610886989,"event":{"mods":["AchievementEnabler","BaseMod","Better Note","Downfall","Hubris","Minty Spire (QoL Compilation)","StSLib"],"gold_per_floor":[99,99,99,99,99,118,143,172,183,83,101,11,11,11,31,31,31],"floor_reached":16,"language":"ENG","playtime":543,"items_purged":["bronze:Strike"],"score":98,"play_id":"fde3de3c-9868-4efb-86d4-618375d93bdd","local_time":"20210117023629","is_ascension_mode":false,"campfire_choices":[{"floor":1,"key":"RECALL"},{"floor":10,"key":"REST"}],"circlet_count":0,"master_deck":["bronze:Strike","bronze:Strike","bronze:Defend","bronze:Defend","bronze:Defend","bronze:Defend","bronze:Replicate","bronze:Goto","bronze:ChosenStrike","bronze:WhirlingStrike","bronze:Overload","bronze:Repulsor","bronze:Flail","bronze:GetLatest"],"relics":["bronze:BronzeCore","downfall:HeartsMalice","Happy Flower","hubris:SlimyHat","downfall:HeartBlessingRed","hubris:Icosahedron"],"acts_visited":["Exordium"],"potions_floor_usage":[11,12],"damage_taken":[{"damage":0,"enemies":"Jaw Worm","floor":2,"turns":1},{"damage":0,"enemies":"Cultist","floor":3,"turns":1},{"damage":0,"enemies":"2 Louse","floor":5,"turns":1},{"damage":7,"enemies":"Blue Slaver","floor":6,"turns":4},{"damage":21,"enemies":"Lagavulin","floor":8,"turns":7},{"damage":16,"enemies":"Exordium Wildlife","floor":9,"turns":3},{"damage":16,"enemies":"Gremlin Gang","floor":11,"turns":3},{"damage":5,"enemies":"downfall:FleeingMerchant","floor":12,"turns":4},{"damage":0,"enemies":"Blue Slaver","floor":15,"turns":1},{"damage":52,"enemies":"DF_ARCHETYPE_STREAMLINE","floor":16,"turns":6}],"seed_played":"5991056889016874328","potions_obtained":[{"floor":6,"key":"GamblersBrew"},{"floor":8,"key":"champ:CounterPotion"},{"floor":9,"key":"SpeedPotion"},{"floor":11,"key":"Swift Potion"}],"is_trial":false,"path_per_floor":["R","M","M","?","M","M","T","E","M","R","M","$","?","?","M","B"],"character_chosen":"THE_AUTOMATON","items_purchased":[],"campfire_rested":1,"item_purchase_floors":[],"current_hp_per_floor":[70,70,70,70,70,63,63,42,26,47,31,26,49,49,49,0,0],"gold":31,"neow_bonus":"THREE_ENEMY_KILL","is_daily":false,"chose_seed":false,"campfire_upgraded":0,"win_rate":0.0,"timestamp":1610886989,"path_taken":["R","M","M","?","M","?","T","E","M","R","M","$","?","?","M","BOSS"],"items_purchased_type":[],"build_version":"2020-12-22","purchased_purges":1,"victory":false,"max_hp_per_floor":[70,70,70,70,70,70,70,70,70,70,70,70,70,70,70,70,70],"card_choices":[{"not_picked":["bronze:Return","bronze:DigitalCarnage","bronze:BugBarrage"],"picked":"SKIP","floor":2},{"not_picked":["bronze:Turbo","bronze:ChildClass"],"picked":"bronze:ChosenStrike","floor":3},{"not_picked":["bronze:Iterate","bronze:OilSpill"],"picked":"bronze:WhirlingStrike","floor":5},{"not_picked":["bronze:OilSpill","bronze:Branch"],"picked":"bronze:Overload","floor":6},{"not_picked":["bronze:Overheat","bronze:MaxOutput"],"picked":"bronze:Repulsor","floor":8},{"not_picked":["bronze:Branch","bronze:FineTuning","bronze:BugBarrage"],"picked":"SKIP","floor":9},{"not_picked":["bronze:Invalidate","bronze:DelayedSlice","bronze:Frontload"],"picked":"SKIP","floor":11},{"not_picked":["bronze:Invalidate","bronze:DelayedSlice","bronze:Frontload"],"picked":"SKIP","floor":11},{"not_picked":["bronze:Invalidate","bronze:DelayedSlice","bronze:Frontload"],"picked":"SKIP","floor":11},{"not_picked":["bronze:Format","bronze:FindAndReplace"],"picked":"bronze:Flail","floor":12},{"not_picked":["bronze:BronzeArmor","bronze:Shell"],"picked":"bronze:GetLatest","floor":15}],"player_experience":1204955,"relics_obtained":[{"floor":7,"key":"Happy Flower"},{"floor":8,"key":"hubris:SlimyHat"}],"event_choices":[{"cards_removed":["bronze:Strike"],"damage_healed":0,"gold_gain":0,"player_choice":"Offered Basic","damage_taken":0,"max_hp_gain":0,"max_hp_loss":0,"event_name":"Bonfire Elementals","floor":4,"gold_loss":0},{"damage_healed":23,"gold_gain":0,"player_choice":"Banana","damage_taken":0,"max_hp_gain":0,"max_hp_loss":0,"event_name":"Big Fish","floor":13,"gold_loss":0}],"is_beta":false,"boss_relics":[],"items_purged_floors":[12],"is_endless":false,"potions_floor_spawned":[6,8,9,11],"killed_by":"DF_ARCHETYPE_STREAMLINE","ascension_level":0}}