{"host":"la7tuvtiv6v38fe3","time":1610850773,"event":{"mods":["AchievementEnabler","BaseMod","Bestiary","Colored Map","Colored Powertips","Dark Map","Minty Spire (QoL Compilation)","Relic Stats","StSLib","ojb\u0027s Better Paths Mod","ojb\u0027s Info Mod"],"gold_per_floor":[110,110,122,122,137,171,195,207,265,288,315,339,376,331,343,456,468,490,521,533,137,137,171,171,188,235,235,247,247,247,247,247,247,247],"floor_reached":33,"language":"ENG","playtime":3139,"items_purged":[],"score":374,"play_id":"bfb45c85-cf85-4abb-bc9d-1e64fa660f90","local_time":"20210116183253","is_ascension_mode":true,"campfire_choices":[{"floor":8,"key":"REST"},{"floor":15,"key":"REST"},{"data":"CrushJoints","floor":24,"key":"SMITH"},{"data":"EmptyFist","floor":30,"key":"SMITH"},{"data":"ThirdEye","floor":32,"key":"SMITH"}],"circlet_count":0,"master_deck":["Strike_P","Strike_P+1","Strike_P+1","Strike_P","Defend_P","Defend_P+1","Defend_P","Eruption","Vigilance","Consecrate","Meditate","CutThroughFate","EmptyFist+1","WheelKick","EmptyFist","CutThroughFate","Evaluate","Sanctity+1","LessonLearned","EmptyBody+1","TalkToTheHand","TalkToTheHand","CrushJoints+1","LikeWater+1","Protect+1","ThirdEye+1","SashWhip+1"],"relics":["SacredBark","Question Card","MawBank","Happy Flower","Odd Mushroom","Thread and Needle","Coffee Dripper","DollysMirror","Bird Faced Urn","Juzu Bracelet"],"acts_visited":["Exordium","TheCity"],"potions_floor_usage":[6,6,11,13,16,19,23,25,33],"damage_taken":[{"damage":8,"enemies":"Jaw Worm","floor":1,"turns":4},{"damage":0,"enemies":"2 Louse","floor":3,"turns":2},{"damage":0,"enemies":"Small Slimes","floor":5,"turns":2},{"damage":15,"enemies":"Lagavulin","floor":6,"turns":5},{"damage":5,"enemies":"Red Slaver","floor":7,"turns":3},{"damage":10,"enemies":"3 Louse","floor":10,"turns":5},{"damage":2,"enemies":"Exordium Wildlife","floor":11,"turns":3},{"damage":6,"enemies":"Looter","floor":12,"turns":3},{"damage":17,"enemies":"The Mushroom Lair","floor":13,"turns":3},{"damage":23,"enemies":"The Guardian","floor":16,"turns":13},{"damage":7,"enemies":"3 Byrds","floor":18,"turns":4},{"damage":13,"enemies":"2 Thieves","floor":19,"turns":4},{"damage":12,"enemies":"Book of Stabbing","floor":23,"turns":5},{"damage":7,"enemies":"Sentry and Sphere","floor":25,"turns":4},{"damage":0,"enemies":"Centurion and Healer","floor":28,"turns":10},{"damage":39,"enemies":"Collector","floor":33,"turns":3}],"seed_played":"-170546794500835581","potions_obtained":[{"floor":1,"key":"SkillPotion"},{"floor":5,"key":"CultistPotion"},{"floor":7,"key":"Swift Potion"},{"floor":12,"key":"DuplicationPotion"},{"floor":13,"key":"Energy Potion"},{"floor":18,"key":"StancePotion"}],"is_trial":false,"path_per_floor":["M","?","M","?","M","E","M","R","T","M","M","M","?","?","R","B",null,"M","M","?","$","?","E","R","M","T","?","M","?","R","?","R","B"],"character_chosen":"WATCHER","items_purchased":["DollysMirror","CrushJoints","LikeWater","BottledMiracle","CultistPotion"],"campfire_rested":2,"item_purchase_floors":[21,21,21,21,21],"current_hp_per_floor":[57,57,57,39,39,24,19,40,40,30,28,22,5,5,26,3,55,48,35,59,59,59,47,47,42,42,30,32,19,19,19,19,0,0],"gold":247,"neow_bonus":"BOSS_RELIC","is_daily":false,"chose_seed":false,"campfire_upgraded":3,"win_rate":0.0,"timestamp":1610850773,"path_taken":["M","?","M","?","M","E","M","R","T","M","M","M","?","?","R","BOSS","M","M","?","$","?","E","R","M","T","?","M","?","R","?","R","BOSS"],"items_purchased_type":["Relic","Card","Card","Potion","Potion"],"build_version":"2020-12-22","purchased_purges":0,"victory":false,"max_hp_per_floor":[72,72,72,72,72,72,72,72,72,72,72,72,72,72,72,72,72,72,72,72,72,72,72,72,72,72,72,72,77,77,77,77,77,77],"relic_stats":{"Happy Flower":[19],"counters":[16,73],"Bird Faced Urn":[6],"Juzu Bracelet":1,"Question Card":13,"MawBank":180,"obtain_stats":[{"Happy Flower":9,"DollysMirror":21,"SacredBark":0,"Bird Faced Urn":23,"Thread and Needle":14,"Coffee Dripper":17,"Juzu Bracelet":26,"PureWater":0,"Odd Mushroom":13,"Question Card":4,"MawBank":6},{"Happy Flower":5,"DollysMirror":12,"SacredBark":0,"Bird Faced Urn":13,"Thread and Needle":9,"Coffee Dripper":10,"Juzu Bracelet":14,"PureWater":0,"Odd Mushroom":9,"Question Card":2,"MawBank":4},{"Happy Flower":16,"DollysMirror":51,"SacredBark":0,"Bird Faced Urn":56,"Thread and Needle":30,"Coffee Dripper":43,"Juzu Bracelet":60,"PureWater":0,"Odd Mushroom":30,"Question Card":6,"MawBank":13}]},"card_choices":[{"not_picked":["Perseverance","Protect"],"picked":"Consecrate","floor":1},{"not_picked":["PathToVictory","Swivel"],"picked":"Meditate","floor":3},{"not_picked":["Conclude","SandsOfTime","FlyingSleeves"],"picked":"CutThroughFate","floor":5},{"not_picked":["CutThroughFate","Evaluate","ThirdEye"],"picked":"EmptyFist","floor":6},{"not_picked":["Establishment","Weave","JustLucky"],"picked":"WheelKick","floor":7},{"not_picked":["Fasting2","Conclude","Protect"],"picked":"EmptyFist","floor":10},{"not_picked":["Worship","ThirdEye","DeceiveReality"],"picked":"CutThroughFate","floor":11},{"not_picked":["FlyingSleeves","Crescendo","Wireheading"],"picked":"Evaluate","floor":12},{"not_picked":["Crescendo","FlyingSleeves","Prostrate"],"picked":"Sanctity","floor":13},{"not_picked":["Omniscience","Blasphemy","Establishment"],"picked":"LessonLearned","floor":16},{"not_picked":["BowlingBash","Prostrate","Pray+1"],"picked":"EmptyBody+1","floor":18},{"not_picked":["FlurryOfBlows+1","Sanctity","BowlingBash"],"picked":"TalkToTheHand","floor":19},{"not_picked":["ForeignInfluence","Consecrate","Vault"],"picked":"Protect+1","floor":23},{"not_picked":["Nirvana","SashWhip","FollowUp"],"picked":"ThirdEye","floor":25},{"not_picked":["Prostrate","BowlingBash","Crescendo"],"picked":"SashWhip+1","floor":28}],"player_experience":359676,"relics_obtained":[{"floor":6,"key":"MawBank"},{"floor":9,"key":"Happy Flower"},{"floor":13,"key":"Odd Mushroom"},{"floor":23,"key":"Bird Faced Urn"},{"floor":26,"key":"Juzu Bracelet"}],"event_choices":[{"cards_removed":["Defend_P"],"damage_healed":0,"gold_gain":0,"player_choice":"Forget","damage_taken":0,"max_hp_gain":0,"max_hp_loss":0,"event_name":"Living Wall","floor":2,"gold_loss":0},{"damage_healed":0,"gold_gain":0,"player_choice":"Success","damage_taken":18,"relics_obtained":["Question Card"],"max_hp_gain":0,"max_hp_loss":0,"event_name":"Scrap Ooze","floor":4,"gold_loss":0},{"damage_healed":0,"gold_gain":0,"player_choice":"Fought Mushrooms","damage_taken":0,"max_hp_gain":0,"max_hp_loss":0,"event_name":"Mushrooms","floor":13,"gold_loss":0},{"damage_healed":0,"gold_gain":0,"player_choice":"Paid Gold","damage_taken":0,"relics_obtained":["Thread and Needle"],"max_hp_gain":0,"max_hp_loss":0,"event_name":"WeMeetAgain","floor":14,"gold_loss":57},{"damage_healed":24,"gold_gain":0,"player_choice":"Heal","damage_taken":0,"max_hp_gain":0,"max_hp_loss":0,"event_name":"The Library","floor":20,"gold_loss":0},{"damage_healed":0,"gold_gain":0,"player_choice":"Ignored","damage_taken":0,"max_hp_gain":0,"max_hp_loss":0,"event_name":"Beggar","floor":22,"gold_loss":0},{"damage_healed":0,"gold_gain":0,"player_choice":"POTION ","damage_taken":12,"max_hp_gain":0,"max_hp_loss":0,"event_name":"Knowing Skull","floor":27,"potions_obtained":["ColorlessPotion"],"gold_loss":0,"cards_obtained":[]},{"damage_healed":0,"gold_gain":0,"player_choice":"Shed Blood","damage_taken":18,"max_hp_gain":5,"max_hp_loss":0,"event_name":"Forgotten Altar","floor":29,"gold_loss":0},{"damage_healed":0,"gold_gain":0,"player_choice":"Ignored","damage_taken":0,"max_hp_gain":0,"max_hp_loss":0,"event_name":"The Mausoleum","floor":31,"gold_loss":0}],"is_beta":false,"boss_relics":[{"not_picked":["Pandora\u0027s Box","Busted Crown"],"picked":"Coffee Dripper"}],"items_purged_floors":[],"is_endless":false,"potions_floor_spawned":[1,5,7,12,13,18],"killed_by":"Collector","ascension_level":8}}