{"host":"z9811rt50ti81n54","time":1610897262,"event":{"mods":["BaseMod","Better Match","Better Skull","Better Third Choice","Minty Spire (QoL Compilation)","Permanent Neow","StSLib","SuperFastMode"],"gold_per_floor":[109,284,234,252,252,283,317,317,317,168,192,192,207,28,28,152,152,170,170,45,45,45,78,3,3,30,30,49,74,74,92,92,221,221,240,573,589,589,589,589,602,216,269,282,14,25,43,43,43,43],"floor_reached":51,"language":"ENG","playtime":1469,"items_purged":["Strike_G","Strike_G","Strike_G","Flying Knee"],"score":686,"play_id":"d9fe259e-6420-4f44-b399-17ca8680df18","local_time":"20210118002742","is_ascension_mode":false,"campfire_choices":[{"data":"Neutralize","floor":8.0,"key":"SMITH"},{"data":"Prepared","floor":12.0,"key":"SMITH"},{"data":"Noxious Fumes","floor":15.0,"key":"SMITH"},{"floor":25.0,"key":"REST"},{"floor":30,"key":"REST"},{"floor":32,"key":"REST"},{"data":"Well Laid Plans","floor":40,"key":"SMITH"},{"floor":49,"key":"REST"}],"circlet_count":0,"master_deck":["Defend_G","Defend_G","Defend_G","Survivor","Neutralize+1","Underhanded Strike","Prepared+1","Deflect","Well Laid Plans+1","Flechettes+1","Noxious Fumes+1","Adrenaline","Bouncing Flask","Necronomicurse","Quick Slash+1","Deadly Poison","Skewer+1","Corpse Explosion","Dash+1","Expertise","Footwork","Acrobatics","Blur","Madness","Madness"],"relics":["Ring of the Snake","Pen Nib","Odd Mushroom","Molten Egg 2","Sozu","Necronomicon","Paper Crane","Juzu Bracelet","Busted Crown","TwistedFunnel","CeramicFish","Bottled Lightning"],"acts_visited":["Exordium","TheCity","TheBeyond"],"potions_floor_usage":[],"damage_taken":[{"damage":0.0,"enemies":"2 Louse","floor":1.0,"turns":3.0},{"damage":10.0,"enemies":"Jaw Worm","floor":4.0,"turns":5.0},{"damage":17.0,"enemies":"3 Sentries","floor":6.0,"turns":9.0},{"damage":9.0,"enemies":"The Mushroom Lair","floor":7.0,"turns":4.0},{"damage":0.0,"enemies":"Small Slimes","floor":11.0,"turns":6.0},{"damage":2.0,"enemies":"Exordium Thugs","floor":13.0,"turns":5.0},{"damage":13.0,"enemies":"The Guardian","floor":16.0,"turns":9.0},{"damage":8.0,"enemies":"3 Byrds","floor":18.0,"turns":5.0},{"damage":31.0,"enemies":"Gremlin Leader","floor":23.0,"turns":7.0},{"damage":0.0,"enemies":"Spheric Guardian","floor":28.0,"turns":2.0},{"damage":20,"enemies":"Centurion and Healer","floor":29,"turns":3},{"damage":2,"enemies":"Snake Plant","floor":31,"turns":4},{"damage":36,"enemies":"Collector","floor":33,"turns":5},{"damage":1,"enemies":"Orb Walker","floor":35,"turns":2},{"damage":21,"enemies":"3 Darklings","floor":37,"turns":4},{"damage":0,"enemies":"Jaw Worm Horde","floor":41,"turns":2},{"damage":1,"enemies":"4 Shapes","floor":44,"turns":2},{"damage":0,"enemies":"Maw","floor":46,"turns":5},{"damage":31,"enemies":"Time Eater","floor":50,"turns":11}],"seed_played":"-2013223770989167382","potions_obtained":[{"floor":1.0,"key":"FearPotion"},{"floor":7.0,"key":"ColorlessPotion"},{"floor":11.0,"key":"CultistPotion"}],"is_trial":false,"path_per_floor":["M","?","?","M","?","E","?","R","T","$","M","R","M","$","R","B",null,"M","?","$","?","?","E","?","R","T","$","M","M","R","M","R","B",null,"M","?","M","?","?","R","M","$","T","M","$","M","?","$","R","B",null],"character_chosen":"THE_SILENT","items_purchased":["Regen Potion","Noxious Fumes","Footwork","Acrobatics","TwistedFunnel","Bottled Lightning","Blur"],"campfire_rested":4,"item_purchase_floors":[10,14,42,42,42,45,45],"current_hp_per_floor":[63,63,63,53,38,21,12,12,12,12,27,27,25,25,25,12,63,55,55,55,55,39,8,8,26,26,26,26,6,24,22,40,4,63,62,62,41,41,41,41,41,41,41,40,40,40,32,32,50,19],"gold":43,"neow_bonus":"REMOVE_TWO","is_daily":false,"chose_seed":false,"campfire_upgraded":4,"win_rate":0.0,"timestamp":1610897262,"path_taken":["M","?","?","M","?","E","?","R","T","$","M","R","M","$","R","BOSS","M","?","?","?","?","E","?","R","T","?","M","M","R","M","R","BOSS","M","?","M","?","?","R","M","$","T","M","$","M","?","$","R","BOSS"],"items_purchased_type":["Potion","Card","Card","Card","Relic","Relic","Card"],"build_version":"2020-12-22","purchased_purges":4,"victory":true,"max_hp_per_floor":[63,63,63,63,63,63,63,63,63,63,63,63,63,63,63,63,63,63,63,63,63,63,63,63,63,63,63,63,63,63,63,63,63,63,63,63,63,63,63,63,63,63,63,63,63,63,63,63,63,63],"card_choices":[{"not_picked":["Distraction","Blade Dance"],"picked":"Underhanded Strike","floor":1.0},{"not_picked":["Well Laid Plans","Expertise"],"picked":"Flying Knee","floor":4.0},{"not_picked":["Outmaneuver","PiercingWail"],"picked":"Prepared","floor":6.0},{"not_picked":["Choke","Backflip"],"picked":"Deflect","floor":7.0},{"not_picked":["Bane+1","Backflip"],"picked":"Well Laid Plans","floor":11.0},{"not_picked":["Accuracy","Backflip"],"picked":"Flechettes+1","floor":13.0},{"not_picked":["Wraith Form v2","Night Terror"],"picked":"Adrenaline","floor":16.0},{"not_picked":["Sucker Punch+1","Concentrate"],"picked":"Bouncing Flask","floor":18.0},{"not_picked":["Backstab+1","Choke+1"],"picked":"All Out Attack+1","floor":23.0},{"not_picked":["Infinite Blades","Acrobatics"],"picked":"Quick Slash+1","floor":28},{"not_picked":["Outmaneuver+1","Finisher+1"],"picked":"Deadly Poison","floor":29},{"not_picked":["Predator+1","Finisher+1"],"picked":"Skewer+1","floor":31},{"not_picked":["Phantasmal Killer","Storm of Steel"],"picked":"Corpse Explosion","floor":33},{"not_picked":["Deadly Poison+1"],"picked":"SKIP","floor":35},{"not_picked":[],"picked":"Dash+1","floor":37},{"not_picked":["Eviscerate+1"],"picked":"SKIP","floor":41},{"not_picked":["Underhanded Strike+1"],"picked":"SKIP","floor":44},{"not_picked":["Well Laid Plans"],"picked":"SKIP","floor":46}],"player_experience":390181,"relics_obtained":[{"floor":6.0,"key":"Pen Nib"},{"floor":7.0,"key":"Odd Mushroom"},{"floor":9.0,"key":"Molten Egg 2"},{"floor":22.0,"key":"Necronomicon"},{"floor":23.0,"key":"Paper Crane"},{"floor":26.0,"key":"Juzu Bracelet"},{"floor":43,"key":"CeramicFish"}],"event_choices":[{"damage_healed":0.0,"max_hp_gain":0.0,"max_hp_loss":0.0,"gold_gain":175.0,"event_name":"Liars Game","player_choice":"AGREE","floor":2.0,"gold_loss":0.0,"damage_taken":0.0,"cards_obtained":["Doubt"]},{"cards_removed":["Doubt"],"damage_healed":0.0,"max_hp_gain":0.0,"max_hp_loss":0.0,"gold_gain":0.0,"event_name":"The Cleric","player_choice":"Card Removal","floor":3.0,"gold_loss":50.0,"damage_taken":0.0},{"damage_healed":0.0,"max_hp_gain":0.0,"max_hp_loss":0.0,"gold_gain":0.0,"event_name":"Golden Idol","player_choice":"Take Damage","floor":5.0,"gold_loss":0.0,"damage_taken":15.0,"relics_obtained":["Golden Idol"]},{"damage_healed":0.0,"max_hp_gain":0.0,"max_hp_loss":0.0,"gold_gain":0.0,"event_name":"Mushrooms","player_choice":"Fought Mushrooms","floor":7.0,"gold_loss":0.0,"damage_taken":0.0},{"damage_healed":0.0,"max_hp_gain":0.0,"max_hp_loss":0.0,"gold_gain":0.0,"event_name":"NoteForYourself","player_choice":"Ignored","floor":19.0,"gold_loss":0.0,"damage_taken":0.0},{"cards_removed":["Strike_G"],"damage_healed":0.0,"max_hp_gain":0.0,"max_hp_loss":0.0,"gold_gain":0.0,"event_name":"betterThird:BetterWriting","player_choice":"Elegance","floor":21.0,"gold_loss":0.0,"damage_taken":0.0},{"damage_healed":0.0,"max_hp_gain":0.0,"max_hp_loss":0.0,"gold_gain":0.0,"event_name":"Cursed Tome","player_choice":"Obtained Book","floor":22.0,"gold_loss":0.0,"damage_taken":16.0},{"cards_removed":["Defend_G"],"damage_healed":0.0,"max_hp_gain":0.0,"max_hp_loss":0.0,"gold_gain":0.0,"event_name":"Beggar","player_choice":"Gave Gold","floor":24.0,"gold_loss":75.0,"damage_taken":0.0},{"damage_healed":0,"gold_gain":333,"player_choice":"Gave Idol","damage_taken":0,"max_hp_gain":0,"max_hp_loss":0,"event_name":"The Moai Head","floor":36,"relics_lost":["Golden Idol"],"gold_loss":0},{"damage_healed":0,"gold_gain":0,"cards_transformed":["All Out Attack"],"player_choice":"Transformed","damage_taken":0,"max_hp_gain":0,"max_hp_loss":0,"event_name":"Transmorgrifier","floor":38,"gold_loss":0,"cards_obtained":["Expertise"]},{"damage_healed":0,"gold_gain":0,"player_choice":"Ignored","damage_taken":0,"max_hp_gain":0,"max_hp_loss":0,"event_name":"Tomb of Lord Red Mask","floor":39,"gold_loss":0},{"damage_healed":0,"gold_gain":0,"player_choice":"Embrace Madness","damage_taken":8,"max_hp_gain":0,"max_hp_loss":0,"event_name":"Winding Halls","floor":47,"gold_loss":0,"cards_obtained":["Madness","Madness"]}],"is_beta":false,"boss_relics":[{"not_picked":["WristBlade","Fusion Hammer"],"picked":"Sozu"},{"not_picked":["SacredBark","Velvet Choker"],"picked":"Busted Crown"}],"items_purged_floors":[10,14,20,42],"is_endless":false,"potions_floor_spawned":[1,7,11,18,29,37,41],"ascension_level":0}}