{"host":"6mgmpue98l61x61q","time":1610871440,"event":{"mods":["BaseMod","Colored Map","Minty Spire (QoL Compilation)","Relic Stats"],"gold_per_floor":[113,113,113,136,150,181,181,194,194,194,269,288,288,323,323,454,454,467,481,396,1,1,1,39,63,131,131,162,177,200,200,200,330,330,345,363,363,130,130,130,161,185,185,0,0,25,25,61,61,61],"floor_reached":51,"language":"ENG","playtime":3996,"items_purged":[],"score":1029,"play_id":"f91cbc5f-c51c-4d52-948f-17ae569d0a1d","local_time":"20210117021720","is_ascension_mode":true,"campfire_choices":[{"floor":7,"key":"REST"},{"floor":10,"key":"REST"},{"floor":13,"key":"REST"},{"floor":15,"key":"REST"},{"floor":23,"key":"REST"},{"floor":27,"key":"REST"},{"floor":32,"key":"REST"},{"floor":40,"key":"REST"},{"floor":45,"key":"REST"},{"floor":47,"key":"REST"},{"floor":49,"key":"REST"}],"circlet_count":0,"master_deck":["Strike_P","Strike_P","Strike_P","Defend_P","Defend_P","Defend_P","Eruption","Vigilance","Study","BattleHymn","ClearTheMind","CrushJoints","BowlingBash+1","Tantrum","LikeWater+1","Vault","WheelKick","Protect+1","Eruption","Dark Shackles","Wallop","FearNoEvil+1","Alpha","Wallop","Protect+1","Wish"],"relics":["Snecko Eye","Mercury Hourglass","Golden Idol","Bird Faced Urn","Torii","Matryoshka","Fusion Hammer","Gremlin Horn","Strange Spoon","Nunchaku","Toy Ornithopter","Regal Pillow","Mummified Hand","Boot","Empty Cage","Whetstone","MealTicket","Pear","Ice Cream","Shuriken","Red Mask","Potion Belt"],"acts_visited":["Exordium","TheCity","TheBeyond"],"potions_floor_usage":[5,12,35,48,50,50,50],"damage_taken":[{"damage":0,"enemies":"Jaw Worm","floor":1,"turns":4},{"damage":0,"enemies":"Small Slimes","floor":4,"turns":2},{"damage":3,"enemies":"2 Louse","floor":5,"turns":3},{"damage":28,"enemies":"Gremlin Nob","floor":6,"turns":4},{"damage":8,"enemies":"Blue Slaver","floor":8,"turns":3},{"damage":11,"enemies":"Gremlin Gang","floor":12,"turns":2},{"damage":11,"enemies":"3 Sentries","floor":14,"turns":3},{"damage":0,"enemies":"Slime Boss","floor":16,"turns":7},{"damage":9,"enemies":"2 Thieves","floor":18,"turns":4},{"damage":1,"enemies":"Spheric Guardian","floor":19,"turns":3},{"damage":15,"enemies":"Book of Stabbing","floor":24,"turns":7},{"damage":0,"enemies":"Centurion and Healer","floor":25,"turns":4},{"damage":21,"enemies":"Slavers","floor":28,"turns":3},{"damage":0,"enemies":"Sentry and Sphere","floor":29,"turns":2},{"damage":0,"enemies":"3 Cultists","floor":30,"turns":2},{"damage":0,"enemies":"Automaton","floor":33,"turns":6},{"damage":0,"enemies":"Orb Walker","floor":35,"turns":2},{"damage":1,"enemies":"3 Darklings","floor":36,"turns":4},{"damage":12,"enemies":"Giant Head","floor":41,"turns":7},{"damage":13,"enemies":"Sphere and 2 Shapes","floor":42,"turns":2},{"damage":0,"enemies":"Writhing Mass","floor":46,"turns":5},{"damage":65,"enemies":"Nemesis","floor":48,"turns":8},{"damage":13,"enemies":"Awakened One","floor":50,"turns":9}],"seed_played":"4706167041730248021","potions_obtained":[{"floor":1,"key":"BottledMiracle"},{"floor":8,"key":"SteroidPotion"},{"floor":16,"key":"FearPotion"},{"floor":19,"key":"Dexterity Potion"},{"floor":35,"key":"LiquidMemories"},{"floor":48,"key":"Fire Potion"}],"is_trial":false,"path_per_floor":["M","?","?","M","M","E","R","M","T","R","?","M","R","E","R","B",null,"M","M","?","$","?","R","E","M","T","R","E","M","M","$","R","B",null,"M","M","?","$","T","R","E","M","T","?","R","M","R","E","R","B",null],"character_chosen":"WATCHER","items_purchased":["Strange Spoon","Nunchaku","Fruit Juice","Whetstone","Wallop"],"campfire_rested":11,"item_purchase_floors":[21,21,21,38,38],"current_hp_per_floor":[72,54,36,36,33,5,26,22,22,43,32,23,44,33,54,58,69,64,67,67,67,67,72,59,65,65,72,51,55,59,59,72,72,72,77,77,77,77,87,87,77,68,68,68,87,87,87,29,70,78],"gold":61,"neow_bonus":"BOSS_RELIC","is_daily":false,"chose_seed":false,"campfire_upgraded":0,"win_rate":0.0,"timestamp":1610871440,"path_taken":["M","?","?","M","M","E","R","M","T","R","?","M","R","E","R","BOSS","M","M","?","$","?","R","E","M","T","R","E","M","M","$","R","BOSS","M","?","?","$","?","R","E","M","T","?","R","M","R","E","R","BOSS"],"items_purchased_type":["Relic","Relic","Potion","Relic","Card"],"build_version":"2020-12-22","purchased_purges":0,"victory":true,"max_hp_per_floor":[72,72,72,72,72,72,72,72,72,72,72,72,72,72,72,72,72,72,72,72,72,72,72,72,72,72,72,72,72,72,72,72,72,72,77,77,77,77,87,87,87,87,87,87,87,87,87,87,87,87],"relic_stats":{"Regal Pillow":15,"Torii":8,"Gremlin Horn":[13,15],"counters":[23,95],"Golden Idol":168,"Whetstone":["FearNoEvil","BowlingBash"],"Boot":[55],"Mercury Hourglass":[383],"Strange Spoon":[35],"Nunchaku":[16],"Mummified Hand":[53],"Shuriken":[11],"Bird Faced Urn":[49],"Snecko Eye":[162,166,199,190],"MealTicket":0,"obtain_stats":[{"Ice Cream":41,"Potion Belt":48,"Regal Pillow":26,"Pear":39,"Torii":9,"Gremlin Horn":20,"Golden Idol":3,"Whetstone":38,"Boot":28,"Empty Cage":34,"Mercury Hourglass":2,"Strange Spoon":21,"Nunchaku":21,"Matryoshka":14,"Mummified Hand":26,"Shuriken":43,"Bird Faced Urn":6,"Snecko Eye":0,"MealTicket":39,"Fusion Hammer":17,"Red Mask":44,"PureWater":0,"Toy Ornithopter":24},{"Ice Cream":19,"Potion Belt":22,"Regal Pillow":12,"Pear":18,"Torii":5,"Gremlin Horn":10,"Golden Idol":1,"Whetstone":18,"Boot":13,"Empty Cage":16,"Mercury Hourglass":1,"Strange Spoon":10,"Nunchaku":10,"Matryoshka":7,"Mummified Hand":12,"Shuriken":20,"Bird Faced Urn":4,"Snecko Eye":0,"MealTicket":18,"Fusion Hammer":8,"Red Mask":20,"PureWater":0,"Toy Ornithopter":11},{"Ice Cream":71,"Potion Belt":86,"Regal Pillow":45,"Pear":64,"Torii":15,"Gremlin Horn":34,"Golden Idol":4,"Whetstone":64,"Boot":48,"Empty Cage":58,"Mercury Hourglass":4,"Strange Spoon":34,"Nunchaku":34,"Matryoshka":20,"Mummified Hand":45,"Shuriken":73,"Bird Faced Urn":12,"Snecko Eye":0,"MealTicket":64,"Fusion Hammer":27,"Red Mask":73,"PureWater":0,"Toy Ornithopter":41}],"Toy Ornithopter":20},"card_choices":[{"not_picked":["CrushJoints","EmptyFist"],"picked":"Study","floor":1},{"not_picked":["WaveOfTheHand","Crescendo"],"picked":"BattleHymn","floor":4},{"not_picked":["Weave","InnerPeace"],"picked":"ClearTheMind","floor":5},{"not_picked":["FlurryOfBlows","Prostrate"],"picked":"CrushJoints","floor":6},{"not_picked":["SashWhip","Nirvana"],"picked":"BowlingBash","floor":8},{"not_picked":["BowlingBash","WaveOfTheHand"],"picked":"Tantrum","floor":12},{"not_picked":["FlurryOfBlows","Consecrate"],"picked":"LikeWater","floor":14},{"not_picked":["Blasphemy","SpiritShield"],"picked":"Vault","floor":16},{"not_picked":["WreathOfFlame+1","SashWhip"],"picked":"WheelKick","floor":18},{"not_picked":["Consecrate","Swivel"],"picked":"Protect+1","floor":19},{"not_picked":["EmptyBody","FollowUp","PathToVictory"],"picked":"SKIP","floor":24},{"not_picked":["TalkToTheHand","FlyingSleeves+1"],"picked":"Wallop","floor":25},{"not_picked":["Prostrate","Devotion","SignatureMove+1"],"picked":"SKIP","floor":28},{"not_picked":["Indignation","Evaluate"],"picked":"FearNoEvil","floor":29},{"not_picked":["Prostrate","BattleHymn","Wireheading"],"picked":"SKIP","floor":30},{"not_picked":["Blasphemy","Judgement"],"picked":"Alpha","floor":33},{"not_picked":["Evaluate","SashWhip+1","BowlingBash+1"],"picked":"SKIP","floor":35},{"not_picked":["EmptyBody+1","FlyingSleeves+1","Consecrate"],"picked":"SKIP","floor":36},{"not_picked":["WindmillStrike","Tantrum+1"],"picked":"Protect+1","floor":41},{"not_picked":["InnerPeace+1","FlyingSleeves+1","PathToVictory+1"],"picked":"SKIP","floor":42},{"not_picked":["Prostrate","DevaForm","Consecrate"],"picked":"SKIP","floor":46},{"not_picked":["Halt","FollowUp"],"picked":"Wish","floor":48}],"player_experience":587536,"relics_obtained":[{"floor":6,"key":"Bird Faced Urn"},{"floor":9,"key":"Torii"},{"floor":14,"key":"Matryoshka"},{"floor":24,"key":"Toy Ornithopter"},{"floor":26,"key":"Regal Pillow"},{"floor":26,"key":"Mummified Hand"},{"floor":28,"key":"Boot"},{"floor":39,"key":"MealTicket"},{"floor":39,"key":"Pear"},{"floor":41,"key":"Ice Cream"},{"floor":43,"key":"Shuriken"},{"floor":48,"key":"Potion Belt"}],"event_choices":[{"damage_healed":0,"gold_gain":0,"player_choice":"Success","damage_taken":18,"relics_obtained":["Mercury Hourglass"],"max_hp_gain":0,"max_hp_loss":0,"event_name":"Scrap Ooze","floor":2,"gold_loss":0},{"damage_healed":0,"gold_gain":0,"player_choice":"Take Damage","damage_taken":18,"relics_obtained":["Golden Idol"],"max_hp_gain":0,"max_hp_loss":0,"event_name":"Golden Idol","floor":3,"gold_loss":0},{"damage_healed":0,"gold_gain":75,"player_choice":"Gather Gold","damage_taken":11,"max_hp_gain":0,"max_hp_loss":0,"event_name":"World of Goop","floor":11,"gold_loss":0},{"damage_healed":0,"gold_gain":0,"player_choice":"Obtained Relic","damage_taken":0,"relics_obtained":["Gremlin Horn"],"max_hp_gain":0,"max_hp_loss":0,"event_name":"Addict","floor":20,"gold_loss":85},{"damage_healed":0,"gold_gain":0,"player_choice":"2 cards matched","damage_taken":0,"max_hp_gain":0,"max_hp_loss":0,"event_name":"Match and Keep!","floor":22,"gold_loss":0,"cards_obtained":["Eruption","Dark Shackles"]},{"damage_healed":0,"gold_gain":0,"player_choice":"Forge","damage_taken":0,"max_hp_gain":0,"max_hp_loss":0,"event_name":"Accursed Blacksmith","floor":37,"gold_loss":0,"cards_upgraded":["LikeWater"]},{"damage_healed":0,"gold_gain":0,"player_choice":"Paid","damage_taken":0,"relics_obtained":["Red Mask"],"max_hp_gain":0,"max_hp_loss":0,"event_name":"Tomb of Lord Red Mask","floor":44,"gold_loss":185}],"is_beta":false,"boss_relics":[{"not_picked":["VioletLotus","SlaversCollar"],"picked":"Fusion Hammer"},{"not_picked":["Velvet Choker","Runic Pyramid"],"picked":"Empty Cage"}],"items_purged_floors":[],"is_endless":false,"potions_floor_spawned":[1,8,16,19,29,30,35,36,48],"ascension_level":5}}