{"host":"h4qgcirtxz6qax9j","time":1610864055,"event":{"mods":["AchievementEnabler","Astrologer","BaseMod","Colored Powertips","Minty Spire (QoL Compilation)","StSLib","SuperFastMode","The Cursed"],"gold_per_floor":[113,129,129,145,166,207,207,232,256,276,276,323,173,206,206,206,206],"floor_reached":16,"language":"KOR","playtime":537,"items_purged":[],"score":114,"play_id":"f4b0b301-ff3a-4748-81aa-fea401346ea4","local_time":"20210117151415","is_ascension_mode":false,"campfire_choices":[{"floor":7,"key":"REST"},{"floor":15,"key":"REST"}],"circlet_count":0,"master_deck":["astrologer:Strike","astrologer:Strike","astrologer:Strike","astrologer:Strike","astrologer:Defend","astrologer:Defend","astrologer:Defend","astrologer:Defend","astrologer:NorthStar","astrologer:TheFool","astrologer:Eclipse+1","astrologer:MeteorShower+1","astrologer:SpaceDust","astrologer:Moonlight","astrologer:Moonlight","astrologer:Novile","astrologer:TheEmperor","astrologer:SpaceDust","astrologer:Conjunction"],"relics":["astrologer:SkyMirror","NeowsBlessing","Golden Idol","Matryoshka","MealTicket","Whetstone","CeramicFish","Frozen Eye"],"acts_visited":["Exordium"],"potions_floor_usage":[16,16,16],"damage_taken":[{"damage":0,"enemies":"Jaw Worm","floor":1,"turns":1},{"damage":0,"enemies":"Small Slimes","floor":2,"turns":1},{"damage":0,"enemies":"Cultist","floor":4,"turns":1},{"damage":2,"enemies":"Blue Slaver","floor":5,"turns":5},{"damage":24,"enemies":"Lagavulin","floor":6,"turns":11},{"damage":10,"enemies":"Lots of Slimes","floor":8,"turns":6},{"damage":8,"enemies":"Large Slime","floor":10,"turns":7},{"damage":25,"enemies":"3 Sentries","floor":12,"turns":10},{"damage":0,"enemies":"Looter","floor":14,"turns":5},{"damage":42,"enemies":"The Guardian","floor":16,"turns":12}],"seed_played":"4568786217930181126","potions_obtained":[{"floor":2,"key":"EssenceOfSteel"},{"floor":4,"key":"Explosive Potion"},{"floor":8,"key":"BlessingOfTheForge"}],"is_trial":false,"path_per_floor":["M","M","?","M","M","E","R","M","T","M","?","E","$","M","R","B"],"character_chosen":"ASTROLOGER","items_purchased":["Frozen Eye"],"campfire_rested":2,"item_purchase_floors":[13],"current_hp_per_floor":[70,70,53,53,51,27,48,38,38,30,30,5,20,20,41,0,0],"gold":206,"neow_bonus":"THREE_ENEMY_KILL","is_daily":false,"chose_seed":false,"campfire_upgraded":0,"win_rate":0.0,"timestamp":1610864055,"path_taken":["M","M","?","M","M","E","R","M","T","M","?","E","$","M","R","BOSS"],"items_purchased_type":["Relic"],"build_version":"2020-12-22","purchased_purges":0,"victory":false,"max_hp_per_floor":[70,70,70,70,70,70,70,70,70,70,70,70,70,70,70,70,70],"card_choices":[{"not_picked":["astrologer:Radiance","astrologer:TheEmperor"],"picked":"astrologer:Eclipse","floor":1},{"not_picked":["astrologer:SpaceDust","astrologer:FrozenStar"],"picked":"astrologer:MeteorShower","floor":2},{"not_picked":["astrologer:StarOfRegret","astrologer:Prestidigitation"],"picked":"astrologer:SpaceDust","floor":4},{"not_picked":["astrologer:Eclipse","astrologer:Novile"],"picked":"astrologer:Moonlight","floor":5},{"not_picked":["astrologer:Conjunction","astrologer:HeatDeath"],"picked":"astrologer:FrozenStar","floor":6},{"not_picked":["astrologer:TheEmpress","astrologer:ReadTheStars"],"picked":"astrologer:Moonlight","floor":8},{"not_picked":["astrologer:Stardust","astrologer:Sunrise"],"picked":"astrologer:Novile","floor":10},{"not_picked":["astrologer:TheTower","astrologer:Radiance"],"picked":"astrologer:SpaceDust","floor":12},{"not_picked":["astrologer:TheHierophant","astrologer:FrozenStar"],"picked":"astrologer:Conjunction","floor":14}],"player_experience":60371,"relics_obtained":[{"floor":6,"key":"Matryoshka"},{"floor":9,"key":"MealTicket"},{"floor":9,"key":"Whetstone"},{"floor":12,"key":"CeramicFish"}],"event_choices":[{"damage_healed":0,"gold_gain":0,"player_choice":"Take Damage","damage_taken":17,"relics_obtained":["Golden Idol"],"max_hp_gain":0,"max_hp_loss":0,"event_name":"Golden Idol","floor":3,"gold_loss":0},{"damage_healed":0,"gold_gain":0,"cards_transformed":["astrologer:FrozenStar"],"player_choice":"Transformed","damage_taken":0,"max_hp_gain":0,"max_hp_loss":0,"event_name":"Transmorgrifier","floor":11,"gold_loss":0,"cards_obtained":["astrologer:TheEmperor"]}],"is_beta":false,"boss_relics":[],"items_purged_floors":[],"is_endless":false,"potions_floor_spawned":[2,4,8,10,14],"killed_by":"The Guardian","ascension_level":0}}