{"host":"c5slkkw8hp42e20v","time":1610868711,"event":{"mods":["AchievementEnabler","BaseMod","Better Note","BetterRewards","Colored Powertips","DeckTracker","Friendly Minions","GifTheSpireLib","Hermit","Highlight Path","Minty Spire (QoL Compilation)","Quick Restart","Rare Cards Sparkle","Replay The Spire","Spicy Shops","StSLib","The Animator","The Hierophant","The Poker Player","????"],"gold_per_floor":[113,35,50,125,125,125,184,184,184,184,0,28,38,55,55,151,151,171,221,28,46,46,46,66,66,66],"floor_reached":25,"language":"ENG","playtime":1104,"items_purged":[],"score":203,"play_id":"8bc3d96a-bf3d-40ed-a2fb-d20489c46937","local_time":"20210117013151","is_ascension_mode":false,"campfire_choices":[{"data":"Noxious Fumes","floor":6,"key":"SMITH"},{"data":"Poisoned Stab","floor":8,"key":"SMITH"},{"data":"Neutralize","floor":10,"key":"SMITH"},{"floor":15,"key":"REST"},{"floor":23,"key":"REST"}],"circlet_count":0,"master_deck":["Strike_G","Strike_G","Strike_G","Strike_G","Strike_G","Defend_G","Defend_G","Defend_G","Defend_G","Defend_G","Survivor","Neutralize+1","Blade Dance","Noxious Fumes+1","Poisoned Stab+1","Bouncing Flask","Noxious Fumes","ReplayTheSpireMod:Necrosis","Crippling Poison","Flying Knee","Venomology","Poisoned Stab","Deadly Poison","Corpse Explosion","Corpse Explosion","Terror+1","Replay:Sssssssssshield+1","Quick Slash+1"],"relics":["Ring of the Snake","NeowsBlessing","ReplayTheSpireMod:Ring of Challenge","Ring of Fangs","Darkstone Periapt","Sling","Oddly Smooth Stone","Ring of Chaos","Medical Kit"],"acts_visited":["Exordium","TheCity"],"potions_floor_usage":[18,19,19,21,21,21,24,24],"damage_taken":[{"damage":0,"enemies":"Cultist","floor":1,"turns":1},{"damage":0,"enemies":"Jaw Worm","floor":3,"turns":1},{"damage":2,"enemies":"2 Louse","floor":7,"turns":4},{"damage":16,"enemies":"Lagavulin","floor":12,"turns":6},{"damage":13,"enemies":"Exordium Wildlife","floor":13,"turns":4},{"damage":0,"enemies":"Large Slime","floor":14,"turns":5},{"damage":37,"enemies":"Slime Boss","floor":16,"turns":7},{"damage":28,"enemies":"Shell Parasite","floor":18,"turns":5},{"damage":17,"enemies":"Chosen","floor":19,"turns":5},{"damage":18,"enemies":"Shelled Parasite and Fungi","floor":21,"turns":5},{"damage":24,"enemies":"3 Cultists","floor":24,"turns":4},{"damage":19,"enemies":"Cultist and Chosen","floor":25,"turns":4}],"seed_played":"-4704037579468762689","potions_obtained":[{"floor":1,"key":"Venom Potion"},{"floor":3,"key":"Energy Potion"},{"floor":14,"key":"Languid Potion"},{"floor":19,"key":"DistilledChaos"},{"floor":24,"key":"Languid Potion"}],"is_trial":false,"path_per_floor":["M","$","M","?","?","R","M","R","T","R","$","E","M","M","R","B",null,"M","M","$","M","?","R","M","M"],"character_chosen":"THE_SILENT","items_purchased":["Noxious Fumes","Noxious Fumes","Sling","Medical Kit","Corpse Explosion"],"campfire_rested":2,"item_purchase_floors":[2,11,11,20,20],"current_hp_per_floor":[70,70,70,59,59,59,57,57,57,57,57,41,28,28,49,12,70,42,25,25,7,7,28,4,0,0],"gold":66,"neow_bonus":"THREE_ENEMY_KILL","is_daily":false,"chose_seed":false,"campfire_upgraded":3,"win_rate":0.0,"timestamp":1610868711,"path_taken":["M","$","?","?","?","R","M","R","T","R","?","E","M","M","R","BOSS","M","M","$","M","?","R","M","M"],"items_purchased_type":["Card","Card","Relic","Relic","Card"],"build_version":"2020-12-22","purchased_purges":0,"victory":false,"max_hp_per_floor":[70,70,70,70,70,70,70,70,70,70,70,70,70,70,70,70,70,70,70,70,70,70,70,70,70,70],"card_choices":[{"not_picked":["Heel Hook","Dodge and Roll"],"picked":"Blade Dance","floor":1},{"not_picked":["Bane","Underhanded Strike"],"picked":"Poisoned Stab","floor":3},{"not_picked":["Dodge and Roll","Flying Knee"],"picked":"Bouncing Flask","floor":7},{"not_picked":["Draining Mist","Hidden Blade"],"picked":"ReplayTheSpireMod:Necrosis","floor":12},{"not_picked":["Sucker Punch","Quick Slash"],"picked":"Crippling Poison","floor":13},{"not_picked":["Acrobatics","ReplayTheSpireMod:The Works"],"picked":"Flying Knee","floor":14},{"not_picked":["Adrenaline","Glass Knife"],"picked":"Venomology","floor":16},{"not_picked":["Flechettes+1","Deadly Poison"],"picked":"Poisoned Stab","floor":18},{"not_picked":["Flying Knee","Slice"],"picked":"Deadly Poison","floor":19},{"not_picked":["Underhanded Strike","Sucker Punch"],"picked":"Terror+1","floor":21},{"not_picked":["Corpse Explosion","Dagger Throw"],"picked":"Quick Slash+1","floor":24}],"player_experience":55326,"relics_obtained":[{"floor":5,"key":"ReplayTheSpireMod:Ring of Challenge"},{"floor":5,"key":"Ring of Fangs"},{"floor":9,"key":"Darkstone Periapt"},{"floor":12,"key":"Oddly Smooth Stone"}],"event_choices":[{"damage_healed":0,"gold_gain":75,"player_choice":"Gather Gold","damage_taken":11,"max_hp_gain":0,"max_hp_loss":0,"event_name":"World of Goop","floor":4,"gold_loss":0},{"cards_removed":["Noxious Fumes"],"damage_healed":0,"gold_gain":0,"player_choice":"Take \u0026 Give","damage_taken":0,"max_hp_gain":0,"max_hp_loss":0,"event_name":"betterNote:BetterNote","floor":22,"gold_loss":0,"cards_obtained":["Replay:Sssssssssshield"]}],"is_beta":false,"boss_relics":[{"not_picked":["Snecko Scales","ChewingGum"],"picked":"Ring of Chaos"}],"items_purged_floors":[],"is_endless":false,"potions_floor_spawned":[1,3,14,16,19,24],"killed_by":"Cultist and Chosen","ascension_level":0}}