{"host":"uq4ng344qg9ygyoi","time":1610902228,"event":{"mods":["BaseMod","Minty Spire (QoL Compilation)","Quick Restart","Shop Mod","StSLib","[IsaacMod]ÒÔÈö¼âËþ"],"gold_per_floor":[116,71,71,51,70,70,101,101,101,101,115,23,56,32,32,131,131,150,150,1,17,17,42,42,59,59,59,59,13,13,26,26,128,128,138,89,89,105,0,0,0,30,106,106,117,117,117,128,128,73,73],"floor_reached":50,"language":"ZHS","playtime":2457,"items_purged":["Strike_R"],"score":656,"play_id":"fc1dee0d-3d6d-44d1-a772-761e41a8c526","local_time":"20210118005028","is_ascension_mode":true,"campfire_choices":[{"data":"Iron Wave","floor":6.0,"key":"SMITH"},{"data":"Dark Embrace","floor":8.0,"key":"SMITH"},{"data":"Shrug It Off","floor":10.0,"key":"SMITH"},{"data":"Armaments","floor":15.0,"key":"SMITH"},{"data":"Limit Break","floor":24.0,"key":"SMITH"},{"floor":27.0,"key":"REST"},{"data":"Bandage Up","floor":32.0,"key":"SMITH"},{"data":"Enlightenment","floor":40.0,"key":"SMITH"},{"data":"Madness","floor":47.0,"key":"SMITH"},{"data":"Madness","floor":49.0,"key":"SMITH"}],"circlet_count":0,"master_deck":["Defend_R","Defend_R","Defend_R","Bash","Iron Wave+1","Shrug It Off+1","Juggernaut","Sword Boomerang","Enlightenment+1","Armaments+1","Barricade","Spot Weakness","Limit Break+1","Metallicize+1","Pummel","Bandage Up+1","Berserk","CurseOfTheBell","Shrug It Off","Good Instincts","Shrug It Off+1","Madness+1","Madness+1","Warcry+1"],"relics":["Burning Blood","HushsDoor","PokeGo","InkBottle","DeadEye","SteamSale","Anchor","Art of War","TuHaoJin","Bag of Preparation","TheBible","YumHeart","MerchantsRug","Red Mask","Darkstone Periapt","BookofShadows"],"acts_visited":["Exordium","TheCity","TheBeyond"],"potions_floor_usage":[50,50],"damage_taken":[{"damage":15.0,"enemies":"Cultist","floor":1.0,"turns":5.0},{"damage":0.0,"enemies":"Jaw Worm","floor":5.0,"turns":1.0},{"damage":0.0,"enemies":"Lagavulin","floor":7.0,"turns":6.0},{"damage":3.0,"enemies":"Small Slimes","floor":11.0,"turns":5.0},{"damage":0.0,"enemies":"3 Sentries","floor":13.0,"turns":2.0},{"damage":0.0,"enemies":"The Guardian","floor":16.0,"turns":9.0},{"damage":13.0,"enemies":"Spheric Guardian","floor":18.0,"turns":5.0},{"damage":21.0,"enemies":"2 Thieves","floor":21.0,"turns":4.0},{"damage":18.0,"enemies":"Slavers","floor":23.0,"turns":6.0},{"damage":28.0,"enemies":"Snake Plant","floor":25.0,"turns":5.0},{"damage":0.0,"enemies":"Chosen and Byrds","floor":30.0,"turns":1.0},{"damage":0.0,"enemies":"Snecko","floor":31.0,"turns":5.0},{"damage":56.0,"enemies":"Collector","floor":33.0,"turns":9.0},{"damage":49.0,"enemies":"3 Darklings","floor":35.0,"turns":8.0},{"damage":17.0,"enemies":"Orb Walker","floor":38.0,"turns":5.0},{"damage":0.0,"enemies":"Maw","floor":41.0,"turns":1.0},{"damage":30.0,"enemies":"Nemesis","floor":42.0,"turns":9.0},{"damage":40.0,"enemies":"Spire Growth","floor":45.0,"turns":6.0},{"damage":10.0,"enemies":"Jaw Worm Horde","floor":48.0,"turns":6.0},{"damage":94,"enemies":"Awakened One","floor":50,"turns":8}],"seed_played":"6805152130522673150","potions_obtained":[{"floor":4.0,"key":"BlessingOfTheForge"},{"floor":5.0,"key":"BloodPotion"},{"floor":7.0,"key":"AttackPotion"},{"floor":11.0,"key":"Swift Potion"},{"floor":21.0,"key":"LiquidMemories"},{"floor":25.0,"key":"SmokeBomb"},{"floor":33.0,"key":"SmokeBomb"},{"floor":38.0,"key":"Ancient Potion"},{"floor":45.0,"key":"GamblersBrew"}],"is_trial":false,"path_per_floor":["M","$","?","?","M","R","E","R","T","R","M","$","E","$","R","B",null,"M","?","$","M","?","E","R","M","T","R","?","$","M","M","R","B",null,"M","$","?","M","?","R","M","E","T","?","M","?","R","M","R","B"],"character_chosen":"IRONCLAD","items_purchased":["Shrug It Off","Enlightenment","Armaments","Spot Weakness","Limit Break","SteamSale","Bandage Up","MerchantsRug","Shrug It Off","Good Instincts"],"campfire_rested":1,"item_purchase_floors":[2,12,14,17,17,20,29,36,36,36],"current_hp_per_floor":[71,71,71,71,77,77,80,80,80,80,80,80,80,80,80,80,74,67,67,67,52,52,40,40,18,18,40,40,40,46,52,52,8,74,37,62,62,57,57,57,63,45,45,36,8,65,65,61,61,0,0],"gold":73,"neow_bonus":"TRANSFORM_CARD","is_daily":false,"chose_seed":false,"campfire_upgraded":9,"win_rate":0.0,"timestamp":1610902228,"path_taken":["M","$","?","?","M","R","E","R","T","R","M","$","E","?","R","BOSS","M","?","$","M","?","E","R","M","T","R","?","$","M","M","R","BOSS","M","$","?","M","?","R","M","E","T","?","?","?","R","M","R","BOSS"],"items_purchased_type":["Card","Card","Card","Card","Card","Relic","Card","Relic","Card","Card"],"build_version":"2020-12-22","purchased_purges":1,"victory":false,"max_hp_per_floor":[80,80,80,80,80,80,80,80,80,80,80,80,80,80,80,80,74,74,74,74,74,74,74,74,74,74,74,74,74,74,74,74,74,74,74,74,74,74,74,74,74,74,74,74,74,65,65,65,65,65,65],"card_choices":[{"not_picked":[],"picked":"Bomb","floor":0.0},{"not_picked":["Sword Boomerang","Metallicize"],"picked":"Iron Wave","floor":1.0},{"not_picked":["Anger","Shrug It Off"],"picked":"Juggernaut","floor":5.0},{"not_picked":["Rage","Perfected Strike"],"picked":"Sword Boomerang","floor":7.0},{"not_picked":["Rupture","Carnage","Dark Embrace"],"picked":"SKIP","floor":11.0},{"not_picked":["Shrug It Off","Fiend Fire","Iron Wave"],"picked":"SKIP","floor":13.0},{"not_picked":["Juggernaut","Offering"],"picked":"Barricade","floor":16.0},{"not_picked":["Body Slam","Cleave"],"picked":"Metallicize+1","floor":18.0},{"not_picked":["Thunderclap","Armaments+1"],"picked":"Pummel","floor":21.0},{"not_picked":["Flex","Inflame","Shockwave+1"],"picked":"SKIP","floor":23.0},{"not_picked":["Dropkick","Feel No Pain","Armaments+1"],"picked":"SKIP","floor":25.0},{"not_picked":["Flex","Clothesline","Metallicize"],"picked":"SKIP","floor":31.0},{"not_picked":["Bludgeon","Corruption"],"picked":"Berserk","floor":33.0},{"not_picked":["Perfected Strike","Searing Blow","Thunderclap"],"picked":"SKIP","floor":35.0},{"not_picked":["True Grit+1","Sword Boomerang","Thunderclap+1"],"picked":"SKIP","floor":38.0},{"not_picked":["Searing Blow+1","Pommel Strike+1"],"picked":"Shrug It Off+1","floor":42.0},{"not_picked":["Shockwave","Flex+1","Cleave+1"],"picked":"SKIP","floor":45.0},{"not_picked":["Anger+1","Pommel Strike+1"],"picked":"Warcry+1","floor":48.0}],"player_experience":411061,"relics_obtained":[{"floor":7.0,"key":"GnawedLeaf"},{"floor":9.0,"key":"InkBottle"},{"floor":13.0,"key":"DeadEye"},{"floor":23.0,"key":"Art of War"},{"floor":26.0,"key":"TuHaoJin"},{"floor":34.0,"key":"Bag of Preparation"},{"floor":34.0,"key":"TheBible"},{"floor":34.0,"key":"YumHeart"},{"floor":42.0,"key":"Darkstone Periapt"},{"floor":43.0,"key":"BookofShadows"}],"event_choices":[{"damage_healed":0.0,"max_hp_gain":0.0,"max_hp_loss":0.0,"gold_gain":0.0,"cards_transformed":["Strike_R"],"event_name":"Transmorgrifier","player_choice":"Transformed","floor":3.0,"gold_loss":0.0,"damage_taken":0.0,"cards_obtained":["Dark Embrace"]},{"damage_healed":0.0,"max_hp_gain":0.0,"max_hp_loss":0.0,"gold_gain":0.0,"event_name":"The Woman in Blue","player_choice":"Bought 1 Potion","floor":4.0,"gold_loss":0.0,"damage_taken":0.0},{"cards_removed":["Burning Pact"],"damage_healed":0.0,"max_hp_gain":0.0,"max_hp_loss":0.0,"gold_gain":0.0,"event_name":"Purifier","player_choice":"Purged","floor":19.0,"gold_loss":0.0,"damage_taken":0.0},{"damage_healed":0.0,"max_hp_gain":0.0,"max_hp_loss":0.0,"gold_gain":0.0,"event_name":"WeMeetAgain","player_choice":"Gave Potion","floor":22.0,"gold_loss":0.0,"damage_taken":0.0,"relics_obtained":["Anchor"]},{"cards_removed":["Strike_R"],"damage_healed":0.0,"max_hp_gain":0.0,"max_hp_loss":0.0,"gold_gain":0.0,"event_name":"Purifier","player_choice":"Purged","floor":28.0,"gold_loss":0.0,"damage_taken":0.0},{"cards_removed":["Defend_R"],"damage_healed":0.0,"max_hp_gain":0.0,"max_hp_loss":0.0,"gold_gain":0.0,"event_name":"Falling","player_choice":"Removed Skill","floor":37.0,"gold_loss":0.0,"damage_taken":0.0},{"damage_healed":0.0,"max_hp_gain":0.0,"max_hp_loss":0.0,"gold_gain":0.0,"event_name":"Tomb of Lord Red Mask","player_choice":"Paid","floor":39.0,"gold_loss":105.0,"damage_taken":0.0,"relics_obtained":["Red Mask"]},{"damage_healed":0.0,"max_hp_gain":0.0,"max_hp_loss":0.0,"gold_gain":0.0,"event_name":"Winding Halls","player_choice":"Embrace Madness","floor":44.0,"gold_loss":0.0,"damage_taken":9.0,"cards_obtained":["Madness","Madness"]},{"damage_healed":65.0,"max_hp_gain":0.0,"max_hp_loss":9.0,"gold_gain":0.0,"event_name":"The Moai Head","player_choice":"Heal","floor":46.0,"gold_loss":0.0,"damage_taken":0.0}],"is_beta":false,"boss_relics":[{"not_picked":["Runic Pyramid","Tiny House"],"picked":"Empty Cage"},{"not_picked":[]},{"not_picked":["Sozu","Pandora\u0027s Box"],"picked":"Calling Bell"},{"not_picked":[]}],"items_purged_floors":[36],"is_endless":false,"potions_floor_spawned":[5,7,11,13,21,25,30,33,38,41,45],"killed_by":"Awakened One","ascension_level":2}}