{"host":"fkig9nrckec4xsh0","time":1610865286,"event":{"mods":["BaseMod","Colored Map","Minty Spire (QoL Compilation)","Quick Restart","Replay The Spire","StSLib"],"gold_per_floor":[114,132,132,132,142,171,171,198,198,198,148,166,198,198,198,295,295,308,322,322,0,15,45,65,92,92,124,124,206,224,224,224,328,328,344,363,373,48,58,92,92,125,125,125,175,175,207,254,254,254],"floor_reached":51,"language":"ENG","playtime":2913,"items_purged":["Strike_G"],"score":1313,"play_id":"765e974a-b824-4a97-8d22-164dd6cca651","local_time":"20210117013446","is_ascension_mode":true,"campfire_choices":[{"data":"Die Die Die","floor":7,"key":"SMITH"},{"data":"Footwork","floor":10,"key":"SMITH"},{"data":"Neutralize","floor":15,"key":"SMITH"},{"data":"Distraction","floor":28,"key":"SMITH"},{"data":"Poisoned Stab","floor":32,"key":"SMITH"},{"data":"Poisoned Stab","floor":44,"key":"SMITH"},{"data":"Poisoned Stab","floor":46,"key":"SMITH"},{"data":"Caltrops","floor":49,"key":"SMITH"}],"circlet_count":0,"master_deck":["Strike_G","Strike_G","Strike_G","Defend_G","Defend_G","Defend_G","Defend_G","Survivor","Neutralize+1","Dagger Throw","Footwork+1","Poisoned Stab","Die Die Die+1","Dodge and Roll","Poisoned Stab+1","Envenom+1","Distraction+1","Venomology+1","Acrobatics+1","Calculated Gamble+1","Poisoned Stab+1","Slice+1","Acrobatics+1","All Out Attack+1","Burst+1","Underhanded Strike","Poisoned Stab+1","Parasite","ReplayTheSpireMod:The Works+1","Apotheosis+1","Master of Strategy+1","Thinking Ahead+1","Sadistic Nature+1","Reflex+1","Reflex+1","Sneak Up+1","Slice","Calculated Gamble+1","Caltrops+1"],"relics":["Ring of the Snake","NeowsBlessing","Vajra","Tingsha","Golden Egg","Singing Bowl","ReplayTheSpireMod:TigerMarble","HoveringKite","Pantograph","Onion Ring","Gremlin Food","Mercury Hourglass","Strawberry","Eternal Feather","Lantern","GremlinMask","Honey Jar","ReplayTheSpireMod:ShopPack","Kunai","Replay:Bottled Snecko","Iron Hammer","StoneCalendar","Orichalcum","Vampiric Spirits"],"acts_visited":["Exordium","TheCity","TheBeyond"],"potions_floor_usage":[13,13,19,22,22,23,23,24,25,27,30,33,33,37,37,39,42,45,45,45,48,50,50,50],"damage_taken":[{"damage":0,"enemies":"Jaw Worm","floor":1,"turns":1},{"damage":0,"enemies":"Small Slimes","floor":2,"turns":1},{"damage":0,"enemies":"Cultist","floor":5,"turns":1},{"damage":27,"enemies":"3 Sentries","floor":6,"turns":9},{"damage":16,"enemies":"Gremlin Nob","floor":8,"turns":3},{"damage":5,"enemies":"Red Slaver","floor":12,"turns":3},{"damage":0,"enemies":"3 Sentries","floor":13,"turns":3},{"damage":8,"enemies":"Hexaghost","floor":16,"turns":10},{"damage":0,"enemies":"Shell Parasite","floor":18,"turns":5},{"damage":16,"enemies":"3 Byrds","floor":19,"turns":5},{"damage":11,"enemies":"Shelled Parasite and Fungi","floor":22,"turns":4},{"damage":24,"enemies":"Gremlin Leader","floor":23,"turns":8},{"damage":3,"enemies":"Snecko","floor":24,"turns":3},{"damage":0,"enemies":"Slavers","floor":25,"turns":1},{"damage":0,"enemies":"Book of Stabbing","floor":27,"turns":2},{"damage":0,"enemies":"Chosen and Byrds","floor":30,"turns":3},{"damage":0,"enemies":"Champ","floor":33,"turns":9},{"damage":0,"enemies":"3 Darklings","floor":35,"turns":2},{"damage":4,"enemies":"3 Shapes","floor":36,"turns":2},{"damage":13,"enemies":"Writhing Mass","floor":37,"turns":5},{"damage":0,"enemies":"Jaw Worm Horde","floor":39,"turns":2},{"damage":0,"enemies":"Reptomancer","floor":40,"turns":2},{"damage":0,"enemies":"Nemesis","floor":42,"turns":1},{"damage":0,"enemies":"Mind Bloom Boss Battle","floor":45,"turns":2},{"damage":7,"enemies":"R_Hoarder","floor":47,"turns":5},{"damage":4,"enemies":"2 Orb Walkers","floor":48,"turns":2},{"damage":0,"enemies":"Awakened One","floor":50,"turns":4}],"seed_played":"1004383802120922015","potions_obtained":[{"floor":6,"key":"EssenceOfSteel"},{"floor":8,"key":"Explosive Potion"},{"floor":16,"key":"AttackPotion"},{"floor":22,"key":"Poison Potion"},{"floor":23,"key":"LifebloodPotion"},{"floor":25,"key":"Dexterity Potion"},{"floor":27,"key":"Weak Potion"},{"floor":29,"key":"DuplicationPotion"},{"floor":30,"key":"ColorlessPotion"},{"floor":36,"key":"Elixir"},{"floor":40,"key":"Adrenaline Potion"},{"floor":42,"key":"SkillPotion"},{"floor":45,"key":"Explosive Potion"},{"floor":47,"key":"Toxic Potion"}],"is_trial":false,"path_per_floor":["M","M","?","?","M","E","R","E","T","R","?","M","E","?","R","B",null,"M","M","T","$","M","E","M","E","T","E","R","?","M","?","R","B",null,"M","M","M","$","M","E","?","E","T","R","?","R","E","?","R","B",null],"character_chosen":"THE_SILENT","items_purchased":["Onion Ring","ReplayTheSpireMod:ShopPack","Apotheosis"],"campfire_rested":0,"item_purchase_floors":[21,38,38],"current_hp_per_floor":[70,70,75,72,72,45,45,29,29,29,29,24,24,24,24,16,75,75,61,61,61,50,30,27,27,34,36,48,16,16,16,28,53,88,88,84,71,71,71,71,71,73,73,90,92,92,85,83,94,94],"gold":254,"neow_bonus":"THREE_ENEMY_KILL","is_daily":false,"chose_seed":false,"campfire_upgraded":8,"win_rate":0.0,"timestamp":1610865286,"path_taken":["M","M","?","?","?","E","R","E","T","R","?","M","E","?","R","BOSS","M","M","?","$","?","E","M","E","T","E","R","?","M","?","R","BOSS","M","M","?","$","?","E","?","E","T","R","?","R","E","?","R","BOSS"],"items_purchased_type":["Relic","Relic","Card"],"build_version":"2020-12-22","purchased_purges":1,"victory":true,"max_hp_per_floor":[70,70,75,75,75,75,75,75,75,75,75,75,75,75,75,75,75,75,77,77,77,77,77,77,77,84,86,86,88,88,88,88,88,88,88,88,88,88,88,88,88,90,90,90,92,92,92,94,94,94],"card_choices":[{"not_picked":["Deflect","Prepared"],"picked":"Dagger Throw","floor":1},{"not_picked":["Outmaneuver","Dodge and Roll"],"picked":"Footwork","floor":2},{"not_picked":["Prepared","Sucker Punch"],"picked":"Poisoned Stab","floor":5},{"not_picked":["Terror","Blade Dance"],"picked":"Die Die Die","floor":6},{"not_picked":["Bane","Accuracy"],"picked":"Dodge and Roll","floor":8},{"not_picked":["ReplayTheSpireMod:Exploit Weakness","Riddle With Holes"],"picked":"Poisoned Stab","floor":12},{"not_picked":["Acrobatics","Quick Slash"],"picked":"Envenom","floor":13},{"not_picked":["Storm of Steel","Burst"],"picked":"Venomology","floor":16},{"not_picked":["Flechettes","Cloak And Dagger"],"picked":"Acrobatics+1","floor":18},{"not_picked":["Slice","Escape Plan","Tactician"],"picked":"Singing Bowl","floor":19},{"not_picked":["Predator","Slice+1"],"picked":"Calculated Gamble+1","floor":22},{"not_picked":["Quick Slash+1","Dagger Throw"],"picked":"Poisoned Stab","floor":23},{"not_picked":["Bane","Poison Darts"],"picked":"Slice+1","floor":24},{"not_picked":["Noxious Fumes","Slice+1"],"picked":"Acrobatics+1","floor":25},{"not_picked":["Sucker Punch","Choke","Draining Mist"],"picked":"Singing Bowl","floor":27},{"not_picked":["Caltrops+1","Sucker Punch","Dagger Spray"],"picked":"Singing Bowl","floor":29},{"not_picked":["Backflip","Draining Mist"],"picked":"All Out Attack+1","floor":30},{"not_picked":["Phantasmal Killer","ReplayTheSpireMod:Necrosis"],"picked":"Burst","floor":33},{"not_picked":["ReplayTheSpireMod:Shiv Toss+1","Blade Dance","Bane"],"picked":"Underhanded Strike","floor":35},{"not_picked":["Prepared","Flying Knee+1","Distraction+1"],"picked":"Poisoned Stab","floor":36},{"not_picked":["PiercingWail+1","Well Laid Plans","Blade Dance"],"picked":"ReplayTheSpireMod:The Works+1","floor":37},{"not_picked":["Mayhem","Metamorphosis","Crow Ritual"],"picked":"Master of Strategy","floor":38},{"not_picked":["ReplayTheSpireMod:Necrogeddon","ReplayTheSpireMod:Brewmster","PanicButton"],"picked":"Thinking Ahead","floor":38},{"not_picked":["Apotheosis","Forethought","Specialist"],"picked":"Sadistic Nature","floor":38},{"not_picked":["Hidden Blade","Blade Dance","Sucker Punch+1"],"picked":"Reflex+1","floor":39},{"not_picked":["Dash","Dagger Spray+1","Backflip+1"],"picked":"Reflex+1","floor":40},{"not_picked":["Sneak Up+1","Heel Hook","Terror+1","Dagger Spray"],"picked":"Singing Bowl","floor":42},{"not_picked":["Sucker Punch","Blur+1","Slice","Dagger Throw"],"picked":"Singing Bowl","floor":45},{"not_picked":["Venomology","A Thousand Cuts","Slice"],"picked":"Calculated Gamble+1","floor":47},{"not_picked":["Replay:Poison Smokescreen","Flying Knee+1","Caltrops","Quick Slash+1"],"picked":"Singing Bowl","floor":48}],"player_experience":326188,"relics_obtained":[{"floor":6,"key":"Tingsha"},{"floor":8,"key":"Golden Egg"},{"floor":9,"key":"Singing Bowl"},{"floor":13,"key":"ReplayTheSpireMod:TigerMarble"},{"floor":20,"key":"Pantograph"},{"floor":23,"key":"Gremlin Food"},{"floor":25,"key":"Mercury Hourglass"},{"floor":26,"key":"Strawberry"},{"floor":27,"key":"Eternal Feather"},{"floor":29,"key":"Lantern"},{"floor":40,"key":"Kunai"},{"floor":42,"key":"Replay:Bottled Snecko"},{"floor":43,"key":"Iron Hammer"},{"floor":45,"key":"StoneCalendar"},{"floor":47,"key":"Orichalcum"},{"floor":48,"key":"Vampiric Spirits"}],"event_choices":[{"damage_healed":0,"gold_gain":0,"player_choice":"Donut","damage_taken":0,"max_hp_gain":5,"max_hp_loss":0,"event_name":"Big Fish","floor":3,"gold_loss":0},{"damage_healed":0,"gold_gain":0,"player_choice":"Success","damage_taken":3,"relics_obtained":["Vajra"],"max_hp_gain":0,"max_hp_loss":0,"event_name":"Scrap Ooze","floor":4,"gold_loss":0},{"cards_removed":["Strike_G"],"damage_healed":0,"gold_gain":0,"player_choice":"Card Removal","damage_taken":0,"max_hp_gain":0,"max_hp_loss":0,"event_name":"The Cleric","floor":11,"gold_loss":50},{"damage_healed":0,"gold_gain":0,"cards_transformed":["Defend_G"],"player_choice":"Transformed","damage_taken":0,"max_hp_gain":0,"max_hp_loss":0,"event_name":"Transmorgrifier","floor":14,"gold_loss":0,"cards_obtained":["Distraction"]},{"damage_healed":0,"gold_gain":0,"player_choice":"Trade","damage_taken":0,"relics_obtained":["GremlinMask"],"max_hp_gain":0,"max_hp_loss":0,"event_name":"FaceTrader","floor":31,"gold_loss":0},{"damage_healed":0,"gold_gain":0,"player_choice":"Fight","damage_taken":0,"max_hp_gain":0,"max_hp_loss":0,"event_name":"MindBloom","floor":45,"gold_loss":0},{"damage_healed":0,"gold_gain":0,"player_choice":"Fight","damage_taken":0,"max_hp_gain":0,"max_hp_loss":0,"event_name":"Mysterious Sphere","floor":48,"gold_loss":0}],"is_beta":false,"boss_relics":[{"not_picked":["Busted Crown","Ring of Chaos"],"picked":"HoveringKite"},{"not_picked":["Coffee Dripper","Fusion Hammer"],"picked":"Honey Jar"}],"items_purged_floors":[21],"is_endless":false,"potions_floor_spawned":[6,8,16,22,23,25,27,30,36,40,42,45,47],"ascension_level":4}}