{"host":"0qlrtuw7bw78ucw4","time":1610880390,"event":{"mods":["BaseMod","Downfall","Minty Spire (QoL Compilation)","StSLib"],"gold_per_floor":[0,11,30,46,121,140,140,140,168,78,78,78,89,189,203,306,306,306,317,332,332,384,403,403,403,403,288,288,288,323,28,46,146,146,146,165,176,176,176,176],"floor_reached":38,"language":"ENG","playtime":10413,"items_purged":["Slimebound:Defend_Slimebound","Slimebound:Strike_Slimebound","Slimebound:Schlurp"],"score":591,"play_id":"de7e040e-d691-4de2-b62c-e25cb182d214","local_time":"20210117214630","is_ascension_mode":true,"campfire_choices":[{"data":"Slimebound:CorrosiveSpit","floor":1.0,"key":"SMITH"},{"data":"Slimebound:Grow","floor":8.0,"key":"SMITH"},{"data":"Slimebound:Split","floor":11.0,"key":"SMITH"},{"data":"Slimebound:Nibble","floor":18.0,"key":"SMITH"},{"floor":26.0,"key":"REST"},{"data":"Slimebound:Chomp","floor":28.0,"key":"SMITH"},{"data":"Slimebound:RollThrough","floor":29.0,"key":"SMITH"},{"data":"Slimebound:LeadByExample","floor":35,"key":"SMITH"}],"circlet_count":0,"master_deck":["AscendersBane","Slimebound:Tackle","Slimebound:Defend_Slimebound","Slimebound:Defend_Slimebound","Slimebound:Split+1","Slimebound:CorrosiveSpit+1","Slimebound:Recollect","Slimebound:ForwardTackle","Slimebound:Grow+1","Slimebound:Recollect","Slimebound:GrowthPunch","Slimebound:RollThrough+1","Slimebound:SpikyOuterGoop","Slimebound:Nibble+1","Slimebound:Repurpose","Slimebound:Recycling","Slimebound:Chomp+1","Slimebound:GoopTackle","Slimebound:LeadByExample+1","Slimebound:LeechLife+1"],"relics":["Slimebound:AbsorbEndCombat","Meat on the Bone","Ice Cream","Velvet Choker","Blood Vial","WingedGreaves","Molten Egg 2","Bag of Marbles","Lantern","Sozu"],"acts_visited":["Exordium","TheCity","TheBeyond"],"potions_floor_usage":[],"damage_taken":[{"damage":0.0,"enemies":"Small Slimes","floor":2.0,"turns":3.0},{"damage":1.0,"enemies":"Jaw Worm","floor":3.0,"turns":3.0},{"damage":3.0,"enemies":"Cultist","floor":4.0,"turns":3.0},{"damage":2.0,"enemies":"2 Fungi Beasts","floor":6.0,"turns":4.0},{"damage":9.0,"enemies":"3 Sentries","floor":9.0,"turns":7.0},{"damage":3.0,"enemies":"downfall:FleeingMerchant","floor":10.0,"turns":4.0},{"damage":1.0,"enemies":"Blue Slaver","floor":13.0,"turns":4.0},{"damage":5.0,"enemies":"Large Slime","floor":15.0,"turns":5.0},{"damage":6.0,"enemies":"WA_ARCHETYPE_RETAIN","floor":16.0,"turns":8.0},{"damage":41.0,"enemies":"3 Byrds","floor":19.0,"turns":6.0},{"damage":28.0,"enemies":"Sentry and Sphere","floor":20.0,"turns":5.0},{"damage":28.0,"enemies":"Snake Plant","floor":23.0,"turns":5.0},{"damage":13.0,"enemies":"downfall:FleeingMerchant","floor":27.0,"turns":4.0},{"damage":23.0,"enemies":"Book of Stabbing","floor":30.0,"turns":5.0},{"damage":3.0,"enemies":"downfall:FleeingMerchant","floor":31.0,"turns":4.0},{"damage":12.0,"enemies":"Centurion and Healer","floor":32.0,"turns":4.0},{"damage":44,"enemies":"SI_MIRROR_ARCHETYPE","floor":33,"turns":10},{"damage":28,"enemies":"3 Shapes","floor":36,"turns":5},{"damage":32,"enemies":"Orb Walker","floor":37,"turns":4},{"damage":37,"enemies":"Jaw Worm Horde","floor":38,"turns":2}],"seed_played":"3415803696477976025","potions_obtained":[{"floor":2.0,"key":"SkillPotion"},{"floor":9.0,"key":"Energy Potion"},{"floor":19.0,"key":"EntropicBrew"},{"floor":23.0,"key":"SteroidPotion"},{"floor":30.0,"key":"Slimebound:SlimyTonguePotion"}],"is_trial":false,"path_per_floor":["R","M","M","M","?","M","T","R","E","$","R","?","M","?","M","B",null,"R","M","M","?","T","M","T","T","R","$","R","R","E","$","M","B",null,"R","M","M","M"],"character_chosen":"SLIMEBOUND","items_purchased":["Lantern"],"campfire_rested":1,"item_purchase_floors":[31],"current_hp_per_floor":[59,60,61,59,59,60,60,60,54,54,54,59,62,62,61,62,68,68,40,27,27,27,16,16,16,37,41,41,41,37,38,43,21,58,58,45,28,0,0,0],"gold":176,"neow_bonus":"TRANSFORM_TWO_CARDS","is_daily":false,"chose_seed":false,"campfire_upgraded":7,"win_rate":0.0,"timestamp":1610880390,"path_taken":["R","M","M","M","?","M","T","R","E","$","R","?","M","?","M","BOSS","R","M","M","?","?","M","T","?","R","$","R","R","E","$","M","BOSS","R","M","M","M"],"items_purchased_type":["Relic"],"build_version":"2020-12-22","purchased_purges":3,"victory":false,"max_hp_per_floor":[65,65,65,65,65,65,65,65,65,65,65,70,70,70,70,70,70,70,70,70,70,70,70,70,70,70,70,70,70,70,70,70,70,70,70,70,70,70,70,70],"card_choices":[{"not_picked":["Slimebound:Schlurp","Slimebound:Prepare"],"picked":"Slimebound:ForwardTackle","floor":2.0},{"not_picked":["Slimebound:GoopSpray","Slimebound:Schlurp"],"picked":"Slimebound:Grow","floor":3.0},{"not_picked":["Slimebound:SplitAcid","Slimebound:Gluttony"],"picked":"Slimebound:Recollect","floor":4.0},{"not_picked":["Slimebound:FinishingTackle","Slimebound:PressTheAttack"],"picked":"Slimebound:GrowthPunch","floor":6.0},{"not_picked":["Slimebound:BestDefense","Slimebound:FinishingTackle"],"picked":"Slimebound:RollThrough","floor":9.0},{"not_picked":["Slimebound:SplitLeeching","Slimebound:LeechEnergy"],"picked":"Slimebound:SpikyOuterGoop","floor":10.0},{"not_picked":["Slimebound:Overexert","Slimebound:FinishingTackle"],"picked":"Slimebound:Nibble","floor":13.0},{"not_picked":["Slimebound:SlimeBarrage","Slimebound:SplitAcid"],"picked":"Slimebound:Repurpose","floor":15.0},{"not_picked":["Slimebound:SlimeSlap","Slimebound:MinionMaster"],"picked":"Slimebound:Recycling","floor":16.0},{"not_picked":["Slimebound:GrowthPunch","Slimebound:HungryTackle"],"picked":"Slimebound:Chomp","floor":19.0},{"not_picked":["Slimebound:TongueLash","Slimebound:MegaLick+1"],"picked":"Slimebound:GoopTackle","floor":20.0},{"not_picked":["Slimebound:GoopTackle","Slimebound:GoopSpray","Slimebound:Replication+1"],"picked":"SKIP","floor":23.0},{"not_picked":["Slimebound:BestDefense","Slimebound:Grow","Slimebound:Dissolve"],"picked":"SKIP","floor":27.0},{"not_picked":["Slimebound:Prepare","Slimebound:Recycling"],"picked":"Slimebound:LeadByExample","floor":30.0},{"not_picked":["Slimebound:ForwardTackle+1","Slimebound:LivingWall","Slimebound:ItLooksTasty+1"],"picked":"SKIP","floor":31.0},{"not_picked":["Slimebound:HungryTackle+1","Slimebound:Schlurp","Slimebound:LeechingTouch+1"],"picked":"SKIP","floor":32.0},{"not_picked":["Slimebound:WasteNot","Slimebound:MassFeed+1"],"picked":"Slimebound:LeechLife+1","floor":33},{"not_picked":["Slimebound:Schlurp","Slimebound:Grow+1","Slimebound:RainOfGoop+1"],"picked":"SKIP","floor":36},{"not_picked":["Slimebound:AcidTongue","Slimebound:PressTheAttack+1","Slimebound:SplitAcid"],"picked":"SKIP","floor":37}],"player_experience":853183,"relics_obtained":[{"floor":7.0,"key":"Meat on the Bone"},{"floor":9.0,"key":"Ice Cream"},{"floor":22.0,"key":"Blood Vial"},{"floor":24.0,"key":"WingedGreaves"},{"floor":25.0,"key":"Molten Egg 2"},{"floor":30.0,"key":"Bag of Marbles"}],"event_choices":[{"damage_healed":0.0,"max_hp_gain":5.0,"max_hp_loss":0.0,"gold_gain":0.0,"event_name":"Big Fish","player_choice":"Donut","floor":12.0,"gold_loss":0.0,"damage_taken":0.0}],"is_beta":false,"boss_relics":[{"not_picked":["Black Star","bronze:MakeshiftBattery"],"picked":"Velvet Choker"},{"not_picked":["Coffee Dripper","Cursed Key"],"picked":"Sozu"}],"items_purged_floors":[10,27,31],"is_endless":false,"potions_floor_spawned":[2,9,19,23,30,32,33,37],"killed_by":"Jaw Worm Horde","ascension_level":10}}