{"host":"1a3cjta80tad0aqj","time":1610895843,"event":{"mods":["2.2 Compatiblity","AchievementEnabler","BaseMod","Colored Map","DeckTracker","KOR Keyword Fix","Keyboard Shortcuts","Minty Spire (QoL Compilation)","Permanent Neow","Quick Restart","Random Character Button","StSLib","SuperFastMode","everything is the same but u backflip on backflip"],"gold_per_floor":[117,97,107,107,107,107,133,133,133,133,153,167,182,39,39,141,141,159,189,189,38,50,50,60,60,60,60,60,60],"floor_reached":28,"language":"KOR","playtime":1048,"items_purged":["Wireheading"],"score":371,"play_id":"4ca25f85-dad0-4c81-8cf7-88a0d688a0bc","local_time":"20210118000403","is_ascension_mode":true,"campfire_choices":[{"data":"Eruption","floor":6,"key":"SMITH"},{"floor":8,"key":"REST"},{"floor":10,"key":"REST"},{"data":"Wallop","floor":15,"key":"SMITH"},{"floor":23,"key":"REST"},{"floor":27,"key":"REST"}],"circlet_count":0,"master_deck":["AscendersBane","Eruption+1","Vigilance","Wallop+1","MentalFortress","Halt","EmptyBody","LessonLearned","DevaForm","SignatureMove","FollowUp","ThirdEye+1","Vengeance+1","WheelKick","PathToVictory","FlurryOfBlows","Adaptation"],"relics":["PureWater","Boot","Unceasing Top","Singing Bowl","Lee\u0027s Waffle","Pandora\u0027s Box","Red Mask","NlothsMask"],"acts_visited":["Exordium","TheCity"],"potions_floor_usage":[16,18,24],"damage_taken":[{"damage":0,"enemies":"Jaw Worm","floor":1,"turns":3},{"damage":0,"enemies":"Cultist","floor":3,"turns":2},{"damage":56,"enemies":"Lagavulin","floor":7,"turns":8},{"damage":7,"enemies":"Small Slimes","floor":11,"turns":3},{"damage":14,"enemies":"Exordium Thugs","floor":12,"turns":8},{"damage":1,"enemies":"Exordium Wildlife","floor":13,"turns":4},{"damage":49,"enemies":"Slime Boss","floor":16,"turns":13},{"damage":4,"enemies":"Spheric Guardian","floor":18,"turns":3},{"damage":55,"enemies":"Masked Bandits","floor":19,"turns":4},{"damage":9,"enemies":"2 Thieves","floor":22,"turns":3},{"damage":36,"enemies":"Snecko","floor":24,"turns":6},{"damage":49,"enemies":"Sentry and Sphere","floor":28,"turns":5}],"seed_played":"-1370726229797455680","potions_obtained":[{"floor":1,"key":"Explosive Potion"},{"floor":2,"key":"LiquidBronze"},{"floor":11,"key":"Fire Potion"},{"floor":18,"key":"FearPotion"},{"floor":19,"key":"Block Potion"}],"is_trial":false,"path_per_floor":["M","?","M","?","?","R","E","R","T","R","M","M","M","$","R","B",null,"M","?","?","$","M","R","M","$","T","R","M"],"character_chosen":"WATCHER","items_purchased":["Lee\u0027s Waffle","Adaptation"],"campfire_rested":4,"item_purchase_floors":[14,21],"current_hp_per_floor":[72,72,72,77,77,77,21,46,46,71,64,50,51,93,93,44,81,77,24,24,24,17,46,12,12,12,41,0,0],"gold":60,"neow_bonus":"TEN_PERCENT_HP_BONUS","is_daily":false,"chose_seed":false,"campfire_upgraded":2,"win_rate":0.0,"timestamp":1610895843,"path_taken":["M","?","?","?","?","R","E","R","T","R","M","M","?","$","R","BOSS","M","?","?","$","M","R","?","$","T","R","M"],"items_purchased_type":["Relic","Card"],"build_version":"2020-12-22","purchased_purges":1,"victory":false,"max_hp_per_floor":[79,79,79,84,84,84,84,84,84,84,84,84,86,93,93,93,93,93,95,95,95,97,97,99,99,99,99,99,99],"card_choices":[{"not_picked":["CrushJoints","Halt"],"picked":"Wallop","floor":1},{"not_picked":["Protect","WindmillStrike"],"picked":"MentalFortress","floor":3},{"not_picked":["Devotion","Prostrate","Protect"],"picked":"SKIP","floor":7},{"not_picked":["FlurryOfBlows","CrushJoints"],"picked":"Halt","floor":11},{"not_picked":["WreathOfFlame","Worship"],"picked":"EmptyBody","floor":12},{"not_picked":["JustLucky","Indignation","FollowUp"],"picked":"Singing Bowl","floor":13},{"not_picked":["MasterReality","Alpha"],"picked":"LessonLearned","floor":16},{"not_picked":["Crescendo","JustLucky"],"picked":"FlurryOfBlows","floor":18},{"not_picked":["FlyingSleeves","FollowUp","CarveReality+1"],"picked":"Singing Bowl","floor":19},{"not_picked":["CrushJoints","JustLucky","Weave"],"picked":"Singing Bowl","floor":22},{"not_picked":["CrushJoints","WheelKick+1","EmptyBody"],"picked":"SKIP","floor":24},{"not_picked":["CrushJoints","WheelKick+1","EmptyBody"],"picked":"Singing Bowl","floor":24}],"player_experience":715887,"relics_obtained":[{"floor":7,"key":"Unceasing Top"},{"floor":9,"key":"Singing Bowl"},{"floor":19,"key":"Red Mask"}],"event_choices":[{"damage_healed":0,"gold_gain":0,"player_choice":"Bought 1 Potion","damage_taken":0,"max_hp_gain":0,"max_hp_loss":0,"event_name":"The Woman in Blue","floor":2,"gold_loss":0},{"damage_healed":0,"gold_gain":0,"player_choice":"Donut","damage_taken":0,"max_hp_gain":5,"max_hp_loss":0,"event_name":"Big Fish","floor":4,"gold_loss":0},{"damage_healed":0,"gold_gain":0,"player_choice":"Gave Potion","damage_taken":0,"relics_obtained":["Boot"],"max_hp_gain":0,"max_hp_loss":0,"event_name":"WeMeetAgain","floor":5,"gold_loss":0},{"damage_healed":0,"gold_gain":0,"player_choice":"Fought Bandits","damage_taken":0,"max_hp_gain":0,"max_hp_loss":0,"event_name":"Masked Bandits","floor":19,"gold_loss":0},{"damage_healed":0,"gold_gain":0,"player_choice":"Trade","damage_taken":0,"relics_obtained":["NlothsMask"],"max_hp_gain":0,"max_hp_loss":0,"event_name":"FaceTrader","floor":20,"gold_loss":0}],"is_beta":false,"boss_relics":[{"not_picked":["Busted Crown","Black Star"],"picked":"Pandora\u0027s Box"}],"items_purged_floors":[21],"is_endless":false,"potions_floor_spawned":[1,11,13,18,19],"killed_by":"Sentry and Sphere","ascension_level":12}}