{"host":"Yuki","time":1610902712,"event":{"mods":["AchievementEnabler","BaseMod","Block Reminder","Colored Map","Colored Powertips","Googly Eyes","Highlight Path","Minty Spire (QoL Compilation)","Permanent Neow","Quick Restart","Random Character Button","Random Character Mod","Relic Stats","StSLib","The Wild Card","everything is the same but u backflip on backflip","slay the spire mod where everything is the same but ironclad has a cowboy hat"],"gold_per_floor":[116,133,144,164,25,58,58,58,58,58,74,94,94,94],"floor_reached":13,"language":"ENG","playtime":742,"items_purged":[],"score":122,"play_id":"d88114f4-3267-4c05-a540-a154dd2bea7c","local_time":"20210117105832","is_ascension_mode":true,"campfire_choices":[{"data":"Caltrops","floor":7,"key":"SMITH"},{"floor":10,"key":"REST"}],"circlet_count":0,"master_deck":["Strike_G","Strike_G","Strike_G","Strike_G","Strike_G","Defend_G+1","Defend_G","Defend_G","Defend_G","Defend_G","Survivor","Neutralize","Footwork","Sucker Punch","Quick Slash","Backflip+1","Caltrops+1","Crippling Poison","Deadly Poison","Quick Slash","Blur"],"relics":["Ring of the Snake","Dream Catcher","War Paint"],"acts_visited":["Exordium"],"potions_floor_usage":[6],"damage_taken":[{"damage":3,"enemies":"Cultist","floor":1,"turns":6},{"damage":1,"enemies":"Jaw Worm","floor":2,"turns":7},{"damage":0,"enemies":"2 Louse","floor":3,"turns":3},{"damage":14,"enemies":"Lots of Slimes","floor":4,"turns":8},{"damage":17,"enemies":"Lagavulin","floor":6,"turns":11},{"damage":15,"enemies":"2 Fungi Beasts","floor":11,"turns":4},{"damage":14,"enemies":"Exordium Thugs","floor":12,"turns":5},{"damage":40,"enemies":"Gremlin Nob","floor":13,"turns":4}],"seed_played":"-3115571161014705572","potions_obtained":[{"floor":1,"key":"BlessingOfTheForge"},{"floor":3,"key":"LiquidBronze"},{"floor":6,"key":"SpeedPotion"},{"floor":12,"key":"GamblersBrew"}],"is_trial":false,"path_per_floor":["M","M","M","M","$","E","R","T","T","R","M","M","E"],"character_chosen":"THE_SILENT","items_purchased":["Caltrops","Crippling Poison"],"campfire_rested":1,"item_purchase_floors":[5,5],"current_hp_per_floor":[60,59,59,45,45,28,28,28,28,49,34,20,0,0],"gold":94,"neow_bonus":"THREE_CARDS","is_daily":false,"chose_seed":false,"campfire_upgraded":1,"win_rate":0.0,"timestamp":1610902712,"path_taken":["M","M","M","M","?","E","R","?","T","R","?","M","E"],"items_purchased_type":["Card","Card"],"build_version":"2020-12-18","purchased_purges":0,"victory":false,"max_hp_per_floor":[70,70,70,70,70,70,70,70,70,70,70,70,70,70],"relic_stats":{"Dream Catcher":1,"counters":[8,48],"War Paint":["Backflip","Defend_G"],"obtain_stats":[{"Dream Catcher":6,"War Paint":9,"Ring of the Snake":0},{"Dream Catcher":5,"War Paint":5,"Ring of the Snake":0},{"Dream Catcher":35,"War Paint":35,"Ring of the Snake":0}],"Ring of the Snake":[16]},"card_choices":[{"not_picked":["Poisoned Stab","Bane"],"picked":"Footwork","floor":0},{"not_picked":["Expertise","Blade Dance","PiercingWail"],"picked":"SKIP","floor":1},{"not_picked":["Slice","Riddle With Holes"],"picked":"Sucker Punch","floor":2},{"not_picked":["Predator","Acrobatics"],"picked":"Quick Slash","floor":3},{"not_picked":["Acrobatics","Dagger Throw"],"picked":"Backflip","floor":4},{"not_picked":["Doppelganger","Choke","Outmaneuver"],"picked":"SKIP","floor":6},{"not_picked":["Acrobatics","Quick Slash"],"picked":"Deadly Poison","floor":10},{"not_picked":["Flying Knee","Outmaneuver"],"picked":"Quick Slash","floor":11},{"not_picked":["Distraction","Calculated Gamble"],"picked":"Blur","floor":12}],"player_experience":1259203,"relics_obtained":[{"floor":6,"key":"Dream Catcher"},{"floor":9,"key":"War Paint"}],"event_choices":[],"is_beta":true,"boss_relics":[],"items_purged_floors":[],"is_endless":false,"potions_floor_spawned":[1,3,6,12],"killed_by":"Gremlin Nob","ascension_level":8}}