{"host":"skvwuvqqk8x6jusd","time":1610922892,"event":{"mods":["AchievementEnabler","BaseMod","Colored Map","Colored Powertips","Highlight Path","Minty Spire (QoL Compilation)","Relic Stats","Slay-I"],"gold_per_floor":[114,114,126,139,139,139,152,102,102,113,113,113,38,57,57,155,155,175,187,201,201,201,221,221,221,271,298,298,316,316,29,29,29,29],"floor_reached":33,"language":"ENG","playtime":646,"items_purged":["Defend_R"],"score":357,"play_id":"d21069aa-015d-4d09-a609-771271f7b8d9","local_time":"20210117223452","is_ascension_mode":false,"campfire_choices":[{"data":"Bash","floor":6,"key":"SMITH"},{"data":"Perfected Strike","floor":15,"key":"SMITH"},{"floor":24,"key":"REST"},{"floor":28,"key":"REST"},{"data":"Flex","floor":30,"key":"SMITH"},{"data":"Rampage","floor":32,"key":"SMITH"}],"circlet_count":0,"master_deck":["Strike_R","Strike_R","Strike_R","Strike_R","Strike_R","Defend_R","Defend_R","Bash+1","Perfected Strike+1","Perfected Strike+1","Clash","Clash","Flex+1","Rampage+1","Flex+1"],"relics":["Burning Blood","Pear","Ornamental Fan","StoneCalendar","Philosopher\u0027s Stone","Toy Ornithopter","Bag of Marbles","FossilizedHelix"],"acts_visited":["Exordium","TheCity"],"potions_floor_usage":[16,19,22,27,33],"damage_taken":[{"damage":5,"enemies":"2 Louse","floor":1,"turns":2},{"damage":6,"enemies":"Cultist","floor":3,"turns":3},{"damage":0,"enemies":"Small Slimes","floor":4,"turns":2},{"damage":10,"enemies":"Looter","floor":7,"turns":2},{"damage":27,"enemies":"Large Slime","floor":10,"turns":5},{"damage":7,"enemies":"3 Louse","floor":14,"turns":4},{"damage":0,"enemies":"Slime Boss","floor":16,"turns":5},{"damage":22,"enemies":"Shell Parasite","floor":18,"turns":3},{"damage":12,"enemies":"Chosen","floor":19,"turns":2},{"damage":16,"enemies":"Shelled Parasite and Fungi","floor":20,"turns":2},{"damage":4,"enemies":"3 Cultists","floor":23,"turns":4},{"damage":43,"enemies":"Book of Stabbing","floor":27,"turns":4},{"damage":8,"enemies":"Chosen and Byrds","floor":29,"turns":3},{"damage":114,"enemies":"Automaton","floor":33,"turns":6}],"seed_played":"-6867494699187765785","potions_obtained":[{"floor":1,"key":"PowerPotion"},{"floor":14,"key":"Fruit Juice"},{"floor":16,"key":"Ancient Potion"},{"floor":18,"key":"Fruit Juice"},{"floor":22,"key":"Fruit Juice"},{"floor":22,"key":"BlessingOfTheForge"},{"floor":22,"key":"Strength Potion"},{"floor":23,"key":"LiquidBronze"}],"is_trial":false,"path_per_floor":["M","?","M","M","?","R","M","?","T","M","?","?","$","M","R","B",null,"M","M","M","?","?","M","R","?","T","E","R","M","R","$","R","B"],"character_chosen":"IRONCLAD","items_purchased":["FossilizedHelix"],"campfire_rested":2,"item_purchase_floors":[31],"current_hp_per_floor":[80,90,90,90,90,90,86,86,86,65,65,90,90,89,89,95,95,79,78,68,48,53,55,88,88,88,56,89,87,87,87,87,0,0],"gold":29,"neow_bonus":"THREE_CARDS","is_daily":false,"chose_seed":false,"campfire_upgraded":4,"win_rate":0.0,"timestamp":1610922892,"path_taken":["M","?","M","?","?","R","?","?","T","M","?","?","?","M","R","BOSS","M","M","M","?","?","?","R","?","T","E","R","M","R","$","R","BOSS"],"items_purchased_type":["Relic"],"build_version":"2020-12-22","purchased_purges":1,"victory":false,"max_hp_per_floor":[80,90,90,90,90,90,90,90,90,90,90,90,90,90,90,95,95,95,100,100,105,110,110,110,110,110,110,110,110,110,110,110,110,110],"relic_stats":{"counters":[14,47],"Ornamental Fan":[56],"StoneCalendar":[0],"obtain_stats":[{"Pear":2,"Ornamental Fan":9,"StoneCalendar":11,"Philosopher\u0027s Stone":17,"Bag of Marbles":27,"Burning Blood":0,"Toy Ornithopter":26,"FossilizedHelix":31},{"Pear":1,"Ornamental Fan":4,"StoneCalendar":5,"Philosopher\u0027s Stone":7,"Bag of Marbles":12,"Burning Blood":0,"Toy Ornithopter":11,"FossilizedHelix":13},{"Pear":2,"Ornamental Fan":9,"StoneCalendar":14,"Philosopher\u0027s Stone":23,"Bag of Marbles":38,"Burning Blood":0,"Toy Ornithopter":34,"FossilizedHelix":41}],"Burning Blood":66,"Toy Ornithopter":10},"card_choices":[{"not_picked":["Armaments","Entrench"],"picked":"Perfected Strike","floor":0},{"not_picked":["Metallicize","Burning Pact","Headbutt"],"picked":"SKIP","floor":1},{"not_picked":["Thunderclap","Burning Pact","Dual Wield"],"picked":"SKIP","floor":3},{"not_picked":["Iron Wave","Havoc","Armaments"],"picked":"SKIP","floor":4},{"not_picked":["Flame Barrier","Thunderclap"],"picked":"Perfected Strike","floor":7},{"not_picked":["Searing Blow","Armaments","Pommel Strike"],"picked":"SKIP","floor":10},{"not_picked":["Iron Wave","Body Slam","Dark Embrace"],"picked":"SKIP","floor":14},{"not_picked":["Entrench","Thunderclap+1"],"picked":"Clash","floor":18},{"not_picked":["Heavy Blade","Warcry+1"],"picked":"Clash","floor":19},{"not_picked":["Combust","Dropkick"],"picked":"Flex","floor":20},{"not_picked":["Havoc+1","Hemokinesis"],"picked":"Rampage","floor":23},{"not_picked":["Disarm","Headbutt","Sword Boomerang"],"picked":"SKIP","floor":27},{"not_picked":["Entrench","Metallicize"],"picked":"Flex+1","floor":29}],"player_experience":622334,"relics_obtained":[{"floor":9,"key":"Ornamental Fan"},{"floor":26,"key":"Toy Ornithopter"},{"floor":27,"key":"Bag of Marbles"}],"event_choices":[{"damage_healed":0,"gold_gain":0,"player_choice":"Gave Potion","damage_taken":0,"relics_obtained":["Pear"],"max_hp_gain":0,"max_hp_loss":0,"event_name":"WeMeetAgain","floor":2,"gold_loss":0},{"damage_healed":0,"gold_gain":0,"player_choice":"Forge","damage_taken":0,"max_hp_gain":0,"max_hp_loss":0,"event_name":"Accursed Blacksmith","floor":5,"gold_loss":0,"cards_upgraded":["Perfected Strike"]},{"cards_removed":["Defend_R"],"damage_healed":0,"gold_gain":0,"player_choice":"Card Removal","damage_taken":0,"max_hp_gain":0,"max_hp_loss":0,"event_name":"The Cleric","floor":8,"gold_loss":50},{"damage_healed":0,"gold_gain":0,"player_choice":"Searched \u00271\u0027 times","damage_taken":0,"relics_obtained":["StoneCalendar"],"max_hp_gain":0,"max_hp_loss":0,"event_name":"Dead Adventurer","floor":11,"gold_loss":0},{"damage_healed":30,"gold_gain":0,"player_choice":"Banana","damage_taken":0,"max_hp_gain":0,"max_hp_loss":0,"event_name":"Big Fish","floor":12,"gold_loss":0},{"damage_healed":0,"gold_gain":0,"player_choice":"Shed Blood","damage_taken":25,"max_hp_gain":5,"max_hp_loss":0,"event_name":"Forgotten Altar","floor":21,"gold_loss":0},{"damage_healed":0,"gold_gain":0,"player_choice":"Got Potions","damage_taken":0,"max_hp_gain":0,"max_hp_loss":0,"event_name":"Lab","floor":22,"gold_loss":0},{"damage_healed":0,"gold_gain":0,"player_choice":"Ignored","damage_taken":0,"max_hp_gain":0,"max_hp_loss":0,"event_name":"Ghosts","floor":25,"gold_loss":0}],"is_beta":false,"boss_relics":[{"not_picked":["Fusion Hammer","Velvet Choker"],"picked":"Philosopher\u0027s Stone"}],"items_purged_floors":[13],"is_endless":false,"potions_floor_spawned":[1,14,16,18,23],"killed_by":"Automaton","ascension_level":0}}