{"host":"wonp23fsqqcu31ie","time":1610921445,"event":{"mods":["2.2 Compatiblity","AchievementEnabler","Aspiration","BaseMod","Bestiary","Better Altar","Better Match","Better Sensory Stone","Better Skull","Better Third Choice","BetterRewards","Block Reminder","Colored Map","Colored Powertips","Conspire","Curses Come First","DeckTracker","Displayed Cursed Tome","Downfall","Energized Spire","Evolution","Hermit","Highlight Path","Hubris","Infinite Spire","Marisa????????","Minty Spire (QoL Compilation)","Permanent Neow","Prisma Mod","Quick Restart","Rare Cards Sparkle","Relic Stats","Robot Space Explorer","Shade Mod","Shop Mod","StSLib","SuperFastMode","The Animator","The Bug Knight","The Construct","The Cursed","The Disciple","The Dragon Tamer","The Gatherer","The Hierophant","The Marked","The Necromancer","The Poker Player","The Runesmith","The Saiyan","The Servant 0.9.4","TheBandit"],"gold_per_floor":[112,164,164,211,231,231,231,231,231,246,2,14,41,56,56,159,159,171,200,56,106,121,121,146,146,219,235,235,91,104,104,104],"floor_reached":31,"language":"ENG","playtime":1064,"items_purged":[],"score":278,"play_id":"fa428d92-46cd-4d89-8b6e-9eef5e617328","local_time":"20210118091045","is_ascension_mode":false,"campfire_choices":[{"floor":6,"key":"RECALL"},{"data":"HollowMod:QuirrelsAssistance","floor":15,"key":"SMITH"},{"data":"HollowMod:CycloneSlash","floor":23,"key":"SMITH"},{"data":"HollowMod:MidwifesHunger","floor":25,"key":"SMITH"}],"circlet_count":0,"master_deck":["HollowMod:DashSlash","HollowMod:DashSlash","HollowMod:DashSlash","HollowMod:DashSlash","HollowMod:QuickDashStart","HollowMod:QuickDashStart","HollowMod:FocusHealStart+1","HollowMod:PogoStrike","HollowMod:HuntersJournal","HollowMod:QuirrelsAssistance+1","HollowMod:DashSlash","HollowMod:HowlingWraiths","HollowMod:SoulSplash","HollowMod:ChannelNail","HollowMod:Hiveblood","HollowMod:MonarchWings","HollowMod:CrystalDash+1","HollowMod:CycloneSlash+1","hubris:DuctTapeCard","HollowMod:MidwifesHunger+1","HollowMod:CycloneSlash","RitualDagger","HollowMod:GrimmsGift"],"relics":["HollowMod:VesselMask","EVO:Axolotl","Letter Opener","Vajra","HollowMod:PaleOreRelic","Regal Pillow","infinitespire:ShieldingShard","Pocketwatch","Black Star","hubris:TenFootPole","Medical Kit","Akabeko","hubris:DuctTape","Matryoshka","Bag of Marbles"],"acts_visited":["Exordium","TheCity"],"potions_floor_usage":[14,18,19,22,31],"damage_taken":[{"damage":0,"enemies":"Cultist","floor":1,"turns":4},{"damage":0,"enemies":"2 Louse","floor":5,"turns":2},{"damage":0,"enemies":"Small Slimes","floor":10,"turns":3},{"damage":0,"enemies":"2 Fungi Beasts","floor":12,"turns":3},{"damage":3,"enemies":"Gremlin Nob","floor":13,"turns":4},{"damage":0,"enemies":"HollowMod:HuskWarrior","floor":14,"turns":4},{"damage":14,"enemies":"The Guardian","floor":16,"turns":12},{"damage":4,"enemies":"3 Byrds","floor":18,"turns":6},{"damage":14,"enemies":"conspire:MimicChest","floor":19,"turns":10},{"damage":19,"enemies":"HollowMod:HuskSentry","floor":22,"turns":7},{"damage":31,"enemies":"conspire:SneckoGhost","floor":24,"turns":10},{"damage":44,"enemies":"Cultist and Chosen","floor":27,"turns":7},{"damage":8,"enemies":"Chosen and Byrds","floor":30,"turns":5},{"damage":59,"enemies":"Book of Stabbing","floor":31,"turns":6}],"seed_played":"6270665647007656549","potions_obtained":[{"floor":10,"key":"SkillPotion"},{"floor":13,"key":"SteroidPotion"},{"floor":18,"key":"Block Potion"},{"floor":19,"key":"Weak Potion"},{"floor":27,"key":"BlessingOfTheForge"}],"is_trial":false,"path_per_floor":["M","T","?","T","M","R","?","?","T","M","$","M","E","M","R","B",null,"M","?","$","?","M","R","E","R","T","M","?","$","M","E"],"character_chosen":"THE_BUGKNIGHT","items_purchased":["infinitespire:ShieldingShard","Medical Kit","Bag of Marbles"],"campfire_rested":0,"item_purchase_floors":[11,20,29],"current_hp_per_floor":[75,75,75,75,75,75,75,47,47,57,57,63,66,75,75,69,75,75,72,72,72,66,66,58,58,58,40,37,37,39,0,0],"gold":104,"neow_bonus":"THREE_CARDS","is_daily":false,"chose_seed":false,"campfire_upgraded":3,"win_rate":0.0,"timestamp":1610921445,"path_taken":["M","?","?","?","M","R","?","?","T","?","?","M","E","M","R","BOSS","M","?","$","?","?","R","E","R","T","M","?","?","M","E"],"items_purchased_type":["Relic","Relic","Relic"],"build_version":"2020-12-22","purchased_purges":0,"victory":false,"max_hp_per_floor":[75,75,75,75,75,75,75,75,75,75,75,75,75,75,75,75,75,75,75,75,75,75,75,75,75,75,75,75,75,75,75,75],"relic_stats":{"Regal Pillow":57,"counters":[59,282],"Black Star":16,"Letter Opener":[200],"Medical Kit":[21],"obtain_stats":[{"Regal Pillow":9,"SacredBark":17,"Vajra":4,"HollowMod:VesselMask":0,"EVO:Axolotl":0,"Ginger":38,"aspiration:RitualStick":19,"ClockworkSouvenir":0,"Centennial Puzzle":0,"hubris:Backtick":34,"infinitespire:ShieldingShard":11,"Matryoshka":26,"aspiration:BabyByrd":10,"energizedSpire:HugeHouse":17,"HandDrill":20,"HollowMod:PaleOreRelic":8,"Replay:Wax Seal":0,"MerchantsRug":20,"Ring of Hypnosis":24,"hubris:DuctTape":24,"Golden Idol":12,"Eternal Feather":0,"Replay:WaspNest":9,"Pen Nib":29,"ReplayTheSpireMod:SealedPack":34,"Omamori":27,"infinitespire:Magic Flask":0,"Letter Opener":3,"War Paint":14,"Frozen Egg 2":28,"MawBank":13,"Medical Kit":29,"Akabeko":24,"Calling Bell":0,"Replay:Baseball":6,"hubris:PeanutButter":0,"Black Star":17,"hubris:TenFootPole":19,"Bag of Marbles":29,"ReplayTheSpireMod:Ring of Challenge":24,"TungstenRod":28,"Meat on the Bone":9,"Pocketwatch":13},{"Regal Pillow":47,"SacredBark":29,"Vajra":46,"HollowMod:VesselMask":0,"EVO:Axolotl":0,"Ginger":40,"aspiration:RitualStick":9,"ClockworkSouvenir":19,"Centennial Puzzle":0,"hubris:Backtick":16,"infinitespire:ShieldingShard":48,"Matryoshka":56,"aspiration:BabyByrd":4,"energizedSpire:HugeHouse":8,"HandDrill":9,"HollowMod:PaleOreRelic":47,"Replay:Wax Seal":19,"MerchantsRug":9,"Ring of Hypnosis":32,"hubris:DuctTape":56,"Golden Idol":27,"Eternal Feather":41,"Replay:WaspNest":25,"Pen Nib":34,"ReplayTheSpireMod:SealedPack":37,"Omamori":13,"infinitespire:Magic Flask":0,"Letter Opener":46,"War Paint":7,"Frozen Egg 2":34,"MawBank":6,"Medical Kit":34,"Akabeko":56,"Calling Bell":0,"Replay:Baseball":23,"hubris:PeanutButter":0,"Black Star":52,"hubris:TenFootPole":54,"Bag of Marbles":57,"ReplayTheSpireMod:Ring of Challenge":32,"TungstenRod":34,"Meat on the Bone":4,"Pocketwatch":50},{"Regal Pillow":205,"SacredBark":106,"Vajra":203,"HollowMod:VesselMask":0,"EVO:Axolotl":0,"Ginger":182,"aspiration:RitualStick":27,"ClockworkSouvenir":67,"Centennial Puzzle":0,"hubris:Backtick":58,"infinitespire:ShieldingShard":208,"Matryoshka":264,"aspiration:BabyByrd":10,"energizedSpire:HugeHouse":24,"HandDrill":27,"HollowMod:PaleOreRelic":205,"Replay:Wax Seal":67,"MerchantsRug":27,"Ring of Hypnosis":125,"hubris:DuctTape":264,"Golden Idol":96,"Eternal Feather":185,"Replay:WaspNest":89,"Pen Nib":136,"ReplayTheSpireMod:SealedPack":159,"Omamori":43,"infinitespire:Magic Flask":0,"Letter Opener":203,"War Paint":20,"Frozen Egg 2":136,"MawBank":17,"Medical Kit":136,"Akabeko":264,"Calling Bell":0,"Replay:Baseball":83,"hubris:PeanutButter":0,"Black Star":231,"hubris:TenFootPole":247,"Bag of Marbles":271,"ReplayTheSpireMod:Ring of Challenge":125,"TungstenRod":136,"Meat on the Bone":10,"Pocketwatch":215}],"Pocketwatch":[63]},"card_choices":[{"not_picked":["HollowMod:MothsMistake","HollowMod:ShadowDash"],"picked":"HollowMod:HuntersJournal","floor":0},{"not_picked":["HollowMod:MothsMistake","HollowMod:DoubleDash"],"picked":"HollowMod:QuirrelsAssistance","floor":1},{"not_picked":["HollowMod:DescendingDark","HollowMod:LifebloodCocoon"],"picked":"HollowMod:DashSlash","floor":5},{"not_picked":["HollowMod:InfectedCysts","HollowMod:TaintedHusks","HollowMod:LordofShades"],"picked":"SKIP","floor":10},{"not_picked":["HollowMod:DescendingDark","HollowMod:SharpenedNail"],"picked":"HollowMod:HowlingWraiths","floor":12},{"not_picked":["HollowMod:DoubleDash","HollowMod:LifebloodCocoon"],"picked":"HollowMod:SoulSplash","floor":13},{"not_picked":["HollowMod:BlackTendrils","HollowMod:GoodIntentions"],"picked":"HollowMod:ChannelNail","floor":14},{"not_picked":["HollowMod:theNailsmith","HollowMod:LordofShades"],"picked":"HollowMod:Hiveblood","floor":16},{"not_picked":["HollowMod:HuntersJournal","HollowMod:CornifersMapStart"],"picked":"HollowMod:MonarchWings","floor":18},{"not_picked":["HollowMod:ChannelNail+1","HollowMod:SharpenedNail"],"picked":"HollowMod:CrystalDash+1","floor":19},{"not_picked":["HollowMod:CoiledNail+1","HollowMod:DashSlash+1"],"picked":"HollowMod:CycloneSlash","floor":22},{"not_picked":["HollowMod:NewLittleFool","HollowMod:GoodIntentions"],"picked":"HollowMod:MidwifesHunger","floor":24},{"not_picked":["HollowMod:WraithStrike","HollowMod:CornifersMapStart"],"picked":"HollowMod:CycloneSlash","floor":27},{"not_picked":["HollowMod:SoulStrike","HollowMod:SiblingsSouls"],"picked":"HollowMod:GrimmsGift","floor":30}],"player_experience":550913,"relics_obtained":[{"floor":3,"key":"Letter Opener"},{"floor":4,"key":"Vajra"},{"floor":9,"key":"Regal Pillow"},{"floor":13,"key":"Pocketwatch"},{"floor":19,"key":"hubris:TenFootPole"},{"floor":24,"key":"Akabeko"},{"floor":24,"key":"hubris:DuctTape"},{"floor":26,"key":"Matryoshka"}],"event_choices":[{"damage_healed":0,"gold_gain":0,"player_choice":"RE UP ","damage_taken":32,"relics_obtained":["HollowMod:PaleOreRelic"],"max_hp_gain":0,"max_hp_loss":0,"event_name":"betterSkull:BetterSkull","floor":8,"gold_loss":0,"cards_upgraded":["HollowMod:FocusHealStart"]},{"damage_healed":0,"gold_gain":100,"player_choice":"Bet on Murderer","damage_taken":0,"max_hp_gain":0,"max_hp_loss":0,"event_name":"The Joust","floor":21,"gold_loss":50},{"damage_healed":0,"gold_gain":0,"player_choice":"Dagger","damage_taken":6,"max_hp_gain":0,"max_hp_loss":0,"event_name":"betterThird:BetterNest","floor":28,"gold_loss":0,"cards_obtained":["RitualDagger"]}],"is_beta":false,"boss_relics":[{"not_picked":["conspire:SeveredTorchhead","Sozu"],"picked":"Black Star"}],"items_purged_floors":[],"is_endless":false,"potions_floor_spawned":[10,13,18,19,27],"killed_by":"Book of Stabbing","ascension_level":0}}