{"host":"u19jhb6amotr3ucl","time":1610914116,"event":{"mods":["Act Like it!","Astrologer","BaseMod","Better Match","BetterRewards","Conspire","Duelist Mod","Hubris","Infinite Spire","Jorbs\u0027s Wanderer Trilogy","Marisa????????","Minty Spire (QoL Compilation)","Quick Restart","Replay The Spire","Spicy Shops","StSLib","The Animator"],"gold_per_floor":[128,128,140,165,179,179,223,223,249,249,266,266,266,266,266,379,379,406,435,360,360,374,374,423,453,453,453,36,51,151,171,171,269,269,287,299,315,315,315,345,345,364,440,440,440],"floor_reached":44,"language":"ENG","playtime":4284,"items_purged":["Normality"],"score":685,"play_id":"2810e77c-1510-4a2d-b7f2-18a8f1faa9a3","local_time":"20210117150836","is_ascension_mode":false,"campfire_choices":[{"data":"IllusionStar","floor":6.0,"key":"SMITH"},{"floor":8.0,"key":"RECALL"},{"floor":10.0,"key":"REST"},{"data":"MysteriousBeam","floor":15.0,"key":"SMITH"},{"data":"MaximisePower","floor":23,"key":"SMITH"},{"floor":41,"key":"REST"}],"circlet_count":0,"master_deck":["Strike_MRS","Strike_MRS","Strike_MRS","Defend_MRS","Defend_MRS","Defend_MRS","Defend_MRS","MasterSpark","UpSweep","MachineGunSpark","UnstableBomb","ManaConvection","GalacticHalo","WitchOfGreed","IllusionStar+1","ShootingEcho","MysteriousBeam+1","WitchLeyline","GasGiant","SuperPerseids","Pot Of Greed","Pot Of Greed","EarthLightRay","MaximisePower+1","DC+1","Pot Of Greed","ShootingEcho+1","PulseMagic+1","MagicAbsorber","PowerUp+1","WitchLeyline+1","EscapeVelocity+1","ChargeUpSpray+1","Singularity+1","FinalSpark","IllusionStar+1","LuminesStrike+1","Pot Of Greed+1","PowerUp+1","Replay:Bootleg Shield Generator+1","infinitespire:SevenWalls","hubris:Rewind+1","MilkyWay+1","MagicChant+1"],"relics":["MiniHakkero","BargainBundle","Ginger","Grinning Jar","Vajra","CultistMask","Sozu","MutagenicStrength","Frozen Egg 2","Replay:Wax Seal","Darkstone Periapt","Toxic Egg 2","hubris:Zylophone","Pantograph","Fusion Hammer","hubris:CuriousFeather","Golden Egg"],"acts_visited":["TheCity","TheBeyond"],"potions_floor_usage":[30],"damage_taken":[{"damage":4.0,"enemies":"Cultist","floor":1.0,"turns":4.0},{"damage":0.0,"enemies":"Small Slimes","floor":3.0,"turns":2.0},{"damage":16.0,"enemies":"Jaw Worm","floor":4.0,"turns":4.0},{"damage":7.0,"enemies":"3 Louse","floor":5.0,"turns":2.0},{"damage":9.0,"enemies":"3 Sentries","floor":7.0,"turns":5.0},{"damage":0.0,"enemies":"Large Slime","floor":11.0,"turns":2.0},{"damage":32.0,"enemies":"Hexaghost","floor":16.0,"turns":8.0},{"damage":0.0,"enemies":"Spheric Guardian","floor":18.0,"turns":3.0},{"damage":10.0,"enemies":"2 Thieves","floor":19.0,"turns":3.0},{"damage":0,"enemies":"Snake Plant","floor":22,"turns":2},{"damage":0,"enemies":"theDuelist:KaibaA2","floor":24,"turns":3},{"damage":0,"enemies":"conspire:HollyBat","floor":25,"turns":6},{"damage":0,"enemies":"Snecko","floor":29,"turns":4},{"damage":20,"enemies":"Colosseum Slavers","floor":30,"turns":4},{"damage":0,"enemies":"Colosseum Nobs","floor":30,"turns":3},{"damage":21,"enemies":"Snake Plant","floor":31,"turns":2},{"damage":29,"enemies":"Collector","floor":33,"turns":6},{"damage":23,"enemies":"3 Shapes","floor":35,"turns":3},{"damage":15,"enemies":"Orb Walker","floor":36,"turns":2},{"damage":19,"enemies":"4 Shapes","floor":37,"turns":2},{"damage":15,"enemies":"Reptomancer","floor":40,"turns":4},{"damage":41,"enemies":"Transient","floor":42,"turns":5},{"damage":32,"enemies":"2 Orb Walkers","floor":44,"turns":1}],"seed_played":"-2686587239576052556","potions_obtained":[{"floor":1.0,"key":"DistilledChaos"},{"floor":4.0,"key":"ColorlessPotion"},{"floor":4.0,"key":"Fire Potion"},{"floor":5.0,"key":"Strength Potion"},{"floor":7.0,"key":"Adrenaline Potion"},{"floor":11.0,"key":"conspire:TimeTravelPotion"},{"floor":16.0,"key":"PowerPotion"},{"floor":16.0,"key":"FairyPotion"}],"is_trial":false,"path_per_floor":["M","$","M","M","M","R","E","R","T","R","M","?","?","?","R","B",null,"M","M","?","?","M","R","E","M","T","?","$","M","?","M","R","B",null,"M","M","M","?","AVR","E","R","M","T","?"],"character_chosen":"MARISA","items_purchased":["BargainBundle","MachineGunSpark","UnstableBomb","ManaConvection","GalacticHalo","WitchOfGreed","IllusionStar","Darkstone Periapt","Toxic Egg 2"],"campfire_rested":2,"item_purchase_floors":[0,0,0,0,0,0,0,28,28],"current_hp_per_floor":[59,59,59,43,36,36,27,27,27,49,49,37,37,37,37,30,75,75,65,65,65,65,65,65,69,69,69,75,75,55,34,58,56,81,58,43,24,24,24,9,33,24,24,0,0],"gold":440,"neow_bonus":"","is_daily":false,"chose_seed":false,"campfire_upgraded":3,"win_rate":0.0,"timestamp":1610914116,"path_taken":["M","?","?","M","M","R","E","R","T","R","M","?","?","?","R","BOSS","M","?","?","?","M","R","E","M","T","?","$","M","?","M","R","BOSS","M","M","M","?","AVR","E","R","M","T","?"],"items_purchased_type":["Relic","Card","Card","Card","Card","Card","Card","Relic","Relic"],"build_version":"2020-12-22","purchased_purges":1,"victory":false,"max_hp_per_floor":[75,75,75,75,75,75,75,75,75,75,75,75,75,75,75,75,75,75,75,75,75,75,75,75,75,75,75,81,81,81,81,81,81,81,81,81,81,81,81,81,81,81,81,81,81],"card_choices":[{"not_picked":["PowerUp","ChargeUpSpray"],"picked":"ShootingEcho","floor":1.0},{"not_picked":["GrandCross","BlazeAway"],"picked":"MysteriousBeam","floor":3.0},{"not_picked":["Acceleration","WitchOfGreed"],"picked":"WitchLeyline","floor":4.0},{"not_picked":["DC","AsteroidBelt"],"picked":"GasGiant","floor":5.0},{"not_picked":["GravityBeat","DC"],"picked":"SuperPerseids","floor":7.0},{"not_picked":["WitchLeyline","MilkyWay"],"picked":"EarthLightRay","floor":11.0},{"not_picked":["BinaryStars","StarDustReverie"],"picked":"MaximisePower","floor":16.0},{"not_picked":["WitchLeyline","MilkyWay"],"picked":"DC+1","floor":18.0},{"not_picked":["MachineGunSpark+1","DragonMeteor"],"picked":"ShootingEcho+1","floor":19.0},{"not_picked":["ChargingUp+1","SuperPerseids+1"],"picked":"PulseMagic+1","floor":20},{"not_picked":["OortCloud","DarkSpark"],"picked":"MagicAbsorber","floor":22},{"not_picked":["MysteriousBeam+1","FinalSpark"],"picked":"PowerUp","floor":24},{"not_picked":["PowerUp","PulseMagic"],"picked":"WitchLeyline+1","floor":25},{"not_picked":["IllusionStar+1","ManaConvection+1"],"picked":"EscapeVelocity+1","floor":29},{"not_picked":["Acceleration+1","GravityBeat+1"],"picked":"ChargeUpSpray+1","floor":30},{"not_picked":["NonDirectionalLaser","SporeBomb+1"],"picked":"Singularity+1","floor":31},{"not_picked":["CollectingQuirk","MaximisePower+1"],"picked":"FinalSpark","floor":33},{"not_picked":["OpenUniverse+1","DC"],"picked":"IllusionStar+1","floor":35},{"not_picked":["ShootingEcho+1","MeteoricShower"],"picked":"LuminesStrike+1","floor":36},{"not_picked":["WitchLeyline+1","SporeBomb+1"],"picked":"PowerUp+1","floor":37},{"not_picked":["Impatience+1","Specialist+1"],"picked":"Replay:Bootleg Shield Generator+1","floor":38},{"not_picked":["LuminesStrike+1","DoubleSpark"],"picked":"MilkyWay+1","floor":40},{"not_picked":["MagicAbsorber+1","BlazeAway+1"],"picked":"MagicChant+1","floor":42}],"player_experience":318833,"relics_obtained":[{"floor":7.0,"key":"Ginger"},{"floor":9.0,"key":"Grinning Jar"},{"floor":24,"key":"Frozen Egg 2"},{"floor":26,"key":"Replay:Wax Seal"},{"floor":30,"key":"hubris:Zylophone"},{"floor":30,"key":"Pantograph"},{"floor":40,"key":"Golden Egg"}],"event_choices":[{"damage_healed":0.0,"max_hp_gain":0.0,"max_hp_loss":0.0,"gold_gain":0.0,"event_name":"Scrap Ooze","player_choice":"Success","floor":12.0,"gold_loss":0.0,"damage_taken":12.0,"relics_obtained":["Vajra"]},{"damage_healed":0.0,"max_hp_gain":0.0,"max_hp_loss":0.0,"gold_gain":0.0,"event_name":"FaceTrader","player_choice":"Trade","floor":14.0,"gold_loss":0.0,"damage_taken":0.0,"relics_obtained":["CultistMask"]},{"damage_healed":0,"gold_gain":0,"player_choice":"2","damage_taken":0,"max_hp_gain":0,"max_hp_loss":0,"event_name":"betterMatch:BetterMatch","floor":20,"gold_loss":0,"cards_obtained":["betterMatch:UncommonCard"]},{"damage_healed":0,"gold_gain":0,"player_choice":"Inject Mutagens","damage_taken":0,"relics_obtained":["MutagenicStrength"],"max_hp_gain":0,"max_hp_loss":0,"event_name":"Drug Dealer","floor":21,"gold_loss":0},{"damage_healed":0,"gold_gain":0,"player_choice":"Fight","damage_taken":0,"max_hp_gain":0,"max_hp_loss":0,"event_name":"Colosseum","floor":30,"gold_loss":0},{"damage_healed":0,"gold_gain":0,"player_choice":"Fought Nobs","damage_taken":0,"max_hp_gain":0,"max_hp_loss":0,"event_name":"Colosseum","floor":30,"gold_loss":0},{"damage_healed":0,"gold_gain":0,"player_choice":"Memory 1","damage_taken":0,"max_hp_gain":0,"max_hp_loss":0,"event_name":"SensoryStone","floor":38,"gold_loss":0},{"damage_healed":0,"gold_gain":0,"player_choice":"Fight","damage_taken":0,"max_hp_gain":0,"max_hp_loss":0,"event_name":"Mysterious Sphere","floor":44,"gold_loss":0}],"is_beta":false,"boss_relics":[{"not_picked":["hubris:ScarierMask","Velvet Choker"],"picked":"Sozu"},{"not_picked":["hubris:CrackedHourglass","Philosopher\u0027s Stone"],"picked":"Fusion Hammer"}],"items_purged_floors":[28],"is_endless":false,"potions_floor_spawned":[4,5,11,16,18,22,30,35,42],"killed_by":"2 Orb Walkers","ascension_level":0}}