{"host":"z0tqw7lu1gwakzxm","time":1610849284,"event":{"mods":["BaseMod","DeckTracker","Lobotomy","Minty Spire (QoL Compilation)","StSLib","slay the spire mod where everything is the same but ironclad has a cowboy hat"],"gold_per_floor":[114,114,189,207,97,131,131],"floor_reached":6,"language":"ENG","playtime":225,"items_purged":[],"score":55,"play_id":"54daf18a-7755-4e47-ace9-34ac33a9210b","local_time":"20210116210804","is_ascension_mode":true,"campfire_choices":[],"circlet_count":0,"master_deck":["Strike_R","Strike_R+1","Strike_R","Strike_R","Strike_R","Defend_R+1","Defend_R","Defend_R","Defend_R","Bash","SpiderBud","Perfected Strike","UniverseFragment","Cleave","Disarm","Carnage","Murderer","Demon Form"],"relics":["Burning Blood","CogitoBucket","Bottled Flame"],"acts_visited":["Exordium"],"potions_floor_usage":[6],"damage_taken":[{"damage":2,"enemies":"Jaw Worm","floor":1,"turns":3},{"damage":0,"enemies":"2 Louse","floor":4,"turns":2},{"damage":10,"enemies":"Gremlin Nob","floor":6,"turns":3}],"seed_played":"-4016789203208803651","potions_obtained":[{"floor":1,"key":"Fire Potion"},{"floor":6,"key":"DistilledChaos"}],"is_trial":false,"path_per_floor":["M","?","?","M","$","E"],"character_chosen":"IRONCLAD","items_purchased":["Disarm","Carnage"],"campfire_rested":0,"item_purchase_floors":[5,5],"current_hp_per_floor":[80,64,53,59,59,55,55],"gold":131,"neow_bonus":"","is_daily":false,"chose_seed":false,"campfire_upgraded":0,"win_rate":0.0,"timestamp":1610849284,"path_taken":["M","?","?","M","?","E"],"items_purchased_type":["Card","Card"],"build_version":"2020-12-22","purchased_purges":0,"victory":false,"max_hp_per_floor":[80,80,80,80,80,80,80],"card_choices":[{"not_picked":["HappyTeddy","CrumblingArmor"],"picked":"SpiderBud","floor":1},{"not_picked":["Cleave","Rupture"],"picked":"Perfected Strike","floor":1},{"not_picked":["LittlePrince","PunishingBird"],"picked":"UniverseFragment","floor":4},{"not_picked":["Evolve","Rampage"],"picked":"Cleave","floor":4},{"not_picked":["OSAHOGD","CherryBlossoms"],"picked":"Murderer","floor":6},{"not_picked":["Headbutt","Intimidate"],"picked":"Demon Form","floor":6}],"player_experience":331152,"relics_obtained":[{"floor":6,"key":"Bottled Flame"}],"event_choices":[{"damage_healed":0,"gold_gain":0,"player_choice":"Entered Light","damage_taken":16,"max_hp_gain":0,"max_hp_loss":0,"event_name":"Shining Light","floor":2,"gold_loss":0,"cards_upgraded":["Strike_R","Defend_R"]},{"damage_healed":0,"gold_gain":75,"player_choice":"Gather Gold","damage_taken":11,"max_hp_gain":0,"max_hp_loss":0,"event_name":"World of Goop","floor":3,"gold_loss":0}],"is_beta":false,"boss_relics":[],"items_purged_floors":[],"is_endless":false,"potions_floor_spawned":[1,6],"killed_by":"Gremlin Nob","ascension_level":5}}