{"host":"ojme7g6xlqwffsso","time":1610910147,"event":{"mods":["BaseMod","Downfall","Minty Spire (QoL Compilation)","StSLib"],"gold_per_floor":[99,111,111,111,211,224,251,281,293,393,425,425,425,34,44,140,140,140,156,156,167,152,52,52,52,65,82,115,215,415,121,131,227,227,227,242,261,275,290,290,290,290],"floor_reached":40,"language":"ENG","playtime":2023,"items_purged":[],"score":514,"play_id":"28bbdd5d-25aa-46d8-9614-9e7cedc618bb","local_time":"20210118040227","is_ascension_mode":true,"campfire_choices":[{"data":"champ:Taunt","floor":1,"key":"SMITH"},{"data":"champ:BerserkersShout","floor":13,"key":"SMITH"},{"floor":18,"key":"RECALL"},{"data":"champ:StanceDance","floor":23,"key":"SMITH"},{"data":"champ:Backstep","floor":25,"key":"SMITH"},{"data":"champ:UltimateStance","floor":30,"key":"SMITH"},{"data":"champ:Improvising","floor":35,"key":"SMITH"}],"circlet_count":0,"master_deck":["champ:Execute","champ:Taunt+1","champ:GutPunch","champ:AdrenalArmor+1","champ:Shatter","champ:FocusedBerserking","champ:DefensiveShout","champ:BerserkersShout+1","champ:RecklessLeap","champ:Haymaker","champ:StrikeOfGenius","champ:ShieldSigil","champ:Duel","champ:Backstep+1","champ:TripleStrike","champ:RageSigil+1","champ:StanceDance+1","champ:BerserkerStyle","champ:UltimateStance+1","champ:Endure+1","champ:TornadoPunch","champ:FlashCut","champ:DancingMaster","champ:Improvising+1","champ:RecklessLeap","champ:SteelEdge","champ:HeavySlash","champ:FalseCounter","champ:LastStand","champ:VampiricStrike"],"relics":["Sozu","champ:LiftRelic","Peace Pipe","Bronze Scales","Pocketwatch","CloakClasp","Oddly Smooth Stone","Meat on the Bone","Philosopher\u0027s Stone","Question Card","downfall:HeartBlessingRed","Sundial","Art of War","downfall:GremlinWheel","Gambling Chip","Thread and Needle","Pandora\u0027s Box"],"acts_visited":["Exordium","TheCity","TheBeyond"],"potions_floor_usage":[],"damage_taken":[{"damage":10,"enemies":"Small Slimes","floor":2,"turns":3},{"damage":63,"enemies":"downfall:Heads","floor":5,"turns":6},{"damage":10,"enemies":"2 Louse","floor":6,"turns":2},{"damage":68,"enemies":"Lagavulin","floor":8,"turns":7},{"damage":18,"enemies":"Jaw Worm","floor":9,"turns":2},{"damage":74,"enemies":"Jaw Worm","floor":10,"turns":6},{"damage":43,"enemies":"3 Sentries","floor":11,"turns":4},{"damage":45,"enemies":"downfall:FleeingMerchant","floor":14,"turns":4},{"damage":16,"enemies":"3 Louse","floor":15,"turns":2},{"damage":57,"enemies":"IC_STATUS_ARCHETYPE","floor":16,"turns":6},{"damage":58,"enemies":"Shell Parasite","floor":19,"turns":3},{"damage":52,"enemies":"3 Cultists","floor":21,"turns":4},{"damage":45,"enemies":"downfall:FleeingMerchant","floor":22,"turns":4},{"damage":79,"enemies":"Chosen and Byrds","floor":26,"turns":3},{"damage":68,"enemies":"Snecko","floor":27,"turns":4},{"damage":67,"enemies":"Book of Stabbing","floor":28,"turns":4},{"damage":42,"enemies":"Book of Stabbing","floor":29,"turns":3},{"damage":75,"enemies":"downfall:FleeingMerchant","floor":31,"turns":4},{"damage":78,"enemies":"Shelled Parasite and Fungi","floor":32,"turns":3},{"damage":164,"enemies":"WA_ARCHETYPE_CALM","floor":33,"turns":8},{"damage":58,"enemies":"Orb Walker","floor":36,"turns":3},{"damage":99,"enemies":"3 Shapes","floor":37,"turns":3},{"damage":50,"enemies":"3 Darklings","floor":38,"turns":4},{"damage":41,"enemies":"Spire Growth","floor":39,"turns":4},{"damage":63,"enemies":"Nemesis","floor":40,"turns":4}],"seed_played":"-6678665612290794169","potions_obtained":[],"is_trial":false,"path_per_floor":["R","M","?","?","?","M","T","E","M","?","E","?","R","$","M","B",null,"R","M","?","M","$","R","T","R","M","M","E","?","R","$","M","B",null,"R","M","M","M","M","E"],"character_chosen":"THE_CHAMP","items_purchased":["Meat on the Bone","champ:ShieldSigil","champ:Duel","Gambling Chip","Thread and Needle","champ:TornadoPunch"],"campfire_rested":0,"item_purchase_floors":[14,14,14,31,31,31],"current_hp_per_floor":[90,90,90,87,64,64,64,51,48,44,42,47,47,47,58,58,95,95,82,82,92,92,92,92,92,95,95,95,85,85,95,95,91,95,95,87,57,69,63,0,0,0],"gold":290,"neow_bonus":"BOSS_RELIC","is_daily":false,"chose_seed":false,"campfire_upgraded":6,"win_rate":0.0,"timestamp":1610910147,"path_taken":["R","M","?","?","?","M","T","E","M","?","E","?","R","?","M","BOSS","R","M","?","M","?","R","T","R","M","M","E","?","R","$","M","BOSS","R","M","M","?","?","E"],"items_purchased_type":["Relic","Card","Card","Relic","Relic","Card"],"build_version":"2020-12-22","purchased_purges":0,"victory":false,"max_hp_per_floor":[90,90,90,90,90,90,90,90,90,90,90,95,95,95,95,95,95,95,95,95,95,95,95,95,95,95,95,95,95,95,95,95,95,95,95,95,95,95,95,95,95,95],"card_choices":[{"not_picked":["champ:CalledShot","champ:BladeFlurry"],"picked":"champ:GutPunch","floor":2},{"not_picked":["champ:GutPunch","champ:DefensiveShout"],"picked":"champ:AdrenalArmor","floor":5},{"not_picked":["champ:BerserkersShout","champ:GutPunch"],"picked":"champ:FocusedBerserking","floor":6},{"not_picked":["champ:FocusedDefense","champ:IronFortress"],"picked":"champ:DefensiveShout","floor":8},{"not_picked":["champ:Backstep","champ:Encircle"],"picked":"champ:BerserkersShout","floor":9},{"not_picked":["champ:RisingSlash","champ:ViciousMockery"],"picked":"champ:RecklessLeap","floor":10},{"not_picked":["champ:DefensiveStyle","champ:RecklessLeap"],"picked":"champ:Haymaker","floor":11},{"not_picked":["champ:BringItOn","champ:PerfectedStrike"],"picked":"champ:StrikeOfGenius","floor":14},{"not_picked":["champ:ViciousMockery","champ:Circumvent"],"picked":"champ:Backstep","floor":15},{"not_picked":["champ:VampiricStrike","champ:IgnorePain"],"picked":"champ:TripleStrike","floor":16},{"not_picked":["champ:GutPunch","champ:AdrenalArmor"],"picked":"champ:RageSigil+1","floor":19},{"not_picked":["champ:BerserkersShout","champ:Haymaker","champ:PreemptiveStrike"],"picked":"champ:StanceDance","floor":21},{"not_picked":["champ:LastStand","champ:Backstep+1","champ:BerserkersShout"],"picked":"champ:BerserkerStyle","floor":22},{"not_picked":["champ:Circumvent","champ:PreciseThrust","champ:Haymaker","champ:DefensiveShout"],"picked":"SKIP","floor":26},{"not_picked":["champ:Haymaker","champ:Circumvent","champ:RageSigil+1"],"picked":"champ:UltimateStance","floor":27},{"not_picked":["champ:BringItOn","champ:PreciseThrust","champ:AdrenalArmor"],"picked":"champ:Endure+1","floor":28},{"not_picked":["champ:UltimateStance","champ:Shatter","champ:PerfectedStrike","champ:Circumvent"],"picked":"SKIP","floor":31},{"not_picked":["champ:BladeFlurry","champ:ViciousMockery","champ:Lariat"],"picked":"champ:FlashCut","floor":32},{"not_picked":["champ:Devastate","champ:UltimateStance","champ:LastStand"],"picked":"champ:DancingMaster","floor":33},{"not_picked":["champ:CrownThrow","champ:EndlessRage","champ:IronFortress","champ:Haymaker"],"picked":"SKIP","floor":36},{"not_picked":["champ:HeartStrike","champ:CrownThrow+1","champ:FlashCut","champ:ViciousMockery"],"picked":"SKIP","floor":37},{"not_picked":["champ:Shatter","champ:BerserkerStyle","champ:FlashCut+1","champ:EnGarde"],"picked":"SKIP","floor":38},{"not_picked":["champ:TornadoPunch+1","champ:FalseCounter+1","champ:PreciseThrust+1"],"picked":"champ:VampiricStrike","floor":39}],"player_experience":878365,"relics_obtained":[{"floor":7,"key":"Bronze Scales"},{"floor":8,"key":"Pocketwatch"},{"floor":10,"key":"CloakClasp"},{"floor":11,"key":"Oddly Smooth Stone"},{"floor":24,"key":"Sundial"},{"floor":28,"key":"Art of War"},{"floor":29,"key":"downfall:GremlinWheel"}],"event_choices":[{"damage_healed":0,"gold_gain":0,"player_choice":"Success","damage_taken":3,"relics_obtained":["Peace Pipe"],"max_hp_gain":0,"max_hp_loss":0,"event_name":"Scrap Ooze","floor":4,"gold_loss":0},{"damage_healed":0,"gold_gain":0,"player_choice":"Donut","damage_taken":0,"max_hp_gain":5,"max_hp_loss":0,"event_name":"Big Fish","floor":12,"gold_loss":0},{"damage_healed":0,"gold_gain":200,"player_choice":"Gold","damage_taken":0,"max_hp_gain":0,"max_hp_loss":0,"event_name":"Wheel of Change","floor":30,"gold_loss":0}],"is_beta":false,"boss_relics":[{"not_picked":["Velvet Choker","Calling Bell"],"picked":"Philosopher\u0027s Stone"},{"not_picked":["Tiny House","SlaversCollar"],"picked":"Pandora\u0027s Box"}],"items_purged_floors":[],"is_endless":false,"potions_floor_spawned":[2,10,11,15,19,26,32,39],"killed_by":"Nemesis","ascension_level":1}}