{"host":"3a1ypf1irl30q4k8","time":1610880561,"event":{"mods":["AchievementEnabler","BaseMod","Bestiary","Colored Map","Minty Spire (QoL Compilation)","Relic Stats"],"gold_per_floor":[118,136,149,5,18,53,53,89,89,164,179,179,204,248,248,367,367,381,191,191,215,215,249,249,288,288,288,63,82,12,33,33,33,33],"floor_reached":33,"language":"ENG","playtime":1939,"items_purged":[],"score":433,"play_id":"94790b93-1ec9-4255-baa4-d7f31476b021","local_time":"20210117104921","is_ascension_mode":true,"campfire_choices":[{"floor":12,"key":"REST"},{"data":"Thunderclap","floor":15,"key":"SMITH"},{"data":"Uppercut","floor":24,"key":"SMITH"},{"floor":27,"key":"REST"},{"floor":32,"key":"REST"}],"circlet_count":0,"master_deck":["Bash+1","Uppercut","Thunderclap+1","Twin Strike","Inflame","Impervious","Ghostly Armor","Feed","Intimidate","Spot Weakness","Headbutt","Carnage","Corruption","Rage","Bludgeon","Carnage","Sentinel","Whirlwind","Shockwave","Armaments","Uppercut+1","Cleave","Ghostly Armor+1","Bloodletting","Feed","Dark Embrace","True Grit","Reckless Charge+1","Shrug It Off","Seeing Red","Sever Soul","Power Through","Reaper","Seeing Red"],"relics":["Burning Blood","Mango","Golden Idol","Lantern","Bronze Scales","StrikeDummy","Pandora\u0027s Box","Orrery","Ornamental Fan","Paper Frog","Mercury Hourglass","Vajra"],"acts_visited":["Exordium","TheCity"],"potions_floor_usage":[5,14,16,23,25,25,33],"damage_taken":[{"damage":1,"enemies":"Cultist","floor":1,"turns":4},{"damage":5,"enemies":"Small Slimes","floor":2,"turns":3},{"damage":6,"enemies":"2 Louse","floor":3,"turns":2},{"damage":12,"enemies":"Lots of Slimes","floor":5,"turns":6},{"damage":25,"enemies":"Gremlin Nob","floor":6,"turns":4},{"damage":35,"enemies":"3 Sentries","floor":8,"turns":9},{"damage":11,"enemies":"Looter","floor":11,"turns":2},{"damage":0,"enemies":"Large Slime","floor":13,"turns":5},{"damage":30,"enemies":"Lagavulin","floor":14,"turns":6},{"damage":0,"enemies":"Slime Boss","floor":16,"turns":5},{"damage":8,"enemies":"2 Thieves","floor":18,"turns":3},{"damage":11,"enemies":"Spheric Guardian","floor":21,"turns":4},{"damage":37,"enemies":"Slavers","floor":23,"turns":4},{"damage":55,"enemies":"Gremlin Leader","floor":25,"turns":8},{"damage":20,"enemies":"Shelled Parasite and Fungi","floor":29,"turns":6},{"damage":20,"enemies":"Snake Plant","floor":31,"turns":4},{"damage":65,"enemies":"Champ","floor":33,"turns":7}],"seed_played":"-4108954367459965494","potions_obtained":[{"floor":3,"key":"Dexterity Potion"},{"floor":6,"key":"PowerPotion"},{"floor":11,"key":"Strength Potion"},{"floor":14,"key":"AttackPotion"},{"floor":16,"key":"Ancient Potion"},{"floor":21,"key":"BloodPotion"},{"floor":23,"key":"GamblersBrew"},{"floor":29,"key":"SkillPotion"},{"floor":31,"key":"Energy Potion"}],"is_trial":false,"path_per_floor":["M","M","M","$","M","E","?","E","T","?","M","R","M","E","R","B",null,"M","$","?","M","?","E","R","E","T","R","$","M","$","M","R","B"],"character_chosen":"IRONCLAD","items_purchased":["Inflame","Impervious","Bloodletting","Orrery","Vajra","Sever Soul","Reaper"],"campfire_rested":3,"item_purchase_floors":[4,4,19,19,28,28,30],"current_hp_per_floor":[80,80,80,80,74,69,69,43,43,34,29,56,65,44,44,50,96,94,94,88,83,83,52,52,22,22,50,50,36,36,22,50,0,0],"gold":33,"neow_bonus":"UPGRADE_CARD","is_daily":false,"chose_seed":false,"campfire_upgraded":2,"win_rate":0.0,"timestamp":1610880561,"path_taken":["M","M","M","?","M","E","?","E","T","?","?","R","M","E","R","BOSS","M","$","?","?","?","E","R","E","T","R","$","M","?","M","R","BOSS"],"items_purchased_type":["Card","Card","Card","Relic","Relic","Card","Card"],"build_version":"2020-12-22","purchased_purges":0,"victory":false,"max_hp_per_floor":[80,80,80,80,80,94,87,90,90,90,90,90,93,96,96,96,96,96,96,96,96,96,96,96,96,96,96,96,96,96,96,96,96,96],"relic_stats":{"counters":[17,81],"Golden Idol":79,"Ornamental Fan":[8],"Bronze Scales":[106],"Pandora\u0027s Box":["Rage","Bludgeon","Carnage","Sentinel","Whirlwind","Shockwave","Armaments","Uppercut","Cleave"],"obtain_stats":[{"Lantern":8,"Golden Idol":7,"Ornamental Fan":23,"Bronze Scales":9,"Orrery":19,"Vajra":28,"Mango":6,"Pandora\u0027s Box":17,"StrikeDummy":14,"Burning Blood":0,"Paper Frog":25,"Mercury Hourglass":26},{"Lantern":6,"Golden Idol":5,"Ornamental Fan":13,"Bronze Scales":6,"Orrery":11,"Vajra":14,"Mango":5,"Pandora\u0027s Box":10,"StrikeDummy":9,"Burning Blood":0,"Paper Frog":14,"Mercury Hourglass":14},{"Lantern":28,"Golden Idol":19,"Ornamental Fan":57,"Bronze Scales":28,"Orrery":49,"Vajra":65,"Mango":19,"Pandora\u0027s Box":46,"StrikeDummy":41,"Burning Blood":0,"Paper Frog":65,"Mercury Hourglass":65}],"Burning Blood":90,"Mercury Hourglass":[35]},"card_choices":[{"not_picked":["Headbutt","Armaments"],"picked":"Uppercut","floor":1},{"not_picked":["Clash","Combust"],"picked":"Thunderclap","floor":2},{"not_picked":["Blood for Blood","Perfected Strike"],"picked":"Twin Strike","floor":3},{"not_picked":["Berserk","Pummel"],"picked":"Ghostly Armor","floor":5},{"not_picked":["Fiend Fire","Pummel"],"picked":"Feed","floor":6},{"not_picked":["Armaments","Sever Soul"],"picked":"Intimidate","floor":8},{"not_picked":["Sword Boomerang","Dual Wield"],"picked":"Spot Weakness","floor":11},{"not_picked":["Evolve","Thunderclap"],"picked":"Headbutt","floor":13},{"not_picked":["Combust","Perfected Strike"],"picked":"Carnage","floor":14},{"not_picked":["Impervious","Berserk"],"picked":"Corruption","floor":16},{"not_picked":["Reckless Charge","Cleave"],"picked":"Ghostly Armor+1","floor":18},{"not_picked":["Second Wind","Clothesline"],"picked":"Feed","floor":19},{"not_picked":["Fire Breathing","Intimidate"],"picked":"Dark Embrace","floor":19},{"not_picked":["Reckless Charge","Seeing Red+1"],"picked":"True Grit","floor":19},{"not_picked":["Seeing Red","Wild Strike"],"picked":"Reckless Charge+1","floor":21},{"not_picked":["Sword Boomerang","Cleave","Body Slam+1"],"picked":"SKIP","floor":23},{"not_picked":["Headbutt","Perfected Strike+1"],"picked":"Seeing Red","floor":25},{"not_picked":["Perfected Strike","Pommel Strike"],"picked":"Power Through","floor":29},{"not_picked":["Sword Boomerang","Infernal Blade"],"picked":"Seeing Red","floor":31}],"player_experience":1089545,"relics_obtained":[{"floor":6,"key":"Mango"},{"floor":8,"key":"Lantern"},{"floor":9,"key":"Bronze Scales"},{"floor":14,"key":"StrikeDummy"},{"floor":23,"key":"Ornamental Fan"},{"floor":25,"key":"Paper Frog"},{"floor":26,"key":"Mercury Hourglass"}],"event_choices":[{"damage_healed":0,"gold_gain":0,"player_choice":"Lose Max HP","damage_taken":0,"relics_obtained":["Golden Idol"],"max_hp_gain":0,"max_hp_loss":7,"event_name":"Golden Idol","floor":7,"gold_loss":0},{"damage_healed":0,"gold_gain":75,"player_choice":"Touch","damage_taken":9,"max_hp_gain":0,"max_hp_loss":0,"event_name":"FaceTrader","floor":10,"gold_loss":0},{"damage_healed":0,"gold_gain":0,"player_choice":"","damage_taken":6,"max_hp_gain":0,"max_hp_loss":0,"event_name":"Knowing Skull","floor":20,"potions_obtained":[],"gold_loss":0,"cards_obtained":[]},{"damage_healed":0,"gold_gain":0,"player_choice":"Read","damage_taken":0,"max_hp_gain":0,"max_hp_loss":0,"event_name":"The Library","floor":22,"gold_loss":0,"cards_obtained":["Shrug It Off"]}],"is_beta":false,"boss_relics":[{"not_picked":["Runic Pyramid","SlaversCollar"],"picked":"Pandora\u0027s Box"}],"items_purged_floors":[],"is_endless":false,"potions_floor_spawned":[3,6,11,14,16,21,23,29,31],"killed_by":"Champ","ascension_level":3}}