{"host":"9709z2dy8v1s63sm","time":1610894081,"event":{"mods":["AchievementEnabler","BaseMod","Minty Spire (QoL Compilation)","StSLib","SuperFastMode"],"gold_per_floor":[118,130,140,140,157,157,187,187,236,263,263,263,278,84,84,180,180,194,213,226,126,144,178,198,230,230,230,263,263,70,103,103,199,199,216,216,267,279,8,8,39,39,39,64,30,30,65,84,84,84,84,84,25,52,52],"floor_reached":56,"language":"KOR","playtime":2204,"items_purged":["Strike_R","Strike_R","Strike_R"],"score":2324,"play_id":"3be5cf02-b0d9-45f2-8e54-269ee9a822b1","local_time":"20210117233440","is_ascension_mode":true,"campfire_choices":[{"data":"Body Slam","floor":6.0,"key":"SMITH"},{"data":"Seeing Red","floor":8.0,"key":"SMITH"},{"floor":12.0,"key":"REST"},{"data":"Evolve","floor":15.0,"key":"SMITH"},{"data":"Dark Embrace","floor":32.0,"key":"SMITH"},{"data":"Double Tap","floor":40.0,"key":"SMITH"},{"data":"Feel No Pain","floor":42.0,"key":"SMITH"},{"floor":49,"key":"RECALL"},{"data":"Feel No Pain","floor":52,"key":"SMITH"}],"circlet_count":0,"master_deck":["Defend_R","Defend_R","Defend_R","Defend_R","Bash","Second Wind+1","Body Slam+1","Seeing Red+1","Immolate","Feel No Pain+1","Evolve+1","Warcry","Offering","Dual Wield+1","Burning Pact+1","Double Tap+1","Dark Embrace+1","Disarm+1","Sentinel","Feel No Pain+1","Offering+1"],"relics":["Burning Blood","Ornamental Fan","Oddly Smooth Stone","Bag of Preparation","Coffee Dripper","Gremlin Horn","WingedGreaves","Bag of Marbles","Toy Ornithopter","Calipers","Mark of Pain","Thread and Needle","Membership Card","Anchor","Torii","Blue Candle","Blood Vial","Toxic Egg 2","Mummified Hand"],"acts_visited":["Exordium","TheCity","TheBeyond","TheEnding"],"potions_floor_usage":[50,55,55,55],"damage_taken":[{"damage":7.0,"enemies":"Small Slimes","floor":1.0,"turns":5.0},{"damage":2.0,"enemies":"Jaw Worm","floor":2.0,"turns":4.0},{"damage":1.0,"enemies":"Cultist","floor":3.0,"turns":4.0},{"damage":0.0,"enemies":"Exordium Thugs","floor":5.0,"turns":6.0},{"damage":60.0,"enemies":"3 Sentries","floor":7.0,"turns":16.0},{"damage":24.0,"enemies":"Gremlin Nob","floor":10.0,"turns":5.0},{"damage":0.0,"enemies":"Blue Slaver","floor":13.0,"turns":3.0},{"damage":0.0,"enemies":"Slime Boss","floor":16.0,"turns":5.0},{"damage":6.0,"enemies":"3 Byrds","floor":18.0,"turns":3.0},{"damage":10.0,"enemies":"Spheric Guardian","floor":19.0,"turns":4.0},{"damage":6.0,"enemies":"Shelled Parasite and Fungi","floor":20.0,"turns":3.0},{"damage":6.0,"enemies":"Snecko","floor":22.0,"turns":1.0},{"damage":6.0,"enemies":"Slavers","floor":23.0,"turns":4.0},{"damage":0.0,"enemies":"Centurion and Healer","floor":24.0,"turns":5.0},{"damage":6.0,"enemies":"Book of Stabbing","floor":25.0,"turns":1.0},{"damage":6.0,"enemies":"Slavers","floor":28.0,"turns":2.0},{"damage":6.0,"enemies":"Book of Stabbing","floor":31.0,"turns":1.0},{"damage":6.0,"enemies":"Collector","floor":33.0,"turns":3.0},{"damage":6.0,"enemies":"3 Shapes","floor":35.0,"turns":1.0},{"damage":6.0,"enemies":"2 Orb Walkers","floor":37.0,"turns":1.0},{"damage":0.0,"enemies":"3 Darklings","floor":38.0,"turns":1.0},{"damage":6.0,"enemies":"Nemesis","floor":41.0,"turns":3.0},{"damage":6.0,"enemies":"Giant Head","floor":44.0,"turns":2.0},{"damage":6,"enemies":"Nemesis","floor":47,"turns":1},{"damage":6,"enemies":"Sphere and 2 Shapes","floor":48,"turns":3},{"damage":6,"enemies":"Time Eater","floor":50,"turns":2},{"damage":12,"enemies":"Shield and Spear","floor":54,"turns":3},{"damage":12,"enemies":"The Heart","floor":55,"turns":3}],"seed_played":"7172919862267066707","potions_obtained":[{"floor":1.0,"key":"DistilledChaos"},{"floor":2.0,"key":"Ancient Potion"},{"floor":10.0,"key":"Weak Potion"},{"floor":18.0,"key":"Dexterity Potion"},{"floor":22.0,"key":"Dexterity Potion"},{"floor":23.0,"key":"Swift Potion"},{"floor":35.0,"key":"Dexterity Potion"}],"is_trial":false,"path_per_floor":["M","M","M","?","M","R","E","R","T","E","?","R","M","$","R","B",null,"M","M","M","$","M","E","M","E","T","T","E","?","$","E","R","B",null,"M","?","?","M","$","R","E","R","T","E","$","$","E","M","R","B",null,"R","$","E","B",null],"character_chosen":"IRONCLAD","items_purchased":["Evolve","Warcry","Dark Embrace","Membership Card","Sentinel","Anchor","Feel No Pain","Offering+1","SpeedPotion"],"campfire_rested":1,"item_purchase_floors":[14,14,30,39,39,39,45,53,53],"current_hp_per_floor":[71,75,80,80,80,80,26,26,26,8,8,32,38,38,38,44,71,71,67,67,67,67,67,73,73,73,73,73,73,73,73,73,73,78,78,78,78,80,80,80,80,80,80,80,80,80,80,80,80,80,80,80,80,74,74],"gold":52,"neow_bonus":"TRANSFORM_CARD","is_daily":false,"chose_seed":false,"campfire_upgraded":7,"win_rate":0.0,"timestamp":1610894080,"path_taken":["M","M","M","?","M","R","E","R","T","E","?","R","M","$","R","BOSS","M","M","M","$","?","E","M","E","T","?","E","?","$","E","R","BOSS","M","?","?","M","$","R","E","R","T","E","?","$","E","M","R","BOSS","R","$","E","BOSS"],"items_purchased_type":["Card","Card","Card","Relic","Card","Relic","Card","Card","Potion"],"build_version":"2020-12-22","purchased_purges":3,"victory":true,"max_hp_per_floor":[80,80,80,80,80,80,80,80,80,80,80,80,80,80,80,80,80,80,80,80,80,80,80,80,80,80,80,80,80,80,80,80,80,80,80,80,80,80,80,80,80,80,80,80,80,80,80,80,80,80,80,80,80,80,80],"card_choices":[{"not_picked":["Clash","Clothesline"],"picked":"Body Slam","floor":1.0},{"not_picked":["Perfected Strike","Anger"],"picked":"Seeing Red","floor":2.0},{"not_picked":["Flex","Havoc","Spot Weakness"],"picked":"SKIP","floor":3.0},{"not_picked":["Flex","Havoc","Spot Weakness"],"picked":"SKIP","floor":3.0},{"not_picked":["Clothesline","Sword Boomerang","Wild Strike"],"picked":"SKIP","floor":5.0},{"not_picked":["Wild Strike","Second Wind"],"picked":"Immolate","floor":7.0},{"not_picked":["Carnage","Flex","Clash"],"picked":"SKIP","floor":10.0},{"not_picked":["Sentinel","Flex"],"picked":"Feel No Pain","floor":13.0},{"not_picked":["Double Tap","Feed"],"picked":"Offering","floor":16.0},{"not_picked":["Headbutt","Anger+1","Rupture+1"],"picked":"SKIP","floor":18.0},{"not_picked":["Shrug It Off","Body Slam+1"],"picked":"Dual Wield+1","floor":19.0},{"not_picked":["Headbutt+1","Clothesline","Carnage"],"picked":"SKIP","floor":20.0},{"not_picked":["Intimidate","Fire Breathing","Thunderclap"],"picked":"SKIP","floor":22.0},{"not_picked":["Anger","Brutality"],"picked":"Burning Pact+1","floor":23.0},{"not_picked":["Spot Weakness","Wild Strike","Bloodletting"],"picked":"SKIP","floor":24.0},{"not_picked":["Burning Pact","Infernal Blade+1","Spot Weakness"],"picked":"SKIP","floor":25.0},{"not_picked":["Searing Blow","Clothesline+1"],"picked":"Double Tap","floor":28.0},{"not_picked":["Bloodletting","Warcry"],"picked":"Disarm+1","floor":31.0},{"not_picked":["Bloodletting","Searing Blow","Body Slam"],"picked":"SKIP","floor":35.0},{"not_picked":["Twin Strike+1","Clash+1","Warcry"],"picked":"SKIP","floor":38.0},{"not_picked":["Flex","Blood for Blood+1","Second Wind+1"],"picked":"SKIP","floor":41.0},{"not_picked":["Flex","Pommel Strike+1","Cleave+1"],"picked":"SKIP","floor":44.0},{"not_picked":["Clash+1","Battle Trance+1","Wild Strike"],"picked":"SKIP","floor":47},{"not_picked":["Ghostly Armor+1","Flex+1","Armaments+1"],"picked":"SKIP","floor":48},{"not_picked":["Blood for Blood+1","Heavy Blade+1","True Grit+1"],"picked":"SKIP","floor":54}],"player_experience":78023,"relics_obtained":[{"floor":7.0,"key":"Ornamental Fan"},{"floor":9.0,"key":"Oddly Smooth Stone"},{"floor":10.0,"key":"Bag of Preparation"},{"floor":23.0,"key":"Gremlin Horn"},{"floor":25.0,"key":"WingedGreaves"},{"floor":27.0,"key":"Bag of Marbles"},{"floor":28.0,"key":"Toy Ornithopter"},{"floor":31.0,"key":"Calipers"},{"floor":37.0,"key":"Thread and Needle"},{"floor":41.0,"key":"Torii"},{"floor":43.0,"key":"Blue Candle"},{"floor":44.0,"key":"Blood Vial"},{"floor":47,"key":"Toxic Egg 2"},{"floor":54,"key":"Mummified Hand"}],"event_choices":[{"cards_removed":["Strike_R"],"damage_healed":0.0,"max_hp_gain":0.0,"max_hp_loss":0.0,"gold_gain":0.0,"event_name":"Living Wall","player_choice":"Forget","floor":4.0,"gold_loss":0.0,"damage_taken":0.0},{"damage_healed":0.0,"max_hp_gain":0.0,"max_hp_loss":0.0,"gold_gain":0.0,"event_name":"Upgrade Shrine","player_choice":"Upgraded","floor":11.0,"gold_loss":0.0,"damage_taken":0.0,"cards_upgraded":["Second Wind"]},{"damage_healed":0.0,"max_hp_gain":0.0,"max_hp_loss":0.0,"gold_gain":0.0,"event_name":"Vampires","player_choice":"Ignored","floor":29.0,"gold_loss":0.0,"damage_taken":0.0},{"damage_healed":0.0,"max_hp_gain":0.0,"max_hp_loss":0.0,"gold_gain":0.0,"event_name":"Tomb of Lord Red Mask","player_choice":"Ignored","floor":36.0,"gold_loss":0.0,"damage_taken":0.0},{"damage_healed":0.0,"max_hp_gain":0.0,"max_hp_loss":0.0,"gold_gain":0.0,"event_name":"Mysterious Sphere","player_choice":"Fight","floor":37.0,"gold_loss":0.0,"damage_taken":0.0}],"is_beta":false,"boss_relics":[{"not_picked":["Black Blood","Snecko Eye"],"picked":"Coffee Dripper"},{"not_picked":["Fusion Hammer","Busted Crown"],"picked":"Mark of Pain"}],"items_purged_floors":[14,21,30],"is_endless":false,"potions_floor_spawned":[1,2,10,18,22,23,24,33,35,41,47,48],"ascension_level":8}}