{"host":"qj49eghpaxba70kv","time":1610910121,"event":{"mods":["ATMod(°¢èªMod)","Act Like it!","Arknights The Spire","Aspiration","BaseMod","Dota2Spire","Energized Spire","Gensokyo","GungeonMod","Hermit","Hunter ÁÔÈË","KinomotoSakuraMod(Ä¾Ö®±¾Ó£)","Koishi","Lobotomy","LobotomyExtend","Luminous","Minty Spire (QoL Compilation)","Pale of the Ancients","Permanent Neow","Prisma Mod","Quick Restart","Replay The Spire","Robot Space Explorer","StSLib","The Administrix","The Alterego","The Bug Knight","The Construct","The Hierophant","The Marked","The Senshi","UnlockEverythingMod","[GremlinLeader]The Maniac","vexMod","¡¾¹¦ÄÜMod¡¿»ìãçÖ®»·ÐÞ¸´²¹¶¡","¡¾ÒÅÎï¿¨ÅÆ¡¿REMEMod","óô»ðÖ¸ÄÏ"],"gold_per_floor":[112,112,124,13,24,24,58,58,139,164,10,22,40,51,51,152,152,161,161,161,3,10,40,40,68,68,73,85,95,106,117,117,216,216,211,235,240,165,170,170,170,197,271,265,275,185,185,24,24,19,27,32,32,58,58,67,67,67,99,99],"floor_reached":0,"language":"ZHS","playtime":3842,"items_purged":["maniac:Strike"],"score":448,"play_id":"6091d2be-d1e3-4a8b-87c8-9fd8500d1330","local_time":"20210117130201","is_ascension_mode":false,"campfire_choices":[{"data":"AT_ShrugMaster","floor":6.0,"key":"SMITH"},{"data":"maniac:UndyingDesire","floor":8.0,"key":"SMITH"},{"data":"maniac:Strike","floor":15.0,"key":"PURGE"},{"data":"maniac:Recollect","floor":32.0,"key":"SMITH"},{"floor":41.0,"key":"RECALL"},{"data":"maniac:Strike","floor":49.0,"key":"PURGE"},{"data":"maniac:BurnBlood","floor":55.0,"key":"SMITH"}],"circlet_count":0,"master_deck":["maniac:AbyssShackle","maniac:BurnBlood","maniac:Defend","maniac:Defend","maniac:Defend","maniac:Defend","maniac:Strike","maniac:Strike","maniac:Strike","maniac:Strike","maniac:Strike"],"relics":["maniac:DamagedAnvil","maniac:BrokenHorn","paleoftheancients:Timepiece"],"acts_visited":["Exordium","Gensokyo:Gensokyo","Gensokyo:Gensokyoer","Gensokyo:Gensokyoest"],"potions_floor_usage":[],"damage_taken":[{"damage":2.0,"enemies":"Gensokyo:2_Kodama","floor":1.0,"turns":4.0},{"damage":3.0,"enemies":"Gensokyo:3_Fairies","floor":3.0,"turns":5.0},{"damage":9.0,"enemies":"Gensokyo:Gryphon","floor":5.0,"turns":4.0},{"damage":6.0,"enemies":"Gensokyo:Mamizou","floor":7.0,"turns":6.0},{"damage":7.0,"enemies":"Gensokyo:Cirno","floor":10.0,"turns":4.0},{"damage":15.0,"enemies":"Gensokyo:2_Rabbits","floor":12.0,"turns":5.0},{"damage":9.0,"enemies":"Gensokyo:Python_and_Kodama","floor":13.0,"turns":4.0},{"damage":3.0,"enemies":"Gensokyo:VengefulSpirit","floor":14.0,"turns":2.0},{"damage":7.0,"enemies":"Gensokyo:Kokoro","floor":16.0,"turns":9.0},{"damage":0.0,"enemies":"Gensokyo:Chomper","floor":18.0,"turns":3.0},{"damage":4.0,"enemies":"Gensokyo:CosmicMonolith","floor":22.0,"turns":2.0},{"damage":3.0,"enemies":"Gensokyo:Koishi","floor":23.0,"turns":6.0},{"damage":7.0,"enemies":"Gensokyo:Reisen","floor":25.0,"turns":5.0},{"damage":20.0,"enemies":"Gensokyo:Slime_Group","floor":27.0,"turns":4.0},{"damage":0.0,"enemies":"Gensokyo:Swordslinger","floor":28.0,"turns":5.0},{"damage":3.0,"enemies":"Gensokyo:3_Gloops","floor":29.0,"turns":3.0},{"damage":7.0,"enemies":"Gensokyo:Wraith","floor":30.0,"turns":2.0},{"damage":14.0,"enemies":"Gensokyo:Swordslinger","floor":31.0,"turns":4.0},{"damage":9.0,"enemies":"Gensokyo:Eiki","floor":33.0,"turns":3.0},{"damage":3.0,"enemies":"Gensokyo:AncientGuardian","floor":37.0,"turns":1.0},{"damage":6.0,"enemies":"Gensokyo:4_Bats","floor":39.0,"turns":2.0},{"damage":6.0,"enemies":"Gensokyo:Doremy","floor":42.0,"turns":3.0},{"damage":6.0,"enemies":"Gensokyo:Sharpion","floor":44.0,"turns":2.0},{"damage":0.0,"enemies":"Gensokyo:Sharpion","floor":45.0,"turns":2.0},{"damage":9.0,"enemies":"Gensokyo:Scarlet_Devils","floor":50.0,"turns":1.0},{"damage":24.0,"enemies":"Gensokyo:Scarlet_Devils","floor":51.0,"turns":3.0},{"damage":9.0,"enemies":"Gensokyo:Scarlet_Devils","floor":52.0,"turns":2.0},{"damage":564.0,"enemies":"Gensokyo:Scarlet_Devils","floor":56.0,"turns":7.0}],"seed_played":"1612440958266530625","potions_obtained":[{"floor":3.0,"key":"construct:ShiftPotion"},{"floor":13.0,"key":"DuplicationPotion"},{"floor":14.0,"key":"Elixir"},{"floor":22.0,"key":"Dota2Spire:Clarity"},{"floor":25.0,"key":"DemoMod:BlankPotion"},{"floor":31.0,"key":"Dexterity Potion"}],"is_trial":false,"path_per_floor":["M","?","M","COS","M","R","E","R","T","E","$","M","M","M","R","B",null,"M","?","?","$","M","E","?","E","T","M","M","M","M","M","R","B",null,"M","T","M","$","M","?","R","E","T","M","M","?","$","COS","R","B","M","M","?","T","R","M","R","T","?"],"character_chosen":"THE_MANIAC","items_purchased":["maniac:Collecting","maniac:UniversalPerception"],"campfire_rested":0,"item_purchase_floors":[11,21],"current_hp_per_floor":[80,64,61,61,52,52,61,61,61,54,54,44,40,37,37,40,80,80,80,72,72,68,70,70,63,63,48,53,50,43,29,29,25,72,69,69,66,66,60,60,60,54,54,72,72,72,72,72,72,72,63,64,64,64,72,72,72,72,0,0],"gold":99,"neow_bonus":"UPGRADE_CARD","is_daily":false,"chose_seed":false,"campfire_upgraded":4,"win_rate":0.0,"timestamp":1610910121,"path_taken":["M","?","M","COS","?","R","E","R","T","E","?","M","M","M","R","BOSS","M","?","?","$","M","E","?","E","T","M","M","M","M","M","R","BOSS","M","?","?","$","M","?","R","E","T","M","?","?","?","COS","R","BOSS","M","M","?","T","R","M","R","T","?"],"items_purchased_type":["Card","Card"],"build_version":"2020-12-22","purchased_purges":1,"victory":false,"max_hp_per_floor":[80,80,80,80,80,80,80,80,80,80,80,80,80,80,80,80,80,80,80,72,72,72,72,72,72,72,72,72,72,72,72,72,72,72,72,72,72,72,72,72,72,72,72,72,72,72,72,72,72,72,72,72,72,72,72,72,72,72,80,80],"card_choices":[{"not_picked":["maniac:Confront","maniac:SpectralKnives"],"picked":"maniac:UndyingDesire","floor":1.0},{"not_picked":["maniac:ListenToNone","maniac:UntravelledPath"],"picked":"maniac:Confront","floor":3.0},{"not_picked":["maniac:BladeShoot+1","maniac:ColdHeart+1"],"picked":"maniac:DashForward+1","floor":5.0},{"not_picked":["maniac:Whirlscythe","maniac:ReconstructWounds","maniac:ExpectedMoves"],"picked":"SKIP","floor":5.0},{"not_picked":["maniac:LootBarrage","maniac:ColdHeart"],"picked":"maniac:Intimidate","floor":7.0},{"not_picked":["maniac:ShatteredShield","maniac:PanickyParry"],"picked":"maniac:UndyingDesire","floor":10.0},{"not_picked":["maniac:ListenToNone","maniac:DashForward","maniac:BladeShoot"],"picked":"SKIP","floor":12.0},{"not_picked":["maniac:ListenToNone","maniac:PanickyParry","maniac:ObscuredAttack"],"picked":"SKIP","floor":13.0},{"not_picked":["maniac:Confront","maniac:Retrospect"],"picked":"maniac:ShelteringEdge","floor":14.0},{"not_picked":["maniac:HammerDown","maniac:ShadowContact"],"picked":"maniac:Deal","floor":16.0},{"not_picked":["maniac:UndyingDesire","maniac:ReconstructWounds","maniac:BladeShoot"],"picked":"SKIP","floor":18.0},{"not_picked":["Gensokyo:LittleGreenMen","Gensokyo:Apocalypse"],"picked":"Gensokyo:GapWoman","floor":20.0},{"not_picked":["maniac:SeeingDetails+1","maniac:Exterminator+1"],"picked":"maniac:ShiftingShadows+1","floor":22.0},{"not_picked":["maniac:WardAndDefend","maniac:DashForward","maniac:ShelteringEdge+1"],"picked":"SKIP","floor":23.0},{"not_picked":["maniac:ListenToNone","maniac:Precision"],"picked":"maniac:FanTheHammer","floor":25.0},{"not_picked":["maniac:FindAShortcut+1","maniac:Blastwave","maniac:WardAndDefend"],"picked":"SKIP","floor":27.0},{"not_picked":["maniac:ListenToNone","maniac:BladeShoot"],"picked":"maniac:Recollect","floor":28.0},{"not_picked":["maniac:FindAShortcut","maniac:Refine"],"picked":"maniac:HammerStrike","floor":29.0},{"not_picked":["maniac:SpectralKnives+1","maniac:SpectralFlash","maniac:MeleeStrike+1"],"picked":"SKIP","floor":30.0},{"not_picked":["maniac:Confront+1","maniac:ManipulatedFaith"],"picked":"maniac:UnseenTerror","floor":31.0},{"not_picked":["maniac:Lacerate","maniac:MeleeStrike","maniac:ListenToNone+1"],"picked":"SKIP","floor":37.0},{"not_picked":["maniac:ColdHeart","maniac:Retrospect","maniac:ShelteringEdge+1"],"picked":"SKIP","floor":39.0},{"not_picked":["maniac:Deal","maniac:Collecting","maniac:ShadowContact"],"picked":"SKIP","floor":42.0},{"not_picked":["maniac:Hasten","maniac:Precision","maniac:ColdHeart+1"],"picked":"SKIP","floor":42.0},{"not_picked":["maniac:Intimidate+1","maniac:BladesInCloak+1","maniac:UniversalPerception"],"picked":"SKIP","floor":45.0},{"not_picked":["maniac:ShelteringEdge+1","maniac:DashForward","maniac:BladesInCloak"],"picked":"SKIP","floor":51.0},{"not_picked":["maniac:DashForward","maniac:Infuriate","maniac:ListenToNone"],"picked":"SKIP","floor":52.0}],"player_experience":55062,"relics_obtained":[{"floor":7.0,"key":"AT_SpeedBoots"},{"floor":9.0,"key":"Dota2Spire:OrchidMalevolence"},{"floor":10.0,"key":"DemoMod:DecoyRelic"},{"floor":23.0,"key":"Dota2Spire:LinkenSphere"},{"floor":25.0,"key":"Whetstone"},{"floor":26.0,"key":"DemoMod:MeltedRock"},{"floor":28.0,"key":"Gensokyo:MosesMiracle"},{"floor":29.0,"key":"LetterFromLob"},{"floor":36.0,"key":"Regal Pillow"},{"floor":42.0,"key":"DemoMod:PartiallyEatenCheese"},{"floor":51.0,"key":"paleoftheancients:SoulOfTheSilent"},{"floor":52.0,"key":"paleoftheancients:SoulOfTheWokeBloke"},{"floor":54.0,"key":"Replay:Bandana"},{"floor":58,"key":"Kunai"}],"event_choices":[],"is_beta":false,"boss_relics":[{"not_picked":["Velvet Choker","vexMod:DeviousBotling"],"picked":"Dota2Spire:Bloodstone"},{"not_picked":["energizedSpire:EnergizedDie","Runic Pyramid"],"picked":"vexMod:ImprovementManual"}],"items_purged_floors":[38],"is_endless":false,"potions_floor_spawned":[3,13,14,22,23,25,31,33,37,52,56],"ascension_level":0}}