{"host":"nsu382cuivk29rjh","time":1610884909,"event":{"mods":["BaseMod","Downfall","Minty Spire (QoL Compilation)","StSLib"],"gold_per_floor":[99,112,112,127,227,227,279,297,310,335,335,369,169,179,192,290,290,290,305,215,225,225,225,225,225,253,138,153,165,191,202,214,313,313,313,313,330,380,380,405,454,180,191,207,227,77,77,93,104,104,104,104],"floor_reached":50,"language":"ZHS","playtime":2896,"items_purged":["Slimebound:Strike_Slimebound","Pride","Slimebound:Gluttony","Slimebound:ForwardTackle"],"score":626,"play_id":"33c713a1-f6e3-4e59-927f-3c1dcccc8646","local_time":"20210117200149","is_ascension_mode":false,"campfire_choices":[{"data":"Slimebound:Split","floor":1.0,"key":"SMITH"},{"floor":6.0,"key":"RECALL"},{"data":"Slimebound:FlameTackle","floor":13.0,"key":"SMITH"},{"data":"Slimebound:MassFeed","floor":18.0,"key":"SMITH"},{"data":"Slimebound:MegaLick","floor":25.0,"key":"SMITH"},{"data":"Slimebound:WasteNot","floor":35.0,"key":"SMITH"},{"data":"Slimebound:SelfFormingGoo","floor":47.0,"key":"SMITH"}],"circlet_count":0,"master_deck":["Slimebound:Tackle","Slimebound:Defend_Slimebound","Slimebound:Defend_Slimebound","Slimebound:Defend_Slimebound","Slimebound:Defend_Slimebound","Slimebound:Split+1","Slimebound:CorrosiveSpit","Slimebound:LeechLife","Slimebound:ComboTackle","Slimebound:RollThrough","Slimebound:LivingWall","Slimebound:FlameTackle+1","Slimebound:MegaLick+1","Slimebound:MassFeed+1","Slimebound:SlimeTap","Slimebound:WasteNot+1","Slimebound:SamplingLick","Slimebound:BestDefense+1","Slimebound:Gluttony+1","Slimebound:RejuvenatingLick","Slimebound:ComboTackle+1","Slimebound:SelfFormingGoo+1","Slimebound:MegaLick+1","Slimebound:Repurpose+1","Slimebound:SamplingLick+1","Slimebound:SamplingLick+1","expansioncontent:StudyTheSpire","Slimebound:Schlurp+1","Slimebound:RainOfGoop+1","Slimebound:Grow","Slimebound:ComboTackle+1"],"relics":["Slimebound:AbsorbEndCombat","Anchor","Akabeko","Happy Flower","downfall:HeartBlessingGreen","downfall:HeartBlessingRed","Coffee Dripper","Oddly Smooth Stone","Mango","Tiny Chest","StrikeDummy","Black Star","Ginger","Pear","Nunchaku","Unceasing Top"],"acts_visited":["TheCity","TheBeyond"],"potions_floor_usage":[50,50],"damage_taken":[{"damage":0.0,"enemies":"2 Louse","floor":2.0,"turns":3.0},{"damage":6.0,"enemies":"Cultist","floor":4.0,"turns":4.0},{"damage":0.0,"enemies":"Small Slimes","floor":8.0,"turns":3.0},{"damage":10.0,"enemies":"Red Slaver","floor":9.0,"turns":4.0},{"damage":16.0,"enemies":"Gremlin Nob","floor":10.0,"turns":3.0},{"damage":10.0,"enemies":"Lagavulin","floor":12.0,"turns":6.0},{"damage":0.0,"enemies":"Exordium Thugs","floor":14.0,"turns":4.0},{"damage":6.0,"enemies":"Blue Slaver","floor":15.0,"turns":4.0},{"damage":4.0,"enemies":"WA_ARCHETYPE_RETAIN","floor":16.0,"turns":4.0},{"damage":9.0,"enemies":"3 Byrds","floor":19.0,"turns":5.0},{"damage":0.0,"enemies":"downfall:FleeingMerchant","floor":20.0,"turns":4.0},{"damage":11.0,"enemies":"Centurion and Healer","floor":21.0,"turns":5.0},{"damage":18.0,"enemies":"Book of Stabbing","floor":26.0,"turns":4.0},{"damage":1.0,"enemies":"downfall:FleeingMerchant","floor":27.0,"turns":4.0},{"damage":17.0,"enemies":"Snake Plant","floor":28.0,"turns":4.0},{"damage":10.0,"enemies":"Shelled Parasite and Fungi","floor":29.0,"turns":5.0},{"damage":33.0,"enemies":"Gremlin Leader","floor":30.0,"turns":6.0},{"damage":29.0,"enemies":"Cultist and Chosen","floor":31.0,"turns":5.0},{"damage":20.0,"enemies":"Centurion and Healer","floor":32.0,"turns":5.0},{"damage":110.0,"enemies":"DF_ARCHETYPE_CLAW","floor":33.0,"turns":11.0},{"damage":21.0,"enemies":"3 Shapes","floor":37.0,"turns":3.0},{"damage":28.0,"enemies":"Nemesis","floor":40.0,"turns":5.0},{"damage":15.0,"enemies":"downfall:FleeingMerchant","floor":42.0,"turns":4.0},{"damage":22.0,"enemies":"3 Darklings","floor":43.0,"turns":5.0},{"damage":12.0,"enemies":"Jaw Worm Horde","floor":44.0,"turns":4.0},{"damage":32.0,"enemies":"Spire Growth","floor":45.0,"turns":6.0},{"damage":9.0,"enemies":"4 Shapes","floor":48.0,"turns":4.0},{"damage":4.0,"enemies":"Jaw Worm Horde","floor":49.0,"turns":5.0},{"damage":243,"enemies":"IC_BLOCK_ARCHETYPE","floor":50,"turns":9}],"seed_played":"5188647253289072246","potions_obtained":[{"floor":4.0,"key":"Explosive Potion"},{"floor":9.0,"key":"SkillPotion"},{"floor":14.0,"key":"Weak Potion"},{"floor":16.0,"key":"Fire Potion"},{"floor":21.0,"key":"Fire Potion"},{"floor":28.0,"key":"Regen Potion"},{"floor":29.0,"key":"Strength Potion"},{"floor":31.0,"key":"EssenceOfSteel"},{"floor":33.0,"key":"Dexterity Potion"},{"floor":43.0,"key":"LiquidMemories"},{"floor":44.0,"key":"PowerPotion"}],"is_trial":false,"path_per_floor":["R","M","?","M","?","R","T","M","M","E","?","E","R","M","M","B",null,"R","M","$","M","?","?","T","R","E","$","M","M","E","M","M","B",null,"R","?","M","T","?","E","T","$","M","M","M","$","R","M","M","B"],"character_chosen":"SLIMEBOUND","items_purchased":["Unceasing Top","expansioncontent:StudyTheSpire"],"campfire_rested":0,"item_purchase_floors":[42,42],"current_hp_per_floor":[65,65,65,60,60,60,60,64,57,52,52,44,44,52,60,60,65,65,66,69,62,62,62,76,76,74,76,87,86,94,69,99,6,99,99,99,87,87,90,82,82,71,56,70,76,76,76,83,121,0,0,0],"gold":104,"neow_bonus":"ONE_RANDOM_RARE_CARD","is_daily":false,"chose_seed":false,"campfire_upgraded":6,"win_rate":0.0,"timestamp":1610884909,"path_taken":["R","M","?","M","?","R","T","M","M","E","?","E","R","M","M","BOSS","R","M","$","?","?","?","T","R","E","$","M","?","E","M","M","BOSS","R","?","?","?","?","E","T","$","M","M","M","$","R","M","M","BOSS"],"items_purchased_type":["Relic","Card"],"build_version":"2020-12-22","purchased_purges":4,"victory":false,"max_hp_per_floor":[65,65,65,65,65,65,65,65,65,65,65,65,65,65,65,65,65,65,69,69,69,69,69,83,83,87,87,87,91,95,95,99,99,99,99,99,103,103,90,100,100,100,100,108,108,108,108,120,124,124,124,124],"card_choices":[{"not_picked":["Slimebound:SlimeSpikes","Slimebound:RollThrough"],"picked":"Slimebound:ComboTackle","floor":2.0},{"not_picked":["Slimebound:ComboTackle","Slimebound:SplitBruiser"],"picked":"Slimebound:RollThrough","floor":4.0},{"not_picked":["Slimebound:ItLooksTasty","Slimebound:LeechingTouch"],"picked":"Slimebound:ForwardTackle","floor":8.0},{"not_picked":["Slimebound:DivideAndConquer","Slimebound:SplitLeeching","Slimebound:ComboTackle"],"picked":"SKIP","floor":9.0},{"not_picked":["Slimebound:GrowthPunch","Slimebound:LeechingTouch"],"picked":"Slimebound:LivingWall","floor":10.0},{"not_picked":["Slimebound:RainOfGoop","Slimebound:RejuvenatingLick"],"picked":"Slimebound:FlameTackle","floor":12.0},{"not_picked":["Slimebound:SlimeBarrage","Slimebound:SamplingLick"],"picked":"Slimebound:MegaLick","floor":14.0},{"not_picked":["Slimebound:RejuvenatingLick","Slimebound:RollThrough","Slimebound:DivideAndConquer"],"picked":"SKIP","floor":15.0},{"not_picked":["Slimebound:Darklings","Slimebound:SelfFormingGoo"],"picked":"Slimebound:MassFeed","floor":16.0},{"not_picked":["Slimebound:Grow","Slimebound:PressTheAttack"],"picked":"Slimebound:SlimeTap","floor":19.0},{"not_picked":["Slimebound:SplitBruiser","Slimebound:ComboTackle"],"picked":"Slimebound:WasteNot","floor":20.0},{"not_picked":["Slimebound:SlimeSpikes","Slimebound:RollThrough"],"picked":"Slimebound:SamplingLick","floor":21.0},{"not_picked":["Slimebound:DivideAndConquer","Slimebound:Gluttony"],"picked":"Slimebound:BestDefense+1","floor":26.0},{"not_picked":["Slimebound:DisruptingSlam","Slimebound:LeadByExample"],"picked":"Slimebound:Gluttony+1","floor":27.0},{"not_picked":["Slimebound:Prepare","Slimebound:GoopSpray","Slimebound:LeechingTouch+1"],"picked":"SKIP","floor":28.0},{"not_picked":["Slimebound:Prepare","Slimebound:FormOfPuddle","Slimebound:DisruptingSlam"],"picked":"SKIP","floor":29.0},{"not_picked":["Slimebound:GoopSpray","Slimebound:ForwardTackle"],"picked":"Slimebound:RejuvenatingLick","floor":30.0},{"not_picked":["Slimebound:GoopSpray","Slimebound:SlimeBrawl+1"],"picked":"Slimebound:ComboTackle+1","floor":31.0},{"not_picked":["Slimebound:LeechEnergy","Slimebound:GrowthPunch","Slimebound:PressTheAttack"],"picked":"SKIP","floor":32.0},{"not_picked":["Slimebound:Darklings","Slimebound:PrepareCrush"],"picked":"Slimebound:SelfFormingGoo","floor":33.0},{"not_picked":["Slimebound:DivideAndConquer","Slimebound:SlimeTap"],"picked":"Slimebound:Repurpose+1","floor":37.0},{"not_picked":["Slimebound:SplitAcid+1","Slimebound:SplitMire+1"],"picked":"Slimebound:SamplingLick+1","floor":40.0},{"not_picked":["Slimebound:Gluttony+1","Slimebound:SplitSpecialist+1"],"picked":"Slimebound:SamplingLick+1","floor":42.0},{"not_picked":["Slimebound:SplitMire","Slimebound:LevelUp"],"picked":"Slimebound:Schlurp+1","floor":43.0},{"not_picked":["Slimebound:GoopSpray","Slimebound:ItLooksTasty","Slimebound:Teamwork"],"picked":"SKIP","floor":44.0},{"not_picked":["Slimebound:LeechingTouch+1","Slimebound:SlimeBrawl+1"],"picked":"Slimebound:RainOfGoop+1","floor":45.0},{"not_picked":["Slimebound:ItLooksTasty+1","Slimebound:LeechEnergy+1"],"picked":"Slimebound:Grow","floor":48.0},{"not_picked":["Slimebound:GoopSpray+1","Slimebound:Prepare"],"picked":"Slimebound:ComboTackle+1","floor":49.0}],"player_experience":1150973,"relics_obtained":[{"floor":7.0,"key":"Anchor"},{"floor":10.0,"key":"Akabeko"},{"floor":12.0,"key":"Happy Flower"},{"floor":24.0,"key":"Mango"},{"floor":26.0,"key":"Tiny Chest"},{"floor":30.0,"key":"StrikeDummy"},{"floor":40.0,"key":"Ginger"},{"floor":40.0,"key":"Pear"},{"floor":41.0,"key":"Nunchaku"}],"event_choices":[{"cards_removed":["Slimebound:Strike_Slimebound"],"damage_healed":0.0,"max_hp_gain":0.0,"max_hp_loss":0.0,"gold_gain":0.0,"event_name":"The Cleric","player_choice":"Card Removal","floor":3.0,"gold_loss":0.0,"damage_taken":0.0},{"cards_removed":["Slimebound:Strike_Slimebound"],"damage_healed":0.0,"max_hp_gain":0.0,"max_hp_loss":0.0,"gold_gain":0.0,"event_name":"Bonfire Elementals","player_choice":"Offered Basic","floor":11.0,"gold_loss":0.0,"damage_taken":0.0},{"damage_healed":0.0,"max_hp_gain":0.0,"max_hp_loss":0.0,"gold_gain":0.0,"event_name":"Addict","player_choice":"Stole Relic","floor":22.0,"gold_loss":0.0,"damage_taken":0.0,"relics_obtained":["Oddly Smooth Stone"],"cards_obtained":["Pride"]}],"is_beta":false,"boss_relics":[{"not_picked":["Slimebound:TarBlob","Snecko Eye"],"picked":"Coffee Dripper"},{"not_picked":["Philosopher\u0027s Stone","SlaversCollar"],"picked":"Black Star"}],"items_purged_floors":[20,27,42,46],"is_endless":false,"potions_floor_spawned":[4,9,14,16,21,28,29,31,33,37,40,43,44],"killed_by":"IC_BLOCK_ARCHETYPE","ascension_level":0}}