{"host":"b3acx0fd85ri4t7i","time":1610855517,"event":{"mods":["BaseMod","Colored Powertips","Minty Spire (QoL Compilation)","Quick Restart","Relic Stats","StSLib","[功能]功能增强和修复MOD"],"gold_per_floor":[118,268,268,36,48,75,92,57,57,57,34,34,50,79,79,153,153,165,165,90,140,140,140],"floor_reached":22,"language":"ZHS","playtime":752,"items_purged":["Strike_B","Strike_B","Defend_B","Doubt","Defend_B","Strike_B","Defend_B","Strike_B","Dualcast"],"score":380,"play_id":"f8e0061b-da60-40f0-ab02-21b540f2c620","local_time":"20210117115157","is_ascension_mode":true,"campfire_choices":[{"data":"Storm","floor":12.0,"key":"SMITH"},{"floor":15.0,"key":"REST"}],"circlet_count":0,"master_deck":["AscendersBane","Defend_B","Storm+1","Streamline","Defragment","Redo+1","Darkness+1","Thunder Strike+1"],"relics":["Inserter","Bag of Preparation","Omamori","HandDrill","Kunai","Toxic Egg 2","Akabeko","Molten Egg 2","Philosopher\u0027s Stone"],"acts_visited":["Exordium","TheCity"],"potions_floor_usage":[],"damage_taken":[{"damage":9.0,"enemies":"Jaw Worm","floor":1.0,"turns":4.0},{"damage":7.0,"enemies":"Cultist","floor":5.0,"turns":4.0},{"damage":35.0,"enemies":"Lagavulin","floor":6.0,"turns":4.0},{"damage":11.0,"enemies":"2 Louse","floor":7.0,"turns":3.0},{"damage":8.0,"enemies":"Blue Slaver","floor":13.0,"turns":2.0},{"damage":45.0,"enemies":"3 Sentries","floor":14.0,"turns":6.0},{"damage":24.0,"enemies":"The Guardian","floor":16.0,"turns":5.0},{"damage":12.0,"enemies":"Spheric Guardian","floor":18.0,"turns":3.0},{"damage":7,"enemies":"3 Byrds","floor":22,"turns":1}],"seed_played":"-6037312313196696485","potions_obtained":[{"floor":1.0,"key":"LiquidMemories"},{"floor":6.0,"key":"Swift Potion"},{"floor":13.0,"key":"PowerPotion"},{"floor":14.0,"key":"Energy Potion"},{"floor":16.0,"key":"FearPotion"}],"is_trial":false,"path_per_floor":["M","?","?","$","M","E","M","?","T","?","$","R","M","E","R","B",null,"M","?","?","?","M"],"character_chosen":"DEFECT","items_purchased":["Omamori","HandDrill","FocusPotion","Redo+1"],"campfire_rested":1,"item_purchase_floors":[4,4,4,11],"current_hp_per_floor":[55,55,55,55,48,13,2,19,19,71,71,71,63,18,39,15,57,45,25,25,18,11,11],"gold":140,"neow_bonus":"BOSS_RELIC","is_daily":false,"chose_seed":false,"campfire_upgraded":1,"win_rate":0.0,"timestamp":1610855517,"path_taken":["M","?","?","$","M","E","?","?","T","?","$","R","M","E","R","BOSS","M","?","?","?","?"],"items_purchased_type":["Relic","Relic","Potion","Card"],"build_version":"2020-12-22","purchased_purges":9,"victory":false,"max_hp_per_floor":[71,71,71,71,71,71,71,71,71,71,71,71,71,71,71,71,71,71,76,76,76,76,76],"relic_stats":{"Inserter":[16],"counters":[9,32],"Bag of Preparation":[15],"HandDrill":[6],"Kunai":[0],"obtain_stats":[{"Inserter":0,"Molten Egg 2":14,"Philosopher\u0027s Stone":17,"Bag of Preparation":3,"Omamori":4,"HandDrill":4,"Kunai":6,"Toxic Egg 2":9,"Cracked Core":0,"Akabeko":10},{"Inserter":0,"Molten Egg 2":6,"Philosopher\u0027s Stone":7,"Bag of Preparation":1,"Omamori":1,"HandDrill":1,"Kunai":3,"Toxic Egg 2":4,"Cracked Core":0,"Akabeko":4},{"Inserter":0,"Molten Egg 2":23,"Philosopher\u0027s Stone":28,"Bag of Preparation":4,"Omamori":4,"HandDrill":4,"Kunai":12,"Toxic Egg 2":15,"Cracked Core":0,"Akabeko":15}]},"card_choices":[{"not_picked":["Capacitor","Barrage"],"picked":"Storm","floor":1.0},{"not_picked":["Lockon","Go for the Eyes"],"picked":"Streamline","floor":5.0},{"not_picked":["Turbo","Beam Cell","Auto Shields"],"picked":"SKIP","floor":6.0},{"not_picked":["Go for the Eyes","Barrage"],"picked":"Defragment","floor":7.0},{"not_picked":["Conserve Battery+1","Loop"],"picked":"Darkness+1","floor":13.0},{"not_picked":["Compile Driver+1","Go for the Eyes+1","Rip and Tear+1"],"picked":"SKIP","floor":14.0},{"not_picked":["Rainbow+1","Machine Learning"],"picked":"Thunder Strike+1","floor":16.0},{"not_picked":["Beam Cell+1","Recycle+1","Heatsinks"],"picked":"SKIP","floor":18.0}],"player_experience":307739,"relics_obtained":[{"floor":6.0,"key":"Kunai"},{"floor":9.0,"key":"Toxic Egg 2"},{"floor":14.0,"key":"Molten Egg 2"}],"event_choices":[{"damage_healed":0.0,"max_hp_gain":0.0,"max_hp_loss":0.0,"gold_gain":150.0,"event_name":"Liars Game","player_choice":"AGREE","floor":2.0,"gold_loss":0.0,"damage_taken":0.0,"cards_obtained":["Doubt"]},{"damage_healed":0.0,"max_hp_gain":0.0,"max_hp_loss":0.0,"gold_gain":0.0,"event_name":"WeMeetAgain","player_choice":"Gave Potion","floor":3.0,"gold_loss":0.0,"damage_taken":0.0,"relics_obtained":["Bag of Preparation"]},{"damage_healed":17.0,"max_hp_gain":0.0,"max_hp_loss":0.0,"gold_gain":0.0,"event_name":"The Cleric","player_choice":"Healed","floor":8.0,"gold_loss":35.0,"damage_taken":0.0},{"damage_healed":0.0,"max_hp_gain":0.0,"max_hp_loss":0.0,"gold_gain":0.0,"event_name":"Scrap Ooze","player_choice":"Success","floor":10.0,"gold_loss":0.0,"damage_taken":35.0,"relics_obtained":["Akabeko"]},{"damage_healed":0.0,"max_hp_gain":5.0,"max_hp_loss":0.0,"gold_gain":0.0,"event_name":"Forgotten Altar","player_choice":"Shed Blood","floor":19.0,"gold_loss":0.0,"damage_taken":25.0},{"cards_removed":["Zap"],"damage_healed":0.0,"max_hp_gain":0.0,"max_hp_loss":0.0,"gold_gain":0.0,"event_name":"Beggar","player_choice":"Gave Gold","floor":20.0,"gold_loss":75.0,"damage_taken":0.0},{"damage_healed":0,"gold_gain":50,"player_choice":"Touch","damage_taken":7,"max_hp_gain":0,"max_hp_loss":0,"event_name":"FaceTrader","floor":21,"gold_loss":0}],"is_beta":false,"boss_relics":[{"not_picked":["EctoplasmExtend","Snecko Eye"],"picked":"Philosopher\u0027s Stone"}],"items_purged_floors":[4,4,4,4,4,4,4,11,11],"is_endless":false,"potions_floor_spawned":[1,6,13,14,16,18],"killed_by":"3 Byrds","ascension_level":20}}