{"host":"odz7g4gpgch153rb","time":1610853006,"event":{"mods":["AchievementEnabler","BaseMod","Better Match","Better Third Choice","BetterRewards","GifTheSpireLib","Infinite Spire","Jedi Mod","Minty Spire (QoL Compilation)","Quick Restart","Replay The Spire","Spikes Relics","StSLib","Stuff the Spire","The Blue Laboratory","Trackpad"],"gold_per_floor":[119,189,189,189,204,204,129,129,155,194,29,29,29,29,29,107,107,121,21,36,36,51,51,89,89,89,89,108,128,164,178,178,252,252,263,288,288,288,288,325,342,264,289,289,289,313,331,254,254,256],"floor_reached":51,"language":"ENG","playtime":3826,"items_purged":["Strike_B","Strike_B","Strike_B"],"score":1782,"play_id":"b7a8b305-a69a-4551-ab4d-8a733220e5ae","local_time":"20210116221006","is_ascension_mode":true,"campfire_choices":[{"floor":6,"key":"REST"},{"data":"Defragment","floor":8,"key":"SMITH"},{"data":"Dualcast","floor":12,"key":"SMITH"},{"data":"Zap","floor":15,"key":"SMITH"},{"data":"Mirror Shield","floor":23,"key":"SMITH"},{"data":"Ball Lightning","floor":27,"key":"SMITH"},{"data":"StuffTheSpire:Synthwave","floor":45,"key":"SMITH"},{"data":"Static Discharge","floor":49,"key":"SMITH"}],"circlet_count":0,"master_deck":["AscendersBane","Defend_B","Defend_B","Defend_B","Defend_B","Zap+1","Dualcast+1","Defragment+1","StuffTheSpire:Coldhearted+1","StuffTheSpire:Plugnplay","Mirror Shield+1","Ball Lightning+1","Chill","jedi:locknload","Seek","Static Discharge+1","StuffTheSpire:Synthwave+1","jedi:markofdeath"],"relics":["Cracked Core","Anchor","Replay:Ringing Soul","Emotion Chip","Ginger","Replay:Bandana","HyperAlloy","PreservedInsect","Replay:Rubber Ducky","Lee\u0027s Waffle","DataDisk","Meat on the Bone","Blue Candle","infinitespire:CheckeredPen","Busted Crown","Turnip","Strawberry","jedi:cryingmask","jedi:bottledfury"],"acts_visited":["Exordium","TheCity","TheBeyond"],"potions_floor_usage":[16,18,28,31,46,50],"damage_taken":[{"damage":1,"enemies":"Cultist","floor":1,"turns":3},{"damage":3,"enemies":"Jaw Worm","floor":5,"turns":2},{"damage":42,"enemies":"Gremlin Nob","floor":10,"turns":5},{"damage":45,"enemies":"Hexaghost","floor":16,"turns":11},{"damage":0,"enemies":"3 Byrds","floor":18,"turns":5},{"damage":0,"enemies":"Spheric Guardian","floor":20,"turns":3},{"damage":0,"enemies":"Shelled Parasite and Fungi","floor":22,"turns":5},{"damage":1,"enemies":"Gremlin Leader","floor":24,"turns":6},{"damage":0,"enemies":"3 Cultists","floor":28,"turns":5},{"damage":22,"enemies":"Cultist and Chosen","floor":29,"turns":6},{"damage":2,"enemies":"Book of Stabbing","floor":30,"turns":3},{"damage":2,"enemies":"Snake Plant","floor":31,"turns":2},{"damage":32,"enemies":"Automaton","floor":33,"turns":9},{"damage":0,"enemies":"Orb Walker","floor":35,"turns":2},{"damage":0,"enemies":"Mind Bloom Boss Battle","floor":36,"turns":6},{"damage":12,"enemies":"Giant Head","floor":40,"turns":7},{"damage":0,"enemies":"3 Darklings","floor":41,"turns":4},{"damage":4,"enemies":"Spire Growth","floor":46,"turns":3},{"damage":0,"enemies":"Maw","floor":47,"turns":5},{"damage":27,"enemies":"Time Eater","floor":50,"turns":5}],"seed_played":"-482098891537742863","potions_obtained":[{"floor":10,"key":"SkillPotion"},{"floor":16,"key":"Weak Potion"},{"floor":18,"key":"LiquidMemories"},{"floor":30,"key":"Regen Potion"},{"floor":33,"key":"jedi:wingpotion"},{"floor":36,"key":"blueLaboratory:Moonshine"},{"floor":40,"key":"jedi:StrikingPotion"},{"floor":47,"key":"FocusPotion"}],"is_trial":false,"path_per_floor":["M","?","?","T","M","R","?","R","T","E","$","R","$","T","R","B",null,"M","$","M","AVR","M","R","E","?","T","R","M","M","E","M","R","B",null,"M","?","$","?","?","E","M","$","T","AVR","R","M","M","$","R","B",null],"character_chosen":"DEFECT","items_purchased":["Defragment","Anchor","Replay:Ringing Soul","Lee\u0027s Waffle","StuffTheSpire:Synthwave","jedi:markofdeath"],"campfire_rested":1,"item_purchase_floors":[0,0,0,11,42,48],"current_hp_per_floor":[25,28,28,28,25,48,48,48,48,6,84,84,84,84,84,42,76,79,79,82,82,82,82,81,81,81,81,84,65,63,66,95,66,93,93,93,93,93,93,88,91,94,94,94,94,90,90,93,93,66],"gold":256,"neow_bonus":"","is_daily":false,"chose_seed":false,"campfire_upgraded":7,"win_rate":0.0,"timestamp":1610853006,"path_taken":["M","?","?","?","M","R","?","R","T","E","$","R","$","?","R","BOSS","M","$","M","AVR","M","R","E","?","T","R","M","M","E","M","R","BOSS","M","?","$","?","?","E","M","?","T","AVR","R","M","M","$","R","BOSS"],"items_purchased_type":["Card","Relic","Relic","Relic","Card","Card"],"build_version":"2020-12-22","purchased_purges":3,"victory":true,"max_hp_per_floor":[74,77,77,77,77,77,77,77,77,77,84,84,84,84,84,87,87,90,90,93,93,93,93,93,93,93,93,96,99,99,99,99,102,102,102,102,102,102,102,109,112,115,115,115,115,115,115,118,118,118],"card_choices":[{"not_picked":["FIFO Queue","Conserve Battery"],"picked":"StuffTheSpire:Coldhearted","floor":1},{"not_picked":["Gash","Rebound"],"picked":"StuffTheSpire:Plugnplay","floor":2},{"not_picked":["Turbo","Compile Driver","ReplaySolidLightProjector"],"picked":"SKIP","floor":5},{"not_picked":["Redo","Steam Power","Gash"],"picked":"SKIP","floor":10},{"not_picked":["ReplayTheSpireMod:Omega Cannon","Hyperbeam"],"picked":"Mirror Shield","floor":16},{"not_picked":["Conserve Battery","StuffTheSpire:NuclearReactor"],"picked":"Ball Lightning","floor":18},{"not_picked":["Hologram","Coolheaded+1"],"picked":"Chill","floor":20},{"not_picked":["BasicCrystalCard","Rebound+1","jedi:overflow"],"picked":"SKIP","floor":22},{"not_picked":["ReplayTheSpireMod:Reroute Power","Stack+1","Time Bomb"],"picked":"SKIP","floor":24},{"not_picked":["StuffTheSpire:Plugnplay","StuffTheSpire:Coldhearted"],"picked":"jedi:locknload","floor":28},{"not_picked":["jedi:BurstLightning","Stack"],"picked":"Blizzard","floor":29},{"not_picked":["ReplayRNGCard","Barrage","StuffTheSpire:NuclearReactor"],"picked":"SKIP","floor":30},{"not_picked":["Sweeping Beam","Streamline","Coolheaded"],"picked":"SKIP","floor":31},{"not_picked":["jedi:darknesscall","jedi:studyfrost"],"picked":"Seek","floor":33},{"not_picked":["Sweeping Beam+1"],"picked":"SKIP","floor":35},{"not_picked":["Sweeping Beam"],"picked":"SKIP","floor":40},{"not_picked":[],"picked":"Static Discharge","floor":41},{"not_picked":["Hologram+1"],"picked":"SKIP","floor":46},{"not_picked":["Hologram"],"picked":"SKIP","floor":47}],"player_experience":1053524,"relics_obtained":[{"floor":2,"key":"Replay:Bandana"},{"floor":4,"key":"HyperAlloy"},{"floor":9,"key":"PreservedInsect"},{"floor":10,"key":"Replay:Rubber Ducky"},{"floor":24,"key":"Meat on the Bone"},{"floor":26,"key":"Blue Candle"},{"floor":30,"key":"infinitespire:CheckeredPen"},{"floor":36,"key":"Turnip"},{"floor":40,"key":"Strawberry"},{"floor":43,"key":"jedi:cryingmask"}],"event_choices":[{"cards_removed":["Pain"],"damage_healed":0,"gold_gain":0,"player_choice":"Card Removal","damage_taken":0,"max_hp_gain":0,"max_hp_loss":0,"event_name":"The Cleric","floor":7,"gold_loss":75},{"cards_removed":["Strike_B"],"damage_healed":0,"gold_gain":0,"player_choice":"Elegance","damage_taken":0,"max_hp_gain":0,"max_hp_loss":0,"event_name":"betterThird:BetterWriting","floor":25,"gold_loss":0},{"damage_healed":0,"gold_gain":0,"player_choice":"Fight","damage_taken":0,"max_hp_gain":0,"max_hp_loss":0,"event_name":"MindBloom","floor":36,"gold_loss":0},{"cards_removed":["Blizzard"],"damage_healed":0,"gold_gain":0,"player_choice":"Removed Attack","damage_taken":0,"max_hp_gain":0,"max_hp_loss":0,"event_name":"Falling","floor":38,"gold_loss":0}],"is_beta":false,"boss_relics":[{"not_picked":["Runic Pyramid","Replay:Ancient Bell","StuffTheSpire:ModemDavis"]},{"not_picked":["trackpad:Coffee","Inserter"],"picked":"Busted Crown"}],"items_purged_floors":[0,19,21],"is_endless":false,"potions_floor_spawned":[1,10,16,18,28,29,30,33,36,40,46,47],"ascension_level":18}}