{"host":"a4s27ghlnr83kbqz","time":1610858301,"event":{"mods":["AchievementEnabler","BaseMod","Colored Map","Minty Spire (QoL Compilation)","Permanent Neow","SuperFastMode"],"gold_per_floor":[110,185,185,198,93,120,120,130,130,161,176,190,210,238,238,316,316,316,316,316,316,316,316,316,316,316,316,72,72,72,72,72,72,72,72,0,0,0,0,0,0,0,0,0,0,0,0,0,0,0,0,0],"floor_reached":51,"language":"KOR","playtime":1203,"items_purged":["Bash"],"score":1534,"play_id":"0004a5dc-892b-4b93-b0c5-6386b428cf95","local_time":"20210117123821","is_ascension_mode":true,"campfire_choices":[{"data":"Uppercut","floor":7.0,"key":"SMITH"},{"data":"Enlightenment","floor":15.0,"key":"SMITH"},{"floor":23.0,"key":"REST"},{"data":"Offering","floor":32.0,"key":"SMITH"},{"floor":40,"key":"REST"},{"data":"Double Tap","floor":42,"key":"SMITH"},{"data":"Perfected Strike","floor":49,"key":"SMITH"}],"circlet_count":0,"master_deck":["AscendersBane","Strike_R","Strike_R","Strike_R","Strike_R","Strike_R","Defend_R","Defend_R","Defend_R+1","Defend_R","Perfected Strike+1","Uppercut+1","Enlightenment+1","Fire Breathing+1","Wild Strike","Perfected Strike+1","Rage","Disarm","Shrug It Off","Pommel Strike","Offering+1","Flame Barrier","Necronomicurse","Evolve+1","Shrug It Off+1","Spot Weakness+1","Feed","CurseOfTheBell","Double Tap+1","Disarm+1","Intimidate+1","Twin Strike","Pommel Strike+1"],"relics":["Burning Blood","NeowsBlessing","Frozen Egg 2","Eternal Feather","Mercury Hourglass","Torii","Ectoplasm","Potion Belt","Necronomicon","MawBank","HornCleat","PreservedInsect","Smiling Mask","Boot","Calling Bell","Omamori","Paper Frog","Peace Pipe","Red Mask","War Paint","Centennial Puzzle","Calipers","Old Coin"],"acts_visited":["Exordium","TheCity","TheBeyond"],"potions_floor_usage":[33,41,47,50,50,50],"damage_taken":[{"damage":0.0,"enemies":"Small Slimes","floor":1.0,"turns":1.0},{"damage":0.0,"enemies":"Jaw Worm","floor":4.0,"turns":1.0},{"damage":0.0,"enemies":"3 Sentries","floor":6.0,"turns":2.0},{"damage":0.0,"enemies":"Cultist","floor":8.0,"turns":3.0},{"damage":30.0,"enemies":"Lagavulin","floor":10.0,"turns":4.0},{"damage":13.0,"enemies":"3 Louse","floor":11.0,"turns":2.0},{"damage":4.0,"enemies":"Blue Slaver","floor":12.0,"turns":2.0},{"damage":3.0,"enemies":"Looter","floor":13.0,"turns":3.0},{"damage":11.0,"enemies":"3 Sentries","floor":14.0,"turns":5.0},{"damage":18.0,"enemies":"Hexaghost","floor":16.0,"turns":9.0},{"damage":7.0,"enemies":"Shell Parasite","floor":18.0,"turns":2.0},{"damage":33.0,"enemies":"3 Byrds","floor":20.0,"turns":4.0},{"damage":12.0,"enemies":"Cultist and Chosen","floor":22.0,"turns":4.0},{"damage":8.0,"enemies":"Gremlin Leader","floor":25.0,"turns":4.0},{"damage":6.0,"enemies":"Snecko","floor":27.0,"turns":2.0},{"damage":7.0,"enemies":"Book of Stabbing","floor":30.0,"turns":2.0},{"damage":6.0,"enemies":"Chosen and Byrds","floor":31.0,"turns":2.0},{"damage":55,"enemies":"Champ","floor":33,"turns":10},{"damage":16,"enemies":"3 Darklings","floor":35,"turns":6},{"damage":26,"enemies":"3 Shapes","floor":37,"turns":10},{"damage":1,"enemies":"Sphere and 2 Shapes","floor":38,"turns":6},{"damage":40,"enemies":"Maw","floor":39,"turns":7},{"damage":23,"enemies":"Giant Head","floor":41,"turns":5},{"damage":0,"enemies":"Nemesis","floor":45,"turns":4},{"damage":10,"enemies":"Transient","floor":47,"turns":6},{"damage":8,"enemies":"2 Orb Walkers","floor":48,"turns":3},{"damage":67,"enemies":"Awakened One","floor":50,"turns":12},{"damage":15,"enemies":"Time Eater","floor":51,"turns":2}],"seed_played":"3227383225127282187","potions_obtained":[{"floor":6.0,"key":"GamblersBrew"},{"floor":8.0,"key":"GamblersBrew"},{"floor":14.0,"key":"EssenceOfSteel"},{"floor":20.0,"key":"SteroidPotion"},{"floor":31.0,"key":"BloodPotion"},{"floor":33,"key":"Strength Potion"},{"floor":41,"key":"Fruit Juice"},{"floor":45,"key":"ColorlessPotion"},{"floor":48,"key":"AttackPotion"}],"is_trial":false,"path_per_floor":["M","?","?","M","$","E","R","M","T","E","M","M","M","E","R","B",null,"M","T","M","?","M","R","?","E","T","M","$","T","E","M","R","B",null,"M","?","M","M","M","R","E","R","T","$","E","T","M","?","R","B","B"],"character_chosen":"IRONCLAD","items_purchased":["Enlightenment","PreservedInsect"],"campfire_rested":2,"item_purchase_floors":[5,28],"current_hp_per_floor":[74,63,63,69,69,75,75,75,75,51,44,46,49,44,56,44,67,66,66,39,18,12,49,49,47,47,47,47,47,46,46,61,27,63,53,53,36,41,7,45,36,54,54,54,60,60,56,54,72,11,0,0],"gold":0,"neow_bonus":"THREE_ENEMY_KILL","is_daily":false,"chose_seed":false,"campfire_upgraded":5,"win_rate":0.0,"timestamp":1610858301,"path_taken":["M","?","?","M","$","E","R","?","T","E","M","M","M","E","R","BOSS","M","?","M","?","M","R","?","E","T","M","?","?","E","M","R","BOSS","M","?","M","M","M","R","E","R","T","$","E","?","M","?","R","BOSS","BOSS"],"items_purchased_type":["Card","Relic"],"build_version":"2020-12-22","purchased_purges":1,"victory":false,"max_hp_per_floor":[75,75,75,75,75,75,75,75,75,75,75,75,75,75,75,75,75,75,75,75,75,75,75,75,75,75,75,75,75,75,75,75,75,75,75,75,78,78,78,78,86,86,86,86,86,86,86,86,86,86,86,86],"card_choices":[{"not_picked":["Thunderclap","Rage"],"picked":"Perfected Strike","floor":1.0},{"not_picked":["Clothesline","Rage"],"picked":"Uppercut","floor":4.0},{"not_picked":["Entrench","Feel No Pain+1"],"picked":"Fire Breathing+1","floor":6.0},{"not_picked":["Spot Weakness","Clothesline"],"picked":"Wild Strike","floor":8.0},{"not_picked":["Flex","Hemokinesis"],"picked":"Perfected Strike","floor":10.0},{"not_picked":["True Grit","Havoc"],"picked":"Rage","floor":11.0},{"not_picked":["Sever Soul","Hemokinesis"],"picked":"Disarm","floor":12.0},{"not_picked":["Sword Boomerang","Clothesline"],"picked":"Shrug It Off","floor":13.0},{"not_picked":["Clash","Wild Strike"],"picked":"Pommel Strike","floor":14.0},{"not_picked":["Double Tap","Exhume"],"picked":"Offering","floor":16.0},{"not_picked":["Sword Boomerang","Armaments","Burning Pact"],"picked":"SKIP","floor":18.0},{"not_picked":["Clothesline","Cleave"],"picked":"Flame Barrier","floor":20.0},{"not_picked":["Whirlwind","Inflame+1"],"picked":"Evolve+1","floor":22.0},{"not_picked":["Rage","Cleave+1","Iron Wave"],"picked":"SKIP","floor":25.0},{"not_picked":["Clash","Thunderclap","Berserk+1"],"picked":"SKIP","floor":27.0},{"not_picked":["Anger","Entrench"],"picked":"Shrug It Off","floor":30.0},{"not_picked":["Cleave","Carnage"],"picked":"Spot Weakness+1","floor":31.0},{"not_picked":["Berserk+1","Brutality+1"],"picked":"Feed","floor":33},{"not_picked":["Inflame+1","Metallicize+1","Intimidate"],"picked":"SKIP","floor":35},{"not_picked":["Searing Blow","Pommel Strike","Flex+1"],"picked":"SKIP","floor":37},{"not_picked":["Twin Strike","Warcry"],"picked":"Double Tap","floor":38},{"not_picked":["Bloodletting","True Grit","Disarm"],"picked":"SKIP","floor":39},{"not_picked":["Armaments","Warcry"],"picked":"Disarm+1","floor":41},{"not_picked":["Entrench","Shrug It Off"],"picked":"Intimidate+1","floor":45},{"not_picked":["Cleave+1","Iron Wave"],"picked":"Twin Strike","floor":47},{"not_picked":["Spot Weakness","Iron Wave"],"picked":"Pommel Strike+1","floor":48}],"player_experience":1104858,"relics_obtained":[{"floor":6.0,"key":"Frozen Egg 2"},{"floor":9.0,"key":"Eternal Feather"},{"floor":10.0,"key":"Mercury Hourglass"},{"floor":14.0,"key":"Torii"},{"floor":19.0,"key":"Potion Belt"},{"floor":21.0,"key":"Necronomicon"},{"floor":25.0,"key":"MawBank"},{"floor":26.0,"key":"HornCleat"},{"floor":29.0,"key":"Smiling Mask"},{"floor":30.0,"key":"Boot"},{"floor":34,"key":"Omamori"},{"floor":34,"key":"Paper Frog"},{"floor":34,"key":"Peace Pipe"},{"floor":41,"key":"War Paint"},{"floor":43,"key":"Centennial Puzzle"},{"floor":45,"key":"Calipers"},{"floor":48,"key":"Old Coin"}],"event_choices":[{"damage_healed":0.0,"max_hp_gain":0.0,"max_hp_loss":0.0,"gold_gain":75.0,"event_name":"World of Goop","player_choice":"Gather Gold","floor":2.0,"gold_loss":0.0,"damage_taken":11.0},{"damage_healed":0.0,"max_hp_gain":0.0,"max_hp_loss":0.0,"gold_gain":0.0,"event_name":"Living Wall","player_choice":"Grow","floor":3.0,"gold_loss":0.0,"damage_taken":0.0,"cards_upgraded":["Perfected Strike"]},{"damage_healed":0.0,"max_hp_gain":0.0,"max_hp_loss":0.0,"gold_gain":0.0,"event_name":"Cursed Tome","player_choice":"Obtained Book","floor":21.0,"gold_loss":0.0,"damage_taken":21.0},{"damage_healed":0.0,"max_hp_gain":0.0,"max_hp_loss":0.0,"gold_gain":0.0,"event_name":"Ghosts","player_choice":"Ignored","floor":24.0,"gold_loss":0.0,"damage_taken":0.0},{"damage_healed":0,"gold_gain":0,"player_choice":"Paid","damage_taken":0,"relics_obtained":["Red Mask"],"max_hp_gain":0,"max_hp_loss":0,"event_name":"Tomb of Lord Red Mask","floor":36,"gold_loss":72},{"damage_healed":0,"gold_gain":0,"player_choice":"Fight","damage_taken":0,"max_hp_gain":0,"max_hp_loss":0,"event_name":"Mysterious Sphere","floor":48,"gold_loss":0}],"is_beta":false,"boss_relics":[{"not_picked":["Philosopher\u0027s Stone","Runic Pyramid"],"picked":"Ectoplasm"},{"not_picked":["Busted Crown","Astrolabe"],"picked":"Calling Bell"}],"items_purged_floors":[28],"is_endless":false,"potions_floor_spawned":[6,8,10,11,14,20,31,33,41,45,48],"killed_by":"Time Eater","ascension_level":20}}