{"host":"3twtdwjpiqhvvn5s","time":1610908592,"event":{"mods":["AchievementEnabler","Act Like it!","Aspiration","BaseMod","BetterRewards","Colored Map","Colored Powertips","Downfall","Duelist Mod","Friendly Minions","GifTheSpireLib","Hallownest","Hermit","Hubris","Infinite Spire","Jorbs\u0027s Wanderer Trilogy","Koishi","KomeijiMod","Marisa????????","Minty Spire (QoL Compilation)","Random Character Mod","Rare Cards Sparkle","Shop Mod","StSLib","Td1madao Mod","The Administrix","The Animator","The Bug Knight","The Caster","The Cursed","The Disciple","The Hierophant","The Necromancer","The Poker Player","The Runesmith","The Servant 0.9.4","TheFirefly"],"gold_per_floor":[170,182,193,203,215,215,215],"floor_reached":6,"language":"ENG","playtime":2816,"items_purged":[],"score":40,"play_id":"ae7fe1cd-3b39-4e2c-8d85-0565c24cb194","local_time":"20210117123632","daily_mods":["Terminal"],"is_ascension_mode":false,"campfire_choices":[],"circlet_count":0,"master_deck":["Strike_Remiria","Strike_Remiria","Strike_Remiria","Strike_Remiria","Defend_Remirira","Defend_Remirira","Defend_Remirira","Defend_Remirira","Absorbed","Scratch","RocketKickup","Rewrite","MillenniumVampire","DemonsDinnerFork_Remiria","DoubleEdge"],"relics":["Unceasing Top"],"acts_visited":["Hallownest:Greenpath"],"potions_floor_usage":[2],"damage_taken":[{"damage":2,"enemies":"Hallownest:2_MossCreeps","floor":1,"turns":6},{"damage":0,"enemies":"2_ Uuma","floor":2,"turns":4},{"damage":3,"enemies":"Hallownest:monsterHuskGuard","floor":3,"turns":5},{"damage":0,"enemies":"Hallownest:monsterMossCharger","floor":4,"turns":5},{"damage":6,"enemies":"Hallownest:monsterFoolEater","floor":5,"turns":3},{"damage":96,"enemies":"Hallownest:eliteVengeflyKing","floor":6,"turns":10}],"seed_played":"6776686785212483554","potions_obtained":[{"floor":1,"key":"Regen Potion"},{"floor":5,"key":"SpeedPotion"}],"is_trial":true,"path_per_floor":["M","M","M","M","M","E"],"character_chosen":"RemiriaScarlet","items_purchased":[],"campfire_rested":0,"item_purchase_floors":[],"current_hp_per_floor":[97,97,94,95,93,0,0],"gold":215,"neow_bonus":"","is_daily":false,"chose_seed":false,"campfire_upgraded":0,"win_rate":0.0,"timestamp":1610908592,"path_taken":["M","M","M","?","M","E"],"items_purchased_type":[],"build_version":"2020-12-22","purchased_purges":0,"victory":false,"max_hp_per_floor":[98,97,96,95,94,94,94],"card_choices":[{"not_picked":["BloodCleaner","FateEnsemble"],"picked":"RocketKickup","floor":1},{"not_picked":["NightDance","DemonsDinnerFork_Remiria"],"picked":"Rewrite","floor":2},{"not_picked":["VampireClaw","BloodyMagicSquare"],"picked":"MillenniumVampire","floor":3},{"not_picked":["BloodySuit","ServantFlier"],"picked":"DemonsDinnerFork_Remiria","floor":4},{"not_picked":["ScarletNetherworld","ServantFlier"],"picked":"DoubleEdge","floor":5}],"player_experience":1778033,"relics_obtained":[],"event_choices":[],"is_beta":false,"boss_relics":[],"items_purged_floors":[],"is_endless":false,"potions_floor_spawned":[1,5],"killed_by":"Hallownest:eliteVengeflyKing","ascension_level":0}}