{"host":"mku5fdaoqz3qihec","time":1610862653,"event":{"mods":["2.2 Compatiblity","AchievementEnabler","Arknights The Spire","BaseMod","Colored Map","Colored Powertips","Minty Spire (QoL Compilation)","Rare Cards Sparkle","StSLib","SuperFastMode"],"gold_per_floor":[367,135,145,95,112,140,154,154,234,244,271,271,288,304,304,404,404,417,417,417,417,428,428,438,438,513,513,112,62,62,62,62],"floor_reached":31,"language":"KOR","playtime":1105,"items_purged":["ats:Defend","ats:Support Order"],"score":245,"play_id":"2f1dcc16-e3fb-410d-8746-d1ff55607742","local_time":"20210117145053","is_ascension_mode":false,"campfire_choices":[{"data":"ats:Emotion Absorption","floor":8,"key":"SMITH"},{"data":"ats:Powerful Strike","floor":12,"key":"SMITH"},{"floor":15,"key":"REST"},{"data":"ats:Ambush","floor":23,"key":"SMITH"},{"floor":25,"key":"REST"}],"circlet_count":0,"master_deck":["ats:Armor Crushing Shot","ats:Emotion Absorption+1","ats:Shell Defense","ats:Cat Scratch","ats:Powerful Strike+1","ats:Hammer On","ats:Rat Pack","ats:Red Shift","ats:Calcification","ats:Magnetic Hammer","ats:Sword Rain","ats:Soul Absorption","ats:Shadow Raid","ats:Flexible Camouflage+1","ats:Ambush+1","ats:Explosion Area Strengthen","ats:Shell Defense"],"relics":["ats:Sanity","Oddly Smooth Stone","ats:Originium","Du-Vu Doll","Kunai","Vajra","Pandora\u0027s Box","MutagenicStrength","Ornamental Fan","Torii","Enchiridion"],"acts_visited":["Exordium","TheCity"],"potions_floor_usage":[11,16,16],"damage_taken":[{"damage":8,"enemies":"Jaw Worm","floor":1,"turns":4},{"damage":2,"enemies":"Small Slimes","floor":3,"turns":7},{"damage":0,"enemies":"2 Louse","floor":5,"turns":3},{"damage":33,"enemies":"Gremlin Nob","floor":6,"turns":6},{"damage":0,"enemies":"2 Fungi Beasts","floor":7,"turns":3},{"damage":4,"enemies":"3 Louse","floor":10,"turns":4},{"damage":8,"enemies":"3 Sentries","floor":11,"turns":5},{"damage":6,"enemies":"Blue Slaver","floor":13,"turns":3},{"damage":0,"enemies":"2 Fungi Beasts","floor":14,"turns":2},{"damage":5,"enemies":"Hexaghost","floor":16,"turns":9},{"damage":13,"enemies":"Chosen","floor":18,"turns":5},{"damage":2,"enemies":"Spheric Guardian","floor":22,"turns":3},{"damage":30,"enemies":"Cultist and Chosen","floor":24,"turns":7},{"damage":38,"enemies":"Gremlin Leader","floor":31,"turns":7}],"seed_played":"5475742049308026986","potions_obtained":[{"floor":5,"key":"SmokeBomb"},{"floor":6,"key":"PowerPotion"},{"floor":7,"key":"Energy Potion"},{"floor":11,"key":"DistilledChaos"}],"is_trial":false,"path_per_floor":["M","$","M","?","M","E","M","R","T","M","E","R","M","M","R","B",null,"M","?","?","?","M","R","M","R","T","?","$","$","?","E"],"character_chosen":"DOCTOR_CLASS","items_purchased":["Oddly Smooth Stone","Torii","ats:Shell Defense"],"campfire_rested":2,"item_purchase_floors":[2,28,29],"current_hp_per_floor":[57,57,58,58,58,25,25,25,25,21,16,16,10,10,29,29,65,52,52,41,41,41,41,15,36,36,36,36,36,20,0,0],"gold":62,"neow_bonus":"TWO_FIFTY_GOLD","is_daily":false,"chose_seed":false,"campfire_upgraded":3,"win_rate":0.0,"timestamp":1610862653,"path_taken":["M","$","M","?","M","E","M","R","T","M","E","R","M","M","R","BOSS","M","?","?","?","M","R","M","R","T","?","?","$","?","E"],"items_purchased_type":["Relic","Relic","Card"],"build_version":"2020-12-22","purchased_purges":2,"victory":false,"max_hp_per_floor":[65,65,65,65,65,65,65,65,65,65,65,65,65,65,65,65,65,65,65,70,70,70,70,70,70,70,70,70,70,70,70,70],"card_choices":[{"not_picked":["ats:Consecutive Shot Auto","ats:Soul Absorption"],"picked":"ats:Shell Defense","floor":1},{"not_picked":["ats:Song Of Battle","ats:Defend Order","ats:Consecutive Shot Auto"],"picked":"SKIP","floor":3},{"not_picked":["ats:Song Of Battle","ats:Defend Order","ats:Consecutive Shot Auto"],"picked":"SKIP","floor":3},{"not_picked":["ats:Revitalization","ats:Flexible Camouflage"],"picked":"ats:Cat Scratch","floor":5},{"not_picked":["ats:Hammer On","ats:Assault Order"],"picked":"ats:Powerful Strike","floor":6},{"not_picked":["ats:Composite Medical Shells","ats:Spore Proliferation","ats:Song Of Battle"],"picked":"SKIP","floor":7},{"not_picked":["ats:Support Order","ats:Guardian Obelisk"],"picked":"ats:Hammer On","floor":10},{"not_picked":["ats:Ignite","ats:Guardian Obelisk"],"picked":"ats:Rat Pack","floor":11},{"not_picked":["ats:Assault Order","ats:Neurotoxin","ats:Childhood Dance"],"picked":"SKIP","floor":13},{"not_picked":["ats:Shell Defense","ats:Hammer On"],"picked":"ats:Red Shift","floor":14},{"not_picked":["ats:Echo Reverb","ats:Disruption Kick"],"picked":"ats:Calcification","floor":16},{"not_picked":["ats:Cat Scratch","ats:Curse Doll"],"picked":"ats:Flexible Camouflage+1","floor":18},{"not_picked":["ats:Hammer On","ats:Childhood Dance"],"picked":"ats:Ambush","floor":22},{"not_picked":["ats:Shell Defense","ats:Childhood Dance"],"picked":"ats:Explosion Area Strengthen","floor":24}],"player_experience":247182,"relics_obtained":[{"floor":6,"key":"ats:Originium"},{"floor":6,"key":"Du-Vu Doll"},{"floor":9,"key":"Kunai"},{"floor":11,"key":"ats:Originium"},{"floor":11,"key":"Vajra"},{"floor":26,"key":"Ornamental Fan"},{"floor":30,"key":"Enchiridion"}],"event_choices":[{"cards_removed":["ats:Strike V"],"damage_healed":0,"gold_gain":0,"player_choice":"Card Removal","damage_taken":0,"max_hp_gain":0,"max_hp_loss":0,"event_name":"The Cleric","floor":4,"gold_loss":50},{"damage_healed":0,"gold_gain":0,"player_choice":"Inject Mutagens","damage_taken":0,"relics_obtained":["MutagenicStrength"],"max_hp_gain":0,"max_hp_loss":0,"event_name":"Drug Dealer","floor":19,"gold_loss":0},{"damage_healed":0,"gold_gain":0,"player_choice":"Shed Blood","damage_taken":16,"max_hp_gain":5,"max_hp_loss":0,"event_name":"Forgotten Altar","floor":20,"gold_loss":0},{"damage_healed":0,"gold_gain":0,"player_choice":"Ignored","damage_taken":0,"max_hp_gain":0,"max_hp_loss":0,"event_name":"Vampires","floor":21,"gold_loss":0},{"cards_removed":["ats:Support Order"],"damage_healed":0,"gold_gain":0,"player_choice":"Elegance","damage_taken":0,"max_hp_gain":0,"max_hp_loss":0,"event_name":"Back to Basics","floor":27,"gold_loss":0},{"damage_healed":0,"gold_gain":0,"player_choice":"Obtained Book","damage_taken":16,"max_hp_gain":0,"max_hp_loss":0,"event_name":"Cursed Tome","floor":30,"gold_loss":0}],"is_beta":false,"boss_relics":[{"not_picked":["Philosopher\u0027s Stone","Calling Bell"],"picked":"Pandora\u0027s Box"}],"items_purged_floors":[2,28],"is_endless":false,"potions_floor_spawned":[5,6,7,11],"killed_by":"Gremlin Leader","ascension_level":0}}