{"host":"6bsan6hkua32tfq7","time":1610906435,"event":{"mods":["BaseMod","Better Third Choice","Colored Map","Highlight Path","Minty Spire (QoL Compilation)","StSLib"],"gold_per_floor":[118,137,62,77,77,77,97,109,177,192,217,234,265,283,283,358,358,377,377,47,60,60,60,88,88,112,131,142,172,189,218,218,295,295,305,323,323,57,67,67,67],"floor_reached":40,"language":"ENG","playtime":1772,"items_purged":["Strike_B","Strike_B"],"score":1074,"play_id":"9aeb22e4-9490-410a-89d6-ea227d50e41c","local_time":"20210117190035","is_ascension_mode":true,"campfire_choices":[{"data":"Zap","floor":6,"key":"SMITH"},{"data":"Hologram","floor":15,"key":"SMITH"},{"data":"Electrodynamics","floor":23,"key":"SMITH"},{"floor":25,"key":"REST"},{"floor":32,"key":"REST"}],"circlet_count":0,"master_deck":["AscendersBane","Defend_B","Defend_B","Zap+1","Dualcast","Steam","Sweeping Beam","Rip and Tear","Steam","Scrape","Undo","Hologram+1","Hologram","Go for the Eyes","Electrodynamics+1","Electrodynamics","Discovery","Defragment","Storm","Loop","Glacier","Chill","Buffer","Seek","Glacier+1"],"relics":["Cracked Core","NeowsBlessing","White Beast Statue","Thread and Needle","PreservedInsect","Inserter","DollysMirror","Orichalcum","Tiny Chest","Nunchaku","Anchor","Philosopher\u0027s Stone","Blood Vial"],"acts_visited":["Exordium","TheCity","TheBeyond"],"potions_floor_usage":[10,11,11,16,18,24,28,29,29,29,33,33,36,39,40,40],"damage_taken":[{"damage":0,"enemies":"Jaw Worm","floor":1,"turns":1},{"damage":0,"enemies":"2 Louse","floor":2,"turns":1},{"damage":0,"enemies":"Cultist","floor":4,"turns":1},{"damage":6,"enemies":"Looter","floor":7,"turns":3},{"damage":8,"enemies":"Blue Slaver","floor":8,"turns":3},{"damage":20,"enemies":"Gremlin Gang","floor":10,"turns":3},{"damage":22,"enemies":"Gremlin Nob","floor":11,"turns":4},{"damage":0,"enemies":"Exordium Wildlife","floor":12,"turns":3},{"damage":3,"enemies":"Lagavulin","floor":13,"turns":8},{"damage":0,"enemies":"Red Slaver","floor":14,"turns":3},{"damage":0,"enemies":"Hexaghost","floor":16,"turns":9},{"damage":8,"enemies":"2 Thieves","floor":18,"turns":4},{"damage":2,"enemies":"3 Byrds","floor":21,"turns":3},{"damage":32,"enemies":"Book of Stabbing","floor":24,"turns":6},{"damage":0,"enemies":"3 Cultists","floor":27,"turns":3},{"damage":10,"enemies":"Snecko","floor":28,"turns":4},{"damage":0,"enemies":"Gremlin Leader","floor":29,"turns":5},{"damage":0,"enemies":"Centurion and Healer","floor":30,"turns":6},{"damage":21,"enemies":"Book of Stabbing","floor":31,"turns":4},{"damage":16,"enemies":"Collector","floor":33,"turns":12},{"damage":17,"enemies":"3 Darklings","floor":35,"turns":5},{"damage":3,"enemies":"3 Shapes","floor":36,"turns":6},{"damage":30,"enemies":"Transient","floor":39,"turns":6},{"damage":27,"enemies":"Giant Head","floor":40,"turns":10}],"seed_played":"-1341017341992765126","potions_obtained":[{"floor":2,"key":"SteroidPotion"},{"floor":4,"key":"SpeedPotion"},{"floor":10,"key":"DistilledChaos"},{"floor":11,"key":"LiquidMemories"},{"floor":12,"key":"PotionOfCapacity"},{"floor":13,"key":"Ancient Potion"},{"floor":14,"key":"Strength Potion"},{"floor":16,"key":"Fruit Juice"},{"floor":18,"key":"BlessingOfTheForge"},{"floor":21,"key":"EntropicBrew"},{"floor":24,"key":"SkillPotion"},{"floor":27,"key":"FocusPotion"},{"floor":28,"key":"Dexterity Potion"},{"floor":29,"key":"Fire Potion"},{"floor":30,"key":"PowerPotion"},{"floor":31,"key":"EssenceOfSteel"},{"floor":33,"key":"EssenceOfSteel"},{"floor":35,"key":"PowerPotion"},{"floor":36,"key":"SpeedPotion"},{"floor":39,"key":"BlessingOfTheForge"}],"is_trial":false,"path_per_floor":["M","M","?","M","?","R","M","M","T","M","E","M","E","M","R","B",null,"M","?","$","M","?","R","E","R","T","M","M","E","M","E","R","B",null,"M","M","?","$","M","E"],"character_chosen":"DEFECT","items_purchased":["DollysMirror","Discovery","Blood Vial"],"campfire_rested":2,"item_purchase_floors":[20,20,38],"current_hp_per_floor":[64,64,64,64,64,64,58,50,50,30,8,8,5,5,5,5,55,52,52,52,50,50,50,18,40,40,40,30,30,30,9,31,15,61,44,41,41,41,13,0,0],"gold":67,"neow_bonus":"THREE_ENEMY_KILL","is_daily":false,"chose_seed":false,"campfire_upgraded":3,"win_rate":0.0,"timestamp":1610906435,"path_taken":["M","M","?","M","?","R","?","M","T","M","E","M","E","M","R","BOSS","M","?","$","M","?","R","E","R","T","M","M","E","M","E","R","BOSS","M","M","?","$","?","E"],"items_purchased_type":["Relic","Card","Relic"],"build_version":"2020-12-22","purchased_purges":2,"victory":false,"max_hp_per_floor":[71,71,71,71,71,71,71,71,71,71,71,71,71,71,71,71,71,76,76,76,76,76,76,76,76,76,76,76,76,76,76,76,76,76,76,76,76,76,76,76,76],"card_choices":[{"not_picked":["BootSequence","Reinforced Body"],"picked":"Steam","floor":1},{"not_picked":["Recycle","Stack"],"picked":"Sweeping Beam","floor":2},{"not_picked":["Hologram","Steam"],"picked":"Rip and Tear","floor":4},{"not_picked":["Redo","Beam Cell"],"picked":"Steam","floor":7},{"not_picked":["Sweeping Beam","Gash"],"picked":"Scrape","floor":8},{"not_picked":["Ball Lightning","Double Energy"],"picked":"Undo","floor":10},{"not_picked":["Auto Shields","Redo","Turbo"],"picked":"SKIP","floor":11},{"not_picked":["Streamline","Gash"],"picked":"Hologram","floor":12},{"not_picked":["Leap","Hyperbeam"],"picked":"Hologram","floor":13},{"not_picked":["Doom and Gloom","Static Discharge"],"picked":"Go for the Eyes","floor":14},{"not_picked":["Buffer","Thunder Strike"],"picked":"Electrodynamics","floor":16},{"not_picked":["Compile Driver","Recycle","Cold Snap"],"picked":"SKIP","floor":18},{"not_picked":["Beam Cell","Scrape"],"picked":"Defragment","floor":21},{"not_picked":["Barrage","Rebound","Cold Snap+1"],"picked":"SKIP","floor":24},{"not_picked":["Cold Snap","Coolheaded"],"picked":"Storm","floor":27},{"not_picked":["Cold Snap","Sweeping Beam"],"picked":"Loop","floor":28},{"not_picked":["Rip and Tear","Electrodynamics"],"picked":"Glacier","floor":29},{"not_picked":["Sweeping Beam","Conserve Battery"],"picked":"Chill","floor":30},{"not_picked":["Leap","Streamline"],"picked":"Buffer","floor":31},{"not_picked":["Reboot","Hyperbeam"],"picked":"Seek","floor":33},{"not_picked":["Storm","BootSequence","Cold Snap"],"picked":"SKIP","floor":35},{"not_picked":["Cold Snap","Hello World"],"picked":"Glacier+1","floor":36},{"not_picked":["Sunder","Hologram+1","Auto Shields"],"picked":"SKIP","floor":39}],"player_experience":5288953,"relics_obtained":[{"floor":9,"key":"White Beast Statue"},{"floor":11,"key":"Thread and Needle"},{"floor":13,"key":"PreservedInsect"},{"floor":24,"key":"Orichalcum"},{"floor":26,"key":"Tiny Chest"},{"floor":29,"key":"Nunchaku"},{"floor":31,"key":"Anchor"}],"event_choices":[{"cards_removed":["Defend_B"],"damage_healed":0,"gold_gain":0,"player_choice":"Card Removal","damage_taken":0,"max_hp_gain":0,"max_hp_loss":0,"event_name":"The Cleric","floor":3,"gold_loss":75},{"cards_removed":["Strike_B"],"damage_healed":0,"gold_gain":0,"player_choice":"Purged","damage_taken":0,"max_hp_gain":0,"max_hp_loss":0,"event_name":"Purifier","floor":5,"gold_loss":0},{"cards_removed":["Defend_B"],"damage_healed":0,"gold_gain":0,"player_choice":"Elegance","damage_taken":0,"max_hp_gain":0,"max_hp_loss":0,"event_name":"betterThird:BetterWriting","floor":19,"gold_loss":0},{"damage_healed":0,"gold_gain":0,"player_choice":"Ignored","damage_taken":0,"max_hp_gain":0,"max_hp_loss":0,"event_name":"Vampires","floor":22,"gold_loss":0},{"cards_removed":["Strike_B"],"damage_healed":0,"gold_gain":0,"player_choice":"Card Removal","damage_taken":0,"max_hp_gain":0,"max_hp_loss":0,"event_name":"Wheel of Change","floor":37,"gold_loss":0}],"is_beta":false,"boss_relics":[{"not_picked":["Black Star","Busted Crown"],"picked":"Inserter"},{"not_picked":["Fusion Hammer","Astrolabe"],"picked":"Philosopher\u0027s Stone"}],"items_purged_floors":[20,38],"is_endless":false,"potions_floor_spawned":[2,4,10,11,12,13,14,16,18,21,24,27,28,29,30,31,33,35,36,39],"killed_by":"Giant Head","ascension_level":20}}