{"host":"22s5scuj7mu87reg","time":1610914956,"event":{"mods":["BaseMod","Better Third Choice","Colored Powertips","Dota2Spire","Downfall","Duelist Mod","GungeonMod","Halation","Hubris","Infinite Spire","Koishi","KomeijiMod","Minty Spire (QoL Compilation)","Quick Restart","Replay The Spire","Shop Mod","StSLib","SuperFastMode","The Jungle","The Mystic","The Necromancer","Wandering Minibosses"],"gold_per_floor":[112,112,112,37,49,49,49,67,90,90,121,121,154,170,170,272,272,283,283,301,320,320,320,353,353,431,446,461,461,461,473,473,578,578,578,578],"floor_reached":35,"language":"POL","playtime":1772,"items_purged":["Strike_W","Strike_W"],"score":431,"play_id":"b7a2ecdf-ffdd-438e-a245-04baa2adab47","local_time":"20210117212236","is_ascension_mode":true,"campfire_choices":[{"data":"Siphon_Strength","floor":6.0,"key":"SMITH"},{"data":"Summon_Undead_Army","floor":10.0,"key":"SMITH"},{"data":"Siphon_Strength","floor":12.0,"key":"SMITH"},{"data":"Blood_Curse","floor":15.0,"key":"SMITH"},{"data":"Summon_Undead","floor":23.0,"key":"SMITH"},{"data":"Necromantic_Selection","floor":29,"key":"SMITH"},{"data":"Blood_Is_Power","floor":32,"key":"SMITH"}],"circlet_count":0,"master_deck":["Defend_W","Defend_W","Defend_W","Defend_W","Negative_Energy_Arrows","Bone_Wall+1","Siphon_Strength+1","Siphon_Strength+1","Spectral_Armor","Summon_Undead_Army+1","Bone_Armor","Blood_Curse+1","Skeleton_Dragon","Bone_Shift","Summon_Undead+1","Necromantic_Selection+1","Negative_Energy_Shield","Bone_Prison","Blood_Is_Power+1","Scare","Summon_Lich+1","Summon_Vampire_Lady"],"relics":["Vampire_Amulet","NeowsBlessing","Replay:Kaleidoscope","hubris:Towel","Dota2Spire:Vanguard","Lantern","Sundial","hubris:GrandSneckoEye","DemoMod:Relodestone","Juzu Bracelet","Bird Faced Urn","hubris:SphereOfDissonance","hubris:Backtick","Calipers"],"acts_visited":["Exordium","TheCity","TheBeyond"],"potions_floor_usage":[35,35],"damage_taken":[{"damage":0.0,"enemies":"Jaw Worm","floor":1.0,"turns":1.0},{"damage":0.0,"enemies":"2 Louse","floor":5.0,"turns":1.0},{"damage":0.0,"enemies":"Cultist","floor":8.0,"turns":1.0},{"damage":0.0,"enemies":"Gremlin Nob","floor":11.0,"turns":3.0},{"damage":3.0,"enemies":"3 Sentries","floor":13.0,"turns":8.0},{"damage":3.0,"enemies":"Lots of Slimes","floor":14.0,"turns":3.0},{"damage":5.0,"enemies":"Fading Forest","floor":16.0,"turns":11.0},{"damage":8.0,"enemies":"Shell Parasite","floor":18.0,"turns":6.0},{"damage":0.0,"enemies":"Spheric Guardian","floor":20.0,"turns":4.0},{"damage":1.0,"enemies":"Snecko","floor":21.0,"turns":8.0},{"damage":14.0,"enemies":"Book of Stabbing","floor":24.0,"turns":5.0},{"damage":8.0,"enemies":"Sentry and Sphere","floor":27.0,"turns":7.0},{"damage":12.0,"enemies":"3 Cultists","floor":28.0,"turns":5.0},{"damage":0,"enemies":"Centurion and Healer","floor":31,"turns":7},{"damage":61,"enemies":"Collector","floor":33,"turns":6},{"damage":89,"enemies":"3 Shapes","floor":35,"turns":6}],"seed_played":"1587810930319706363","potions_obtained":[{"floor":11.0,"key":"sneckomod:MuddlingPotion"},{"floor":14.0,"key":"AttackPotion"},{"floor":18.0,"key":"LifebloodPotion"},{"floor":28.0,"key":"Dexterity Potion"}],"is_trial":false,"path_per_floor":["M","?","?","$","M","R","?","M","T","R","E","R","E","M","R","B",null,"M","?","M","M","?","R","E","AVR","T","M","M","R","?","M","R","B",null,"M"],"character_chosen":"NECROMANCER","items_purchased":[],"campfire_rested":0,"item_purchase_floors":[],"current_hp_per_floor":[75,63,63,63,67,67,67,69,69,69,71,71,74,74,74,75,75,70,70,72,75,75,75,72,72,72,72,67,67,70,75,75,34,75,0,0],"gold":578,"neow_bonus":"THREE_ENEMY_KILL","is_daily":false,"chose_seed":false,"campfire_upgraded":7,"win_rate":0.0,"timestamp":1610914956,"path_taken":["M","?","?","$","M","R","?","M","T","R","E","R","E","?","R","BOSS","M","?","?","?","?","R","E","AVR","T","M","M","R","?","M","R","BOSS","M"],"items_purchased_type":[],"build_version":"2020-12-13","purchased_purges":2,"victory":false,"max_hp_per_floor":[75,75,75,75,75,75,75,75,75,75,75,75,75,75,75,75,75,75,75,75,75,75,75,75,75,75,75,75,75,75,75,75,75,75,75,75],"card_choices":[{"not_picked":["Negative_Energy_Shield","Blood_Curse"],"picked":"Siphon_Strength","floor":1.0},{"not_picked":["Stop_Heart","Chill_Blood"],"picked":"Spectral_Armor","floor":5.0},{"not_picked":["Bones_to_Steel","Blood_Whip"],"picked":"Summon_Undead_Army","floor":8.0},{"not_picked":["Hellfire","Scare"],"picked":"Bone_Armor","floor":11.0},{"not_picked":["Bone_Prison","Blood_Whip"],"picked":"Blood_Curse","floor":13.0},{"not_picked":["Cloudkill","Consume_Illness","Deaths_Shadow"],"picked":"SKIP","floor":14.0},{"not_picked":["Reap_The_Weak","Requiem"],"picked":"Skeleton_Dragon","floor":16.0},{"not_picked":["Plague_Bolt+1","Bone_Prison"],"picked":"Bone_Shift","floor":18.0},{"not_picked":["Finger_Of_Death","Deaths_Shadow+1","Chill_Blood"],"picked":"SKIP","floor":20.0},{"not_picked":["Bones_to_Steel","Chill_Blood"],"picked":"Summon_Undead","floor":21.0},{"not_picked":["Death_Coil+1","Blood_Whip+1"],"picked":"Necromantic_Selection","floor":24.0},{"not_picked":["Blood_Shield","Thousand_Bone_Knives"],"picked":"Negative_Energy_Shield","floor":27.0},{"not_picked":["Death_March_Dance","Epidemic"],"picked":"Bone_Prison","floor":28.0},{"not_picked":["Blood_Curse+1","Chill_Blood"],"picked":"Summon_Lich+1","floor":31},{"not_picked":["Summon_Death_Knight","Hellfire"],"picked":"Summon_Vampire_Lady","floor":33}],"player_experience":156920,"relics_obtained":[{"floor":9.0,"key":"Dota2Spire:Vanguard"},{"floor":11.0,"key":"Lantern"},{"floor":13.0,"key":"Sundial"},{"floor":24.0,"key":"Juzu Bracelet"},{"floor":26.0,"key":"hubris:SphereOfDissonance"}],"event_choices":[{"damage_healed":0.0,"max_hp_gain":0.0,"max_hp_loss":0.0,"gold_gain":0.0,"event_name":"betterThird:BetterScrap","player_choice":"Relic ","floor":2.0,"gold_loss":0.0,"damage_taken":12.0,"cards_obtained":["Vengeance"]},{"damage_healed":0.0,"max_hp_gain":0.0,"max_hp_loss":0.0,"gold_gain":0.0,"event_name":"Accursed Blacksmith","player_choice":"Forge","floor":19.0,"gold_loss":0.0,"damage_taken":0.0,"cards_upgraded":["Bone_Wall"]},{"damage_healed":0.0,"max_hp_gain":0.0,"max_hp_loss":0.0,"gold_gain":0.0,"event_name":"WeMeetAgain","player_choice":"Gave Potion","floor":22.0,"gold_loss":0.0,"damage_taken":0.0,"relics_obtained":["DemoMod:Relodestone"]},{"damage_healed":0,"gold_gain":0,"cards_transformed":["Strike_W","Strike_W"],"player_choice":"Became Test Subject","damage_taken":0,"max_hp_gain":0,"max_hp_loss":0,"event_name":"Drug Dealer","floor":30,"gold_loss":0,"cards_obtained":["Blood_Is_Power","Scare"]}],"is_beta":false,"boss_relics":[{"not_picked":["hubris:BlackHole","halation:HeavySnake"],"picked":"hubris:GrandSneckoEye"},{"not_picked":["hubris:HollowSoul","Honey Jar"],"picked":"hubris:Backtick"}],"items_purged_floors":[4,25],"is_endless":false,"potions_floor_spawned":[11,14,18,21,28],"killed_by":"3 Shapes","ascension_level":1}}