{"host":"v16t4fbv9yk4gg06","time":1610887545,"event":{"mods":["BaseMod","Bestiary","Dark Map","Fox Events","Minty Spire (QoL Compilation)","Robot Space Explorer","Spicy Shops","StSLib","Thieving Mod"],"gold_per_floor":[109,119,129,129,113,148,148,148,148,162,192,192,49,224,224,327,327,340,22,22,22,22,22,31,64,64,64,64],"floor_reached":27,"language":"ENG","playtime":1337,"items_purged":[],"score":264,"play_id":"961ebedf-dd6b-4813-9fa4-a317096cce11","local_time":"20210117134545","is_ascension_mode":false,"campfire_choices":[{"floor":7,"key":"REST"},{"data":"RobotSpaceExplorer:DroneSwarm","floor":12,"key":"SMITH"},{"floor":15,"key":"REST"},{"data":"RobotSpaceExplorer:Autoloader","floor":23,"key":"SMITH"}],"circlet_count":0,"master_deck":["RobotSpaceExplorer:Strike","RobotSpaceExplorer:Strike","RobotSpaceExplorer:Strike","RobotSpaceExplorer:Strike","RobotSpaceExplorer:Defend","RobotSpaceExplorer:Defend","RobotSpaceExplorer:Defend","RobotSpaceExplorer:Defend","RobotSpaceExplorer:Scan","RobotSpaceExplorer:MiniLasers","RobotSpaceExplorer:StunGrenade","RobotSpaceExplorer:Pulsar","RobotSpaceExplorer:Pulsar","RobotSpaceExplorer:MiniDrones","RobotSpaceExplorer:PowerGlove","RobotSpaceExplorer:DroneSwarm+1","Doubt","RobotSpaceExplorer:Autoloader+1","CurseOfTheBell","RobotSpaceExplorer:LaserBurst","Injury","Pain","RobotSpaceExplorer:StarLightning+1"],"relics":["RobotSpaceExplorer:RoboCore","NeowsBlessing","Pear","Meat on the Bone","Eternal Feather","Blood Vial","Boot","Calling Bell","Juzu Bracelet","Blue Candle","Peace Pipe","Bag of Preparation","Pen Nib","Regal Pillow","WarpedTongs","MutagenicStrength","Molten Egg 2","Bottled Flame"],"acts_visited":["Exordium","TheCity"],"potions_floor_usage":[27,27],"damage_taken":[{"damage":0,"enemies":"2 Louse","floor":1,"turns":1},{"damage":0,"enemies":"Cultist","floor":2,"turns":1},{"damage":0,"enemies":"Small Slimes","floor":3,"turns":1},{"damage":17,"enemies":"Exordium Thugs","floor":5,"turns":6},{"damage":30,"enemies":"Lagavulin","floor":6,"turns":11},{"damage":0,"enemies":"2 Fungi Beasts","floor":10,"turns":5},{"damage":11,"enemies":"3 Sentries","floor":11,"turns":6},{"damage":19,"enemies":"The Guardian","floor":16,"turns":14},{"damage":6,"enemies":"Chosen","floor":18,"turns":5},{"damage":23,"enemies":"2 Thieves","floor":24,"turns":4},{"damage":35,"enemies":"Gremlin Leader","floor":25,"turns":6},{"damage":35,"enemies":"Book of Stabbing","floor":27,"turns":5}],"seed_played":"8945101024906187461","potions_obtained":[{"floor":5,"key":"SteroidPotion"},{"floor":6,"key":"Energy Potion"},{"floor":10,"key":"RobotSpaceExplorer:RecyclePotion"}],"is_trial":false,"path_per_floor":["M","M","M","?","M","E","R","?","T","M","E","R","$","?","R","B",null,"M","$","?","?","?","R","M","E","T","E"],"character_chosen":"RobotSpaceExplorer","items_purchased":["Boot","Bag of Preparation","RobotSpaceExplorer:LaserBurst","Pen Nib","Regal Pillow"],"campfire_rested":2,"item_purchase_floors":[13,19,19,19,19],"current_hp_per_floor":[75,75,75,68,51,31,56,44,44,44,45,54,34,34,68,51,85,79,79,63,63,63,75,54,33,33,0,0],"gold":64,"neow_bonus":"THREE_ENEMY_KILL","is_daily":false,"chose_seed":false,"campfire_upgraded":2,"win_rate":0.0,"timestamp":1610887545,"path_taken":["M","M","M","?","?","E","R","?","T","M","E","R","?","?","R","BOSS","M","$","?","?","?","R","M","E","T","E"],"items_purchased_type":["Relic","Relic","Card","Relic","Relic"],"build_version":"2020-12-22","purchased_purges":0,"victory":false,"max_hp_per_floor":[75,75,75,75,75,85,85,85,85,85,85,85,85,85,85,85,85,85,85,90,90,90,90,90,90,90,90,90],"card_choices":[{"not_picked":["RobotSpaceExplorer:ShovelStrike","RobotSpaceExplorer:Probe","RobotSpaceExplorer:RigExplosive"],"picked":"SKIP","floor":1},{"not_picked":["RobotSpaceExplorer:SurgingStrike","RobotSpaceExplorer:FreezingShield"],"picked":"RobotSpaceExplorer:StunGrenade","floor":2},{"not_picked":["RobotSpaceExplorer:DualCore","RobotSpaceExplorer:MakeshiftVolley"],"picked":"RobotSpaceExplorer:Pulsar","floor":3},{"not_picked":["RobotSpaceExplorer:DoubleFind","RobotSpaceExplorer:RigExplosive"],"picked":"RobotSpaceExplorer:Pulsar","floor":5},{"not_picked":["RobotSpaceExplorer:FrostMissile","RobotSpaceExplorer:ExhaustFan"],"picked":"RobotSpaceExplorer:MiniDrones","floor":6},{"not_picked":["RobotSpaceExplorer:Smokescreen","RobotSpaceExplorer:MiniDrones"],"picked":"RobotSpaceExplorer:PowerGlove","floor":10},{"not_picked":["RobotSpaceExplorer:Probe","RobotSpaceExplorer:Ammunition"],"picked":"RobotSpaceExplorer:DroneSwarm","floor":11},{"not_picked":["RobotSpaceExplorer:Wormhole","RobotSpaceExplorer:Blaster"],"picked":"RobotSpaceExplorer:Autoloader","floor":16},{"not_picked":["RobotSpaceExplorer:Ammunition","RobotSpaceExplorer:SurgingShield","RobotSpaceExplorer:SwiftStep"],"picked":"SKIP","floor":18},{"not_picked":["RobotSpaceExplorer:SlimeMissile","RobotSpaceExplorer:SelfCleaning","RobotSpaceExplorer:GearShield"],"picked":"SKIP","floor":24},{"not_picked":["RobotSpaceExplorer:TurboDodge","RobotSpaceExplorer:ShovelStrike+1"],"picked":"RobotSpaceExplorer:StarLightning+1","floor":25}],"player_experience":284747,"relics_obtained":[{"floor":6,"key":"Pear"},{"floor":9,"key":"Eternal Feather"},{"floor":11,"key":"Blood Vial"},{"floor":17,"key":"Juzu Bracelet"},{"floor":17,"key":"Blue Candle"},{"floor":17,"key":"Peace Pipe"},{"floor":25,"key":"Molten Egg 2"},{"floor":26,"key":"Bottled Flame"}],"event_choices":[{"damage_healed":0,"gold_gain":0,"player_choice":"Damaged","damage_taken":7,"max_hp_gain":0,"max_hp_loss":0,"event_name":"Wheel of Change","floor":4,"gold_loss":0},{"damage_healed":0,"gold_gain":0,"player_choice":"Success","damage_taken":12,"relics_obtained":["Meat on the Bone"],"max_hp_gain":0,"max_hp_loss":0,"event_name":"Scrap Ooze","floor":8,"gold_loss":0},{"damage_healed":0,"gold_gain":175,"player_choice":"AGREE","damage_taken":0,"max_hp_gain":0,"max_hp_loss":0,"event_name":"Liars Game","floor":14,"gold_loss":0,"cards_obtained":["Doubt"]},{"damage_healed":0,"gold_gain":0,"player_choice":"Shed Blood","damage_taken":21,"max_hp_gain":5,"max_hp_loss":0,"event_name":"Forgotten Altar","floor":20,"gold_loss":0},{"damage_healed":0,"gold_gain":0,"player_choice":"Rummage","damage_taken":0,"relics_obtained":["WarpedTongs"],"max_hp_gain":0,"max_hp_loss":0,"event_name":"Accursed Blacksmith","floor":21,"gold_loss":0,"cards_obtained":["Pain"]},{"damage_healed":0,"gold_gain":0,"player_choice":"Inject Mutagens","damage_taken":0,"relics_obtained":["MutagenicStrength"],"max_hp_gain":0,"max_hp_loss":0,"event_name":"Drug Dealer","floor":22,"gold_loss":0}],"is_beta":false,"boss_relics":[{"not_picked":["Empty Cage","Runic Pyramid"],"picked":"Calling Bell"}],"items_purged_floors":[],"is_endless":false,"potions_floor_spawned":[5,6,10,25],"killed_by":"Book of Stabbing","ascension_level":0}}