{"host":"1shobamjx3kfwgso","time":1610921407,"event":{"mods":["2.2 Compatiblity","AchievementEnabler","Act Like it!","Aspiration","BaseMod","Beaked The Cultist","Better Altar","Better Match","Better Sensory Stone","Better Skull","Better Third Choice","BetterRewards","Block Reminder","CCEM","CapriCore","Challenge The Spire","Clockwork Mod","Colored Map","Colored Powertips","Conjunction","Conspire","Dark Map","Defuse TimeMaze Blight","Downfall","Energized Spire","Exacting","FoggyMod","GifTheSpireLib","GungeonMod","Halation","Hallownest","Hermit","Highlight Path","Hubris","Infinite Spire","Ironclad Rager","JesterMod","Lobotomy","LobotomyExtend","Mimic Mod","Minty Spire (QoL Compilation)","Pale of the Ancients","Quick Restart","Relic Sorter","Shade Mod","Shop Mod","StSLib","Stuff the Spire","The Bladedancer","The Blue Laboratory","The Bug Knight","The Construct","The Cursed","The Dragon Tamer","The Druid","The Immortal","The Juggle","The Marked","The Mystic","The Sage","The Servant 0.9.4","TheFirefly","TheVacant","Uncapped","vexMod"],"gold_per_floor":[114,114,214,244,344,374,374,349,349,314,49,49,49,49,49,49,49,49],"floor_reached":16,"language":"ENG","playtime":473,"items_purged":[],"score":244,"play_id":"bfa5d69b-f78b-46ac-98ab-acce24619109","local_time":"20210117171007","daily_mods":["Chimera","downfall:Jewelcrafting","downfall:Enraging"],"is_ascension_mode":false,"campfire_choices":[{"floor":7.0,"key":"REST"},{"data":"Slimebound:Schlurp","floor":13.0,"key":"SMITH"},{"data":"Slimebound:SamplingLick","floor":15.0,"key":"SMITH"}],"circlet_count":0,"master_deck":["Bash","Survivor","Zap","Eruption","Strike_R","Strike_G","Strike_B","Defend_R","Defend_G","Defend_P","Guardian:ExploitGems","Guardian:ExploitGems","Slimebound:SamplingLick+1","Slimebound:PressTheAttack","Clumsy","downfall:Aged","Decay","Decay","hubris:Compulsion","Slimebound:SelfFormingGoo","Slimebound:Schlurp+1"],"relics":["Slimebound:AbsorbEndCombat","Guardian:PickAxe","LetterFromLob","Darkstone Periapt","sagemod:Singing_Vial","halation:BottledLove","DemoMod:GnawedKey","Boot"],"acts_visited":["Exordium"],"potions_floor_usage":[],"damage_taken":[{"damage":15.0,"enemies":"Jaw Worm","floor":1.0,"turns":4.0},{"damage":4.0,"enemies":"2 Louse","floor":4.0,"turns":2.0},{"damage":80.0,"enemies":"Gremlin Nob","floor":6.0,"turns":7.0},{"damage":44,"enemies":"Hexaghost","floor":16,"turns":3}],"seed_played":"7372172642885907109","potions_obtained":[],"is_trial":false,"path_per_floor":["M","?","?","M","?","E","R","?","T","?","$","?","R","$","R","B"],"character_chosen":"SLIMEBOUND","items_purchased":["DemoMod:GnawedKey","Boot"],"campfire_rested":1,"item_purchase_floors":[11,11],"current_hp_per_floor":[50,57,57,54,95,16,47,47,47,73,73,73,73,73,73,29,29,29],"gold":49,"neow_bonus":"","is_daily":true,"chose_seed":false,"campfire_upgraded":2,"win_rate":0.0,"timestamp":1610921407,"path_taken":["M","?","?","?","?","E","R","?","T","?","?","?","R","$","R","BOSS"],"items_purchased_type":["Relic","Relic"],"build_version":"2020-12-22","purchased_purges":0,"victory":false,"max_hp_per_floor":[65,65,65,65,106,106,106,106,106,106,106,106,106,106,106,106,106,106],"card_choices":[{"not_picked":["Slimebound:SplitMire","Slimebound:ItLooksTasty"],"picked":"Slimebound:SamplingLick","floor":1.0},{"not_picked":["Slimebound:Chomp","Slimebound:ComboTackle"],"picked":"Slimebound:PressTheAttack","floor":4.0},{"not_picked":["Slimebound:Recollect","Slimebound:RollThrough"],"picked":"Slimebound:Schlurp","floor":6.0}],"player_experience":306764,"relics_obtained":[{"floor":1.0,"key":"LetterFromLob"},{"floor":6.0,"key":"sagemod:Singing_Vial"},{"floor":9.0,"key":"halation:BottledLove"}],"event_choices":[{"damage_healed":0.0,"max_hp_gain":0.0,"max_hp_loss":0.0,"gold_gain":100.0,"event_name":"Wheel of Change","player_choice":"Gold","floor":3.0,"gold_loss":0.0,"damage_taken":0.0},{"damage_healed":26.0,"max_hp_gain":0.0,"max_hp_loss":0.0,"gold_gain":0.0,"event_name":"The Cleric","player_choice":"Healed","floor":10.0,"gold_loss":35.0,"damage_taken":0.0},{"cards_removed":["conspire:Blindness"],"damage_healed":0.0,"max_hp_gain":0.0,"max_hp_loss":0.0,"gold_gain":0.0,"event_name":"Purifier","player_choice":"Purged","floor":12.0,"gold_loss":0.0,"damage_taken":0.0}],"is_beta":false,"boss_relics":[],"items_purged_floors":[],"is_endless":false,"potions_floor_spawned":[],"killed_by":"Hexaghost","ascension_level":0}}