{"host":"s8eu5oacnz2jj6un","time":1610912106,"event":{"mods":["AchievementEnabler","Act Like it!","Astrologer","BaseMod","Colored Powertips","KinomotoSakuraMod(????)","Lobotomy","Marisa????????","Minty Spire (QoL Compilation)","Remilia??????","Replay The Spire","Shop Mod","StSLib","The Senshi","The Servant 0.9.4","Yuri Mod"],"gold_per_floor":[112,123,123,135,146,175,5,34,57,101,113,125,150,213,225,340,352,382,409,462,484,14,46,46,78,78,90,90,107,26,59,59,164,164,174,192,152,171,171,205,205,235,261,261,292,292,292,303,303,303],"floor_reached":51,"language":"ENG","playtime":6805,"items_purged":[],"score":877,"play_id":"a59d539f-9af0-4d6d-9232-fa78a148e1ef","local_time":"20210117203506","is_ascension_mode":true,"campfire_choices":[{"data":"Juggernaut","floor":11,"key":"SMITH"},{"floor":15,"key":"REST"},{"floor":24,"key":"REST"},{"floor":28,"key":"REST"},{"data":"Dark Embrace","floor":32,"key":"SMITH"},{"floor":41,"key":"REST"},{"floor":44,"key":"REST"},{"floor":49,"key":"REST"}],"circlet_count":0,"master_deck":["Strike_R","Strike_R","Strike_R+1","Strike_R+1","Defend_R","Defend_R","Defend_R","Defend_R+1","Bash","Bloodletting","Carnage","Body Slam","Iron Wave+1","Replay:Undeath\u0027s Touch","Feel No Pain","Rupture+1","Hemokinesis","Shrug It Off+1","Shrug It Off","Disarm","Juggernaut+1","ReplayTheSpireMod:Limb From Limb","Berserk","Warcry","Flame Barrier+1","ReplayTheSpireMod:Splinters","Thunderclap+1","True Grit+1","Havoc","Inflame","Seeing Red","Replay:Undeath\u0027s Touch","Double Tap","Pommel Strike","Sword Boomerang","ReplayTheSpireMod:Corrosion Curse","Dark Embrace+1","Intimidate","Exhume","Dark Embrace","Flash of Steel","ReplayTheSpireMod:Strike From Hell+1","Pot Of Greed","Pot Of Greed","Pot Of Greed","Pot Of Greed","Amnesia"],"relics":["Burning Blood","Bird Faced Urn","Simple Rune","MawBank","Blood Vial","War Paint","Busted Crown","White Beast Statue","ReplayFunnel","ClockworkSouvenir","Replay:Baseball","Vajra","Another Sword","Shuriken","Ooze Armor","Pen Nib","Divine Protection","Grinning Jar","theSenshi:SailorFukuRelic","Ring of Peace","Ring of Fury"],"acts_visited":["Exordium","TheCity","TheBeyond"],"potions_floor_usage":[5,6,8,10,25,27,29,31,33,35,42,45,50],"damage_taken":[{"damage":1,"enemies":"Jaw Worm","floor":1,"turns":4},{"damage":1,"enemies":"Cultist","floor":2,"turns":3},{"damage":8,"enemies":"Small Slimes","floor":4,"turns":2},{"damage":3,"enemies":"Gremlin Gang","floor":5,"turns":4},{"damage":24,"enemies":"Lagavulin","floor":6,"turns":5},{"damage":3,"enemies":"Gremlin Nob","floor":8,"turns":2},{"damage":14,"enemies":"3 Sentries","floor":10,"turns":6},{"damage":5,"enemies":"Large Slime","floor":13,"turns":5},{"damage":42,"enemies":"Fading Forest","floor":16,"turns":11},{"damage":19,"enemies":"Shell Parasite","floor":18,"turns":5},{"damage":32,"enemies":"Spheric Guardian","floor":19,"turns":4},{"damage":24,"enemies":"Centurion and Healer","floor":21,"turns":7},{"damage":39,"enemies":"Gremlin Leader","floor":23,"turns":7},{"damage":41,"enemies":"Slavers","floor":25,"turns":6},{"damage":4,"enemies":"Cultist and Chosen","floor":27,"turns":3},{"damage":4,"enemies":"Snake Plant","floor":29,"turns":4},{"damage":6,"enemies":"Gremlin Leader","floor":31,"turns":6},{"damage":46,"enemies":"Automaton","floor":33,"turns":10},{"damage":25,"enemies":"3 Darklings","floor":35,"turns":4},{"damage":1,"enemies":"Orb Walker","floor":36,"turns":3},{"damage":43,"enemies":"Transient","floor":38,"turns":5},{"damage":58,"enemies":"Nemesis","floor":40,"turns":7},{"damage":52,"enemies":"Giant Head","floor":42,"turns":6},{"damage":34,"enemies":"Reptomancer","floor":45,"turns":4},{"damage":14,"enemies":"Jaw Worm Horde","floor":48,"turns":4},{"damage":56,"enemies":"Donu and Deca","floor":50,"turns":5}],"seed_played":"-7727189029002253405","potions_obtained":[{"floor":1,"key":"HeartOfIron"},{"floor":4,"key":"Adrenaline Potion"},{"floor":5,"key":"Energy Potion"},{"floor":6,"key":"Adrenaline Potion"},{"floor":18,"key":"ElixirPotion"},{"floor":21,"key":"Doom Potion"},{"floor":23,"key":"Strength Potion"},{"floor":25,"key":"Adrenaline Potion"},{"floor":27,"key":"HeartOfIron"},{"floor":29,"key":"SkillPotion"},{"floor":31,"key":"Doom Potion"},{"floor":33,"key":"LiquidBronze"},{"floor":35,"key":"BlessingOfTheForge"},{"floor":36,"key":"FairyPotion"},{"floor":38,"key":"Energy Potion"},{"floor":42,"key":"ColorlessPotion"},{"floor":45,"key":"Fire Potion"},{"floor":48,"key":"Death Potion"}],"is_trial":false,"path_per_floor":["M","M","?","M","M","E","$","E","T","E","R","?","M","T","R","B",null,"M","M","?","M","$","E","R","E","T","M","R","M","$","E","R","B",null,"M","M","?","M","?","E","R","E","T","R","E","?","?","M","R","B",null],"character_chosen":"IRONCLAD","items_purchased":["Rupture","Hemokinesis","Shrug It Off","Inflame","ReplayFunnel","ClockworkSouvenir","Seeing Red","Replay:Undeath\u0027s Touch","Dark Embrace"],"campfire_rested":6,"item_purchase_floors":[7,7,7,22,22,22,22,22,30],"current_hp_per_floor":[80,80,80,78,80,62,62,65,65,61,61,53,60,60,80,46,80,71,53,53,45,45,24,48,25,25,37,61,67,67,77,77,50,80,61,70,70,45,45,9,33,30,30,54,38,38,38,42,66,32],"gold":303,"neow_bonus":"THREE_CARDS","is_daily":false,"chose_seed":false,"campfire_upgraded":2,"win_rate":0.0,"timestamp":1610912106,"path_taken":["M","M","?","?","M","E","?","E","T","E","R","?","?","?","R","BOSS","M","M","?","M","$","E","R","E","T","?","R","M","$","E","R","BOSS","M","M","?","?","?","E","R","E","T","R","E","?","?","M","R","BOSS"],"items_purchased_type":["Card","Card","Card","Card","Relic","Relic","Card","Card","Card"],"build_version":"2020-12-22","purchased_purges":0,"victory":true,"max_hp_per_floor":[80,80,80,80,80,80,80,80,80,80,80,80,80,80,80,80,80,80,80,80,80,80,80,80,80,80,80,80,80,80,80,80,80,80,80,80,80,80,80,80,80,80,80,80,80,80,80,80,80,80],"card_choices":[{"not_picked":["Sword Boomerang","Searing Blow"],"picked":"Bloodletting","floor":0},{"not_picked":["Anger","Clash"],"picked":"Carnage","floor":1},{"not_picked":["Hemokinesis","Iron Wave"],"picked":"Body Slam","floor":2},{"not_picked":["Run Through","Clothesline"],"picked":"Iron Wave","floor":4},{"not_picked":["Searing Blow","ReplayTheSpireMod:Strike From Hell"],"picked":"Replay:Undeath\u0027s Touch","floor":5},{"not_picked":["Second Wind","Entrench"],"picked":"Feel No Pain","floor":6},{"not_picked":["Perfected Strike","Second Wind"],"picked":"Disarm","floor":8},{"not_picked":["Rampage","Dual Wield"],"picked":"Juggernaut","floor":10},{"not_picked":["Sword Boomerang","Wild Strike"],"picked":"ReplayTheSpireMod:Limb From Limb","floor":13},{"not_picked":["Hemogenesis","Fiend Fire"],"picked":"Berserk","floor":16},{"not_picked":[],"picked":"Warcry","floor":18},{"not_picked":[],"picked":"Flame Barrier+1","floor":19},{"not_picked":[],"picked":"Thunderclap+1","floor":20},{"not_picked":[],"picked":"True Grit+1","floor":20},{"not_picked":[],"picked":"Havoc","floor":21},{"not_picked":[],"picked":"Double Tap","floor":23},{"not_picked":[],"picked":"Pommel Strike","floor":25},{"not_picked":[],"picked":"Sword Boomerang","floor":27},{"not_picked":[],"picked":"ReplayTheSpireMod:Corrosion Curse","floor":29},{"not_picked":[],"picked":"Intimidate","floor":31},{"not_picked":[],"picked":"Exhume","floor":33},{"not_picked":["Dual Wield+1"],"picked":"SKIP","floor":35},{"not_picked":[],"picked":"Dark Embrace","floor":36},{"not_picked":["Sword Boomerang+1"],"picked":"SKIP","floor":38},{"not_picked":[],"picked":"Flash of Steel","floor":39},{"not_picked":["Dark Embrace"],"picked":"SKIP","floor":40},{"not_picked":[],"picked":"ReplayTheSpireMod:Strike From Hell+1","floor":42},{"not_picked":["Clash"],"picked":"SKIP","floor":45},{"not_picked":["Wild Strike"],"picked":"SKIP","floor":48}],"player_experience":699798,"relics_obtained":[{"floor":6,"key":"Bird Faced Urn"},{"floor":8,"key":"Simple Rune"},{"floor":9,"key":"MawBank"},{"floor":10,"key":"Blood Vial"},{"floor":14,"key":"War Paint"},{"floor":20,"key":"White Beast Statue"},{"floor":23,"key":"Replay:Baseball"},{"floor":25,"key":"Vajra"},{"floor":26,"key":"Another Sword"},{"floor":31,"key":"Shuriken"},{"floor":40,"key":"Pen Nib"},{"floor":42,"key":"Divine Protection"},{"floor":43,"key":"Grinning Jar"},{"floor":45,"key":"theSenshi:SailorFukuRelic"},{"floor":46,"key":"Ring of Peace"},{"floor":46,"key":"Ring of Fury"}],"event_choices":[{"cards_removed":["Strike_R"],"damage_healed":0,"gold_gain":0,"player_choice":"Purged","damage_taken":0,"max_hp_gain":0,"max_hp_loss":0,"event_name":"Purifier","floor":3,"gold_loss":0},{"damage_healed":0,"gold_gain":0,"player_choice":"Damaged","damage_taken":8,"max_hp_gain":0,"max_hp_loss":0,"event_name":"Wheel of Change","floor":12,"gold_loss":0},{"damage_healed":0,"gold_gain":0,"player_choice":"Upgraded Two","damage_taken":0,"max_hp_gain":0,"max_hp_loss":0,"event_name":"Designer","floor":37,"gold_loss":40,"cards_upgraded":["Iron Wave","Rupture"]},{"damage_healed":0,"gold_gain":0,"player_choice":"Memory 1","damage_taken":0,"max_hp_gain":0,"max_hp_loss":0,"event_name":"SensoryStone","floor":39,"gold_loss":0},{"damage_healed":0,"gold_gain":0,"player_choice":"Ignored","damage_taken":0,"max_hp_gain":0,"max_hp_loss":0,"event_name":"Mysterious Sphere","floor":47,"gold_loss":0}],"is_beta":false,"boss_relics":[{"not_picked":["ReplayTheSpireMod:DimensionalGlitch","Astrolabe"],"picked":"Busted Crown"},{"not_picked":["Replay:Drink Me","Abe\u0027s Treasure"],"picked":"Ooze Armor"}],"items_purged_floors":[],"is_endless":false,"potions_floor_spawned":[1,4,5,6,18,21,23,25,27,29,31,33,35,36,38,40,42,45,48],"ascension_level":1}}