{"host":"q9718omregw4er46","time":1610913243,"event":{"mods":["BaseMod","Bestiary","Colored Powertips","Minty Spire (QoL Compilation)","Quick Restart","Relic Stats"],"gold_per_floor":[110,127,277,277,295,330,406,406,406,67,93,107,107,117,117,191,191,211,43,0,18,37,37,37,37],"floor_reached":24,"language":"ENG","playtime":835,"items_purged":["Pain"],"score":412,"play_id":"7765e4ac-7b96-42c7-a066-6b7eb5e70078","local_time":"20210118005403","is_ascension_mode":true,"campfire_choices":[{"data":"Compile Driver","floor":8.0,"key":"SMITH"},{"floor":13.0,"key":"REST"},{"data":"Static Discharge","floor":15.0,"key":"SMITH"},{"floor":23,"key":"REST"}],"circlet_count":0,"master_deck":["AscendersBane","Strike_B","Strike_B+1","Strike_B+1","Strike_B","Defend_B","Defend_B","Defend_B","Defend_B","Zap","Dualcast","Glacier","Compile Driver+1","Doubt","FTL","Static Discharge+1","Creative AI","Loop+1","Capacitor","Glacier","Go for the Eyes+1","Creative AI"],"relics":["Cracked Core","NeowsBlessing","WarpedTongs","Whetstone","Ornamental Fan","Thread and Needle","Mummified Hand","Pen Nib","Black Star"],"acts_visited":["Exordium","TheCity"],"potions_floor_usage":[18,22,24],"damage_taken":[{"damage":0.0,"enemies":"Small Slimes","floor":1.0,"turns":1.0},{"damage":0.0,"enemies":"Cultist","floor":2.0,"turns":1.0},{"damage":0.0,"enemies":"Jaw Worm","floor":5.0,"turns":1.0},{"damage":26.0,"enemies":"Gremlin Nob","floor":6.0,"turns":4.0},{"damage":16.0,"enemies":"3 Sentries","floor":11.0,"turns":10.0},{"damage":4.0,"enemies":"Exordium Wildlife","floor":12.0,"turns":7.0},{"damage":0.0,"enemies":"Exordium Thugs","floor":14.0,"turns":5.0},{"damage":29.0,"enemies":"The Guardian","floor":16.0,"turns":11.0},{"damage":11,"enemies":"Shell Parasite","floor":18,"turns":8},{"damage":18,"enemies":"2 Thieves","floor":20,"turns":4},{"damage":19,"enemies":"Centurion and Healer","floor":21,"turns":11},{"damage":5,"enemies":"Snake Plant","floor":22,"turns":5},{"damage":24,"enemies":"Gremlin Leader","floor":24,"turns":2}],"seed_played":"2732128752915661077","potions_obtained":[{"floor":5.0,"key":"AttackPotion"},{"floor":6.0,"key":"FocusPotion"},{"floor":14.0,"key":"PowerPotion"},{"floor":16.0,"key":"Weak Potion"},{"floor":22,"key":"SkillPotion"}],"is_trial":false,"path_per_floor":["M","M","?","?","M","E","T","R","T","$","E","M","R","M","R","B",null,"M","$","M","M","M","R","E"],"character_chosen":"DEFECT","items_purchased":["Mummified Hand","Capacitor","Glacier"],"campfire_rested":2,"item_purchase_floors":[10,19,19],"current_hp_per_floor":[64,64,64,64,64,38,38,38,38,38,22,18,39,39,39,10,56,45,45,27,8,3,24,0,0],"gold":37,"neow_bonus":"THREE_ENEMY_KILL","is_daily":false,"chose_seed":false,"campfire_upgraded":2,"win_rate":0.0,"timestamp":1610913243,"path_taken":["M","M","?","?","?","E","?","R","T","$","E","M","R","M","R","BOSS","M","$","M","M","M","R","E"],"items_purchased_type":["Relic","Card","Card"],"build_version":"2020-12-22","purchased_purges":1,"victory":false,"max_hp_per_floor":[71,71,71,71,71,71,71,71,71,71,71,71,71,71,71,71,71,71,71,71,71,71,71,71,71],"relic_stats":{"counters":[13,69],"Ornamental Fan":[28],"Mummified Hand":[45],"Pen Nib":[7],"Black Star":0,"Whetstone":["Strike_B","Strike_B"],"obtain_stats":[{"NeowsBlessing":0,"Ornamental Fan":7,"Mummified Hand":10,"Thread and Needle":9,"Pen Nib":11,"Black Star":17,"Whetstone":6,"Cracked Core":0,"WarpedTongs":4},{"NeowsBlessing":0,"Ornamental Fan":4,"Mummified Hand":4,"Thread and Needle":4,"Pen Nib":5,"Black Star":8,"Whetstone":4,"Cracked Core":0,"WarpedTongs":2},{"NeowsBlessing":0,"Ornamental Fan":7,"Mummified Hand":7,"Thread and Needle":7,"Pen Nib":17,"Black Star":40,"Whetstone":7,"Cracked Core":0,"WarpedTongs":2}],"WarpedTongs":[60]},"card_choices":[{"not_picked":["Rebound","Stack"],"picked":"Glacier","floor":1.0},{"not_picked":["Steam","Leap"],"picked":"Compile Driver","floor":2.0},{"not_picked":["Gash","Beam Cell","Chaos"],"picked":"SKIP","floor":5.0},{"not_picked":["Blizzard","Barrage","Steam"],"picked":"SKIP","floor":6.0},{"not_picked":["Rebound","Redo","Chaos"],"picked":"SKIP","floor":11.0},{"not_picked":["Stack","Meteor Strike"],"picked":"FTL","floor":12.0},{"not_picked":["Recycle","BootSequence"],"picked":"Static Discharge","floor":14.0},{"not_picked":["Reboot","Hyperbeam"],"picked":"Creative AI","floor":16.0},{"not_picked":["Turbo","Go for the Eyes"],"picked":"Loop+1","floor":18},{"not_picked":["Sweeping Beam","Redo"],"picked":"Go for the Eyes+1","floor":20},{"not_picked":["Blizzard","Hello World+1","Streamline+1"],"picked":"SKIP","floor":21},{"not_picked":["Turbo","Steam"],"picked":"Creative AI","floor":22}],"player_experience":1219290,"relics_obtained":[{"floor":6.0,"key":"Whetstone"},{"floor":7.0,"key":"Ornamental Fan"},{"floor":9.0,"key":"Thread and Needle"},{"floor":11.0,"key":"Pen Nib"}],"event_choices":[{"damage_healed":0.0,"max_hp_gain":0.0,"max_hp_loss":0.0,"gold_gain":150.0,"event_name":"Liars Game","player_choice":"AGREE","floor":3.0,"gold_loss":0.0,"damage_taken":0.0,"cards_obtained":["Doubt"]},{"damage_healed":0.0,"max_hp_gain":0.0,"max_hp_loss":0.0,"gold_gain":0.0,"event_name":"Accursed Blacksmith","player_choice":"Rummage","floor":4.0,"gold_loss":0.0,"damage_taken":0.0,"relics_obtained":["WarpedTongs"],"cards_obtained":["Pain"]}],"is_beta":false,"boss_relics":[{"not_picked":["Calling Bell","Busted Crown"],"picked":"Black Star"}],"items_purged_floors":[10],"is_endless":false,"potions_floor_spawned":[5,6,14,16,22],"killed_by":"Gremlin Leader","ascension_level":20}}