{"host":"lv71j503waqnafdc","time":1610873772,"event":{"mods":["Act Like it!","Arknights The Spire","BaseMod","Hermit","Jorbs\u0027s Wanderer Trilogy","Minty Spire (QoL Compilation)","Replay The Spire","StSLib","The Cursed"],"gold_per_floor":[117,128,203,280,293,328,345,74,98,98,115,128,5,25,25,25,25],"floor_reached":16,"language":"ZHS","playtime":574,"items_purged":[],"score":104,"play_id":"fe828f11-161d-4fb8-a4ed-eb32ee07567c","local_time":"20210117165612","is_ascension_mode":false,"campfire_choices":[{"floor":10,"key":"REST"},{"floor":15,"key":"REST"}],"circlet_count":0,"master_deck":["ats:Strike C","ats:Strike G","ats:Strike S","ats:Strike V","ats:Armor Crushing Shot","ats:Defend","ats:Defend","ats:Defend","ats:Emotion Absorption","ats:Calcification","ats:Powerful Strike","ats:Red Shift","ats:Explosion Area Strengthen","ats:Apocalypse","ats:Shadow Assault","ats:Ignite","ats:Neurotoxin","ats:Curse Doll","ats:Curse Doll","ats:Shadow Raid","ats:Ignite","ats:Hammer On","Replay:BasicMightCard","Magnetism","ats:Cat Scratch","ats:Assault Order","ats:Sword Rain","ats:Assault Order","ats:Very Hot Blade"],"relics":["ats:Sanity","ats:Originium","Lantern","BargainBundle","ats:Rhine Circuitry"],"acts_visited":["Exordium"],"potions_floor_usage":[11,16,16,16],"damage_taken":[{"damage":12.0,"enemies":"Cultist","floor":1.0,"turns":4.0},{"damage":6.0,"enemies":"Jaw Worm","floor":2.0,"turns":3.0},{"damage":1.0,"enemies":"Small Slimes","floor":5.0,"turns":3.0},{"damage":24.0,"enemies":"Lagavulin","floor":6.0,"turns":5.0},{"damage":11,"enemies":"Exordium Wildlife","floor":7,"turns":4},{"damage":0,"enemies":"Lots of Slimes","floor":11,"turns":1},{"damage":6,"enemies":"Exordium Thugs","floor":12,"turns":3},{"damage":0,"enemies":"Large Slime","floor":14,"turns":3},{"damage":52,"enemies":"Hexaghost","floor":16,"turns":9}],"seed_played":"6960979579620565836","potions_obtained":[{"floor":4.0,"key":"SpeedPotion"},{"floor":4.0,"key":"Death Potion"},{"floor":4.0,"key":"LiquidBronze"},{"floor":5.0,"key":"Explosive Potion"},{"floor":11,"key":"Fire Potion"},{"floor":14,"key":"Dexterity Potion"}],"is_trial":false,"path_per_floor":["M","M","?","?","M","E","M","$","T","R","M","M","$","M","R","B"],"character_chosen":"DOCTOR_CLASS","items_purchased":["BargainBundle","ats:Neurotoxin","ats:Curse Doll","ats:Shadow Raid","ats:Ignite","ats:Hammer On","Replay:BasicMightCard","Explosive Potion","Energy Potion","Magnetism","ats:Sword Rain","ats:Assault Order"],"campfire_rested":2,"item_purchase_floors":[8,8,8,8,8,8,8,8,8,8,13,13],"current_hp_per_floor":[60,55,44,26,26,7,5,5,5,26,26,20,20,24,45,0,0],"gold":25,"neow_bonus":"RANDOM_EVENT","is_daily":false,"chose_seed":false,"campfire_upgraded":0,"win_rate":0.0,"timestamp":1610873772,"path_taken":["M","?","?","?","M","E","?","?","T","R","M","M","?","M","R","BOSS"],"items_purchased_type":["Relic","Card","Card","Card","Card","Card","Card","Potion","Potion","Card","Card","Card"],"build_version":"2020-12-22","purchased_purges":0,"victory":false,"max_hp_per_floor":[72,72,72,72,72,72,72,72,72,72,72,72,72,72,72,72,72],"card_choices":[{"not_picked":["ats:Apocalypse","ats:Composite Medical Shells"],"picked":"ats:Powerful Strike","floor":1.0},{"not_picked":["ats:Flexible Camouflage","ats:Curse Doll"],"picked":"ats:Red Shift","floor":2.0},{"not_picked":["ats:Curse Doll","ats:Childhood Dance"],"picked":"ats:Explosion Area Strengthen","floor":4.0},{"not_picked":["ats:Shell Defense","ats:Song Of Battle"],"picked":"ats:Apocalypse","floor":5.0},{"not_picked":["ats:Rapid Magazine","ats:Sunburst"],"picked":"ats:Shadow Assault","floor":6.0},{"not_picked":["ats:Encircling Forest","ats:Leaping Hammer"],"picked":"ats:Ignite","floor":7},{"not_picked":["ats:Flexible Camouflage","ats:Shell Defense"],"picked":"ats:Cat Scratch","floor":11},{"not_picked":["ats:Cat Scratch","ats:Explosion Area Strengthen"],"picked":"ats:Assault Order","floor":12},{"not_picked":["ats:Part Time Job","ats:Spore Proliferation"],"picked":"ats:Very Hot Blade","floor":14}],"player_experience":255922,"relics_obtained":[{"floor":6.0,"key":"ats:Originium"},{"floor":6.0,"key":"Lantern"},{"floor":9,"key":"ats:Rhine Circuitry"}],"event_choices":[{"damage_healed":0.0,"max_hp_gain":0.0,"max_hp_loss":0.0,"gold_gain":0.0,"cards_transformed":["ats:Defend"],"event_name":"Living Wall","player_choice":"Change","floor":0.0,"gold_loss":0.0,"damage_taken":0.0,"cards_obtained":["ats:Calcification"]},{"damage_healed":0.0,"max_hp_gain":0.0,"max_hp_loss":0.0,"gold_gain":75.0,"event_name":"World of Goop","player_choice":"Gather Gold","floor":3.0,"gold_loss":0.0,"damage_taken":11.0}],"is_beta":false,"boss_relics":[],"items_purged_floors":[],"is_endless":false,"potions_floor_spawned":[5,11,14],"killed_by":"Hexaghost","ascension_level":0}}