{"host":"ypphcgdomtfqpc2w","time":1610893122,"event":{"mods":["BaseMod","DeckTracker","Minty Spire (QoL Compilation)","Relic Stats","StSLib"],"gold_per_floor":[119,138,138,138,138,138,153,186,198,226,253,294,306,328,340,425,437,459,484,496,101,301,327,340,340,340,375,395,410,445,457,457,531,531,547,119,119,172,183,183,218,236,236,268,268,302,302,302,302,302,302,302,302,7,38,38],"floor_reached":57,"language":"ENG","playtime":4989,"items_purged":["Strike_R","Strike_R+1"],"score":2770,"play_id":"8af10561-1c2c-40cf-89df-7b354817e283","local_time":"20210117231842","is_ascension_mode":true,"campfire_choices":[{"data":"Inflame","floor":6.0,"key":"SMITH"},{"data":"Armaments","floor":13.0,"key":"SMITH"},{"data":"Brutality","floor":15.0,"key":"SMITH"},{"data":"Rupture","floor":25.0,"key":"SMITH"},{"data":"Pommel Strike","floor":32.0,"key":"SMITH"},{"data":"Feed","floor":40.0,"key":"SMITH"},{"data":"Disarm","floor":45.0,"key":"SMITH"},{"data":"1","floor":47.0,"key":"LIFT"},{"floor":49.0,"key":"RECALL"},{"data":"2","floor":53.0,"key":"LIFT"}],"circlet_count":0,"master_deck":["AscendersBane","Strike_R+1","Defend_R","Defend_R","Bash","Blood for Blood+1","Ghostly Armor","Inflame+1","Feel No Pain","Brutality+1","Armaments+1","Ghostly Armor","Hemokinesis","Spot Weakness","Reaper","Thunderclap","Rupture+1","Shockwave","Shrug It Off","Pommel Strike+1","Disarm+1","Pummel","Berserk","Feed+1","Burning Pact+1","Dual Wield+1","Power Through+1","Second Wind","True Grit+1","Sentinel","Barricade","Power Through"],"relics":["Burning Blood","TungstenRod","MawBank","Oddly Smooth Stone","Orichalcum","Coffee Dripper","Anchor","Kunai","Whetstone","Pocketwatch","Empty Cage","Self Forming Clay","OrangePellets","Prayer Wheel","Gremlin Horn","Akabeko","Omamori","Girya","Unceasing Top"],"acts_visited":["Exordium","TheCity","TheBeyond","TheEnding"],"potions_floor_usage":[56,56],"damage_taken":[{"damage":9.0,"enemies":"Jaw Worm","floor":1.0,"turns":4.0},{"damage":0.0,"enemies":"Small Slimes","floor":2.0,"turns":4.0},{"damage":0.0,"enemies":"2 Louse","floor":7.0,"turns":3.0},{"damage":13.0,"enemies":"Lagavulin","floor":8.0,"turns":6.0},{"damage":5.0,"enemies":"Lots of Slimes","floor":10.0,"turns":3.0},{"damage":2.0,"enemies":"2 Fungi Beasts","floor":11.0,"turns":4.0},{"damage":27.0,"enemies":"Gremlin Nob","floor":12.0,"turns":4.0},{"damage":5.0,"enemies":"Looter","floor":14.0,"turns":3.0},{"damage":43.0,"enemies":"Slime Boss","floor":16.0,"turns":12.0},{"damage":4.0,"enemies":"3 Byrds","floor":18.0,"turns":5.0},{"damage":29.0,"enemies":"Spheric Guardian","floor":19.0,"turns":10.0},{"damage":16.0,"enemies":"Book of Stabbing","floor":23.0,"turns":5.0},{"damage":12.0,"enemies":"Chosen and Byrds","floor":24.0,"turns":9.0},{"damage":29.0,"enemies":"Gremlin Leader","floor":27.0,"turns":6.0},{"damage":13.0,"enemies":"Snake Plant","floor":28.0,"turns":5.0},{"damage":10.0,"enemies":"Snecko","floor":29.0,"turns":5.0},{"damage":10.0,"enemies":"Book of Stabbing","floor":30.0,"turns":6.0},{"damage":6.0,"enemies":"Chosen and Byrds","floor":31.0,"turns":6.0},{"damage":64.0,"enemies":"Collector","floor":33.0,"turns":11.0},{"damage":1.0,"enemies":"3 Shapes","floor":35.0,"turns":8.0},{"damage":33.0,"enemies":"2 Orb Walkers","floor":38.0,"turns":6.0},{"damage":27.0,"enemies":"3 Darklings","floor":39.0,"turns":6.0},{"damage":36.0,"enemies":"Giant Head","floor":41.0,"turns":8.0},{"damage":41.0,"enemies":"Writhing Mass","floor":42.0,"turns":10.0},{"damage":79.0,"enemies":"Nemesis","floor":44.0,"turns":13.0},{"damage":113.0,"enemies":"Giant Head","floor":46.0,"turns":11.0},{"damage":47.0,"enemies":"Donu and Deca","floor":50.0,"turns":13.0},{"damage":104.0,"enemies":"Time Eater","floor":51.0,"turns":13.0},{"damage":80.0,"enemies":"Shield and Spear","floor":55.0,"turns":20.0},{"damage":36,"enemies":"The Heart","floor":56,"turns":13}],"seed_played":"9092117444756538701","potions_obtained":[{"floor":1.0,"key":"Regen Potion"},{"floor":8.0,"key":"Explosive Potion"},{"floor":12.0,"key":"EssenceOfSteel"},{"floor":14.0,"key":"Fruit Juice"},{"floor":19.0,"key":"Explosive Potion"},{"floor":24.0,"key":"AttackPotion"},{"floor":28.0,"key":"Weak Potion"},{"floor":38.0,"key":"HeartOfIron"},{"floor":42.0,"key":"LiquidBronze"},{"floor":44.0,"key":"GamblersBrew"},{"floor":55.0,"key":"Fire Potion"}],"is_trial":false,"path_per_floor":["M","M","?","T","?","R","M","E","T","M","M","E","R","M","R","B",null,"M","M","?","$","?","E","M","R","T","E","M","M","E","M","R","B",null,"M","$","?","?","M","R","E","M","T","E","R","E","R","?","R","B","B",null,"R","$","E","B",null],"character_chosen":"IRONCLAD","items_purchased":["Rupture","Shockwave","Anchor","Self Forming Clay","OrangePellets","Barricade","Power Through"],"campfire_rested":0,"item_purchase_floors":[21,21,21,36,36,54,54],"current_hp_per_floor":[65,71,71,71,71,71,75,68,68,69,73,52,52,53,53,16,60,71,66,66,66,66,56,77,77,77,80,80,80,80,80,80,22,66,83,83,83,73,83,83,82,90,90,82,82,95,95,95,95,99,99,99,99,99,99,76],"gold":38,"neow_bonus":"TRANSFORM_CARD","is_daily":false,"chose_seed":false,"campfire_upgraded":7,"win_rate":0.0,"timestamp":1610893122,"path_taken":["M","M","?","?","?","R","M","E","T","M","M","E","R","M","R","BOSS","M","M","?","$","?","E","M","R","T","E","M","?","E","M","R","BOSS","M","$","?","?","M","R","E","M","T","E","R","E","R","?","R","BOSS","BOSS","R","$","E","BOSS"],"items_purchased_type":["Card","Card","Relic","Relic","Relic","Card","Card"],"build_version":"2020-12-22","purchased_purges":2,"victory":true,"max_hp_per_floor":[75,75,75,75,75,75,75,75,75,75,75,75,75,75,75,75,75,75,80,80,80,80,80,80,80,80,80,80,80,80,80,80,80,80,83,83,83,83,83,83,87,91,91,91,91,95,95,95,95,99,99,99,99,99,99,99],"relic_stats":{"Gremlin Horn":[2,2],"counters":[30,232],"Self Forming Clay":[282],"Whetstone":["Strike_R","Strike_R"],"Orichalcum":[132],"MawBank":156,"Burning Blood":119,"OrangePellets":[13],"Prayer Wheel":2,"Kunai":[25],"obtain_stats":[{"Girya":46,"Gremlin Horn":41,"Self Forming Clay":36,"Oddly Smooth Stone":9,"Omamori":44,"Whetstone":27,"Orichalcum":12,"MawBank":8,"Empty Cage":34,"Burning Blood":0,"Akabeko":43,"OrangePellets":36,"Anchor":21,"Prayer Wheel":38,"Coffee Dripper":17,"Kunai":23,"TungstenRod":4,"Unceasing Top":55,"Pocketwatch":30},{"Girya":26,"Gremlin Horn":23,"Self Forming Clay":20,"Oddly Smooth Stone":4,"Omamori":25,"Whetstone":14,"Orichalcum":7,"MawBank":4,"Empty Cage":19,"Burning Blood":0,"Akabeko":24,"OrangePellets":20,"Anchor":11,"Prayer Wheel":21,"Coffee Dripper":9,"Kunai":12,"TungstenRod":2,"Unceasing Top":29,"Pocketwatch":17},{"Girya":173,"Gremlin Horn":139,"Self Forming Clay":119,"Oddly Smooth Stone":17,"Omamori":162,"Whetstone":78,"Orichalcum":28,"MawBank":17,"Empty Cage":111,"Burning Blood":0,"Akabeko":149,"OrangePellets":119,"Anchor":58,"Prayer Wheel":125,"Coffee Dripper":43,"Kunai":63,"TungstenRod":8,"Unceasing Top":219,"Pocketwatch":94}],"TungstenRod":349,"Unceasing Top":[5],"Pocketwatch":[201]},"card_choices":[{"not_picked":["Body Slam","Burning Pact"],"picked":"Ghostly Armor","floor":1.0},{"not_picked":["Pommel Strike","Body Slam"],"picked":"Inflame","floor":2.0},{"not_picked":["Armaments","Havoc"],"picked":"Feel No Pain","floor":7.0},{"not_picked":["Battle Trance","Sever Soul"],"picked":"Brutality","floor":8.0},{"not_picked":["Wild Strike","Clothesline"],"picked":"Armaments","floor":10.0},{"not_picked":["Flex","Iron Wave"],"picked":"Ghostly Armor","floor":11.0},{"not_picked":["Cleave","Metallicize"],"picked":"Hemokinesis","floor":12.0},{"not_picked":["Flex","Clothesline"],"picked":"Spot Weakness","floor":14.0},{"not_picked":["Corruption","Brutality"],"picked":"Reaper","floor":16.0},{"not_picked":["Whirlwind","Warcry","Ghostly Armor"],"picked":"SKIP","floor":18.0},{"not_picked":["Heavy Blade","Power Through"],"picked":"Thunderclap","floor":19.0},{"not_picked":["Metallicize","Anger"],"picked":"Shrug It Off","floor":23.0},{"not_picked":["Reckless Charge","Clash","Blood for Blood"],"picked":"SKIP","floor":24.0},{"not_picked":["Rupture","Headbutt"],"picked":"Pommel Strike","floor":27.0},{"not_picked":["Iron Wave","Rage"],"picked":"Disarm","floor":28.0},{"not_picked":["Iron Wave","Reckless Charge"],"picked":"Pummel","floor":29.0},{"not_picked":["Seeing Red","Infernal Blade"],"picked":"Berserk","floor":30.0},{"not_picked":["Cleave","Perfected Strike","Infernal Blade"],"picked":"SKIP","floor":31.0},{"not_picked":["Corruption","Berserk"],"picked":"Feed","floor":33.0},{"not_picked":["Uppercut","Shrug It Off"],"picked":"Burning Pact+1","floor":35.0},{"not_picked":["Clothesline","Double Tap"],"picked":"Dual Wield+1","floor":39.0},{"not_picked":["Anger","Perfected Strike","Flex"],"picked":"SKIP","floor":39.0},{"not_picked":["Sword Boomerang+1","Hemokinesis+1"],"picked":"Power Through+1","floor":41.0},{"not_picked":["Clash","Body Slam"],"picked":"Second Wind","floor":42.0},{"not_picked":["Twin Strike","Havoc"],"picked":"True Grit+1","floor":42.0},{"not_picked":["Clash","Metallicize","Thunderclap"],"picked":"SKIP","floor":44.0},{"not_picked":["Double Tap","Shockwave"],"picked":"Sentinel","floor":46.0},{"not_picked":["Anger","Sever Soul+1","Infernal Blade+1"],"picked":"SKIP","floor":55.0}],"player_experience":2038561,"relics_obtained":[{"floor":4.0,"key":"TungstenRod"},{"floor":8.0,"key":"MawBank"},{"floor":9.0,"key":"Oddly Smooth Stone"},{"floor":12.0,"key":"Orichalcum"},{"floor":23.0,"key":"Kunai"},{"floor":27.0,"key":"Whetstone"},{"floor":30.0,"key":"Pocketwatch"},{"floor":38.0,"key":"Prayer Wheel"},{"floor":41.0,"key":"Gremlin Horn"},{"floor":43.0,"key":"Akabeko"},{"floor":44.0,"key":"Omamori"},{"floor":46.0,"key":"Girya"},{"floor":55.0,"key":"Unceasing Top"}],"event_choices":[{"damage_healed":0.0,"max_hp_gain":0.0,"max_hp_loss":0.0,"gold_gain":0.0,"event_name":"Liars Game","player_choice":"Ignored","floor":3.0,"gold_loss":0.0,"damage_taken":0.0},{"damage_healed":0.0,"max_hp_gain":0.0,"max_hp_loss":0.0,"gold_gain":0.0,"event_name":"Living Wall","player_choice":"Grow","floor":5.0,"gold_loss":0.0,"damage_taken":0.0,"cards_upgraded":["Blood for Blood"]},{"damage_healed":0.0,"max_hp_gain":0.0,"max_hp_loss":0.0,"gold_gain":0.0,"event_name":"Vampires","player_choice":"Ignored","floor":20.0,"gold_loss":0.0,"damage_taken":0.0},{"damage_healed":0.0,"max_hp_gain":0.0,"max_hp_loss":0.0,"gold_gain":200.0,"event_name":"Wheel of Change","player_choice":"Gold","floor":22.0,"gold_loss":0.0,"damage_taken":0.0},{"cards_removed":["Defend_R"],"damage_healed":0.0,"max_hp_gain":0.0,"max_hp_loss":0.0,"gold_gain":0.0,"event_name":"Falling","player_choice":"Removed Skill","floor":37.0,"gold_loss":0.0,"damage_taken":0.0},{"damage_healed":0.0,"max_hp_gain":0.0,"max_hp_loss":0.0,"gold_gain":0.0,"event_name":"Mysterious Sphere","player_choice":"Fight","floor":38.0,"gold_loss":0.0,"damage_taken":0.0},{"damage_healed":0.0,"max_hp_gain":0.0,"max_hp_loss":0.0,"gold_gain":0.0,"event_name":"Tomb of Lord Red Mask","player_choice":"Ignored","floor":48.0,"gold_loss":0.0,"damage_taken":0.0}],"is_beta":false,"boss_relics":[{"not_picked":["Ectoplasm","Sozu"],"picked":"Coffee Dripper"},{"not_picked":["Velvet Choker","SacredBark"],"picked":"Empty Cage"}],"items_purged_floors":[21,54],"is_endless":false,"potions_floor_spawned":[1,8,12,14,19,24,28,30,38,42,44,55],"ascension_level":20}}