{"host":"nsu382cuivk29rjh","time":1610864829,"event":{"mods":["BaseMod","Downfall","Minty Spire (QoL Compilation)","StSLib"],"gold_per_floor":[99,117,133,146,146,174,199,99,249,37,37,64,35,48,65,164,164,164,164],"floor_reached":17,"language":"ZHS","playtime":670,"items_purged":["downfall:Icky"],"score":215,"play_id":"2590e45e-4fe7-4031-8fd7-e628eee0a679","local_time":"20210117142709","is_ascension_mode":false,"campfire_choices":[{"floor":1,"key":"RECALL"},{"data":"Guardian:TimeBomb","floor":8,"key":"SMITH"},{"data":"Guardian:CurlUp","floor":11,"key":"SMITH"}],"circlet_count":0,"master_deck":["Guardian:Defend_Guardian","Guardian:Defend_Guardian","Guardian:Defend_Guardian","Guardian:Defend_Guardian","Guardian:CurlUp+1","Guardian:TwinSlam","Guardian:EvasiveProtocol","Guardian:TimeBomb+1","Guardian:MultiBeam","Guardian:Clone","Guardian:Incinerate","Guardian:ConstructionForm","Guardian:PolyBeam","Guardian:BodySlam","Guardian:Gem_Red","Guardian:ArmoredProtocol","Guardian:ConstructionForm","Guardian:PrismaticBeam+1","Guardian:SpikerProtocol+1","Guardian:Recover+1"],"relics":["Runic Dome","Boot","Potion Belt","downfall:HeartBlessingRed","Membership Card","Bronze Scales","Astrolabe"],"acts_visited":["Exordium","TheCity"],"potions_floor_usage":[16],"damage_taken":[{"damage":0,"enemies":"Cultist","floor":2,"turns":4},{"damage":0,"enemies":"2 Louse","floor":3,"turns":3},{"damage":6,"enemies":"Jaw Worm","floor":4,"turns":4},{"damage":30,"enemies":"Gremlin Nob","floor":6,"turns":6},{"damage":0,"enemies":"downfall:FleeingMerchant","floor":10,"turns":4},{"damage":18,"enemies":"3 Sentries","floor":12,"turns":4},{"damage":0,"enemies":"downfall:FleeingMerchant","floor":13,"turns":4},{"damage":16,"enemies":"Large Slime","floor":14,"turns":3},{"damage":8,"enemies":"2 Fungi Beasts","floor":15,"turns":2},{"damage":0,"enemies":"SI_SHIV_ARCHETYPE","floor":16,"turns":5}],"seed_played":"2128572190506012712","potions_obtained":[{"floor":3,"key":"Fire Potion"},{"floor":6,"key":"Fire Potion"},{"floor":14,"key":"Dexterity Potion"},{"floor":15,"key":"SteroidPotion"},{"floor":16,"key":"Fire Potion"}],"is_trial":false,"path_per_floor":["R","M","M","M","?","E","T","R","?","$","R","E","$","M","M","B",null],"character_chosen":"GUARDIAN","items_purchased":["Membership Card","Guardian:Incinerate","Guardian:BodySlam"],"campfire_rested":0,"item_purchase_floors":[10,10,13],"current_hp_per_floor":[80,80,80,74,74,44,44,44,44,44,44,26,26,10,2,2,80,80,80],"gold":164,"neow_bonus":"BOSS_RELIC","is_daily":false,"chose_seed":false,"campfire_upgraded":2,"win_rate":0.0,"timestamp":1610864829,"path_taken":["R","M","M","?","?","E","T","R","?","?","R","E","$","M","M","BOSS"],"items_purchased_type":["Relic","Card","Card"],"build_version":"2020-12-22","purchased_purges":1,"victory":false,"max_hp_per_floor":[80,80,80,80,80,80,80,80,80,80,80,80,80,80,80,80,80,80,80],"card_choices":[{"not_picked":["Guardian:Reroute","Guardian:Suspension"],"picked":"Guardian:Gem_Green","floor":2},{"not_picked":["Guardian:SpikerProtocol","Guardian:TimeCapacitor"],"picked":"Guardian:EvasiveProtocol","floor":3},{"not_picked":["Guardian:WalkerClaw","Guardian:PrismaticBarrier"],"picked":"Guardian:TimeBomb","floor":4},{"not_picked":["Guardian:CrystalBeam","Guardian:FloatingOrbs"],"picked":"Guardian:MultiBeam","floor":6},{"not_picked":["Guardian:PrismaticBeam","Guardian:Reroute"],"picked":"Guardian:Clone","floor":10},{"not_picked":["Guardian:PrismaticBeam","Guardian:CrystalBeam"],"picked":"Guardian:ConstructionForm","floor":12},{"not_picked":["Guardian:Gem_Fragmented","Guardian:DecasProtection"],"picked":"Guardian:PolyBeam","floor":13},{"not_picked":["Guardian:SpikerProtocol","Guardian:MultiBeam"],"picked":"Guardian:Gem_Red","floor":14},{"not_picked":["Guardian:Gem_White","Guardian:Gem_Fragmented"],"picked":"Guardian:ArmoredProtocol","floor":15},{"not_picked":["Guardian:Gem_Orange","Guardian:BaubleBeam"],"picked":"Guardian:ConstructionForm","floor":16}],"player_experience":1139738,"relics_obtained":[{"floor":6,"key":"Boot"},{"floor":7,"key":"Potion Belt"},{"floor":12,"key":"Bronze Scales"}],"event_choices":[],"is_beta":false,"boss_relics":[{"not_picked":["Cursed Key","Fusion Hammer"],"picked":"Astrolabe"}],"items_purged_floors":[10],"is_endless":false,"potions_floor_spawned":[3,6,14,15,16],"ascension_level":0}}