{"host":"4cz9gr89nglr7k8k","time":1610843160,"event":{"mods":["BaseMod","Minty Spire (QoL Compilation)","Relic Stats","Slay-I"],"gold_per_floor":[114,132,282,16,34,34,64,78,78,104,104,21,51,15,15,90,90,100,16,16,16,36,36,36,0,0,0,14,14,28,44,44,44,44],"floor_reached":33,"language":"DEU","playtime":759,"items_purged":[],"score":531,"play_id":"c3c7bc61-8955-46ae-8b61-b5e558385c14","local_time":"20210117012600","is_ascension_mode":true,"campfire_choices":[{"data":"Immolate","floor":6,"key":"SMITH"},{"floor":11,"key":"REST"},{"floor":15,"key":"REST"},{"floor":23,"key":"REST"},{"floor":27,"key":"REST"},{"floor":29,"key":"REST"},{"floor":32,"key":"REST"}],"circlet_count":0,"master_deck":["AscendersBane","Defend_R","Defend_R","Defend_R","Defend_R","Bash","Flex","Uppercut","Doubt","Immolate+1","Flex","Dropkick","Clash","Bloodletting","Rupture","Pommel Strike","Infernal Blade","Bludgeon","Rampage","Rage","Shame","Power Through","Bite","Bite","Bite","Bite","Bite","Cleave","Bloodletting","Feed"],"relics":["Burning Blood","NeowsBlessing","Juzu Bracelet","Paper Frog","Du-Vu Doll","Torii","Fusion Hammer","Ginger"],"acts_visited":["Exordium","TheCity"],"potions_floor_usage":[10,10,16,22,30,30,33,33],"damage_taken":[{"damage":0,"enemies":"2 Louse","floor":1,"turns":1},{"damage":0,"enemies":"Small Slimes","floor":2,"turns":1},{"damage":0,"enemies":"Cultist","floor":5,"turns":1},{"damage":43,"enemies":"Gremlin Nob","floor":7,"turns":4},{"damage":18,"enemies":"Large Slime","floor":8,"turns":6},{"damage":20,"enemies":"Lagavulin","floor":10,"turns":3},{"damage":55,"enemies":"Slime Boss","floor":16,"turns":11},{"damage":25,"enemies":"Spheric Guardian","floor":18,"turns":4},{"damage":28,"enemies":"2 Thieves","floor":22,"turns":4},{"damage":49,"enemies":"Chosen and Byrds","floor":28,"turns":6},{"damage":14,"enemies":"3 Cultists","floor":30,"turns":4},{"damage":32,"enemies":"Cultist and Chosen","floor":31,"turns":4},{"damage":89,"enemies":"Collector","floor":33,"turns":7}],"seed_played":"9182688780161299190","potions_obtained":[{"floor":2,"key":"SteroidPotion"},{"floor":7,"key":"AttackPotion"},{"floor":10,"key":"SpeedPotion"},{"floor":18,"key":"Block Potion"},{"floor":22,"key":"EntropicBrew"},{"floor":28,"key":"AttackPotion"}],"is_trial":false,"path_per_floor":["M","M","?","$","M","R","E","M","T","E","R","?","?","$","R","B",null,"M","$","?","$","M","R","?","?","T","R","M","R","M","M","R","B"],"character_chosen":"IRONCLAD","items_purchased":["Immolate","Flex","Dropkick","Infernal Blade","Rage"],"campfire_rested":6,"item_purchase_floors":[4,4,4,14,19],"current_hp_per_floor":[74,75,75,75,75,75,38,26,26,12,34,34,34,34,56,7,58,39,39,39,39,19,41,41,41,41,63,30,52,50,30,52,0,0],"gold":44,"neow_bonus":"THREE_ENEMY_KILL","is_daily":false,"chose_seed":false,"campfire_upgraded":1,"win_rate":0.0,"timestamp":1610843160,"path_taken":["M","M","?","$","M","R","E","M","T","E","R","?","?","$","R","BOSS","M","$","?","$","M","R","?","?","T","R","M","R","M","M","R","BOSS"],"items_purchased_type":["Card","Card","Card","Card","Card"],"build_version":"2020-12-22","purchased_purges":0,"victory":false,"max_hp_per_floor":[75,75,75,75,75,75,75,75,75,75,75,75,75,75,75,75,75,75,75,75,75,75,75,75,75,75,75,75,75,75,75,75,75,75],"relic_stats":{"Torii":2,"counters":[13,56],"Juzu Bracelet":1,"Ginger":[13],"obtain_stats":[{"Du-Vu Doll":10,"Blood Vial":20,"NeowsBlessing":0,"Torii":12,"Fusion Hammer":17,"Juzu Bracelet":7,"Ginger":26,"Burning Blood":0,"Paper Frog":9},{"Du-Vu Doll":6,"Blood Vial":8,"NeowsBlessing":0,"Torii":6,"Fusion Hammer":7,"Juzu Bracelet":4,"Ginger":9,"Burning Blood":0,"Paper Frog":5},{"Du-Vu Doll":16,"Blood Vial":31,"NeowsBlessing":0,"Torii":16,"Fusion Hammer":27,"Juzu Bracelet":7,"Ginger":35,"Burning Blood":0,"Paper Frog":13}],"Burning Blood":61},"card_choices":[{"not_picked":["Rage","Headbutt"],"picked":"Flex","floor":1},{"not_picked":["Havoc","Shrug It Off"],"picked":"Uppercut","floor":2},{"not_picked":["Clothesline","True Grit"],"picked":"Clash","floor":5},{"not_picked":["Headbutt","Dark Embrace"],"picked":"Bloodletting","floor":7},{"not_picked":["Sever Soul","Warcry"],"picked":"Rupture","floor":8},{"not_picked":["Fire Breathing","Body Slam"],"picked":"Pommel Strike","floor":10},{"not_picked":["Double Tap","Brutality"],"picked":"Bludgeon","floor":16},{"not_picked":["Armaments","Rupture"],"picked":"Rampage","floor":18},{"not_picked":["Hemokinesis","Twin Strike"],"picked":"Power Through","floor":22},{"not_picked":["Armaments","Dropkick+1"],"picked":"Cleave","floor":28},{"not_picked":["Warcry","Iron Wave+1"],"picked":"Bloodletting","floor":30},{"not_picked":["Twin Strike","Shrug It Off"],"picked":"Feed","floor":31}],"player_experience":1508371,"relics_obtained":[{"floor":7,"key":"Juzu Bracelet"},{"floor":9,"key":"Paper Frog"},{"floor":10,"key":"Du-Vu Doll"},{"floor":26,"key":"Ginger"}],"event_choices":[{"damage_healed":0,"gold_gain":150,"player_choice":"AGREE","damage_taken":0,"max_hp_gain":0,"max_hp_loss":0,"event_name":"Liars Game","floor":3,"gold_loss":0,"cards_obtained":["Doubt"]},{"damage_healed":0,"gold_gain":0,"player_choice":"Paid Gold","damage_taken":0,"relics_obtained":["Torii"],"max_hp_gain":0,"max_hp_loss":0,"event_name":"WeMeetAgain","floor":12,"gold_loss":83},{"damage_healed":0,"gold_gain":30,"player_choice":"Searched \u00271\u0027 times","damage_taken":0,"max_hp_gain":0,"max_hp_loss":0,"event_name":"Dead Adventurer","floor":13,"gold_loss":0},{"damage_healed":0,"gold_gain":0,"player_choice":"Stole Relic","damage_taken":0,"relics_obtained":["Blood Vial"],"max_hp_gain":0,"max_hp_loss":0,"event_name":"Addict","floor":20,"gold_loss":0,"cards_obtained":["Shame"]},{"damage_healed":0,"gold_gain":0,"player_choice":"Became a vampire (Vial)","damage_taken":0,"max_hp_gain":0,"max_hp_loss":0,"event_name":"Vampires","floor":24,"relics_lost":["Blood Vial"],"gold_loss":0,"cards_obtained":["Bite","Bite","Bite","Bite","Bite"]},{"damage_healed":0,"gold_gain":0,"player_choice":"Paid Fearfully","damage_taken":0,"max_hp_gain":0,"max_hp_loss":0,"event_name":"Masked Bandits","floor":25,"gold_loss":36}],"is_beta":false,"boss_relics":[{"not_picked":["Runic Cube","Snecko Eye"],"picked":"Fusion Hammer"}],"items_purged_floors":[],"is_endless":false,"potions_floor_spawned":[2,7,10,18,22,28],"killed_by":"Collector","ascension_level":20}}