{"host":"wla5uxrv49kym2go","time":1610884934,"event":{"mods":["BaseMod","Minty Spire (QoL Compilation)","StSLib","SuperFastMode"],"gold_per_floor":[212,212,281,204,223,273,273,323,400,450,500,500,516,532,532,637,637,649,699,624,674,724,724,469,464,464,523,269,355,373,398,398,503,539,561,620,892,942,1019,1019,1018,1042,1068,800,822,841,852,752,752,752],"floor_reached":51,"language":"KOR","playtime":1557,"items_purged":["Strike_R","Defend_R","Rupture","Evolve"],"score":710,"play_id":"0ff6c1d7-34b9-43ad-b806-a4c50dbd49d8","local_time":"20210117210214","is_ascension_mode":false,"campfire_choices":[{"data":"Flex","floor":7,"key":"SMITH"},{"data":"Shrug It Off","floor":12,"key":"SMITH"},{"data":"Clash","floor":15,"key":"SMITH"},{"data":"Sword Boomerang","floor":23,"key":"SMITH"},{"data":"Searing Blow+1","floor":32,"key":"SMITH"},{"data":"Searing Blow+3","floor":40,"key":"SMITH"},{"floor":49,"key":"REST"}],"circlet_count":0,"master_deck":["Bash","Sword Boomerang+1","Flex+1","Sentinel","Shrug It Off+1","Clash+1","Flex+1","Demon Form","Infernal Blade+1","Seeing Red+1","Heavy Blade","Havoc+1","RitualDagger+1","Searing Blow+4","Armaments+1","Limit Break+1","Carnage+1","Headbutt+1","Havoc+1","Master of Strategy+1","Inflame+1","Heavy Blade+1","Pommel Strike+1"],"relics":["Burning Blood","SsserpentHead","Toxic Egg 2","Toy Ornithopter","Eternal Feather","Runic Cube","CeramicFish","Orichalcum","Molten Egg 2","Bag of Preparation","Red Mask","Pandora\u0027s Box","Frozen Egg 2","Strawberry","Ancient Tea Set"],"acts_visited":["Exordium","TheCity","TheBeyond"],"potions_floor_usage":[16,33,50],"damage_taken":[{"damage":10,"enemies":"Jaw Worm","floor":1,"turns":4},{"damage":1,"enemies":"Cultist","floor":3,"turns":3},{"damage":0,"enemies":"2 Louse","floor":5,"turns":2},{"damage":20,"enemies":"Large Slime","floor":13,"turns":9},{"damage":0,"enemies":"Looter","floor":14,"turns":2},{"damage":60,"enemies":"The Guardian","floor":16,"turns":14},{"damage":17,"enemies":"Spheric Guardian","floor":18,"turns":4},{"damage":4,"enemies":"2 Thieves","floor":25,"turns":4},{"damage":3,"enemies":"Masked Bandits","floor":29,"turns":3},{"damage":6,"enemies":"3 Cultists","floor":30,"turns":3},{"damage":16,"enemies":"Chosen and Byrds","floor":31,"turns":6},{"damage":73,"enemies":"Collector","floor":33,"turns":8},{"damage":23,"enemies":"3 Darklings","floor":35,"turns":6},{"damage":4,"enemies":"3 Shapes","floor":39,"turns":2},{"damage":29,"enemies":"Jaw Worm Horde","floor":42,"turns":3},{"damage":7,"enemies":"Spire Growth","floor":45,"turns":3},{"damage":9,"enemies":"4 Shapes","floor":46,"turns":3},{"damage":0,"enemies":"3 Darklings","floor":47,"turns":2},{"damage":47,"enemies":"Awakened One","floor":50,"turns":5}],"seed_played":"-7662046570452483781","potions_obtained":[{"floor":5,"key":"Strength Potion"},{"floor":13,"key":"BloodPotion"},{"floor":25,"key":"CultistPotion"},{"floor":29,"key":"ColorlessPotion"},{"floor":30,"key":"Regen Potion"},{"floor":35,"key":"SpeedPotion"},{"floor":42,"key":"BloodPotion"}],"is_trial":false,"path_per_floor":["M","?","M","$","M","?","R","?","T","T","?","R","M","M","R","B",null,"M","?","$","?","?","R","$","M","T","?","$","?","M","M","R","B",null,"M","?","?","?","M","R","?","M","T","$","M","M","M","$","R","B",null],"character_chosen":"IRONCLAD","items_purchased":["Sentinel","Orichalcum","Seeing Red+1","Heavy Blade","Bag of Preparation","Ancient Tea Set"],"campfire_rested":1,"item_purchase_floors":[4,24,24,24,28,44],"current_hp_per_floor":[76,76,80,80,80,80,80,73,73,73,73,79,65,71,77,44,80,69,69,69,69,69,75,75,77,77,71,71,74,74,64,73,11,80,63,63,63,63,65,77,77,54,61,61,60,57,63,63,87,50],"gold":752,"neow_bonus":"HUNDRED_GOLD","is_daily":false,"chose_seed":false,"campfire_upgraded":6,"win_rate":0.0,"timestamp":1610884934,"path_taken":["M","?","?","$","M","?","R","?","T","?","?","R","M","M","R","BOSS","M","?","$","?","?","R","$","M","T","?","$","?","M","M","R","BOSS","M","?","?","?","?","R","?","M","T","$","M","M","M","?","R","BOSS"],"items_purchased_type":["Card","Relic","Card","Card","Relic","Relic"],"build_version":"2020-12-22","purchased_purges":4,"victory":true,"max_hp_per_floor":[80,80,80,80,80,80,80,80,80,80,80,80,80,80,80,80,80,80,80,80,80,80,80,80,80,80,80,80,80,80,80,80,80,80,80,80,80,80,80,80,80,80,87,87,87,87,87,87,87,87],"card_choices":[{"not_picked":["Perfected Strike","Uppercut"],"picked":"Sword Boomerang","floor":1},{"not_picked":["Twin Strike","Body Slam"],"picked":"Flex","floor":3},{"not_picked":["Anger","Dropkick"],"picked":"Shrug It Off","floor":5},{"not_picked":["Hemokinesis","Power Through+1"],"picked":"Clash","floor":13},{"not_picked":["Second Wind+1","Clothesline"],"picked":"Flex+1","floor":14},{"not_picked":["Reaper","Bludgeon"],"picked":"Demon Form","floor":16},{"not_picked":["Armaments+1","Shockwave+1"],"picked":"Infernal Blade+1","floor":18},{"not_picked":["Power Through+1","Thunderclap+1"],"picked":"Havoc+1","floor":25},{"not_picked":["Fire Breathing","Pummel+1"],"picked":"Searing Blow+1","floor":29},{"not_picked":["Clash+1","Pummel+1","Combust"],"picked":"SKIP","floor":30},{"not_picked":["Berserk","Infernal Blade+1"],"picked":"Armaments+1","floor":31},{"not_picked":["Offering+1","Berserk"],"picked":"Limit Break+1","floor":33},{"not_picked":["Sever Soul+1","Metallicize"],"picked":"Havoc+1","floor":35},{"not_picked":["Transmutation+1","Metamorphosis+1"],"picked":"Master of Strategy+1","floor":36},{"not_picked":["Searing Blow+1","Sentinel+1"],"picked":"Inflame+1","floor":39},{"not_picked":["Clothesline+1","Power Through+1"],"picked":"Heavy Blade+1","floor":42},{"not_picked":["Thunderclap+1","Clash+1"],"picked":"Pommel Strike+1","floor":45},{"not_picked":["Heavy Blade+1","Wild Strike+1","Clothesline+1"],"picked":"SKIP","floor":46},{"not_picked":["Searing Blow+1","Pummel+1","Burning Pact+1"],"picked":"SKIP","floor":47}],"player_experience":194116,"relics_obtained":[{"floor":9,"key":"Toxic Egg 2"},{"floor":10,"key":"Toy Ornithopter"},{"floor":26,"key":"Molten Egg 2"},{"floor":29,"key":"Red Mask"},{"floor":43,"key":"Strawberry"}],"event_choices":[{"damage_healed":0,"gold_gain":0,"player_choice":"Trade","damage_taken":0,"relics_obtained":["SsserpentHead"],"max_hp_gain":0,"max_hp_loss":0,"event_name":"FaceTrader","floor":2,"gold_loss":0},{"cards_removed":["Defend_R"],"damage_healed":0,"gold_gain":0,"player_choice":"Forget","damage_taken":0,"max_hp_gain":0,"max_hp_loss":0,"event_name":"Living Wall","floor":6,"gold_loss":0},{"cards_removed":["Strike_R"],"damage_healed":0,"gold_gain":0,"player_choice":"Card Removal","damage_taken":7,"max_hp_gain":0,"max_hp_loss":0,"event_name":"Golden Wing","floor":8,"gold_loss":0},{"damage_healed":0,"gold_gain":0,"player_choice":"Searched \u00271\u0027 times","damage_taken":0,"relics_obtained":["Eternal Feather"],"max_hp_gain":0,"max_hp_loss":0,"event_name":"Dead Adventurer","floor":11,"gold_loss":0},{"damage_healed":0,"gold_gain":0,"player_choice":"Opened","damage_taken":0,"relics_obtained":["CeramicFish"],"max_hp_gain":0,"max_hp_loss":0,"event_name":"The Mausoleum","floor":19,"gold_loss":0},{"damage_healed":0,"gold_gain":0,"player_choice":"Ignored","damage_taken":0,"max_hp_gain":0,"max_hp_loss":0,"event_name":"Ghosts","floor":21,"gold_loss":0},{"cards_removed":["Strike_R"],"damage_healed":0,"gold_gain":0,"player_choice":"Elegance","damage_taken":0,"max_hp_gain":0,"max_hp_loss":0,"event_name":"Back to Basics","floor":22,"gold_loss":0},{"damage_healed":0,"gold_gain":0,"player_choice":"Joined the Cult","damage_taken":6,"max_hp_gain":0,"max_hp_loss":0,"event_name":"Nest","floor":27,"gold_loss":0,"cards_obtained":["RitualDagger"]},{"damage_healed":0,"gold_gain":0,"player_choice":"Fought Bandits","damage_taken":0,"max_hp_gain":0,"max_hp_loss":0,"event_name":"Masked Bandits","floor":29,"gold_loss":0},{"damage_healed":0,"gold_gain":0,"player_choice":"Memory 1","damage_taken":0,"max_hp_gain":0,"max_hp_loss":0,"event_name":"SensoryStone","floor":36,"gold_loss":0},{"damage_healed":0,"gold_gain":222,"player_choice":"Wore Mask","damage_taken":0,"max_hp_gain":0,"max_hp_loss":0,"event_name":"Tomb of Lord Red Mask","floor":37,"gold_loss":0},{"damage_healed":0,"gold_gain":0,"player_choice":"Upgraded","damage_taken":0,"max_hp_gain":0,"max_hp_loss":0,"event_name":"Upgrade Shrine","floor":38,"gold_loss":0,"cards_upgraded":["Searing Blow"]},{"damage_healed":0,"gold_gain":0,"player_choice":"Paid Gold","damage_taken":0,"relics_obtained":["Frozen Egg 2"],"max_hp_gain":0,"max_hp_loss":0,"event_name":"WeMeetAgain","floor":41,"gold_loss":51}],"is_beta":false,"boss_relics":[{"not_picked":["Fusion Hammer","Coffee Dripper"],"picked":"Runic Cube"},{"not_picked":["SacredBark","Tiny House"],"picked":"Pandora\u0027s Box"}],"items_purged_floors":[20,28,44,48],"is_endless":false,"potions_floor_spawned":[5,13,25,29,30,35,39,42],"ascension_level":0}}