{"host":"me6mz5vfpl3z3a3z","time":1610867177,"event":{"mods":["ATMod(°¢èªMod)","Act Like it!","Aspiration","BaseMod","CapriCore","Downfall","Energized Spire","Friendly Minions","Gensokyo","Hallownest","Koishi","Luminous","Marisa£¨ìFÓê¡¡Ä§ÀíÉ³£©","Minty Spire (QoL Compilation)","Reimu£¨²©ÀöÁéÃÎ£©","RumiaBox-Â¶Ã×æ«µÄÉñÃØºÐ×Ó","Spicy Shops","StSLib","The Alterego","The Blackbeard","The Bug Knight","The Cursed","The Gatherer","The Runesmith","The Showman","Yakumo Yukari mod","Yuyuko","[IsaacMod]ÒÔÈö¼âËþ","¡¾¹¦ÄÜMod¡¿»ìãçÖ®»·ÐÞ¸´²¹¶¡"],"gold_per_floor":[99,112,129,159,334,352,376,389,27,38,48,82,94,170,70,88,40,57,67,84,84,84,99,117,117,117,136,156,176,176,176],"floor_reached":16,"language":"ZHS","playtime":1665,"items_purged":[],"score":172,"play_id":"39f08690-6223-4e8c-992b-7abc7937232f","local_time":"20210117150617","is_ascension_mode":false,"campfire_choices":[{"floor":1,"key":"RECALL"},{"data":"Luminous:Date_of_Light_Luminous","floor":1,"key":"SMITH"}],"circlet_count":0,"master_deck":["Luminous:Light_Flash_Shower","Luminous:Light_Flash_Shower","Luminous:Light_Flash_Shower","Luminous:Dark_Abyssal_Drop+1","Luminous:Dark_Abyssal_Drop","Luminous:Dark_Abyssal_Drop","Luminous:Defend_Luminous","Luminous:Defend_Luminous","Luminous:Defend_Luminous","Luminous:Defend_Luminous","Luminous:Switch_Luminous","AT_FamilyPortrait","Luminous:Light_Glare","Luminous:Light_Sylvan_Lance","Luminous:Date_of_Light_Luminous+1","Luminous:Light_Gather","Luminous:Magic_Boost_Luminous","Luminous:Dark_Crescendo_Luminous","Luminous:Dusk_Guard_Luminous","Luminous:Concentrate_Luminous","Luminous:Freud_Wisdom1_Luminous","AT_FamilyPortrait","Luminous:Balance_Death_Scythe+1","Luminous:Light_Ray_of_Redemption","Luminous:Photic_Meditation_Luminous","Luminous:Magic_Accelerate_Luminous"],"relics":["Luminous:MirrorRelic","HushsDoor","AT_ATBox","SteamSale","GodSword4","Omamori","Question Card","Mastiff:ReiMu","downfall:HeartBlessingRed","Toolbox","AnarchistCookbook","Potion Belt","Lantern"],"acts_visited":["Exordium"],"potions_floor_usage":[13,13,6,16,16],"damage_taken":[{"damage":7,"enemies":"Small Slimes","floor":2,"turns":3},{"damage":1,"enemies":"Jaw Worm","floor":3,"turns":3},{"damage":0,"enemies":"downfall:FleeingMerchant","floor":5,"turns":1},{"damage":0,"enemies":"Cultist","floor":6,"turns":2},{"damage":8,"enemies":"Exordium Thugs","floor":8,"turns":4},{"damage":6,"enemies":"Lots of Slimes","floor":10,"turns":3},{"damage":5,"enemies":"Blue Slaver","floor":11,"turns":3},{"damage":0,"enemies":"HollowMod:MossKnight","floor":12,"turns":7},{"damage":6,"enemies":"Gremlin Gang","floor":13,"turns":2},{"damage":0,"enemies":"Cultist","floor":2,"turns":3},{"damage":3,"enemies":"Small Slimes","floor":4,"turns":6},{"damage":0,"enemies":"2 Louse","floor":5,"turns":1},{"damage":4,"enemies":"Gremlin Gang","floor":6,"turns":3},{"damage":7,"enemies":"3 Louse","floor":9,"turns":3},{"damage":14,"enemies":"2 Fungi Beasts","floor":10,"turns":3},{"damage":0,"enemies":"Exordium Thugs","floor":13,"turns":3},{"damage":16,"enemies":"Exordium Wildlife","floor":14,"turns":3},{"damage":0,"enemies":"3 Louse","floor":15,"turns":2},{"damage":35,"enemies":"DF_ARCHETYPE_CLAW","floor":16,"turns":3}],"seed_played":"-416649632839828751","potions_obtained":[{"floor":6,"key":"SpeedPotion"},{"floor":11,"key":"Fire Potion"},{"floor":12,"key":"AttackPotion"},{"floor":13,"key":"Dexterity Potion"},{"floor":4,"key":"AttackPotion"},{"floor":9,"key":"SkillPotion"},{"floor":15,"key":"Energy Potion"}],"is_trial":false,"path_per_floor":["R","M","M","?","$","M","T","M","$","M","M","E","M","T","M","R","M","$","M","M","M","T","?","M","M","?","?","M","M","M","B"],"character_chosen":"LuminousClass","items_purchased":["GodSword4","Question Card","Luminous:Dark_Crescendo_Luminous","Toolbox","AT_FamilyPortrait"],"campfire_rested":0,"item_purchase_floors":[5,9,9,3,3],"current_hp_per_floor":[82,75,74,74,74,74,74,66,66,60,55,55,49,49,82,82,82,79,79,75,75,60,53,39,32,32,32,19,22,0,0],"gold":176,"neow_bonus":"TEN_PERCENT_HP_BONUS","is_daily":false,"chose_seed":false,"campfire_upgraded":1,"win_rate":0.0,"timestamp":1610867177,"path_taken":["R","M","M","?","?","?","T","M","?","M","M","E","M","?","M","R","M","$","M","M","M","T","?","M","M","?","?","M","?","M","BOSS"],"items_purchased_type":["Relic","Relic","Card","Relic","Card"],"build_version":"2020-12-22","purchased_purges":0,"victory":false,"max_hp_per_floor":[82,82,82,82,82,82,82,82,82,82,82,82,82,82,82,82,82,82,82,82,82,82,82,82,82,82,82,82,82,82,82],"card_choices":[{"not_picked":["Luminous:Hero_Will_Luminous","Luminous:Magic_Guard_Luminous"],"picked":"Luminous:Light_Glare","floor":2},{"not_picked":["Luminous:Dark_Moonlight_Spear","Luminous:Dark_Pressure_Void"],"picked":"Luminous:Light_Sylvan_Lance","floor":3},{"not_picked":["Luminous:Dark_Dim_Erosion","Luminous:Light_Wash_Luminous"],"picked":"Luminous:Date_of_Light_Luminous","floor":5},{"not_picked":["Bomb","Luminous:Blinding_Pillar_Luminous"],"picked":"Luminous:Light_Gather","floor":6},{"not_picked":["Luminous:Light_Wash_Luminous","Luminous:Dark_Pressure_Void"],"picked":"Luminous:Magic_Boost_Luminous","floor":8},{"not_picked":["Luminous:Light_Disperse","Luminous:Light_Gather","Luminous:Dark_Raid"],"picked":"Luminous:Dusk_Guard_Luminous","floor":10},{"not_picked":["Luminous:Magic_Accelerate_Luminous","Luminous:Dark_Raid","Luminous:Dark_Pressure_Void"],"picked":"Luminous:Concentrate_Luminous","floor":11},{"not_picked":["Luminous:Dark_Pressure_Void","Luminous:Concentrate_Luminous","Luminous:Light_Disperse"],"picked":"Luminous:Freud_Wisdom1_Luminous","floor":12},{"not_picked":["Luminous:Dark_Pressure_Void","Luminous:Dark_Dim_Erosion","Luminous:Light_Sylvan_Lance","Luminous:Fast_Spell_Luminous"],"picked":"SKIP","floor":13},{"not_picked":["Luminous:Blinding_Pillar_Luminous","Luminous:Light_Disperse","Luminous:Light_Gather","Luminous:Light_Wash_Luminous"],"picked":"SKIP","floor":2},{"not_picked":["Luminous:Chase_Spell_Luminous","Luminous:Light_Wash_Luminous","Luminous:Flash_Blink_Luminous","Luminous:Light_Track"],"picked":"SKIP","floor":4},{"not_picked":["Luminous:Magic_Boost_Luminous","Luminous:Date_of_Light_Luminous","Luminous:Light_Ray_of_Redemption","Luminous:Tune_Luminous"],"picked":"SKIP","floor":5},{"not_picked":["Luminous:Dark_Dim_Erosion","Luminous:Sympathy_Luminous","Luminous:Accumulation_Luminous"],"picked":"Luminous:Balance_Death_Scythe","floor":6},{"not_picked":["Luminous:Light_Disperse","Luminous:Dark_Pressure_Void","Luminous:Light_Track"],"picked":"Luminous:Light_Ray_of_Redemption","floor":9},{"not_picked":["Luminous:Light_Glare","Luminous:Light_Ray_of_Redemption","Luminous:Phantom_Treasure_Luminous","Luminous:Date_of_Light_Luminous"],"picked":"SKIP","floor":10},{"not_picked":["Luminous:Lights_Protection_Luminous","Luminous:Phantom_Treasure_Luminous","Luminous:Concentrate_Luminous","Luminous:Darks_Surge_Luminous"],"picked":"SKIP","floor":13},{"not_picked":["Luminous:Balance_Ender","Luminous:Dark_Arcane_Pitch","Luminous:Accumulation_Luminous"],"picked":"Luminous:Photic_Meditation_Luminous","floor":14},{"not_picked":["Luminous:Light_Sylvan_Lance","Luminous:Light_Gather","Luminous:Dark_Pressure_Void"],"picked":"Luminous:Magic_Accelerate_Luminous","floor":15}],"player_experience":440327,"relics_obtained":[{"floor":7,"key":"Omamori"},{"floor":12,"key":"Mastiff:ReiMu"},{"floor":7,"key":"AnarchistCookbook"}],"event_choices":[{"damage_healed":0,"gold_gain":0,"player_choice":"Success","damage_taken":7,"relics_obtained":["Lantern"],"max_hp_gain":0,"max_hp_loss":0,"event_name":"Scrap Ooze","floor":11,"gold_loss":0}],"is_beta":false,"boss_relics":[],"items_purged_floors":[],"is_endless":false,"potions_floor_spawned":[6,11,12,13,4,9,15],"killed_by":"DF_ARCHETYPE_CLAW","ascension_level":0}}