{"host":"cmxkjr0hek4mqvmn","time":1610864411,"event":{"mods":["BaseMod","Beaked The Cultist","Better Match","Better Skull","Better Third Choice","BetterRewards","Clawfect","Colored Map","Displayed Cursed Tome","Duelist Mod","GifTheSpireLib","Hermit","Hubris","JesterMod","Mimic Mod","Minty Spire (QoL Compilation)","Quick Restart","Robot Space Explorer","StSLib","The Bladedancer","The Blue Laboratory","The Cursed","Thieving Mod","Waifu the Spire"],"gold_per_floor":[109,45,45,59,73,104,104,104,104,29,29,59,59,74,74,177,177,197,215,242,242,252,44,55,89,161,161,175,175,35,49,49,153,153,166,166,185,35,50,50,50,61,85,85,104,25,25,25,25,25],"floor_reached":51,"language":"ENG","playtime":2988,"items_purged":[],"score":725,"play_id":"3a9447f7-b4e5-46bb-a6c1-53d59d1837ab","local_time":"20210117012011","is_ascension_mode":false,"campfire_choices":[{"data":"Tempest","floor":8,"key":"SMITH"},{"data":"Stack","floor":11,"key":"SMITH"},{"floor":15,"key":"REST"},{"data":"hubris:DuctTapeCard","floor":27,"key":"SMITH"},{"floor":29,"key":"REST"},{"data":"Electrodynamics","floor":32,"key":"SMITH"},{"data":"hubris:EnhanceAbility","floor":40,"key":"SMITH"},{"floor":49,"key":"REST"}],"circlet_count":0,"master_deck":["Gash","Gash","Gash","Gash+1","Gash","Defend_B","Defend_B","Defend_B","Defend_B","Tempest+1","Conserve Battery+1","Capacitor","Stack+1","Leap","Clawfect:ClawForTheEyes","Genetic Algorithm","Chill","Clawfect:Clawter","Clawfect:ClawLightning","Clawfect:ClawLightning","Clawfect:ClawingBeam","Clawfect:Clawrage","Clawfect:ClawForTheEyes","hubris:DuctTapeCard+2","Defragment+1","Electrodynamics+1","Clawfect:Clawrage","Electrodynamics","Clawfect:Clawrage+1","hubris:EnhanceAbility+1","Blind","Enlightenment","Conserve Battery+1","Capacitor+1","Buffer","hubris:Ukulele"],"relics":["Clawfect:DRClaw","Anchor","Omamori","Pantograph","Sundial","WarpedTongs","hubris:ScarierMask","Red Mask","Blood Vial","hubris:DuctTape","Calling Bell","Happy Flower","hubris:RGBLights","hubris:Zylophone","hubris:ToyBattleship"],"acts_visited":["Exordium","TheCity","TheBeyond"],"potions_floor_usage":[12,12,16,16,18,24,24,25,28,33,35,45,50,50,50],"damage_taken":[{"damage":1.0,"enemies":"Cultist","floor":1.0,"turns":4.0},{"damage":12.0,"enemies":"2 Louse","floor":4.0,"turns":4.0},{"damage":2.0,"enemies":"Small Slimes","floor":5.0,"turns":4.0},{"damage":24.0,"enemies":"Lagavulin","floor":6.0,"turns":6.0},{"damage":20,"enemies":"Gremlin Nob","floor":12,"turns":5},{"damage":0,"enemies":"Blue Slaver","floor":14,"turns":4},{"damage":26,"enemies":"The Guardian","floor":16,"turns":10},{"damage":20,"enemies":"Spheric Guardian","floor":18,"turns":6},{"damage":0,"enemies":"3 Byrds","floor":19,"turns":5},{"damage":18,"enemies":"Masked Bandits","floor":20,"turns":6},{"damage":0,"enemies":"3 Cultists","floor":22,"turns":5},{"damage":0,"enemies":"Cultist and Chosen","floor":24,"turns":4},{"damage":4,"enemies":"Slavers","floor":25,"turns":5},{"damage":18,"enemies":"Snake Plant","floor":28,"turns":3},{"damage":2,"enemies":"Centurion and Healer","floor":31,"turns":4},{"damage":36,"enemies":"Champ","floor":33,"turns":7},{"damage":0,"enemies":"Orb Walker","floor":35,"turns":4},{"damage":11,"enemies":"3 Darklings","floor":37,"turns":4},{"damage":5,"enemies":"Jaw Worm Horde","floor":39,"turns":3},{"damage":26,"enemies":"Spire Growth","floor":42,"turns":4},{"damage":6,"enemies":"Writhing Mass","floor":45,"turns":6},{"damage":81,"enemies":"hubris:GrandSnecko","floor":50,"turns":14}],"seed_played":"-4314133574859156160","potions_obtained":[{"floor":4.0,"key":"SteroidPotion"},{"floor":6.0,"key":"PotionOfCapacity"},{"floor":14,"key":"Weak Potion"},{"floor":16,"key":"blueLaboratory:RelayPotion"},{"floor":20,"key":"blueLaboratory:BottledHope"},{"floor":24,"key":"blueLaboratory:RelayPotion"},{"floor":31,"key":"FearPotion"},{"floor":33,"key":"Energy Potion"},{"floor":45,"key":"SkillPotion"}],"is_trial":false,"path_per_floor":["M","?","$","M","M","E","?","R","T","$","R","E","?","M","R","B",null,"M","M","?","?","M","$","M","E","T","R","M","R","$","M","R","B",null,"M","?","M","$","M","R","?","M","T","?","M","$","?","$","R","B",null],"character_chosen":"DEFECT","items_purchased":["Leap","BlessingOfTheForge","DistilledChaos","Dramatic Entrance","Fire Potion","Electrodynamics","Energy Potion","blueLaboratory:CoolantVial","FearPotion","hubris:Ukulele"],"campfire_rested":3,"item_purchase_floors":[10,10,23,23,23,30,38,38,38,46],"current_hp_per_floor":[81,81,81,69,67,43,27,27,27,27,27,7,7,7,31,30,82,62,62,44,44,44,44,44,40,40,40,24,48,48,48,48,39,82,82,72,63,63,60,60,60,36,36,36,32,32,32,32,56,1],"gold":25,"neow_bonus":"TEN_PERCENT_HP_BONUS","is_daily":false,"chose_seed":false,"campfire_upgraded":5,"win_rate":0.0,"timestamp":1610864411,"path_taken":["M","?","?","M","?","E","?","R","T","$","R","E","?","?","R","BOSS","M","M","?","?","M","$","M","E","T","R","M","R","$","M","R","BOSS","M","?","M","?","M","R","?","?","T","?","M","?","?","$","R","BOSS"],"items_purchased_type":["Card","Potion","Potion","Card","Potion","Card","Potion","Potion","Potion","Card"],"build_version":"2020-12-22","purchased_purges":0,"victory":true,"max_hp_per_floor":[82,82,82,82,82,82,82,82,82,82,82,82,82,82,82,82,82,82,82,82,82,82,82,82,82,82,82,82,82,82,82,82,82,82,82,82,82,82,82,82,82,82,82,82,82,82,82,82,82,82],"card_choices":[{"not_picked":["Turbo","Coolheaded"],"picked":"Tempest","floor":1.0},{"not_picked":["Consume","Glacier"],"picked":"Conserve Battery","floor":4.0},{"not_picked":["Hologram","Undo"],"picked":"Capacitor","floor":5.0},{"not_picked":["Undo","Turbo"],"picked":"Stack","floor":6.0},{"not_picked":["Aggregate","Heatsinks"],"picked":"Clawfect:ClawForTheEyes","floor":12},{"not_picked":["Turbo","Clawfect:ClawCell"],"picked":"Genetic Algorithm","floor":14},{"not_picked":["Amplify","Meteor Strike"],"picked":"Seek","floor":16},{"not_picked":["Turbo+1","Clawfect:ClawpileDriver"],"picked":"Chill","floor":18},{"not_picked":["Lockon+1","Hologram"],"picked":"Clawfect:Clawter","floor":19},{"not_picked":["Rebound","Recycle+1"],"picked":"Clawfect:ClawLightning","floor":20},{"not_picked":["Redo","Leap"],"picked":"Clawfect:ClawingBeam","floor":22},{"not_picked":["hubris:Prefetch","Glacier"],"picked":"Clawfect:Clawrage","floor":24},{"not_picked":["Gash","Stack+1"],"picked":"Clawfect:ClawForTheEyes","floor":25},{"not_picked":["Blizzard","FTL"],"picked":"Defragment","floor":28},{"not_picked":["Rebound","Clawfect:ClawLightning"],"picked":"Clawfect:Clawrage","floor":31},{"not_picked":["Buffer","Hyperbeam"],"picked":"Electrodynamics","floor":33},{"not_picked":["Redo+1","Recycle"],"picked":"Clawfect:Clawrage+1","floor":35},{"not_picked":["Dramatic Entrance","hubris:Insight"],"picked":"hubris:EnhanceAbility","floor":36},{"not_picked":["HandOfGreed","Secret Weapon"],"picked":"Blind","floor":36},{"not_picked":["HandOfGreed","PanicButton"],"picked":"Enlightenment","floor":36},{"not_picked":["Steam","Lockon"],"picked":"Conserve Battery+1","floor":37},{"not_picked":["Hologram+1","Turbo","Stack+1"],"picked":"SKIP","floor":39},{"not_picked":["Skim+1","Steam+1"],"picked":"Capacitor+1","floor":42},{"not_picked":["Sunder","Consume"],"picked":"Buffer","floor":45}],"player_experience":600391,"relics_obtained":[{"floor":6.0,"key":"Omamori"},{"floor":9,"key":"Pantograph"},{"floor":12,"key":"Sundial"},{"floor":20,"key":"Red Mask"},{"floor":25,"key":"Blood Vial"},{"floor":26,"key":"hubris:DuctTape"},{"floor":34,"key":"Happy Flower"},{"floor":34,"key":"hubris:RGBLights"},{"floor":34,"key":"hubris:Zylophone"},{"floor":43,"key":"hubris:ToyBattleship"}],"event_choices":[{"damage_healed":0.0,"max_hp_gain":0.0,"max_hp_loss":0.0,"gold_gain":0.0,"event_name":"WeMeetAgain","player_choice":"Paid Gold","floor":2.0,"gold_loss":64.0,"damage_taken":0.0,"relics_obtained":["Anchor"]},{"damage_healed":43,"gold_gain":0,"player_choice":"Upgrade","damage_taken":16,"max_hp_gain":0,"max_hp_loss":82,"event_name":"betterThird:BetterShining","floor":7,"gold_loss":0,"cards_upgraded":["Conserve Battery","Gash"]},{"damage_healed":0,"gold_gain":0,"player_choice":"Rummage","damage_taken":0,"relics_obtained":["WarpedTongs"],"max_hp_gain":0,"max_hp_loss":0,"event_name":"Accursed Blacksmith","floor":13,"gold_loss":0,"cards_obtained":["Pain"]},{"damage_healed":0,"gold_gain":0,"player_choice":"Fought Bandits","damage_taken":0,"max_hp_gain":0,"max_hp_loss":0,"event_name":"Masked Bandits","floor":20,"gold_loss":0},{"damage_healed":0,"gold_gain":0,"player_choice":"Random: Blue","damage_taken":0,"max_hp_gain":0,"max_hp_loss":0,"event_name":"betterThird:BetterPortal","floor":36,"gold_loss":0},{"damage_healed":0,"gold_gain":0,"player_choice":"Memory 3","damage_taken":10,"max_hp_gain":0,"max_hp_loss":0,"event_name":"SensoryStone","floor":36,"gold_loss":0},{"damage_healed":0,"gold_gain":0,"player_choice":"Upgraded","damage_taken":0,"max_hp_gain":0,"max_hp_loss":0,"event_name":"Upgrade Shrine","floor":41,"gold_loss":0,"cards_upgraded":["Defragment"]},{"cards_removed":["Defend_B"],"damage_healed":0,"gold_gain":0,"player_choice":"Removed Skill","damage_taken":0,"max_hp_gain":0,"max_hp_loss":0,"event_name":"Falling","floor":44,"gold_loss":0},{"damage_healed":0,"gold_gain":0,"player_choice":"Ignored","damage_taken":0,"max_hp_gain":0,"max_hp_loss":0,"event_name":"Mysterious Sphere","floor":47,"gold_loss":0}],"is_beta":false,"boss_relics":[{"not_picked":["SlaversCollar","Busted Crown"],"picked":"hubris:ScarierMask"},{"not_picked":["Inserter","Runic Dome"],"picked":"Calling Bell"}],"items_purged_floors":[],"is_endless":false,"potions_floor_spawned":[4,6,14,16,20,24,31,33,39,42,45],"ascension_level":0}}