{"host":"lf8w6lk2ipwfzeol","time":1610844043,"event":{"mods":["ATMod(°¢èªMod)","Act Like it!","BaseMod","Downfall","Hermit","Minty Spire (QoL Compilation)","Quick Restart","Robot Space Explorer","StSLib","The Bladedancer","The Cursed","The Hierophant","The Runesmith","The Servant 0.9.4","Youmu£¨»êÆÇÑýÃÎ£©"],"gold_per_floor":[117,117,178,228,278,278,294,309,309,9435,9452,9462,9525,9560,9560,9657,9657,9677,9727,8914,8979,8993,8993,8566,8579,8629,8679,8690,8710,8737,8749,8749,8851,8851,8864,8914,8964,9034,9084,9111,9111,9111],"floor_reached":41,"language":"ZHS","playtime":2003,"items_purged":["Strike_YM","Strike_YM","Defend_YM"],"score":495,"play_id":"ad8e7418-eee5-4700-8aa7-fb27217bfb0a","local_time":"20210117084043","is_ascension_mode":false,"campfire_choices":[{"data":"SlashOfPresentWorld","floor":6.0,"key":"SMITH"},{"data":"SlashOfMeditation","floor":15.0,"key":"SMITH"},{"data":"TenKingsRetributionOnThePreta","floor":23.0,"key":"SMITH"},{"data":"StrangeHalfBody","floor":32.0,"key":"SMITH"}],"circlet_count":1,"master_deck":["Strike_YM","Defend_YM+1","Defend_YM","Defend_YM+1","SlashOfPresentWorld+1","WheelOfPainOfLivingAndDead","LifeCuttingSword","LowerRealmReflectionSlash","SpiderLilyBurial","SlashOfMeditation+1","HumanGodSword","PreachingAvici","SwordExtraction","SlashOfDelusionalInnerEye","StrangeHalfBody+1","SlashOfSaigyouSpringWind","ConstancyOfTheConventionalTruth","Forethought","TenKingsRetributionOnThePreta+1","HellFireSword","SlashOfDepartureFromHesitation","SwordExtraction+1","FlashingScatteredFlowers","EchoesOfTheInclemencyOfAllBeings","HellGodSword","LifeCuttingSword+1","BizarrenessOfSixRealms+1","HellRealmSword","HumanKnowledgeSword","DeadlyForm","IrresoluteSoul","DispleasureOfTheSevenHakus+1"],"relics":["HalfPhantom","NeowsBlessing","SsserpentHead","Sundial","Ornamental Fan","Blood Vial","Roukanken","MealTicket","Circlet","Snecko Eye","Sling","Centennial Puzzle","FencingExperience","Regal Pillow","Omamori","MutagenicStrength","Lantern","Letter Opener"],"acts_visited":[],"potions_floor_usage":[],"damage_taken":[{"damage":0.0,"enemies":"2 Louse","floor":1.0,"turns":1.0},{"damage":0.0,"enemies":"Cultist","floor":3.0,"turns":1.0},{"damage":0.0,"enemies":"Small Slimes","floor":7.0,"turns":1.0},{"damage":0.0,"enemies":"2 Fungi Beasts","floor":11.0,"turns":3.0},{"damage":3.0,"enemies":"Blue Slaver","floor":12.0,"turns":3.0},{"damage":17.0,"enemies":"Red Slaver","floor":13.0,"turns":6.0},{"damage":44.0,"enemies":"Lagavulin","floor":14.0,"turns":8.0},{"damage":41.0,"enemies":"Slime Boss","floor":16.0,"turns":12.0},{"damage":20.0,"enemies":"2 Thieves","floor":18.0,"turns":3.0},{"damage":8.0,"enemies":"Chosen","floor":21.0,"turns":5.0},{"damage":0.0,"enemies":"3 Cultists","floor":22.0,"turns":4.0},{"damage":19.0,"enemies":"Snake Plant","floor":25.0,"turns":4.0},{"damage":5.0,"enemies":"Centurion and Healer","floor":28.0,"turns":4.0},{"damage":1.0,"enemies":"3 Cultists","floor":29.0,"turns":4.0},{"damage":32.0,"enemies":"Gremlin Leader","floor":30.0,"turns":4.0},{"damage":9.0,"enemies":"Snake Plant","floor":31.0,"turns":2.0},{"damage":64.0,"enemies":"Collector","floor":33.0,"turns":6.0},{"damage":22.0,"enemies":"Orb Walker","floor":35.0,"turns":2.0},{"damage":48.0,"enemies":"3 Darklings","floor":38.0,"turns":5.0},{"damage":114.0,"enemies":"Reptomancer","floor":40.0,"turns":4.0},{"damage":0,"enemies":"Jaw Worm Horde","floor":41,"turns":1}],"seed_played":"-3922121501649564607","potions_obtained":[{"floor":1.0,"key":"PowerPotion"},{"floor":11.0,"key":"SkillPotion"},{"floor":14.0,"key":"SkillPotion"}],"is_trial":false,"path_per_floor":["M","?","M","?","?","R","M","?","T","$","M","M","M","E","R","B",null,"M","?","$","M","M","R","$","M","T","?","M","M","E","M","R","B",null,"M","?","?","M","?","E","M"],"character_chosen":"YOUMU","items_purchased":["Blood Vial","TwoHundredYojanaInOneSlash","SlashOfMeditation","HumanGodSword","Roukanken","MealTicket","Sling","Centennial Puzzle","FencingExperience","TenKingsRetributionOnThePreta","HellFireSword","Regal Pillow","FlashingScatteredFlowers","EchoesOfTheInclemencyOfAllBeings","HellGodSword"],"campfire_rested":0,"item_purchase_floors":[10,10,10,10,10,10,20,20,20,20,20,24,24,24,24],"current_hp_per_floor":[75,75,75,60,35,35,35,99,99,99,75,72,57,15,15,58,75,55,41,41,35,99,99,99,56,56,56,53,54,24,90,90,326,75,53,53,53,7,7,219,75,75],"gold":9111,"neow_bonus":"THREE_ENEMY_KILL","is_daily":false,"chose_seed":false,"campfire_upgraded":4,"win_rate":0.0,"timestamp":1610844043,"path_taken":["M","?","?","?","?","R","M","?","T","?","M","M","?","E","R","BOSS","M","?","?","?","M","R","?","M","T","?","M","M","E","M","R","BOSS","M","?","?","?","?","E","M"],"items_purchased_type":["Relic","Card","Card","Card","Relic","Relic","Relic","Relic","Relic","Card","Card","Relic","Card","Card","Card"],"build_version":"2020-12-22","purchased_purges":3,"victory":false,"max_hp_per_floor":[75,75,75,75,75,75,75,75,75,75,75,75,75,75,75,75,75,75,75,75,75,75,75,75,75,75,75,75,75,75,75,75,75,75,75,75,75,75,75,75,75,75],"card_choices":[{"not_picked":["HeavenlyHaloSlash","HesitationCuttingSword"],"picked":"LifeCuttingSword","floor":1.0},{"not_picked":["HumanRealmSword","SwordOfBindingDesires"],"picked":"LowerRealmReflectionSlash","floor":3.0},{"not_picked":["TwoHundredYojanaInOneSlash","DispleasureOfTheSevenHakus"],"picked":"SpiderLilyBurial","floor":7.0},{"not_picked":["AsTheSilentNirvana","SwordOfBindingDesires"],"picked":"PreachingAvici","floor":11.0},{"not_picked":["SpiritCuttingSword","LowerRealmReflectionSlash"],"picked":"SwordExtraction","floor":12.0},{"not_picked":["CherryBlossomFlashing","DispleasureOfTheSevenHakus"],"picked":"SlashOfDelusionalInnerEye","floor":13.0},{"not_picked":["SanzenSekai","HesitationCuttingSword"],"picked":"StrangeHalfBody","floor":14.0},{"not_picked":["HellRealmSword","SuddenDivineSeveringOfKarmicWind"],"picked":"SlashOfSaigyouSpringWind","floor":16.0},{"not_picked":["HiganSword+1","HumanGodSword"],"picked":"ConstancyOfTheConventionalTruth","floor":18.0},{"not_picked":["TenKingsRetributionOnThePreta","CrescentMoonSlash"],"picked":"SlashOfDepartureFromHesitation","floor":21.0},{"not_picked":["CrescentMoonSlash","LowerRealmReflectionSlash"],"picked":"SwordExtraction+1","floor":22.0},{"not_picked":["SwordExtraction","DispleasureOfTheSevenHakus"],"picked":"LifeCuttingSword+1","floor":25.0},{"not_picked":["SlashOfMeditation+1","DoubleWheelOfPain","LifeCuttingSword+1"],"picked":"SKIP","floor":28.0},{"not_picked":["LowerRealmReflectionSlash","HiganSword"],"picked":"BizarrenessOfSixRealms+1","floor":29.0},{"not_picked":["DispleasureOfTheSevenHakus","HellGodSword"],"picked":"HellRealmSword","floor":30.0},{"not_picked":["LightFlashOfTheNetherworld","SwordOfBindingDesires+1"],"picked":"HumanKnowledgeSword","floor":31.0},{"not_picked":["IrresoluteSoul","HeavenSword"],"picked":"DeadlyForm","floor":33.0},{"not_picked":["LifeCuttingSword+1","SwordOfBindingDesires+1","SlashOfMeditation"],"picked":"SKIP","floor":35.0},{"not_picked":["CherryBlossomFlashing","HiganSword","SpiritCuttingSword"],"picked":"SKIP","floor":38.0},{"not_picked":["ThreeKonsSevenHakus+1","ConstancyOfTheConventionalTruth+1"],"picked":"DispleasureOfTheSevenHakus+1","floor":40.0}],"player_experience":114175,"relics_obtained":[{"floor":9.0,"key":"Ornamental Fan"},{"floor":14.0,"key":"vexMod:PainConverter"},{"floor":26.0,"key":"Omamori"},{"floor":30.0,"key":"Lantern"},{"floor":40.0,"key":"Letter Opener"}],"event_choices":[{"damage_healed":0.0,"max_hp_gain":0.0,"max_hp_loss":0.0,"gold_gain":0.0,"event_name":"FaceTrader","player_choice":"Trade","floor":2.0,"gold_loss":0.0,"damage_taken":0.0,"relics_obtained":["SsserpentHead"]},{"damage_healed":0.0,"max_hp_gain":0.0,"max_hp_loss":0.0,"gold_gain":0.0,"event_name":"Shining Light","player_choice":"Entered Light","floor":4.0,"gold_loss":0.0,"damage_taken":15.0,"cards_upgraded":["Defend_YM","Defend_YM"]},{"damage_healed":0.0,"max_hp_gain":0.0,"max_hp_loss":0.0,"gold_gain":0.0,"event_name":"Scrap Ooze","player_choice":"Success","floor":5.0,"gold_loss":0.0,"damage_taken":25.0,"relics_obtained":["Sundial"]},{"damage_healed":18.0,"max_hp_gain":0.0,"max_hp_loss":0.0,"gold_gain":0.0,"event_name":"The Cleric","player_choice":"Healed","floor":8.0,"gold_loss":35.0,"damage_taken":0.0},{"damage_healed":0.0,"max_hp_gain":0.0,"max_hp_loss":0.0,"gold_gain":0.0,"event_name":"Knowing Skull","player_choice":"CARD ","floor":19.0,"potions_obtained":[],"gold_loss":0.0,"damage_taken":14.0,"cards_obtained":["Forethought"]},{"damage_healed":0.0,"max_hp_gain":0.0,"max_hp_loss":0.0,"gold_gain":0.0,"event_name":"Drug Dealer","player_choice":"Inject Mutagens","floor":27.0,"gold_loss":0.0,"damage_taken":0.0,"relics_obtained":["MutagenicStrength"]},{"cards_removed":["Strike_YM"],"damage_healed":0.0,"max_hp_gain":0.0,"max_hp_loss":0.0,"gold_gain":0.0,"event_name":"Falling","player_choice":"Removed Attack","floor":36.0,"gold_loss":0.0,"damage_taken":0.0},{"damage_healed":0.0,"max_hp_gain":0.0,"max_hp_loss":0.0,"gold_gain":0.0,"event_name":"Tomb of Lord Red Mask","player_choice":"Ignored","floor":39.0,"gold_loss":0.0,"damage_taken":0.0}],"is_beta":false,"boss_relics":[{"not_picked":["vexMod:ImprovementManual","Eternal Feather"],"picked":"Snecko Eye"},{"not_picked":["vexMod:MallPass","Tiny House"],"picked":"vexMod:TanglingVine"}],"items_purged_floors":[10,20,24],"is_endless":false,"potions_floor_spawned":[1,11,14,22,28,30,31,33,38,40],"killed_by":"Jaw Worm Horde","ascension_level":0}}