{"host":"8d3fefv2347kqkpz","time":1610862883,"event":{"mods":["100% Spire Juice","BaseMod","Better Vampires","Colored Map","Minty Spire (QoL Compilation)","Quick Restart","Replay The Spire","StSLib","The Gatherer","Waifu the Spire"],"gold_per_floor":[111,36,36,50,50,50,50,65,89,89,117,127,155,155,155,285,285,306,48,48,48,48,48,69,82,82,1,15,15,38,38,38,158,158,181,181,202,202,202],"floor_reached":38,"language":"ZHS","playtime":1431,"items_purged":["Strike_B","Strike_B"],"score":380,"play_id":"aececb17-7d8d-415e-b1cc-b2133b606616","local_time":"20210117135443","is_ascension_mode":false,"campfire_choices":[{"data":"ReplayTheSpireMod:Calculation Training","floor":6,"key":"SMITH"},{"data":"Zap","floor":10,"key":"SMITH"},{"floor":15,"key":"REST"},{"data":"FIFO Queue","floor":23,"key":"SMITH"},{"floor":29,"key":"REST"},{"floor":32,"key":"REST"}],"circlet_count":0,"master_deck":["Defend_B","Defend_B","Defend_B","Zap+1","Dualcast","Barrage","ReplayTheSpireMod:Calculation Training+1","Tempest+1","Barrage","FIFO Queue+1","Genetic Algorithm","Thunder Strike","Panic Button","Leap","Static Discharge","Loop+1","Electrodynamics","Storm+1"],"relics":["Cracked Core","Dream Catcher","CaptainsWheel","Oddly Smooth Stone","Golden Idol","Nuclear Battery","MutagenicStrength","Omamori","Bottled Tornado","Potion Belt","Runic Pyramid"],"acts_visited":["Exordium","TheCity","TheBeyond"],"potions_floor_usage":[16,33],"damage_taken":[{"damage":1,"enemies":"Cultist","floor":1,"turns":3},{"damage":8,"enemies":"2 Louse","floor":4,"turns":3},{"damage":0,"enemies":"Jaw Worm","floor":8,"turns":3},{"damage":4,"enemies":"Replay:BlueRogue","floor":11,"turns":3},{"damage":11,"enemies":"2 Fungi Beasts","floor":12,"turns":3},{"damage":26,"enemies":"3 Sentries","floor":13,"turns":5},{"damage":18,"enemies":"Hexaghost","floor":16,"turns":7},{"damage":10,"enemies":"Chosen","floor":18,"turns":3},{"damage":26,"enemies":"Shell Parasite","floor":24,"turns":5},{"damage":2,"enemies":"Centurion and Healer","floor":25,"turns":6},{"damage":18,"enemies":"Cultist and Chosen","floor":28,"turns":5},{"damage":30,"enemies":"Pondfish","floor":33,"turns":7},{"damage":31,"enemies":"3 Darklings","floor":35,"turns":3},{"damage":25,"enemies":"3 Shapes","floor":37,"turns":3},{"damage":20,"enemies":"Transient","floor":38,"turns":4}],"seed_played":"-4084931492658667620","potions_obtained":[{"floor":4,"key":"ColorlessPotion"},{"floor":11,"key":"EssenceOfSteel"},{"floor":13,"key":"GamblersBrew"},{"floor":16,"key":"Death Potion"},{"floor":33,"key":"BlessingOfTheForge"}],"is_trial":false,"path_per_floor":["M","$","?","M","?","R","?","M","T","R","E","M","E","?","R","B",null,"M","$","?","?","?","R","M","M","T","$","M","R","T","?","R","B",null,"M","?","M","M"],"character_chosen":"DEFECT","items_purchased":["Thunder Strike","Static Discharge"],"campfire_rested":3,"item_purchase_floors":[19,27],"current_hp_per_floor":[81,81,74,66,66,66,66,66,66,66,62,51,25,25,47,29,76,66,66,66,66,66,66,40,38,38,38,20,42,42,42,64,34,76,45,45,20,0,0],"gold":202,"neow_bonus":"TEN_PERCENT_HP_BONUS","is_daily":false,"chose_seed":false,"campfire_upgraded":3,"win_rate":0.0,"timestamp":1610862883,"path_taken":["M","$","?","M","?","R","?","M","T","R","E","M","E","?","R","BOSS","M","$","?","?","?","R","M","M","T","$","?","R","?","?","R","BOSS","M","?","?","M"],"items_purchased_type":["Card","Card"],"build_version":"2020-12-22","purchased_purges":2,"victory":false,"max_hp_per_floor":[82,82,82,82,82,82,82,82,82,82,82,82,82,76,76,76,76,76,76,76,76,76,76,76,76,76,76,76,76,76,76,76,76,76,76,76,76,76,76],"card_choices":[{"not_picked":["Go for the Eyes","Hologram"],"picked":"Barrage","floor":1},{"not_picked":["Panic Button","Melter"],"picked":"ReplayTheSpireMod:Calculation Training","floor":4},{"not_picked":["Beam Cell","Ball Lightning","Hologram"],"picked":"SKIP","floor":8},{"not_picked":["Lockon","Reprogram"],"picked":"Barrage","floor":11},{"not_picked":["Barrage","Beam Cell"],"picked":"All For One","floor":12},{"not_picked":["Darkness","Hello World","Go for the Eyes"],"picked":"SKIP","floor":13},{"not_picked":["Hologram","Reprogram"],"picked":"FIFO Queue","floor":15},{"not_picked":["Go for the Eyes","Panic Button"],"picked":"Genetic Algorithm","floor":18},{"not_picked":["Streamline","Lockon","Compile Driver"],"picked":"SKIP","floor":24},{"not_picked":["Rip and Tear","Coolheaded+1"],"picked":"Leap","floor":25},{"not_picked":["Coolheaded+1","Steam"],"picked":"Loop+1","floor":28},{"not_picked":["ReplayTheSpireMod:Fabricate Wheel","Seek"],"picked":"Electrodynamics","floor":33},{"not_picked":["Blizzard+1","Undo+1"],"picked":"Storm+1","floor":35},{"not_picked":["Go for the Eyes","Compile Driver+1","Ball Lightning"],"picked":"SKIP","floor":37}],"player_experience":74427,"relics_obtained":[{"floor":9,"key":"Dream Catcher"},{"floor":11,"key":"CaptainsWheel"},{"floor":13,"key":"Oddly Smooth Stone"},{"floor":22,"key":"Omamori"},{"floor":26,"key":"Bottled Tornado"},{"floor":30,"key":"Potion Belt"}],"event_choices":[{"cards_removed":["Strike_B"],"damage_healed":0,"gold_gain":0,"player_choice":"Card Removal","damage_taken":7,"max_hp_gain":0,"max_hp_loss":0,"event_name":"Golden Wing","floor":3,"gold_loss":0},{"cards_removed":["Strike_B"],"damage_healed":0,"gold_gain":0,"player_choice":"Forget","damage_taken":0,"max_hp_gain":0,"max_hp_loss":0,"event_name":"Living Wall","floor":7,"gold_loss":0},{"damage_healed":0,"gold_gain":0,"player_choice":"Lose Max HP","damage_taken":0,"relics_obtained":["Golden Idol"],"max_hp_gain":0,"max_hp_loss":6,"event_name":"Golden Idol","floor":14,"gold_loss":0},{"damage_healed":0,"gold_gain":0,"player_choice":"Inject Mutagens","damage_taken":0,"relics_obtained":["MutagenicStrength"],"max_hp_gain":0,"max_hp_loss":0,"event_name":"Drug Dealer","floor":20,"gold_loss":0},{"damage_healed":0,"gold_gain":0,"player_choice":"Read","damage_taken":0,"max_hp_gain":0,"max_hp_loss":0,"event_name":"The Library","floor":21,"gold_loss":0,"cards_obtained":["Panic Button"]},{"damage_healed":0,"gold_gain":0,"player_choice":"Relic","damage_taken":0,"max_hp_gain":0,"max_hp_loss":0,"event_name":"Wheel of Change","floor":22,"gold_loss":0},{"cards_removed":["All For One"],"damage_healed":0,"gold_gain":0,"player_choice":"Purged","damage_taken":0,"max_hp_gain":0,"max_hp_loss":0,"event_name":"Purifier","floor":36,"gold_loss":0}],"is_beta":false,"boss_relics":[{"not_picked":["Painkiller Herb","Replay:Wanted Poster"],"picked":"Nuclear Battery"},{"not_picked":["Velvet Choker","Coffee Dripper"],"picked":"Runic Pyramid"}],"items_purged_floors":[2,19],"is_endless":false,"potions_floor_spawned":[4,11,13,16,25,28,33,35],"killed_by":"Transient","ascension_level":0}}