{"host":"38abhf7uonnoqlzr","time":1610843128,"event":{"mods":["Act Like it!","Aspiration","BaseMod","Beaked The Cultist","Better Note","Better Third Choice","Block Reminder","CapriCore","Colored Map","Conspire","Displayed Cursed Tome","Dota2Spire","Energized Spire","Friendly Minions","Hallownest","Hubris","Minty Spire (QoL Compilation)","Pale of the Ancients","Rare Cards Sparkle","Relic Stats","Replay The Spire","Spicy Shops","StSLib","Waifu the Spire"],"gold_per_floor":[119,119,132,57,72,101,121,121,202,213,247,15,15,27,27,129,129,146,156,156,166,166,195,218,251,299,334,353,353,353,353,353,449,449,459,149,149,0,15,48,48,73,73,73,73],"floor_reached":44,"language":"ENG","playtime":4634,"items_purged":[],"score":659,"play_id":"44335250-f866-44b0-8db1-3b758d1c6a62","local_time":"20210117012528","is_ascension_mode":false,"campfire_choices":[{"data":"beaked:CrazyRituals","floor":8.0,"key":"SMITH"},{"data":"beaked:DarkPact","floor":15.0,"key":"SMITH"},{"data":"beaked:MimicMachine","floor":30.0,"key":"SMITH"},{"data":"Hallownest:pwrSporeShroom","floor":32.0,"key":"SMITH"},{"data":"beaked:LiftOff","floor":41.0,"key":"SMITH"}],"circlet_count":0,"master_deck":["beaked:Strike_Y","beaked:Strike_Y","beaked:Strike_Y","beaked:Strike_Y+1","beaked:Strike_Y","beaked:Strike_Y+1","beaked:Ceremony","beaked:Ceremony","beaked:Ceremony","beaked:CrazyRituals+1","beaked:Overpower","beaked:DarkPact+1","beaked:Foresight","beaked:BraceForImpact","beaked:FeelMyPain","Hallucinations","Hallownest:skillSlugHide","Hallownest:skillSlugHide","Hallownest:skillSlugHide","Hallownest:skillSlugHide","Hallownest:skillSlugHide","beaked:MachineSpirit","beaked:WildInstinct","beaked:MimicMachine+1","beaked:HuntressEssence+1","beaked:Flinch+1","beaked:WarriorEssence+1","beaked:Tweet","beaked:TuckingFeathers","beaked:Overpower","Hallownest:pwrSporeShroom+1","beaked:LiftOff+1","beaked:RitualOfBody+1","beaked:WarriorSpirit","beaked:Brace+1","beaked:Daydream","beaked:HuntressSpirit+1"],"relics":["beaked:MendingPlumage","Hallownest:DreamNailRelic","hubris:EmptyBottle","Bag of Marbles","hubris:Metronome","Lizard Tail","ReplayTheSpireMod:CursedCoin","aspiration:HatOfInfinitePower","Membership Card","ReplayTheSpireMod:DimensionalGlitch","Red Mask","Quantum Egg","Simple Rune","Strawberry","Juzu Bracelet","Pondfish Scales","Coffee Dripper","Dota2Spire:EtherealBlade","Toolbox","Toy Ornithopter","hubris:Icosahedron","Hallownest:StagBellRelic1","Dota2Spire:BlackKingBar","Gremlin Food","Mirror"],"acts_visited":["Exordium","Hallownest:Greenpath","Hallownest:CityofTears"],"potions_floor_usage":[],"damage_taken":[{"damage":7.0,"enemies":"Hallownest:monsterHuskWarrior","floor":1.0,"turns":4.0},{"damage":11.0,"enemies":"Hallownest:2_Baldur","floor":3.0,"turns":5.0},{"damage":15.0,"enemies":"2_ Uuma","floor":5.0,"turns":5.0},{"damage":16.0,"enemies":"Hallownest:eliteVengeflyKing","floor":6.0,"turns":7.0},{"damage":33.0,"enemies":"Hallownest:1_Baldur_1_Crawlid_1_Warrior","floor":7.0,"turns":6.0},{"damage":16.0,"enemies":"Hallownest:Wandering_and_Horned","floor":10.0,"turns":6.0},{"damage":15.0,"enemies":"Hallownest:eliteCrystalGuardian","floor":11.0,"turns":5.0},{"damage":39.0,"enemies":"Hallownest:MossCreep_and_Mosskin","floor":14.0,"turns":7.0},{"damage":52.0,"enemies":"Hallownest:BossFalseKnight","floor":16.0,"turns":9.0},{"damage":58.0,"enemies":"Hallownest:Guard_and_Sentry","floor":18.0,"turns":6.0},{"damage":29.0,"enemies":"Hallownest:2_Mistakes","floor":19.0,"turns":3.0},{"damage":24.0,"enemies":"Hallownest:2_Flukemon","floor":21.0,"turns":8.0},{"damage":41.0,"enemies":"Hallownest:eliteSoulWarrior","floor":23.0,"turns":10.0},{"damage":150104.0,"enemies":"Hallownest:eliteWatcherKnight","floor":25.0,"turns":13.0},{"damage":21.0,"enemies":"Hallownest:eliteSoulWarrior","floor":27.0,"turns":9.0},{"damage":37.0,"enemies":"Hallownest:monsterMisterMushroom","floor":28.0,"turns":8.0},{"damage":81.0,"enemies":"Hallownest:BossSoulMaster","floor":33.0,"turns":9.0},{"damage":59.0,"enemies":"Hallownest:2_Littles","floor":35.0,"turns":7.0},{"damage":5.0,"enemies":"Hallownest:Shield_Heavy","floor":39.0,"turns":7.0},{"damage":15.0,"enemies":"Hallownest:eliteHiveKnight","floor":40.0,"turns":7.0},{"damage":67.0,"enemies":"Hallownest:StalkingDevout","floor":42.0,"turns":11.0},{"damage":48,"enemies":"Hallownest:Xero_Hu_Marmu","floor":44,"turns":2}],"seed_played":"-890698375838785617","potions_obtained":[{"floor":1.0,"key":"Explosive Potion"},{"floor":5.0,"key":"LiquidBronze"},{"floor":10.0,"key":"Flashbang"},{"floor":14.0,"key":"Fire Potion"},{"floor":16.0,"key":"Fire Potion"},{"floor":21.0,"key":"FearPotion"},{"floor":25.0,"key":"Dota2Spire:HealingSalve"},{"floor":33.0,"key":"PowerPotion"}],"is_trial":false,"path_per_floor":["M","?","M","$","M","E","M","R","T","M","E","$","?","M","R","B",null,"M","M","?","M","?","E","T","E","T","E","M","?","R","?","R","B",null,"M","$","?","?","M","E","R","E","T","M"],"character_chosen":"BEAKED_THE_CULTIST","items_purchased":["hubris:EmptyBottle","ReplayTheSpireMod:CursedCoin","aspiration:HatOfInfinitePower","Membership Card","Dota2Spire:EtherealBlade","Toolbox","Toy Ornithopter","beaked:WarriorSpirit"],"campfire_rested":0,"item_purchase_floors":[4,12,12,12,36,36,36,36],"current_hp_per_floor":[53,53,53,53,48,55,37,37,37,40,43,43,43,31,31,51,55,20,8,8,24,55,44,44,19,19,52,48,51,51,51,51,13,65,21,21,21,21,65,65,65,35,35,0,0],"gold":73,"neow_bonus":"TEN_PERCENT_HP_BONUS","is_daily":false,"chose_seed":false,"campfire_upgraded":5,"win_rate":0.0,"timestamp":1610843128,"path_taken":["M","?","M","$","M","E","M","R","T","?","E","?","?","?","R","BOSS","M","?","?","M","?","E","?","E","T","E","M","?","R","?","R","BOSS","M","$","?","?","M","E","R","E","T","M"],"items_purchased_type":["Relic","Relic","Relic","Relic","Relic","Relic","Relic","Card"],"build_version":"2020-12-22","purchased_purges":0,"victory":false,"max_hp_per_floor":[55,55,55,55,55,55,55,55,55,55,55,55,55,55,55,55,55,55,55,55,55,55,55,55,62,62,62,62,65,65,65,65,65,65,65,65,65,65,65,65,65,68,68,68,68],"relic_stats":{"Lizard Tail":16,"counters":[22,154],"Juzu Bracelet":1,"obtain_stats":[{"hubris:Metronome":9,"Hallownest:StagBellRelic1":38,"Hallownest:DreamNailRelic":2,"Juzu Bracelet":26,"hubris:EmptyBottle":4,"Dota2Spire:EtherealBlade":36,"Lizard Tail":11,"hubris:Icosahedron":37,"Strawberry":25,"Toolbox":36,"Red Mask":20,"Gremlin Food":42,"Dota2Spire:BlackKingBar":40,"ReplayTheSpireMod:CursedCoin":12,"Quantum Egg":23,"Pondfish Scales":27,"Simple Rune":24,"Bag of Marbles":6,"Coffee Dripper":34,"Membership Card":12,"beaked:MendingPlumage":0,"aspiration:HatOfInfinitePower":12,"ReplayTheSpireMod:DimensionalGlitch":17,"Mirror":43,"Toy Ornithopter":36},{"hubris:Metronome":5,"Hallownest:StagBellRelic1":18,"Hallownest:DreamNailRelic":1,"Juzu Bracelet":14,"hubris:EmptyBottle":2,"Dota2Spire:EtherealBlade":18,"Lizard Tail":7,"hubris:Icosahedron":18,"Strawberry":14,"Toolbox":18,"Red Mask":11,"Gremlin Food":21,"Dota2Spire:BlackKingBar":20,"ReplayTheSpireMod:CursedCoin":7,"Quantum Egg":13,"Pondfish Scales":15,"Simple Rune":13,"Bag of Marbles":4,"Coffee Dripper":17,"Membership Card":7,"beaked:MendingPlumage":0,"aspiration:HatOfInfinitePower":7,"ReplayTheSpireMod:DimensionalGlitch":9,"Mirror":21,"Toy Ornithopter":18},{"hubris:Metronome":27,"Hallownest:StagBellRelic1":127,"Hallownest:DreamNailRelic":4,"Juzu Bracelet":94,"hubris:EmptyBottle":9,"Dota2Spire:EtherealBlade":127,"Lizard Tail":38,"hubris:Icosahedron":127,"Strawberry":94,"Toolbox":127,"Red Mask":63,"Gremlin Food":152,"Dota2Spire:BlackKingBar":141,"ReplayTheSpireMod:CursedCoin":38,"Quantum Egg":81,"Pondfish Scales":103,"Simple Rune":81,"Bag of Marbles":21,"Coffee Dripper":120,"Membership Card":38,"beaked:MendingPlumage":0,"aspiration:HatOfInfinitePower":38,"ReplayTheSpireMod:DimensionalGlitch":54,"Mirror":152,"Toy Ornithopter":127}],"Toy Ornithopter":3},"card_choices":[{"not_picked":["beaked:WarriorSpirit","beaked:Daydream"],"picked":"beaked:CrazyRituals","floor":1.0},{"not_picked":["beaked:Redirect","ReplayTheSpireMod:Wings of Steel"],"picked":"beaked:Overpower","floor":3.0},{"not_picked":["beaked:BraceForImpact","beaked:Foresight"],"picked":"beaked:HuntressSpirit","floor":5.0},{"not_picked":["beaked:WarriorEssence","beaked:FakeOut"],"picked":"beaked:DarkPact","floor":6.0},{"not_picked":["beaked:Windmill","beaked:SurvivalInstinct"],"picked":"beaked:Foresight","floor":7.0},{"not_picked":["beaked:Resilience","beaked:BarbedWire"],"picked":"beaked:BraceForImpact","floor":10.0},{"not_picked":["beaked:RuinSticks","beaked:SacrificialDive"],"picked":"beaked:FeelMyPain","floor":11.0},{"not_picked":["beaked:Cower","beaked:Overpower"],"picked":"beaked:MachineSpirit","floor":14.0},{"not_picked":["beaked:Brainwash","beaked:FakeOut"],"picked":"beaked:WildInstinct","floor":16.0},{"not_picked":["beaked:Tweet","beaked:DigDeep+1"],"picked":"beaked:MimicMachine","floor":18.0},{"not_picked":["beaked:Redirect","beaked:BraceForImpact"],"picked":"beaked:HuntressEssence+1","floor":19.0},{"not_picked":["beaked:Cower","beaked:FeelMyPain+1"],"picked":"beaked:Flinch+1","floor":21.0},{"not_picked":["beaked:SacrificialDive","beaked:FakeOut"],"picked":"beaked:WarriorEssence+1","floor":23.0},{"not_picked":["beaked:Flinch+1","beaked:Tradeoff"],"picked":"beaked:Tweet","floor":25.0},{"not_picked":["beaked:Windmill","beaked:Cower+1"],"picked":"beaked:TuckingFeathers","floor":27.0},{"not_picked":["beaked:BraceForImpact","beaked:FeelMyPain"],"picked":"beaked:Overpower","floor":28.0},{"not_picked":["beaked:Caw","beaked:CheekyTricks"],"picked":"beaked:LiftOff","floor":33.0},{"not_picked":["beaked:Insight+1","beaked:Evade+1"],"picked":"beaked:RitualOfBody+1","floor":35.0},{"not_picked":["beaked:Resilience","beaked:Flinch"],"picked":"beaked:Brace+1","floor":39.0},{"not_picked":["beaked:BarbedWire","beaked:HuntressEssence"],"picked":"beaked:Daydream","floor":40.0},{"not_picked":["beaked:BraceForImpact","beaked:Overexert"],"picked":"beaked:HuntressSpirit+1","floor":42.0}],"player_experience":206265,"relics_obtained":[{"floor":6.0,"key":"Bag of Marbles"},{"floor":9.0,"key":"hubris:Metronome"},{"floor":11.0,"key":"Lizard Tail"},{"floor":23.0,"key":"Quantum Egg"},{"floor":24.0,"key":"Simple Rune"},{"floor":25.0,"key":"Strawberry"},{"floor":26.0,"key":"Juzu Bracelet"},{"floor":27.0,"key":"Pondfish Scales"},{"floor":40.0,"key":"Dota2Spire:BlackKingBar"},{"floor":42.0,"key":"Gremlin Food"},{"floor":43.0,"key":"Mirror"}],"event_choices":[],"is_beta":false,"boss_relics":[{"not_picked":["hubris:VirtuousBlindfold","aspiration:SecretTechniqueScroll"],"picked":"ReplayTheSpireMod:DimensionalGlitch"},{"not_picked":["aspiration:RunicSpoon","Astrolabe"],"picked":"Coffee Dripper"}],"items_purged_floors":[],"is_endless":false,"potions_floor_spawned":[1,5,10,14,16,21,25,33,35],"killed_by":"Hallownest:Xero_Hu_Marmu","ascension_level":0}}