{"host":"0tyekvnd8380d52o","time":1610846592,"event":{"mods":["Act Like it!","Arknights The Spire","BaseMod","Gensokyo","Marisa£®ÏF”Í°°ƒß¿Ì…≥£©","Minty Spire (QoL Compilation)","Reimu£®≤©¿ˆ¡È√Œ£©","Shop Mod","StSLib","The Servant 0.9.4","simple"],"gold_per_floor":[115,132,82,82,82,110,126,55,55,55,67,100,114,168,168,168,168],"floor_reached":16,"language":"ZHS","playtime":517,"items_purged":[],"score":135,"play_id":"43d57bcb-16dc-45c2-8302-faa045197466","local_time":"20210117092312","is_ascension_mode":false,"campfire_choices":[{"data":"1","floor":15,"key":"LIFT"}],"circlet_count":0,"master_deck":["Strike_S","Strike_S","Strike_S","Strike_S","Defend_S","Defend_S","KidneyShot","Exchange","MoonPhase","FastForward","Moonlight","SurpressingFire","Contraction","Dilation","WasteNot"],"relics":["Uniform","NeowsBlessing","Mercury Hourglass","Meat on the Bone","Girya","Juzu Bracelet"],"acts_visited":["Exordium"],"potions_floor_usage":[5,16],"damage_taken":[{"damage":0,"enemies":"Small Slimes","floor":1,"turns":1},{"damage":0,"enemies":"Cultist","floor":2,"turns":1},{"damage":0,"enemies":"Lagavulin","floor":6,"turns":1},{"damage":6,"enemies":"Jaw Worm","floor":7,"turns":3},{"damage":8,"enemies":"Red Slaver","floor":11,"turns":3},{"damage":15,"enemies":"Gremlin Nob","floor":12,"turns":5},{"damage":12,"enemies":"Looter","floor":13,"turns":3},{"damage":48,"enemies":"Hexaghost","floor":16,"turns":13}],"seed_played":"5429237882004712061","potions_obtained":[{"floor":5,"key":"Fruit Juice"},{"floor":5,"key":"Ancient Potion"},{"floor":5,"key":"Energy Potion"},{"floor":11,"key":"EssenceOfSteel"}],"is_trial":false,"path_per_floor":["M","M","?","?","?","E","M","$","T","$","M","E","M","T","R","B"],"character_chosen":"THE_SERVANT","items_purchased":["SurpressingFire"],"campfire_rested":0,"item_purchase_floors":[8],"current_hp_per_floor":[65,65,65,58,63,63,57,57,57,57,49,46,46,46,46,0,0],"gold":168,"neow_bonus":"THREE_ENEMY_KILL","is_daily":false,"chose_seed":false,"campfire_upgraded":0,"win_rate":0.0,"timestamp":1610846592,"path_taken":["M","M","?","?","?","E","M","$","T","$","?","E","M","?","R","BOSS"],"items_purchased_type":["Card"],"build_version":"2020-12-22","purchased_purges":0,"victory":false,"max_hp_per_floor":[65,65,65,65,70,70,70,70,70,70,70,70,70,70,70,70,70],"card_choices":[{"not_picked":["ShatteredReality","Rewind"],"picked":"MoonPhase","floor":1},{"not_picked":["Revamp","Read"],"picked":"FastForward","floor":2},{"not_picked":["ShiftingGears","Revamp"],"picked":"Moonlight","floor":6},{"not_picked":["ShatteredReality","TimeWarp","Sabotage"],"picked":"SKIP","floor":7},{"not_picked":["MoonPhase","Read"],"picked":"Contraction","floor":11},{"not_picked":["MoonPhase","Unruled"],"picked":"Dilation","floor":12},{"not_picked":["Contraction","Unruled"],"picked":"WasteNot","floor":13}],"player_experience":193692,"relics_obtained":[{"floor":6,"key":"Mercury Hourglass"},{"floor":9,"key":"Meat on the Bone"},{"floor":12,"key":"Girya"},{"floor":14,"key":"Juzu Bracelet"}],"event_choices":[{"cards_removed":["Defend_S"],"damage_healed":0,"gold_gain":0,"player_choice":"Card Removal","damage_taken":0,"max_hp_gain":0,"max_hp_loss":0,"event_name":"The Cleric","floor":3,"gold_loss":50},{"cards_removed":["Defend_S"],"damage_healed":0,"gold_gain":0,"player_choice":"Card Removal","damage_taken":7,"max_hp_gain":0,"max_hp_loss":0,"event_name":"Golden Wing","floor":4,"gold_loss":0},{"damage_healed":0,"gold_gain":0,"player_choice":"Got Potions","damage_taken":0,"max_hp_gain":0,"max_hp_loss":0,"event_name":"Lab","floor":5,"gold_loss":0}],"is_beta":false,"boss_relics":[],"items_purged_floors":[],"is_endless":false,"potions_floor_spawned":[11,12,13],"killed_by":"Hexaghost","ascension_level":0}}