{"host":"2pmmafybkq7zb6na","time":1610875817,"event":{"mods":["AchievementEnabler","BaseMod","Colored Map","Highlight Path","Keyboard Shortcuts","Minty Spire (QoL Compilation)","Quick Restart","StSLib","SuperFastMode"],"gold_per_floor":[116,116,41,53,71,71,83,111,111,11,26,36,36,51,51,51,51],"floor_reached":16,"language":"KOR","playtime":690,"items_purged":["Strike_R","Strike_R"],"score":104,"play_id":"e231f30f-e008-4cb7-b801-575e74b8cfc6","local_time":"20210117183017","is_ascension_mode":false,"campfire_choices":[{"data":"Armaments","floor":6,"key":"SMITH"},{"data":"Entrench","floor":13,"key":"SMITH"},{"data":"Flame Barrier","floor":15,"key":"SMITH"}],"circlet_count":0,"master_deck":["Strike_R","Strike_R","Defend_R","Defend_R","Defend_R","Defend_R","Bash","Pommel Strike","Flame Barrier+1","Armaments+1","Entrench+1","Burning Pact","Impervious","Iron Wave","Armaments"],"relics":["Burning Blood","NlothsMask","Ancient Tea Set"],"acts_visited":["Exordium"],"potions_floor_usage":[8,16,16],"damage_taken":[{"damage":10,"enemies":"Jaw Worm","floor":1,"turns":5},{"damage":0,"enemies":"Cultist","floor":4,"turns":5},{"damage":0,"enemies":"Small Slimes","floor":5,"turns":5},{"damage":4,"enemies":"Blue Slaver","floor":7,"turns":7},{"damage":34,"enemies":"Gremlin Nob","floor":8,"turns":6},{"damage":10,"enemies":"Looter","floor":11,"turns":4},{"damage":0,"enemies":"3 Louse","floor":12,"turns":5},{"damage":0,"enemies":"Large Slime","floor":14,"turns":8},{"damage":58,"enemies":"Hexaghost","floor":16,"turns":16}],"seed_played":"7545299568368227133","potions_obtained":[{"floor":4,"key":"Swift Potion"},{"floor":12,"key":"Fire Potion"},{"floor":14,"key":"AttackPotion"}],"is_trial":false,"path_per_floor":["M","?","$","M","M","R","M","E","T","$","M","M","R","M","R","B"],"character_chosen":"IRONCLAD","items_purchased":[],"campfire_rested":0,"item_purchase_floors":[],"current_hp_per_floor":[76,76,76,80,80,80,80,52,52,52,48,54,54,60,60,2,2],"gold":51,"neow_bonus":"TRANSFORM_CARD","is_daily":false,"chose_seed":false,"campfire_upgraded":3,"win_rate":0.0,"timestamp":1610875817,"path_taken":["M","?","$","M","M","R","M","E","T","$","M","?","R","M","R","BOSS"],"items_purchased_type":[],"build_version":"2020-12-22","purchased_purges":2,"victory":false,"max_hp_per_floor":[80,80,80,80,80,80,80,80,80,80,80,80,80,80,80,80,80],"card_choices":[{"not_picked":["Shrug It Off","Perfected Strike"],"picked":"Flame Barrier","floor":1},{"not_picked":["Anger","Heavy Blade"],"picked":"Armaments","floor":4},{"not_picked":["Rampage","Second Wind"],"picked":"Entrench","floor":5},{"not_picked":["Dark Embrace","Flex"],"picked":"Burning Pact","floor":7},{"not_picked":["Carnage","Armaments"],"picked":"Impervious","floor":8},{"not_picked":["Intimidate","Twin Strike"],"picked":"Iron Wave","floor":11},{"not_picked":["Sword Boomerang","Dropkick"],"picked":"Armaments","floor":12},{"not_picked":["Whirlwind","Pommel Strike","Flex"],"picked":"SKIP","floor":14}],"player_experience":73686,"relics_obtained":[{"floor":8,"key":"Ancient Tea Set"}],"event_choices":[{"damage_healed":0,"gold_gain":0,"player_choice":"Trade","damage_taken":0,"relics_obtained":["NlothsMask"],"max_hp_gain":0,"max_hp_loss":0,"event_name":"FaceTrader","floor":2,"gold_loss":0}],"is_beta":false,"boss_relics":[],"items_purged_floors":[3,10],"is_endless":false,"potions_floor_spawned":[4,12,14],"killed_by":"Hexaghost","ascension_level":0}}