{"host":"cw25u8qal1h0d7ia","time":1610841605,"event":{"mods":["BaseMod","Downfall","Minty Spire (QoL Compilation)","StSLib"],"gold_per_floor":[99,119,137,137,312,322,322,322,335,355,384,384,384,397,407,407,407],"floor_reached":16,"language":"ENG","playtime":1549,"items_purged":[],"score":104,"play_id":"7d47fa2f-f007-407d-a26f-c60f97e704b3","local_time":"20210117010005","is_ascension_mode":false,"campfire_choices":[{"data":"bronze:Replicate","floor":1,"key":"SMITH"}],"circlet_count":0,"master_deck":["bronze:Strike","bronze:Strike","bronze:Strike","bronze:Strike","bronze:Defend","bronze:Defend","bronze:Defend","bronze:Defend","bronze:Replicate+1","bronze:Goto+1","bronze:BitShift","Doubt","bronze:Invalidate","bronze:Goto+1","bronze:BronzeArmor","bronze:FollowUp","bronze:GetLatest"],"relics":["bronze:BronzeCore","Darkstone Periapt","Orichalcum","Sundial"],"acts_visited":["Exordium"],"potions_floor_usage":[9,9,15,16,16],"damage_taken":[{"damage":0,"enemies":"Small Slimes","floor":2,"turns":2},{"damage":1,"enemies":"2 Louse","floor":3,"turns":3},{"damage":1,"enemies":"Cultist","floor":6,"turns":4},{"damage":12,"enemies":"2 Fungi Beasts","floor":9,"turns":3},{"damage":18,"enemies":"Blue Slaver","floor":10,"turns":5},{"damage":8,"enemies":"Lagavulin","floor":11,"turns":4},{"damage":19,"enemies":"3 Louse","floor":14,"turns":4},{"damage":13,"enemies":"Lots of Slimes","floor":15,"turns":6},{"damage":24,"enemies":"SI_SHIV_ARCHETYPE","floor":16,"turns":7}],"seed_played":"6983884319280199605","potions_obtained":[{"floor":3,"key":"EntropicBrew"},{"floor":9,"key":"Regen Potion"},{"floor":11,"key":"bronze:CleanCodePotion"},{"floor":15,"key":"SkillPotion"}],"is_trial":false,"path_per_floor":["R","M","M","?","?","M","T","?","M","M","E","?","T","M","M","B"],"character_chosen":"THE_AUTOMATON","items_purchased":[],"campfire_rested":0,"item_purchase_floors":[],"current_hp_per_floor":[70,70,69,74,74,73,73,73,61,43,35,35,35,16,18,0,0],"gold":407,"neow_bonus":"UPGRADE_CARD","is_daily":false,"chose_seed":false,"campfire_upgraded":1,"win_rate":0.0,"timestamp":1610841605,"path_taken":["R","M","M","?","?","M","T","?","?","M","E","?","?","M","M","BOSS"],"items_purchased_type":[],"build_version":"2020-12-22","purchased_purges":0,"victory":false,"max_hp_per_floor":[70,70,70,75,75,75,75,75,75,75,75,75,75,75,75,75,75],"card_choices":[{"not_picked":["bronze:WhirlingStrike","bronze:Turbo","bronze:BitShift"],"picked":"SKIP","floor":2},{"not_picked":["bronze:DelayedGuard","bronze:BugBarrage"],"picked":"bronze:BitShift","floor":3},{"not_picked":["bronze:Iterate","bronze:Branch"],"picked":"bronze:Invalidate","floor":6},{"not_picked":["bronze:ThunderWave","bronze:FollowUp"],"picked":"bronze:BronzeArmor","floor":9},{"not_picked":["bronze:Invalidate","bronze:BugBarrage","bronze:Allocate"],"picked":"SKIP","floor":10},{"not_picked":["bronze:Fortify","bronze:Philosophize","bronze:BuggyMess"],"picked":"SKIP","floor":11},{"not_picked":["bronze:Branch","bronze:Turbo"],"picked":"bronze:FollowUp","floor":14},{"not_picked":["bronze:BitShift","bronze:Deprecate"],"picked":"bronze:GetLatest","floor":15}],"player_experience":537800,"relics_obtained":[{"floor":7,"key":"Darkstone Periapt"},{"floor":11,"key":"Orichalcum"},{"floor":13,"key":"Sundial"}],"event_choices":[{"damage_healed":0,"gold_gain":0,"player_choice":"Donut","damage_taken":0,"max_hp_gain":5,"max_hp_loss":0,"event_name":"Big Fish","floor":4,"gold_loss":0}],"is_beta":false,"boss_relics":[],"items_purged_floors":[],"is_endless":false,"potions_floor_spawned":[3,9,11,15],"killed_by":"SI_SHIV_ARCHETYPE","ascension_level":0}}