{"host":"dzc8cchcquikqbpv","time":1610883949,"event":{"mods":["BaseMod","BetterRewards","Colored Map","Colored Powertips","Dark Map","Downfall","Fox Events","Highlight Path","Infinite Spire","Minty Spire (QoL Compilation)","Permanent Neow","Shop Mod","StSLib"],"gold_per_floor":[117,117,137,62,80,110,110,124,150,31,31,63,82,102,102,200,200,216,216,216,228,238,238,269,269,269,269,282,282,282,301,301,399,399,413,413,513,2,2,2],"floor_reached":39,"language":"ENG","playtime":2964,"items_purged":["downfall:Haunted"],"score":409,"play_id":"f8c38dc9-df0e-425e-9561-6c07aa1358e0","local_time":"20210117114549","is_ascension_mode":false,"campfire_choices":[{"floor":7.0,"key":"REST"},{"floor":11.0,"key":"REST"},{"floor":15.0,"key":"REST"},{"floor":23,"key":"REST"},{"data":"infinitespire:Oblivion","floor":25,"key":"SMITH"},{"floor":27,"key":"REST"},{"floor":32,"key":"REST"}],"circlet_count":0,"master_deck":["Strike_B","Strike_B","Defend_B","Defend_B","Defend_B","Defend_B","Zap","Dualcast","Chrysalis+1","Loop","BootSequence","Capacitor","Rebound","White Noise","Machine Learning","Redo","Defragment","Electrodynamics","infinitespire:Oblivion+1","Redo","Conserve Battery","Barrage","infinitespire:UltimateForm","Defragment+1","Electrodynamics","Fusion","infinitespire:DeathsTouch","Defragment","Magnetism"],"relics":["Cracked Core","Bag of Marbles","Ancient Tea Set","MerchantsRug","Anchor","Runic Pyramid","Ornamental Fan","Vajra","infinitespire:CursedDice","Empty Cage","CaptainsWheel","infinitespire:Golems Mask"],"acts_visited":["Exordium","TheCity","TheBeyond"],"potions_floor_usage":[24,37],"damage_taken":[{"damage":7.0,"enemies":"2 Louse","floor":1.0,"turns":3.0},{"damage":1.0,"enemies":"Cultist","floor":3.0,"turns":5.0},{"damage":5.0,"enemies":"Small Slimes","floor":5.0,"turns":4.0},{"damage":40.0,"enemies":"Gremlin Nob","floor":6.0,"turns":6.0},{"damage":22.0,"enemies":"Looter","floor":8.0,"turns":4.0},{"damage":18.0,"enemies":"3 Sentries","floor":12.0,"turns":8.0},{"damage":4.0,"enemies":"Blue Slaver","floor":13.0,"turns":4.0},{"damage":0.0,"enemies":"3 Louse","floor":14.0,"turns":4.0},{"damage":39.0,"enemies":"The Guardian","floor":16.0,"turns":11.0},{"damage":14,"enemies":"Chosen","floor":18,"turns":5},{"damage":14,"enemies":"3 Byrds","floor":21,"turns":5},{"damage":8,"enemies":"Snake Plant","floor":22,"turns":4},{"damage":22,"enemies":"Nightmare","floor":24,"turns":7},{"damage":4,"enemies":"Centurion and Healer","floor":28,"turns":6},{"damage":21,"enemies":"Chosen and Byrds","floor":31,"turns":5},{"damage":21,"enemies":"Automaton","floor":33,"turns":7},{"damage":64,"enemies":"3 Darklings","floor":35,"turns":4},{"damage":6,"enemies":"infinitespire:Three Voidlings","floor":37,"turns":3},{"damage":66,"enemies":"Nightmare_Alpha","floor":37,"turns":19},{"damage":41,"enemies":"2 Orb Walkers","floor":39,"turns":2}],"seed_played":"-6419833036975281550","potions_obtained":[{"floor":1.0,"key":"GamblersBrew"},{"floor":12.0,"key":"bronze:BurnAndBuffPotion"},{"floor":14.0,"key":"Weak Potion"},{"floor":16.0,"key":"Dexterity Potion"},{"floor":18,"key":"SkillPotion"},{"floor":24,"key":"ColorlessPotion"}],"is_trial":false,"path_per_floor":["M","?","M","$","M","E","R","M","T","$","R","E","M","M","R","B",null,"M","T","AVR","M","M","R","NM","R","T","R","M","?","?","M","R","B",null,"M","?","?","$","?"],"character_chosen":"DEFECT","items_purchased":["MerchantsRug","Defragment","infinitespire:Golems Mask","Magnetism"],"campfire_rested":6,"item_purchase_floors":[10,38,38,38],"current_hp_per_floor":[68,68,67,67,62,22,44,22,22,22,44,26,22,22,44,5,75,61,61,61,47,39,61,39,39,39,61,57,39,39,18,40,19,75,11,66,24,24,0,0],"gold":2,"neow_bonus":"RANDOM_COLORLESS_2","is_daily":false,"chose_seed":false,"campfire_upgraded":1,"win_rate":0.0,"timestamp":1610883949,"path_taken":["M","?","?","$","M","E","R","M","T","$","R","E","M","M","R","BOSS","M","?","AVR","M","M","R","NM","R","T","R","M","?","?","M","R","BOSS","M","?","?","$","?"],"items_purchased_type":["Relic","Card","Relic","Card"],"build_version":"2020-12-22","purchased_purges":1,"victory":false,"max_hp_per_floor":[75,75,75,75,75,75,75,75,75,75,75,75,75,75,75,75,75,75,75,75,75,75,75,75,75,75,75,75,75,75,75,75,75,75,75,66,66,66,66,66],"card_choices":[{"not_picked":["HandOfGreed","Metamorphosis"],"picked":"Chrysalis","floor":0.0},{"not_picked":["Steam","Genetic Algorithm"],"picked":"Loop","floor":1.0},{"not_picked":["Stack","Beam Cell"],"picked":"BootSequence","floor":3.0},{"not_picked":["Rebound","White Noise"],"picked":"Capacitor","floor":5.0},{"not_picked":["Stack","Echo Form"],"picked":"Rebound","floor":6.0},{"not_picked":["Streamline","Beam Cell"],"picked":"White Noise","floor":8.0},{"not_picked":["Stack","Lockon"],"picked":"Machine Learning","floor":12.0},{"not_picked":["Hello World","Tempest"],"picked":"Redo","floor":13.0},{"not_picked":["Leap","Auto Shields"],"picked":"Defragment","floor":14.0},{"not_picked":["Multi-Cast","Biased Cognition"],"picked":"Electrodynamics","floor":16.0},{"not_picked":["Go for the Eyes","Sweeping Beam","Gash"],"picked":"SKIP","floor":18},{"not_picked":["Compile Driver","Coolheaded+1"],"picked":"Redo","floor":21},{"not_picked":["Reprogram","Beam Cell"],"picked":"Conserve Battery","floor":22},{"not_picked":["Blizzard+1","Rebound+1","Cold Snap+1"],"picked":"SKIP","floor":24},{"not_picked":["Conserve Battery+1","Steam"],"picked":"Barrage","floor":28},{"not_picked":["infinitespire:FutureSight","infinitespire:Oblivion"],"picked":"infinitespire:UltimateForm","floor":29},{"not_picked":["Static Discharge","Rip and Tear"],"picked":"Defragment+1","floor":31},{"not_picked":["Reboot","Thunder Strike"],"picked":"Electrodynamics","floor":33},{"not_picked":["Genetic Algorithm","Hologram"],"picked":"Fusion","floor":35},{"not_picked":["infinitespire:FinalStrike","infinitespire:Fortify"],"picked":"infinitespire:DeathsTouch","floor":37}],"player_experience":8335,"relics_obtained":[{"floor":6.0,"key":"Bag of Marbles"},{"floor":9.0,"key":"Ancient Tea Set"},{"floor":12.0,"key":"Anchor"},{"floor":19,"key":"Ornamental Fan"},{"floor":24,"key":"Vajra"},{"floor":26,"key":"infinitespire:CursedDice"},{"floor":37,"key":"CaptainsWheel"}],"event_choices":[{"damage_healed":0.0,"max_hp_gain":0.0,"max_hp_loss":0.0,"gold_gain":0.0,"event_name":"Upgrade Shrine","player_choice":"Upgraded","floor":2.0,"gold_loss":0.0,"damage_taken":0.0,"cards_upgraded":["Chrysalis"]},{"damage_healed":0,"gold_gain":0,"player_choice":"Ignored","damage_taken":0,"max_hp_gain":0,"max_hp_loss":0,"event_name":"Ghosts","floor":30,"gold_loss":0},{"damage_healed":66,"gold_gain":0,"player_choice":"Heal","damage_taken":0,"max_hp_gain":0,"max_hp_loss":9,"event_name":"The Moai Head","floor":36,"gold_loss":0},{"damage_healed":0,"gold_gain":0,"player_choice":"Fight","damage_taken":0,"max_hp_gain":0,"max_hp_loss":0,"event_name":"Mysterious Sphere","floor":39,"gold_loss":0}],"is_beta":false,"boss_relics":[{"not_picked":["Tiny House","Fusion Hammer"],"picked":"Runic Pyramid"},{"not_picked":["Snecko Eye","Philosopher\u0027s Stone"],"picked":"Empty Cage"}],"items_purged_floors":[4],"is_endless":true,"potions_floor_spawned":[1,12,14,16,18,24,33],"killed_by":"2 Orb Walkers","ascension_level":0}}