{"host":"af1kf8gfe86ugcx8","time":1610917851,"event":{"mods":["2.2 Compatiblity","BaseMod","Better Altar","Better Match","Better Sensory Stone","Better Skull","Better Vampires","BetterRewards","Card Filter","Colored Map","Conspire","Defuse TimeMaze Blight","Downfall","Energized Spire","Friendly Minions","Glutton Mod","Infinite Spire","Mad Scientist","Minty Spire (QoL Compilation)","Permanent Neow","Quick Restart","Random Character Button","SOS???????","Shop Mod","Spikes Relics","StSLib","The Construct","The Death Knight","The Disciple","The Necromancer","Transform Curses","UnlockEverythingMod"],"gold_per_floor":[43,43,103,54,54,120,120,177,201,233,357,403,403,275,275,411,411,495,495,495,520,268,300,300,330,356,435,82,82,111,140,140,278,278,322,338,369,319,319,427,281,334,334,376,376,429,429,405,405,447],"floor_reached":51,"language":"ENG","playtime":3510,"items_purged":["Defend_Dante","LucifercomboD","Defend_Dante","Defend_Dante","Defend_Dante"],"score":1052,"play_id":"f901bbd4-5127-4c5d-bbb8-cc0a0dd10135","local_time":"20210117131051","is_ascension_mode":true,"campfire_choices":[{"data":"LucifercomboC","floor":13,"key":"SMITH"},{"floor":15,"key":"REST"},{"data":"Royalguard","floor":24,"key":"SMITH"},{"data":"LucifercomboC","floor":32,"key":"SMITH"},{"data":"LucifercomboB","floor":45,"key":"SMITH"},{"data":"LucifercomboA","floor":47,"key":"SMITH"},{"data":"Provocation","floor":49,"key":"SMITH"}],"circlet_count":0,"master_deck":["Attack_a","Attack_a","Attack_b","Provocation+1","Redorb+1","LucifercomboC+1","LucifercomboC+1","infinitespire:Collect","Royaldefend","Royaldefend","Royalguard+1","Violence","LucifercomboB+1","LucifercomboA+1","Royaldefend","Greenorb+1","LucifercomboC+1"],"relics":["SSS","Combocheck","Happy Flower","BrokenLever","Smiling Mask","infinitespire:Beetle Shell","energizedSpire:OgreHead","OrangePellets","Toy Ornithopter","RollingBoulder","Lantern","Nunchaku","Nloth\u0027s Gift","SnailShell","Sundial","RetroEgg","construct:FoamFinger","ZombieTooth"],"acts_visited":["Exordium","TheCity","TheBeyond"],"potions_floor_usage":[8,11,18,21,27,33,41,48],"damage_taken":[{"damage":0,"enemies":"Jaw Worm","floor":1,"turns":3},{"damage":1,"enemies":"Small Slimes","floor":3,"turns":4},{"damage":31,"enemies":"Gremlin Nob","floor":6,"turns":4},{"damage":0,"enemies":"Lagavulin","floor":8,"turns":2},{"damage":0,"enemies":"2 Louse","floor":10,"turns":1},{"damage":12,"enemies":"3 Sentries","floor":11,"turns":7},{"damage":0,"enemies":"Exordium Wildlife","floor":12,"turns":2},{"damage":4,"enemies":"Hexaghost","floor":16,"turns":5},{"damage":0,"enemies":"2 Thieves","floor":18,"turns":2},{"damage":0,"enemies":"Shell Parasite","floor":21,"turns":2},{"damage":11,"enemies":"Gremlin Leader","floor":23,"turns":3},{"damage":0,"enemies":"Centurion and Healer","floor":25,"turns":4},{"damage":23,"enemies":"Book of Stabbing","floor":27,"turns":4},{"damage":26,"enemies":"Slavers","floor":30,"turns":3},{"damage":0,"enemies":"Cultist and Chosen","floor":31,"turns":3},{"damage":0,"enemies":"Collector","floor":33,"turns":5},{"damage":0,"enemies":"3 Shapes","floor":35,"turns":3},{"damage":0,"enemies":"Orb Walker","floor":36,"turns":2},{"damage":0,"enemies":"Transient","floor":37,"turns":5},{"damage":15,"enemies":"Reptomancer","floor":40,"turns":4},{"damage":0,"enemies":"Giant Head","floor":42,"turns":5},{"damage":0,"enemies":"Maw","floor":44,"turns":4},{"damage":0,"enemies":"conspire:MimicChest","floor":46,"turns":4},{"damage":0,"enemies":"Jaw Worm Horde","floor":48,"turns":2},{"damage":22,"enemies":"conspire:OrnateMirror","floor":50,"turns":6}],"seed_played":"-7870622377593070136","potions_obtained":[{"floor":6,"key":"DistilledChaos"},{"floor":10,"key":"Swift Potion"},{"floor":11,"key":"BlessingOfTheForge"},{"floor":18,"key":"Block Potion"},{"floor":25,"key":"Regen Potion"},{"floor":30,"key":"Energy Potion"},{"floor":37,"key":"construct:ShiftPotion"},{"floor":40,"key":"PowerPotion"},{"floor":46,"key":"SkillPotion"}],"is_trial":false,"path_per_floor":["M","?","M","$","?","E","?","E","T","M","E","M","R","$","R","B",null,"M","?","?","M","$","E","R","M","T","E","$","?","E","M","R","B",null,"M","M","M","$","?","E","$","E","T","M","R","?","R","M","R","B",null],"character_chosen":"DANTE","items_purchased":["LucifercomboC","Royaldefend","LucifercomboB","OrangePellets","Bronze Scales","Nunchaku","Fruit Juice"],"campfire_rested":1,"item_purchase_floors":[4,14,22,22,28,28,41],"current_hp_per_floor":[80,80,79,79,58,27,27,27,27,27,15,15,15,15,39,35,80,80,80,80,80,80,69,69,69,69,65,65,65,39,39,39,53,80,80,80,80,80,80,80,85,85,85,85,85,85,85,85,85,65],"gold":447,"neow_bonus":"REMOVE_TWO","is_daily":false,"chose_seed":false,"campfire_upgraded":6,"win_rate":0.0,"timestamp":1610917851,"path_taken":["M","?","M","$","?","E","?","E","T","?","E","M","R","$","R","BOSS","M","?","?","M","$","E","R","M","T","E","?","?","E","M","R","BOSS","M","M","M","$","?","E","$","E","T","M","R","?","R","M","R","BOSS"],"items_purchased_type":["Card","Card","Card","Relic","Relic","Relic","Potion"],"build_version":"2020-12-22","purchased_purges":5,"victory":true,"max_hp_per_floor":[80,80,80,80,80,80,80,80,80,80,80,80,80,80,80,80,80,80,80,80,80,80,80,80,80,80,80,80,80,80,80,80,80,80,80,80,80,80,80,80,85,85,85,85,85,85,85,85,85,85],"card_choices":[{"not_picked":["DT","Shock","Whiteorb"],"picked":"SKIP","floor":1},{"not_picked":["Honeycombofire","Weaponupgrade"],"picked":"LucifercomboC","floor":3},{"not_picked":["infinitespire:SevenWalls","infinitespire:Fortify"],"picked":"infinitespire:Collect","floor":5},{"not_picked":["Weaponchange","Kick13","Dash1"],"picked":"SKIP","floor":6},{"not_picked":["VitalstarM","VitalstarS"],"picked":"Royaldefend","floor":8},{"not_picked":["Gunslinger","Blueorb"],"picked":"LucifercomboD","floor":10},{"not_picked":["DevilstarS","Gunstinger","Stinger"],"picked":"SKIP","floor":11},{"not_picked":["VitalstarS","Gilgamesh","Chargeshoot"],"picked":"SKIP","floor":12},{"not_picked":["Trickster","Stylechange"],"picked":"Royalguard","floor":16},{"not_picked":["VitalstarS+1","Rebellion","Chargeshoot2+1"],"picked":"SKIP","floor":18},{"not_picked":["Secret Technique","Dark Shackles"],"picked":"Violence","floor":20},{"not_picked":["LucifercomboD","SSScard","Airhike"],"picked":"SKIP","floor":21},{"not_picked":["Doubleshoot","Straight+1","EbonyIvory"],"picked":"SKIP","floor":23},{"not_picked":["Millionkick","Ecstasy"],"picked":"LucifercomboA","floor":25},{"not_picked":["Millionstab","Weaponupgrade+1"],"picked":"Royaldefend","floor":27},{"not_picked":["VitalstarL","Gunstinger","Enemystep"],"picked":"SKIP","floor":30},{"not_picked":["Dash2+1","Rebellion+1"],"picked":"Greenorb+1","floor":31},{"not_picked":["Millionstab","Dash1","Splesh+1"],"picked":"SKIP","floor":35},{"not_picked":["GilgameshcomboA+1","Weaponreturn","Dash2"],"picked":"SKIP","floor":36},{"not_picked":["Gilgamesh+1","Enemystep","Millionstab"],"picked":"SKIP","floor":37},{"not_picked":["Enemystep","Greenorb","Dash1"],"picked":"SKIP","floor":40},{"not_picked":["EbonyIvory","Airhike"],"picked":"LucifercomboC+1","floor":42},{"not_picked":["Greenorb+1","Kick13","SSScard+1"],"picked":"SKIP","floor":44},{"not_picked":["Honeycombofire+1","Weaponupgrade+1","Hightime+1"],"picked":"SKIP","floor":48}],"player_experience":330942,"relics_obtained":[{"floor":6,"key":"Happy Flower"},{"floor":8,"key":"BrokenLever"},{"floor":9,"key":"Smiling Mask"},{"floor":11,"key":"infinitespire:Beetle Shell"},{"floor":23,"key":"Toy Ornithopter"},{"floor":26,"key":"RollingBoulder"},{"floor":27,"key":"Lantern"},{"floor":30,"key":"SnailShell"},{"floor":40,"key":"Sundial"},{"floor":42,"key":"RetroEgg"},{"floor":43,"key":"construct:FoamFinger"},{"floor":46,"key":"ZombieTooth"}],"event_choices":[{"damage_healed":0,"gold_gain":0,"player_choice":"Leave","damage_taken":0,"max_hp_gain":0,"max_hp_loss":0,"event_name":"The Cleric","floor":2,"gold_loss":0},{"damage_healed":0,"gold_gain":0,"player_choice":"Grow","damage_taken":0,"max_hp_gain":0,"max_hp_loss":0,"event_name":"Living Wall","floor":7,"gold_loss":0,"cards_upgraded":["Redorb"]},{"damage_healed":0,"gold_gain":0,"player_choice":"Leave","damage_taken":0,"max_hp_gain":0,"max_hp_loss":0,"event_name":"conspire:Investor","floor":19,"gold_loss":0},{"damage_healed":0,"gold_gain":2,"player_choice":"1","damage_taken":0,"max_hp_gain":0,"max_hp_loss":0,"event_name":"betterStone:BetterStone","floor":20,"gold_loss":0},{"damage_healed":0,"gold_gain":0,"player_choice":"Traded Relic","damage_taken":0,"relics_obtained":["Nloth\u0027s Gift"],"max_hp_gain":0,"max_hp_loss":0,"event_name":"N\u0027loth","floor":29,"relics_lost":["Bronze Scales"],"gold_loss":0},{"damage_healed":0,"gold_gain":0,"player_choice":"Ignored","damage_taken":0,"max_hp_gain":0,"max_hp_loss":0,"event_name":"Tomb of Lord Red Mask","floor":39,"gold_loss":0}],"is_beta":false,"boss_relics":[{"not_picked":["Sandwich","energizedSpire:EnergizedDie"],"picked":"energizedSpire:OgreHead"},{"not_picked":["Busted Crown","CosmicIsotope","energizedSpire:MagnifyingGlass"]}],"items_purged_floors":[14,22,28,38,41],"is_endless":false,"potions_floor_spawned":[6,10,11,18,25,30,37,40,46],"ascension_level":4}}