{"host":"jfdrqiydeufe5vnu","time":1610868671,"event":{"mods":["ATMod(阿瑾Mod)","Arknights The Spire","BaseMod","BetterRewards","Downfall","Energized Spire","LagranYue(拉格朗・月)","Minty Spire (QoL Compilation)","Spicy Shops","StSLib","UnlockEverythingMod","vexMod","【遗物卡牌】REMEMod","篝火指南"],"gold_per_floor":[119,132,132,132,145,180,32,32,55,155,180,294,294,22,22,193,193,259,309,357,357,357,467,467,493,519,577,55,125,125,190,190,394,394,535,576,576,576,576,636,72,241,268,63,63,216,324,467,43,302,302,16,16,311,478],"floor_reached":56,"language":"ZHS","playtime":3639,"items_purged":["Strike_R+1","Defend_R+1","Defend_R+1"],"score":1649,"play_id":"baec300c-2bc3-4479-9481-65ca1133a7af","local_time":"20210117153111","is_ascension_mode":false,"campfire_choices":[{"floor":13,"key":"RECALL"},{"floor":15,"key":"REST"},{"data":"REME_ACTH","floor":32,"key":"SMITH"},{"data":"AT_FamilyPortrait","floor":45,"key":"SMITH"}],"circlet_count":0,"master_deck":["Strike_R+1","Strike_R+1","Strike_R+1","Defend_R+1","Defend_R+1","Bash","REME_MawOfCthun","AT_FamilyPortrait+1","Flame Barrier","AT_DrawKnifeCut","AT_Dispersion","AT_IchimonjiDouble","Dark Shackles","REME_ACTH+1","Flex","Cleave","REME_ACTH","Inflame+1","Flex"],"relics":["Burning Blood","REME_ComplimentaryCards","AT_ATBox","LagranYue:RandomDrawCardRelic","AT_BladeRuinedKing","AT_RabadonDeathcap","Oddly Smooth Stone","Calipers","vexMod:FocusSash","REME_HourglassOfDeath","AT_MibuBalloonWealth","Golden Idol","vexMod:BarristanHead","Bottled Lightning","Singing Bowl","Sling","REME_DuelDisc","Boot","Nunchaku","AT_SunfireAegis","Anchor","PreservedInsect","LagranYue:GuidanceLightRelic","Happy Flower","AT_SeraphEmbrace","vexMod:Cooldron","energizedSpire:RedRose","Omamori","AT_DeathDance","REME_ArchaeologicalTools","Dead Branch","MawBank","Chemical X","vexMod:Spyglass","Centennial Puzzle","vexMod:InvisibilityCloak","AT_TheCollector","Membership Card","Vajra","REME_PuzzleBoxRelic"],"acts_visited":["Exordium","TheCity","TheBeyond","TheEnding"],"potions_floor_usage":[6,16,20,27,27,29,29,29,31,33,33,33,33,33,33,35,40,40,40,48,50,55],"damage_taken":[{"damage":0,"enemies":"Cultist","floor":1,"turns":3},{"damage":9,"enemies":"Small Slimes","floor":2,"turns":3},{"damage":2,"enemies":"Jaw Worm","floor":5,"turns":5},{"damage":14,"enemies":"Lagavulin","floor":6,"turns":4},{"damage":0,"enemies":"3 Louse","floor":10,"turns":2},{"damage":6,"enemies":"3 Sentries","floor":12,"turns":3},{"damage":2,"enemies":"Slime Boss","floor":16,"turns":4},{"damage":0,"enemies":"2 Thieves","floor":18,"turns":1},{"damage":0,"enemies":"Spheric Guardian","floor":20,"turns":2},{"damage":16,"enemies":"Slavers","floor":23,"turns":3},{"damage":22,"enemies":"REME_1_Revenger","floor":27,"turns":4},{"damage":6,"enemies":"Shelled Parasite and Fungi","floor":29,"turns":5},{"damage":0,"enemies":"Chosen and Byrds","floor":31,"turns":2},{"damage":41,"enemies":"Collector","floor":33,"turns":8},{"damage":30,"enemies":"3 Darklings","floor":35,"turns":3},{"damage":0,"enemies":"Orb Walker","floor":36,"turns":1},{"damage":25,"enemies":"Nemesis","floor":40,"turns":3},{"damage":0,"enemies":"2 Orb Walkers","floor":42,"turns":1},{"damage":3,"enemies":"Reptomancer","floor":46,"turns":3},{"damage":2,"enemies":"Jaw Worm Horde","floor":47,"turns":1},{"damage":13,"enemies":"3 Darklings","floor":48,"turns":3},{"damage":4,"enemies":"Donu and Deca","floor":50,"turns":2},{"damage":3,"enemies":"Shield and Spear","floor":54,"turns":2},{"damage":65,"enemies":"The Heart","floor":55,"turns":4}],"seed_played":"2252033783718786631","potions_obtained":[{"floor":10,"key":"CultistPotion"},{"floor":12,"key":"Explosive Potion"},{"floor":16,"key":"PowerPotion"},{"floor":18,"key":"LiquidBronze"},{"floor":29,"key":"EntropicBrew"},{"floor":31,"key":"EntropicBrew"},{"floor":35,"key":"EntropicBrew"},{"floor":48,"key":"EntropicBrew"}],"is_trial":false,"path_per_floor":["M","M","?","$","M","E","$","?","T","M","T","E","R","$","R","B",null,"M","?","M","?","?","E","?","T","T","E","$","M","?","M","R","B",null,"M","M","?","?","?","E","R","?","T","$","R","E","M","M","R","B",null,"R","$","E","B",null],"character_chosen":"IRONCLAD","items_purchased":["AT_BladeRuinedKing","AT_RabadonDeathcap","Oddly Smooth Stone","Calipers","vexMod:BerryBomb","vexMod:FocusSash","Strength Potion","AT_MibuBalloonWealth","Singing Bowl","Sling","Dark Shackles","LagranYue:GuidanceLightRelic","Happy Flower","AT_ArchangelStaff","vexMod:Cooldron","AT_DeathDance","REME_ArchaeologicalTools","Chemical X","vexMod:Spyglass","vexMod:InvisibilityCloak","AT_TheCollector","Membership Card","Vajra"],"campfire_rested":1,"item_purchase_floors":[0,0,0,0,0,0,0,7,14,14,14,28,28,28,28,41,41,44,44,49,49,52,52],"current_hp_per_floor":[44,41,41,41,45,37,37,37,37,55,55,55,55,55,80,84,86,86,86,88,88,88,80,80,80,80,64,64,71,71,79,79,44,99,77,85,85,85,85,68,68,94,94,94,94,97,101,96,96,98,109,109,109,111,52],"gold":478,"neow_bonus":"","is_daily":false,"chose_seed":false,"campfire_upgraded":2,"win_rate":0.0,"timestamp":1610868671,"path_taken":["M","M","?","$","?","E","?","?","T","M","?","E","R","$","R","BOSS","M","?","?","?","?","E","?","?","T","E","$","?","?","?","R","BOSS","M","M","?","?","?","E","R","?","T","$","R","E","M","M","R","BOSS","R","$","E","BOSS"],"items_purchased_type":["Relic","Relic","Relic","Relic","Relic","Relic","Potion","Relic","Relic","Relic","Card","Relic","Relic","Relic","Relic","Relic","Relic","Relic","Relic","Relic","Relic","Relic","Relic"],"build_version":"2020-12-22","purchased_purges":3,"victory":true,"max_hp_per_floor":[86,86,86,86,86,86,86,86,86,86,86,86,86,86,86,86,86,86,86,88,88,88,90,90,90,90,90,90,97,97,99,99,99,99,101,103,103,103,103,105,105,107,107,107,107,107,107,109,109,109,109,109,109,111,111],"card_choices":[{"not_picked":["Pummel","REME_Cut","Uppercut"],"picked":"SKIP","floor":1},{"not_picked":["Second Wind","Shrug It Off"],"picked":"Flame Barrier","floor":2},{"not_picked":["Perfected Strike","Clothesline"],"picked":"AT_DrawKnifeCut","floor":5},{"not_picked":["Headbutt","Iron Wave"],"picked":"AT_Dispersion","floor":6},{"not_picked":["Pommel Strike","AT_GerminateFire"],"picked":"AT_IchimonjiDouble","floor":10},{"not_picked":["AT_BodySlamDance","AT_CaressingTears","AT_ManFootWork"],"picked":"SKIP","floor":12},{"not_picked":["AT_BodySlamDance","AT_CaressingTears","AT_ManFootWork"],"picked":"SKIP","floor":12},{"not_picked":["Bludgeon","Offering"],"picked":"REME_ACTH","floor":16},{"not_picked":["Body Slam+1","Wild Strike+1"],"picked":"Flex","floor":18},{"not_picked":["Thunderclap","Pommel Strike","Armaments"],"picked":"Singing Bowl","floor":20},{"not_picked":["Shrug It Off","Headbutt","Twin Strike"],"picked":"Singing Bowl","floor":23},{"not_picked":["Sword Boomerang+1","Iron Wave"],"picked":"Cleave","floor":27},{"not_picked":["AT_BodySlamDance","REME_FearOfPain","Sword Boomerang"],"picked":"Singing Bowl","floor":29},{"not_picked":["Havoc+1","Reckless Charge","Barricade"],"picked":"Singing Bowl","floor":31},{"not_picked":["Immolate","Limit Break"],"picked":"REME_ACTH","floor":33},{"not_picked":["AT_BodySlamDance+1","Iron Wave","Havoc"],"picked":"Singing Bowl","floor":35},{"not_picked":["True Grit+1","Rupture","Shockwave+1"],"picked":"Singing Bowl","floor":36},{"not_picked":["Sword Boomerang+1","Headbutt","REME_Cut+1"],"picked":"Singing Bowl","floor":40},{"not_picked":["Feel No Pain","Armaments","Warcry+1"],"picked":"Singing Bowl","floor":42},{"not_picked":["Wild Strike","REME_Scribble"],"picked":"Inflame+1","floor":46},{"not_picked":["Rampage+1","Havoc"],"picked":"Flex","floor":47},{"not_picked":["Wild Strike","Body Slam+1","Clash+1"],"picked":"Singing Bowl","floor":48},{"not_picked":["Juggernaut","AT_BodySlamDance","Metallicize+1"],"picked":"Singing Bowl","floor":54}],"player_experience":64203,"relics_obtained":[{"floor":6,"key":"REME_HourglassOfDeath"},{"floor":11,"key":"vexMod:BarristanHead"},{"floor":12,"key":"Bottled Lightning"},{"floor":23,"key":"Nunchaku"},{"floor":25,"key":"AT_SunfireAegis"},{"floor":26,"key":"Anchor"},{"floor":27,"key":"PreservedInsect"},{"floor":40,"key":"Omamori"},{"floor":42,"key":"Dead Branch"},{"floor":43,"key":"MawBank"},{"floor":46,"key":"Centennial Puzzle"},{"floor":54,"key":"REME_PuzzleBoxRelic"}],"event_choices":[{"damage_healed":0,"gold_gain":0,"player_choice":"Ignored","damage_taken":0,"max_hp_gain":0,"max_hp_loss":0,"event_name":"NoteForYourself","floor":3,"gold_loss":0},{"damage_healed":0,"gold_gain":0,"player_choice":"Take Wound","damage_taken":0,"relics_obtained":["Golden Idol"],"max_hp_gain":0,"max_hp_loss":0,"event_name":"Golden Idol","floor":8,"gold_loss":0,"cards_obtained":["Injury"]},{"damage_healed":0,"gold_gain":100,"player_choice":"Bet on Murderer","damage_taken":0,"max_hp_gain":0,"max_hp_loss":0,"event_name":"The Joust","floor":19,"gold_loss":50},{"damage_healed":0,"gold_gain":0,"player_choice":"Opened","damage_taken":0,"relics_obtained":["Boot"],"max_hp_gain":0,"max_hp_loss":0,"event_name":"The Mausoleum","floor":21,"gold_loss":0},{"damage_healed":0,"gold_gain":0,"player_choice":"Ignored","damage_taken":0,"max_hp_gain":0,"max_hp_loss":0,"event_name":"Ghosts","floor":22,"gold_loss":0},{"damage_healed":0,"gold_gain":0,"player_choice":"Simplicity","damage_taken":0,"max_hp_gain":0,"max_hp_loss":0,"event_name":"Back to Basics","floor":24,"gold_loss":0,"cards_upgraded":["Strike_R","Strike_R","Strike_R","Strike_R","Strike_R","Defend_R","Defend_R","Defend_R","Defend_R"]},{"cards_removed":["Doubt","Injury"],"damage_healed":0,"gold_gain":0,"player_choice":"Removed Curses","damage_taken":0,"max_hp_gain":0,"max_hp_loss":0,"event_name":"Fountain of Cleansing","floor":30,"gold_loss":0},{"damage_healed":0,"gold_gain":0,"player_choice":"Ignored","damage_taken":0,"max_hp_gain":0,"max_hp_loss":0,"event_name":"Tomb of Lord Red Mask","floor":39,"gold_loss":0},{"damage_healed":0,"gold_gain":0,"player_choice":"Fight","damage_taken":0,"max_hp_gain":0,"max_hp_loss":0,"event_name":"Mysterious Sphere","floor":42,"gold_loss":0}],"is_beta":false,"boss_relics":[{"not_picked":["energizedSpire:OgreHead","energizedSpire:CursedPentagram"],"picked":"REME_DuelDisc"},{"not_picked":["vexMod:TanglingVine","REME_LowDesire"],"picked":"energizedSpire:RedRose"}],"items_purged_floors":[41,49,52],"is_endless":false,"potions_floor_spawned":[10,12,16,18,29,31,35,36,48],"ascension_level":0}}