{"host":"ml2ro5l6hu6y0pll","time":1610913455,"event":{"mods":["AchievementEnabler","BaseMod","Colored Map","Colored Powertips","Custom Start","Googly Eyes","Minty Spire (QoL Compilation)","Quick Restart","Rare Cards Sparkle","Relic Stats","StSLib","everything is the same but u backflip on backflip"],"gold_per_floor":[115,125,145,66,66,100,100,119,145,165,165,199,199],"floor_reached":12,"language":"ENG","playtime":330,"items_purged":[],"score":158,"play_id":"4fb9eba8-e1a7-4b52-9ae9-4d95e3cc650d","local_time":"20210117195735","is_ascension_mode":true,"campfire_choices":[{"floor":7,"key":"REST"},{"floor":11,"key":"REST"}],"circlet_count":0,"master_deck":["AscendersBane","Strike_R","Strike_R","Strike_R","Strike_R","Strike_R","Defend_R","Defend_R","Defend_R","Defend_R","Bash","Combust","Flame Barrier+1","Anger","Reckless Charge","True Grit","Reckless Charge","Spot Weakness","Impervious"],"relics":["Black Star","Omamori","Oddly Smooth Stone","Lantern","Bottled Flame","Regal Pillow"],"acts_visited":["Exordium"],"potions_floor_usage":[12],"damage_taken":[{"damage":12,"enemies":"Small Slimes","floor":1,"turns":4},{"damage":17,"enemies":"Cultist","floor":2,"turns":4},{"damage":2,"enemies":"2 Louse","floor":3,"turns":2},{"damage":24,"enemies":"Lagavulin","floor":6,"turns":8},{"damage":9,"enemies":"Looter","floor":8,"turns":4},{"damage":6,"enemies":"Blue Slaver","floor":10,"turns":3},{"damage":16,"enemies":"3 Sentries","floor":12,"turns":5}],"seed_played":"-3080628576265079909","potions_obtained":[{"floor":6,"key":"SkillPotion"},{"floor":8,"key":"Energy Potion"}],"is_trial":false,"path_per_floor":["M","M","M","$","?","E","R","M","T","M","R","E"],"character_chosen":"IRONCLAD","items_purchased":["Reckless Charge"],"campfire_rested":2,"item_purchase_floors":[4],"current_hp_per_floor":[56,39,37,37,37,13,35,26,26,20,42,26,26],"gold":199,"neow_bonus":"BOSS_RELIC","is_daily":false,"chose_seed":false,"campfire_upgraded":0,"win_rate":0.0,"timestamp":1610913455,"path_taken":["M","M","M","$","?","E","R","?","T","M","R","E"],"items_purchased_type":["Card"],"build_version":"2020-12-22","purchased_purges":0,"victory":false,"max_hp_per_floor":[75,75,75,75,75,75,75,75,75,75,75,75,75],"relic_stats":{"Regal Pillow":0,"counters":[7,30],"Black Star":2,"obtain_stats":[{"Lantern":9,"Bottled Flame":12,"Regal Pillow":12,"Oddly Smooth Stone":6,"Black Star":0,"Omamori":6,"Burning Blood":0},{"Lantern":5,"Bottled Flame":7,"Regal Pillow":7,"Oddly Smooth Stone":4,"Black Star":0,"Omamori":4,"Burning Blood":0},{"Lantern":22,"Bottled Flame":30,"Regal Pillow":30,"Oddly Smooth Stone":18,"Black Star":0,"Omamori":18,"Burning Blood":0}]},"card_choices":[{"not_picked":["Flex","Thunderclap"],"picked":"Combust","floor":1},{"not_picked":["Dual Wield","Warcry"],"picked":"Flame Barrier","floor":2},{"not_picked":["Havoc","Armaments"],"picked":"Anger","floor":3},{"not_picked":["Seeing Red","Flex"],"picked":"True Grit","floor":6},{"not_picked":["Perfected Strike","Thunderclap"],"picked":"Reckless Charge","floor":8},{"not_picked":["Flex","Metallicize"],"picked":"Spot Weakness","floor":10},{"not_picked":["Bloodletting","Power Through"],"picked":"Impervious","floor":12}],"player_experience":806768,"relics_obtained":[{"floor":6,"key":"Omamori"},{"floor":6,"key":"Oddly Smooth Stone"},{"floor":9,"key":"Lantern"},{"floor":12,"key":"Bottled Flame"},{"floor":12,"key":"Regal Pillow"}],"event_choices":[{"damage_healed":0,"gold_gain":0,"player_choice":"Forge","damage_taken":0,"max_hp_gain":0,"max_hp_loss":0,"event_name":"Accursed Blacksmith","floor":5,"gold_loss":0,"cards_upgraded":["Flame Barrier"]}],"is_beta":false,"boss_relics":[],"items_purged_floors":[],"is_endless":false,"potions_floor_spawned":[6,8,10],"killed_by":"3 Sentries","ascension_level":15}}