{"host":"e2ju6k0wppswbhbd","time":1610905423,"event":{"mods":["BaseMod","Minty Spire (QoL Compilation)","Rare Cards Sparkle","StSLib"],"gold_per_floor":[110,124,138,152,28,57,57,72,95,115,146,166,201,201,201,303,303,316,316,329,1,1,1,16,16,16],"floor_reached":25,"language":"FRA","playtime":3021,"items_purged":["Strike_G"],"score":225,"play_id":"3e154b69-ad83-433e-ab73-e94d6f9216d1","local_time":"20210117184343","is_ascension_mode":false,"campfire_choices":[{"floor":7,"key":"RECALL"},{"floor":15,"key":"REST"},{"floor":23,"key":"REST"}],"circlet_count":0,"master_deck":["Strike_G","Strike_G","Strike_G","Defend_G","Defend_G","Defend_G","Defend_G","Defend_G","Survivor","Neutralize","Caltrops","Poisoned Stab","Sucker Punch","Flying Knee","Dagger Spray","Backflip","Footwork","Noxious Fumes","PiercingWail","Deadly Poison","Escape Plan","Adrenaline","Outmaneuver+1","RitualDagger","Backstab","Shame","PiercingWail"],"relics":["Ring of the Snake","Ginger","Tiny Chest","Blood Vial","Cursed Key","White Beast Statue","Ice Cream"],"acts_visited":["Exordium","TheCity"],"potions_floor_usage":[4,11,12,13,20,25],"damage_taken":[{"damage":1,"enemies":"Cultist","floor":1,"turns":4},{"damage":0,"enemies":"2 Louse","floor":2,"turns":3},{"damage":0,"enemies":"Jaw Worm","floor":3,"turns":3},{"damage":13,"enemies":"Exordium Wildlife","floor":4,"turns":7},{"damage":15,"enemies":"Gremlin Nob","floor":6,"turns":5},{"damage":0,"enemies":"Looter","floor":8,"turns":3},{"damage":5,"enemies":"Red Slaver","floor":10,"turns":5},{"damage":27,"enemies":"3 Sentries","floor":11,"turns":6},{"damage":4,"enemies":"Lots of Slimes","floor":12,"turns":2},{"damage":7,"enemies":"Lagavulin","floor":13,"turns":6},{"damage":18,"enemies":"The Guardian","floor":16,"turns":10},{"damage":28,"enemies":"Spheric Guardian","floor":18,"turns":6},{"damage":7,"enemies":"2 Thieves","floor":20,"turns":5},{"damage":24,"enemies":"Cultist and Chosen","floor":24,"turns":7},{"damage":37,"enemies":"Gremlin Leader","floor":25,"turns":6}],"seed_played":"5364584627934710122","potions_obtained":[{"floor":3,"key":"LiquidMemories"},{"floor":10,"key":"Regen Potion"},{"floor":11,"key":"EssenceOfSteel"},{"floor":12,"key":"BlessingOfTheForge"},{"floor":18,"key":"Swift Potion"},{"floor":24,"key":"EssenceOfSteel"}],"is_trial":false,"path_per_floor":["M","M","M","M","$","E","R","M","T","M","E","M","E","?","R","B",null,"M","?","M","$","T","R","M","E"],"character_chosen":"THE_SILENT","items_purchased":["Backflip","Footwork","White Beast Statue"],"campfire_rested":2,"item_purchase_floors":[5,5,21],"current_hp_per_floor":[69,69,69,56,56,41,41,41,41,36,24,20,13,6,27,11,70,42,36,31,31,31,52,30,0,0],"gold":16,"neow_bonus":"THREE_CARDS","is_daily":false,"chose_seed":false,"campfire_upgraded":0,"win_rate":0.0,"timestamp":1610905423,"path_taken":["M","M","M","M","$","E","R","M","T","M","E","?","E","?","R","BOSS","M","?","M","$","?","R","M","E"],"items_purchased_type":["Card","Card","Relic"],"build_version":"2020-12-22","purchased_purges":1,"victory":false,"max_hp_per_floor":[70,70,70,70,70,70,70,70,70,70,70,70,70,70,70,70,70,70,70,70,70,70,70,70,70,70],"card_choices":[{"not_picked":["Poisoned Stab","Masterful Stab"],"picked":"Caltrops","floor":0},{"not_picked":["Slice","Terror"],"picked":"Poisoned Stab","floor":1},{"not_picked":["Caltrops","Concentrate"],"picked":"Sucker Punch","floor":2},{"not_picked":["Dodge and Roll","Caltrops"],"picked":"Flying Knee","floor":3},{"not_picked":["Unload","Quick Slash"],"picked":"Dagger Spray","floor":4},{"not_picked":["Acrobatics","Bane"],"picked":"Noxious Fumes","floor":6},{"not_picked":["Choke","Slice"],"picked":"PiercingWail","floor":8},{"not_picked":["Bane","Accuracy","Setup"],"picked":"SKIP","floor":10},{"not_picked":["Skewer","Poisoned Stab","Grand Finale"],"picked":"SKIP","floor":11},{"not_picked":["Blade Dance","Underhanded Strike"],"picked":"Deadly Poison","floor":12},{"not_picked":["Dodge and Roll","Eviscerate"],"picked":"Escape Plan","floor":13},{"not_picked":["Phantasmal Killer","Burst"],"picked":"Adrenaline","floor":16},{"not_picked":["Underhanded Strike","Sucker Punch"],"picked":"Outmaneuver+1","floor":18},{"not_picked":["Backflip","Concentrate"],"picked":"Backstab","floor":20},{"not_picked":["Endless Agony+1","Riddle With Holes+1"],"picked":"PiercingWail","floor":24}],"player_experience":2697152,"relics_obtained":[{"floor":6,"key":"Ginger"},{"floor":11,"key":"Tiny Chest"},{"floor":13,"key":"Blood Vial"},{"floor":22,"key":"Ice Cream"}],"event_choices":[{"cards_removed":["Strike_G"],"damage_healed":0,"gold_gain":0,"player_choice":"Card Removal","damage_taken":7,"max_hp_gain":0,"max_hp_loss":0,"event_name":"Golden Wing","floor":14,"gold_loss":0},{"damage_healed":0,"gold_gain":0,"player_choice":"Joined the Cult","damage_taken":6,"max_hp_gain":0,"max_hp_loss":0,"event_name":"Nest","floor":19,"gold_loss":0,"cards_obtained":["RitualDagger"]}],"is_beta":false,"boss_relics":[{"not_picked":["Busted Crown","Runic Pyramid"],"picked":"Cursed Key"}],"items_purged_floors":[21],"is_endless":false,"potions_floor_spawned":[3,10,11,12,18,24],"killed_by":"Gremlin Leader","ascension_level":0}}