{"host":"1c17lcvl7acx821p","time":1610845001,"event":{"mods":["AchievementEnabler","BaseMod","Colored Map","Minty Spire (QoL Compilation)","StSLib"],"gold_per_floor":[112,36,36,54,71,71,110,134,134,134,178,32,52,127,127,239,239,266,291,300,225,244,272,272,272,272],"floor_reached":25,"language":"ENG","playtime":885,"items_purged":[],"score":277,"play_id":"2a4812c2-d666-4f93-9a8b-6290cfe1fe5c","local_time":"20210117025641","is_ascension_mode":true,"campfire_choices":[{"data":"TalkToTheHand","floor":6,"key":"SMITH"},{"data":"ConjureBlade","floor":10,"key":"SMITH"},{"floor":15,"key":"REST"},{"data":"Collect","floor":24,"key":"SMITH"}],"circlet_count":0,"master_deck":["Strike_P","Strike_P","Defend_P","Defend_P","Defend_P","Defend_P","Eruption","Vigilance","CrushJoints","TalkToTheHand+1","ThirdEye","FollowUp","ConjureBlade+1","Adaptation","FlyingSleeves","DeusExMachina","MasterReality","DeusExMachina","TalkToTheHand","Tantrum","TalkToTheHand","Collect+1"],"relics":["PureWater","CloakClasp","CeramicFish","Gremlin Horn","Unceasing Top","Sozu","Turnip"],"acts_visited":["Exordium","TheCity"],"potions_floor_usage":[7,7,19],"damage_taken":[{"damage":0,"enemies":"2 Louse","floor":1,"turns":1},{"damage":0,"enemies":"Cultist","floor":4,"turns":2},{"damage":0,"enemies":"Jaw Worm","floor":5,"turns":3},{"damage":26,"enemies":"3 Sentries","floor":7,"turns":10},{"damage":1,"enemies":"Large Slime","floor":8,"turns":3},{"damage":14,"enemies":"Gremlin Nob","floor":11,"turns":4},{"damage":4,"enemies":"Blue Slaver","floor":13,"turns":3},{"damage":25,"enemies":"Slime Boss","floor":16,"turns":4},{"damage":23,"enemies":"2 Thieves","floor":18,"turns":4},{"damage":0,"enemies":"Spheric Guardian","floor":19,"turns":1},{"damage":13,"enemies":"Cultist and Chosen","floor":22,"turns":5},{"damage":7,"enemies":"Gremlin Leader","floor":23,"turns":4},{"damage":22,"enemies":"Slavers","floor":25,"turns":1}],"seed_played":"3735247618080404839","potions_obtained":[{"floor":1,"key":"Fire Potion"},{"floor":4,"key":"PowerPotion"},{"floor":8,"key":"Energy Potion"}],"is_trial":false,"path_per_floor":["M","$","?","M","M","R","E","M","T","R","E","$","M","?","R","B",null,"M","M","?","?","M","E","R","E"],"character_chosen":"WATCHER","items_purchased":["TalkToTheHand","DeusExMachina"],"campfire_rested":1,"item_purchase_floors":[2,12],"current_hp_per_floor":[65,65,65,65,65,65,39,38,38,38,24,24,20,9,28,3,65,42,42,42,42,29,22,22,0,0],"gold":272,"neow_bonus":"ONE_RARE_RELIC","is_daily":false,"chose_seed":false,"campfire_upgraded":3,"win_rate":0.0,"timestamp":1610845001,"path_taken":["M","$","?","M","M","R","E","M","T","R","E","$","?","?","R","BOSS","M","M","?","?","M","E","R","E"],"items_purchased_type":["Card","Card"],"build_version":"2020-12-22","purchased_purges":0,"victory":false,"max_hp_per_floor":[65,65,65,65,65,65,65,65,65,65,65,65,65,65,65,65,65,65,65,65,65,65,65,65,65,65],"card_choices":[{"not_picked":["Sanctity","Prostrate"],"picked":"CrushJoints","floor":1},{"not_picked":["Crescendo","Prostrate"],"picked":"ThirdEye","floor":4},{"not_picked":["ThirdEye","Halt"],"picked":"FollowUp","floor":5},{"not_picked":["PathToVictory","CrushJoints"],"picked":"ConjureBlade","floor":7},{"not_picked":["Indignation","Prostrate"],"picked":"Adaptation","floor":8},{"not_picked":["ForeignInfluence","JustLucky"],"picked":"FlyingSleeves","floor":11},{"not_picked":["BowlingBash","ClearTheMind"],"picked":"MasterReality","floor":13},{"not_picked":["Omniscience","Blasphemy"],"picked":"DeusExMachina","floor":16},{"not_picked":["EmptyFist","Worship"],"picked":"TalkToTheHand","floor":18},{"not_picked":["FlurryOfBlows","FollowUp"],"picked":"Tantrum","floor":19},{"not_picked":["ThirdEye","BowlingBash"],"picked":"Collect","floor":22},{"not_picked":["CrushJoints","Collect","Halt"],"picked":"SKIP","floor":23}],"player_experience":108565,"relics_obtained":[{"floor":7,"key":"CeramicFish"},{"floor":9,"key":"Gremlin Horn"},{"floor":11,"key":"Unceasing Top"},{"floor":23,"key":"Turnip"}],"event_choices":[{"cards_removed":["Strike_P"],"damage_healed":0,"gold_gain":0,"player_choice":"Offered Basic","damage_taken":0,"max_hp_gain":0,"max_hp_loss":0,"event_name":"Bonfire Elementals","floor":3,"gold_loss":0},{"damage_healed":0,"gold_gain":75,"player_choice":"Gather Gold","damage_taken":11,"max_hp_gain":0,"max_hp_loss":0,"event_name":"World of Goop","floor":14,"gold_loss":0},{"damage_healed":0,"gold_gain":0,"player_choice":"Read","damage_taken":0,"max_hp_gain":0,"max_hp_loss":0,"event_name":"The Library","floor":20,"gold_loss":0,"cards_obtained":["TalkToTheHand"]},{"cards_removed":["Strike_P"],"damage_healed":0,"gold_gain":0,"player_choice":"Gave Gold","damage_taken":0,"max_hp_gain":0,"max_hp_loss":0,"event_name":"Beggar","floor":21,"gold_loss":75}],"is_beta":false,"boss_relics":[{"not_picked":["Tiny House","Velvet Choker"],"picked":"Sozu"}],"items_purged_floors":[],"is_endless":false,"potions_floor_spawned":[1,4,8,18,23],"killed_by":"Slavers","ascension_level":4}}