{"host":"nnxvcju6x1qybncj","time":1610910782,"event":{"mods":["BaseMod","Displayed Cursed Tome","Downfall","Evolution","Jorbs\u0027s Wanderer Trilogy","Minty Spire (QoL Compilation)","Quick Restart","StSLib"],"gold_per_floor":[113,113,113,113,113,113,132,132,178,158,178,195,215,230,230,230,230],"floor_reached":16,"language":"ENG","playtime":384,"items_purged":[],"score":191,"play_id":"afa537fd-c09a-4abc-be58-5fcd62479ae7","local_time":"20210117201302","is_ascension_mode":true,"campfire_choices":[{"floor":6,"key":"REST"},{"data":"Defend_R","floor":8,"key":"SMITH"},{"data":"Sentinel","floor":15,"key":"SMITH"}],"circlet_count":0,"master_deck":["AscendersBane","Thunderclap","Thunderclap","Thunderclap","Strike_R+1","Defend_R+1","Defend_R+1","Defend_R","Defend_R","Bash+1","Thunderclap","Armaments+1","Clothesline","Cleave","Shockwave","Sentinel+1"],"relics":["Burning Blood","EVO:Axolotl","Toy Ornithopter"],"acts_visited":["Exordium"],"potions_floor_usage":[11,16,16],"damage_taken":[{"damage":1,"enemies":"2 Louse","floor":1,"turns":2},{"damage":0,"enemies":"Jaw Worm","floor":7,"turns":4},{"damage":2,"enemies":"Small Slimes","floor":11,"turns":2},{"damage":1,"enemies":"Looter","floor":12,"turns":4},{"damage":0,"enemies":"Lots of Slimes","floor":13,"turns":1},{"damage":11,"enemies":"Blue Slaver","floor":14,"turns":5},{"damage":78,"enemies":"Hexaghost","floor":16,"turns":11}],"seed_played":"2589581742514159027","potions_obtained":[{"floor":1,"key":"DuplicationPotion"},{"floor":10,"key":"BlessingOfTheForge"},{"floor":11,"key":"bronze:BurnAndBuffPotion"}],"is_trial":false,"path_per_floor":["M","?","?","?","?","R","M","R","T","?","M","M","M","M","R","B"],"character_chosen":"IRONCLAD","items_purchased":[],"campfire_rested":1,"item_purchase_floors":[],"current_hp_per_floor":[73,73,66,43,43,65,71,71,71,71,75,75,75,70,70,0,0],"gold":230,"neow_bonus":"THREE_CARDS","is_daily":false,"chose_seed":false,"campfire_upgraded":2,"win_rate":0.0,"timestamp":1610910782,"path_taken":["M","?","?","?","?","R","?","R","T","?","?","M","M","M","R","BOSS"],"items_purchased_type":[],"build_version":"2020-12-22","purchased_purges":0,"victory":false,"max_hp_per_floor":[75,75,75,75,75,75,75,75,75,75,75,75,75,75,75,75,75],"card_choices":[{"not_picked":["Flex","Dual Wield"],"picked":"Thunderclap","floor":0},{"not_picked":["Blood for Blood","Burning Pact"],"picked":"Armaments","floor":1},{"not_picked":["Warcry","Flex"],"picked":"Clothesline","floor":7},{"not_picked":["Burning Pact","Wild Strike"],"picked":"Cleave","floor":11},{"not_picked":["Flex","Dual Wield","Dark Embrace"],"picked":"SKIP","floor":12},{"not_picked":["Pummel","Disarm"],"picked":"Shockwave","floor":13},{"not_picked":["Iron Wave","Sever Soul"],"picked":"Sentinel","floor":14}],"player_experience":684928,"relics_obtained":[{"floor":9,"key":"Toy Ornithopter"}],"event_choices":[{"damage_healed":0,"gold_gain":0,"player_choice":"Grow","damage_taken":0,"max_hp_gain":0,"max_hp_loss":0,"event_name":"Living Wall","floor":2,"gold_loss":0,"cards_upgraded":["Armaments"]},{"cards_removed":["Strike_R"],"damage_healed":0,"gold_gain":0,"player_choice":"Card Removal","damage_taken":7,"max_hp_gain":0,"max_hp_loss":0,"event_name":"Golden Wing","floor":3,"gold_loss":0},{"damage_healed":0,"gold_gain":0,"player_choice":"Entered Light","damage_taken":23,"max_hp_gain":0,"max_hp_loss":0,"event_name":"Shining Light","floor":4,"gold_loss":0,"cards_upgraded":["Bash","Strike_R"]},{"damage_healed":0,"gold_gain":0,"player_choice":"Forge","damage_taken":0,"max_hp_gain":0,"max_hp_loss":0,"event_name":"Accursed Blacksmith","floor":5,"gold_loss":0,"cards_upgraded":["Defend_R"]},{"damage_healed":0,"gold_gain":0,"player_choice":"Bought 1 Potion","damage_taken":0,"max_hp_gain":0,"max_hp_loss":0,"event_name":"The Woman in Blue","floor":10,"gold_loss":0}],"is_beta":false,"boss_relics":[],"items_purged_floors":[],"is_endless":false,"potions_floor_spawned":[1,11],"killed_by":"Hexaghost","ascension_level":16}}