{"host":"c5slkkw8hp42e20v","time":1610877672,"event":{"mods":["AchievementEnabler","BaseMod","Better Note","BetterRewards","Colored Powertips","DeckTracker","Friendly Minions","GifTheSpireLib","Hermit","Highlight Path","Minty Spire (QoL Compilation)","Quick Restart","Rare Cards Sparkle","Replay The Spire","Spicy Shops","StSLib","The Animator","The Hierophant","The Poker Player","????"],"gold_per_floor":[109,109,120,120,120,67,99,99,99,99,109,129,159,176,176,271,271,291,303,45,56,56,56,81,81,81,100,113,213,246,246,246,351,401,415,467,480,480,498,498,533,550,574,601,621,632,665,681,681,681],"floor_reached":51,"language":"ENG","playtime":2690,"items_purged":[],"score":1114,"play_id":"6655dca6-cccf-4eb0-b108-4d21762f4566","local_time":"20210117040112","is_ascension_mode":false,"campfire_choices":[{"floor":8,"key":"REST"},{"data":"Accuracy","floor":15,"key":"SMITH"},{"floor":23,"key":"REST"},{"data":"Blade Dance","floor":25,"key":"SMITH"},{"floor":40,"key":"REST"}],"circlet_count":0,"master_deck":["Strike_G+1","Strike_G","Strike_G","Strike_G","Strike_G","Defend_G","Defend_G","Survivor","Neutralize","Deadly Poison","Cloak And Dagger","Blade Dance","Accuracy+1","Heel Hook","Cloak And Dagger","Sucker Punch","Terror+1","Adrenaline","Blade Dance+1","Backflip","Accuracy+1","Accuracy+1","Slice+1","Blade Dance","Cloak And Dagger","Poisoned Stab+1","Noxious Fumes","Blade Dance","Noxious Fumes","Adrenaline","Poisoned Stab","Blade Dance+1","Deadly Poison","Quick Slash","Cloak And Dagger","Toxin Wave","Atom Bomb","Cloak And Dagger+1","Bouncing Flask","Quick Slash","Blade Dance+1","Reflex+1","Escape Plan+1","Backstab","Blade Dance+1","Parasite","Reflex+1","Dagger Spray+1","Finisher+1","Prepared+1","Tactician"],"relics":["Ring of the Snake","NeowsBlessing","The Specimen","Ring of Peace","HornCleat","Replay:Bottled Flurry","Pen Nib","Empty Cage","DollysMirror","Ancient Tea Set","Snack Pack","Dead Branch","Quantum Egg","Prayer Wheel","Tiny House","Ginger","Torii","Centennial Puzzle","Replay:Rubber Ducky","Replay:Baseball"],"acts_visited":["Exordium","TheCity","TheBeyond"],"potions_floor_usage":[11,16],"damage_taken":[{"damage":0,"enemies":"Cultist","floor":1,"turns":1},{"damage":0,"enemies":"2 Louse","floor":3,"turns":1},{"damage":0,"enemies":"Lagavulin","floor":7,"turns":1},{"damage":0,"enemies":"Small Slimes","floor":11,"turns":3},{"damage":0,"enemies":"Looter","floor":12,"turns":3},{"damage":7,"enemies":"Gremlin Nob","floor":13,"turns":5},{"damage":0,"enemies":"Exordium Wildlife","floor":14,"turns":4},{"damage":26,"enemies":"Fading Forest","floor":16,"turns":11},{"damage":0,"enemies":"Chosen","floor":18,"turns":5},{"damage":7,"enemies":"2 Thieves","floor":19,"turns":3},{"damage":10,"enemies":"Cultist and Chosen","floor":21,"turns":4},{"damage":8,"enemies":"Book of Stabbing","floor":24,"turns":4},{"damage":0,"enemies":"Snake Plant","floor":27,"turns":3},{"damage":0,"enemies":"Sentry and Sphere","floor":28,"turns":3},{"damage":12,"enemies":"Colosseum Slavers","floor":29,"turns":5},{"damage":0,"enemies":"Colosseum Nobs","floor":29,"turns":4},{"damage":4,"enemies":"Slavers","floor":30,"turns":2},{"damage":0,"enemies":"Collector","floor":33,"turns":3},{"damage":5,"enemies":"3 Shapes","floor":35,"turns":3},{"damage":60,"enemies":"2 Orb Walkers","floor":36,"turns":5},{"damage":0,"enemies":"Orb Walker","floor":37,"turns":2},{"damage":10,"enemies":"Sphere and 2 Shapes","floor":39,"turns":3},{"damage":0,"enemies":"Reptomancer","floor":41,"turns":2},{"damage":0,"enemies":"Maw","floor":42,"turns":3},{"damage":0,"enemies":"Giant Head","floor":44,"turns":2},{"damage":0,"enemies":"4 Shapes","floor":45,"turns":2},{"damage":0,"enemies":"Writhing Mass","floor":46,"turns":5},{"damage":0,"enemies":"Nemesis","floor":47,"turns":3},{"damage":0,"enemies":"Jaw Worm Horde","floor":48,"turns":2},{"damage":31,"enemies":"Time Eater","floor":50,"turns":4}],"seed_played":"2847087585405700664","potions_obtained":[{"floor":11,"key":"Fruit Juice"},{"floor":12,"key":"SpeedPotion"}],"is_trial":false,"path_per_floor":["M","?","M","?","?","$","E","R","T","?","M","M","E","M","R","B",null,"M","M","$","M","?","R","E","R","T","M","M","?","E","?","R","B",null,"M","?","M","?","M","R","E","M","T","E","M","M","E","M","R","B",null],"character_chosen":"THE_SILENT","items_purchased":["Blade Dance","Accuracy+1","DollysMirror"],"campfire_rested":3,"item_purchase_floors":[6,20,20],"current_hp_per_floor":[70,70,70,45,45,45,45,66,66,66,71,71,64,64,64,48,75,75,68,68,58,58,75,67,67,67,71,75,73,73,73,75,75,80,75,23,27,27,21,45,53,59,59,63,69,79,80,80,80,55],"gold":681,"neow_bonus":"THREE_ENEMY_KILL","is_daily":false,"chose_seed":false,"campfire_upgraded":2,"win_rate":0.0,"timestamp":1610877672,"path_taken":["M","?","M","?","?","$","E","R","T","?","M","M","E","M","R","BOSS","M","M","$","M","?","R","E","R","T","M","?","?","E","?","R","BOSS","M","?","M","?","?","R","E","M","T","E","M","M","E","M","R","BOSS"],"items_purchased_type":["Card","Card","Relic"],"build_version":"2020-12-22","purchased_purges":0,"victory":true,"max_hp_per_floor":[70,70,70,70,70,70,70,70,70,70,75,75,75,75,75,75,75,75,75,75,75,75,75,75,75,75,75,75,75,75,75,75,75,80,80,80,80,80,80,80,80,80,80,80,80,80,80,80,80,80],"card_choices":[{"not_picked":["Sneak Up","Prepared"],"picked":"Deadly Poison","floor":1},{"not_picked":["Quick Slash","Dash"],"picked":"Cloak And Dagger","floor":3},{"not_picked":["Cloak And Dagger","Prepared"],"picked":"Accuracy","floor":7},{"not_picked":["Backstab","Dodge and Roll"],"picked":"Heel Hook","floor":11},{"not_picked":["ReplayTheSpireMod:Exploit Weakness","Outmaneuver"],"picked":"Cloak And Dagger","floor":12},{"not_picked":["Replay:Bag of Tricks","Heel Hook"],"picked":"Sucker Punch","floor":13},{"not_picked":["ReplayTheSpireMod:Scrap Shanks","Dodge and Roll"],"picked":"Terror","floor":14},{"not_picked":["After Image","Unload"],"picked":"Adrenaline","floor":16},{"not_picked":["Draining Mist","Outmaneuver"],"picked":"Blade Dance","floor":18},{"not_picked":["Acrobatics","Reflex"],"picked":"Backflip","floor":19},{"not_picked":["Masterful Stab","All Out Attack"],"picked":"Slice+1","floor":21},{"not_picked":["ReplayTheSpireMod:Scrap Shanks","Backflip"],"picked":"Blade Dance","floor":24},{"not_picked":["Bullet Time","Poisoned Stab"],"picked":"Cloak And Dagger","floor":27},{"not_picked":["Leg Sweep","Predator"],"picked":"Poisoned Stab+1","floor":28},{"not_picked":["Acrobatics","Deadly Poison+1"],"picked":"Noxious Fumes","floor":29},{"not_picked":["Sucker Punch","Dagger Spray"],"picked":"Blade Dance","floor":30},{"not_picked":["Night Terror","Phantasmal Killer"],"picked":"Adrenaline","floor":33},{"not_picked":["Backflip+1","Flying Knee"],"picked":"Poisoned Stab","floor":34},{"not_picked":["Prepared","Backstab"],"picked":"Blade Dance+1","floor":35},{"not_picked":["Sneak Up","Dagger Throw+1"],"picked":"Deadly Poison","floor":35},{"not_picked":["Predator+1","Underhanded Strike+1"],"picked":"Quick Slash","floor":36},{"not_picked":["Poisoned Stab","Deadly Poison+1"],"picked":"Cloak And Dagger","floor":37},{"not_picked":["Slice","Deflect+1"],"picked":"Toxin Wave","floor":37},{"not_picked":["Prepared","ReplayTheSpireMod:Necrosis"],"picked":"Cloak And Dagger+1","floor":39},{"not_picked":["PiercingWail+1","Expertise+1"],"picked":"Bouncing Flask","floor":39},{"not_picked":["Backstab","Underhanded Strike+1"],"picked":"Quick Slash","floor":41},{"not_picked":["Toxin Wave","Backstab+1"],"picked":"Blade Dance+1","floor":42},{"not_picked":["Prepared","Leg Sweep+1"],"picked":"Reflex+1","floor":42},{"not_picked":["Footwork+1","Dagger Spray"],"picked":"Escape Plan+1","floor":44},{"not_picked":["Acrobatics+1","Leg Sweep"],"picked":"Backstab","floor":45},{"not_picked":["Heel Hook","Wraith Form v2"],"picked":"Blade Dance+1","floor":45},{"not_picked":["PiercingWail","Dagger Throw"],"picked":"Reflex+1","floor":46},{"not_picked":["Backflip+1","Predator"],"picked":"Dagger Spray+1","floor":46},{"not_picked":["Masterful Stab+1","Deflect"],"picked":"Finisher+1","floor":47},{"not_picked":["Backflip+1","Flying Knee+1"],"picked":"Prepared","floor":48},{"not_picked":["Choke+1","Slice+1"],"picked":"Tactician","floor":48}],"player_experience":74493,"relics_obtained":[{"floor":5,"key":"Ring of Peace"},{"floor":7,"key":"HornCleat"},{"floor":9,"key":"Replay:Bottled Flurry"},{"floor":13,"key":"Pen Nib"},{"floor":24,"key":"Ancient Tea Set"},{"floor":26,"key":"Snack Pack"},{"floor":29,"key":"Dead Branch"},{"floor":29,"key":"Quantum Egg"},{"floor":30,"key":"Prayer Wheel"},{"floor":36,"key":"Ginger"},{"floor":41,"key":"Torii"},{"floor":43,"key":"Centennial Puzzle"},{"floor":44,"key":"Replay:Rubber Ducky"},{"floor":47,"key":"Replay:Baseball"}],"event_choices":[{"damage_healed":0,"gold_gain":0,"player_choice":"Success","damage_taken":25,"relics_obtained":["The Specimen"],"max_hp_gain":0,"max_hp_loss":0,"event_name":"Scrap Ooze","floor":4,"gold_loss":0},{"damage_healed":0,"gold_gain":0,"player_choice":"Ignored","damage_taken":0,"max_hp_gain":0,"max_hp_loss":0,"event_name":"Golden Wing","floor":10,"gold_loss":0},{"cards_removed":["Slice"],"damage_healed":0,"gold_gain":0,"player_choice":"Give","damage_taken":0,"max_hp_gain":0,"max_hp_loss":0,"event_name":"betterNote:BetterNote","floor":22,"gold_loss":0,"cards_obtained":["None"]},{"damage_healed":0,"gold_gain":0,"player_choice":"Fight","damage_taken":0,"max_hp_gain":0,"max_hp_loss":0,"event_name":"Colosseum","floor":29,"gold_loss":0},{"damage_healed":0,"gold_gain":0,"player_choice":"Fought Nobs","damage_taken":0,"max_hp_gain":0,"max_hp_loss":0,"event_name":"Colosseum","floor":29,"gold_loss":0},{"damage_healed":0,"gold_gain":0,"player_choice":"Read","damage_taken":0,"max_hp_gain":0,"max_hp_loss":0,"event_name":"The Library","floor":31,"gold_loss":0,"cards_obtained":["Noxious Fumes"]},{"damage_healed":0,"gold_gain":0,"player_choice":"Fight","damage_taken":0,"max_hp_gain":0,"max_hp_loss":0,"event_name":"Mysterious Sphere","floor":36,"gold_loss":0},{"damage_healed":0,"gold_gain":0,"player_choice":"1 cards matched","damage_taken":0,"max_hp_gain":0,"max_hp_loss":0,"event_name":"Match and Keep!","floor":38,"gold_loss":0,"cards_obtained":["Atom Bomb"]}],"is_beta":false,"boss_relics":[{"not_picked":["Ectoplasm","Replay:Ancient Bell"],"picked":"Empty Cage"},{"not_picked":["Kintsugi","Snecko Scales"],"picked":"Tiny House"}],"items_purged_floors":[],"is_endless":false,"potions_floor_spawned":[11,12,16,21,27,30,33,35,41,44,45,46,47,48],"ascension_level":0}}