{"host":"g01l53quoe6lrer0","time":1610917838,"event":{"mods":["2.2 Compatiblity","AchievementEnabler","BaseMod","Colored Map","Highlight Path","Keyboard Shortcuts","Minty Spire (QoL Compilation)","Permanent Neow","StSLib","SuperFastMode","everything is the same but u backflip on backflip"],"gold_per_floor":[15,15,15,34,48,48,48,86,134,149,149,169,169,185,185,185,185],"floor_reached":16,"language":"KOR","playtime":280,"items_purged":[],"score":199,"play_id":"3b030826-1088-4b5f-a2e7-f6b85ca65763","local_time":"20210118061038","is_ascension_mode":true,"campfire_choices":[{"data":"Zap","floor":6,"key":"SMITH"},{"floor":11,"key":"REST"},{"floor":13,"key":"REST"},{"data":"Coolheaded","floor":15,"key":"SMITH"}],"circlet_count":0,"master_deck":["AscendersBane","Strike_B","Strike_B","Strike_B","Defend_B","Defend_B","Defend_B","Defend_B","Zap+1","Dualcast","Seek","Ball Lightning","Turbo","Undo","Gash","Rainbow","Rebound","Sweeping Beam","Coolheaded+1"],"relics":["Cracked Core","Golden Idol","Smiling Mask","Ancient Tea Set"],"acts_visited":["Exordium"],"potions_floor_usage":[16,16],"damage_taken":[{"damage":7.0,"enemies":"Small Slimes","floor":1.0,"turns":3.0},{"damage":2.0,"enemies":"Jaw Worm","floor":4.0,"turns":3.0},{"damage":3.0,"enemies":"2 Louse","floor":5.0,"turns":2.0},{"damage":30,"enemies":"3 Sentries","floor":8,"turns":8},{"damage":9,"enemies":"Red Slaver","floor":10,"turns":4},{"damage":1,"enemies":"Blue Slaver","floor":12,"turns":3},{"damage":13,"enemies":"Exordium Thugs","floor":14,"turns":4},{"damage":34,"enemies":"The Guardian","floor":16,"turns":3}],"seed_played":"-796895961573499183","potions_obtained":[{"floor":8,"key":"PotionOfCapacity"},{"floor":10,"key":"LiquidBronze"}],"is_trial":false,"path_per_floor":["M","?","?","M","M","R","?","E","T","M","R","M","R","M","R","B"],"character_chosen":"DEFECT","items_purchased":[],"campfire_rested":2,"item_purchase_floors":[],"current_hp_per_floor":[57,57,57,55,52,52,52,22,22,13,32,31,50,37,37,3,3],"gold":185,"neow_bonus":"THREE_RARE_CARDS","is_daily":false,"chose_seed":false,"campfire_upgraded":2,"win_rate":0.0,"timestamp":1610917838,"path_taken":["M","?","?","?","M","R","?","E","T","?","R","M","R","M","R","BOSS"],"items_purchased_type":[],"build_version":"2020-12-22","purchased_purges":0,"victory":false,"max_hp_per_floor":[71,64,64,64,64,64,64,64,64,64,64,64,64,64,64,64,64],"card_choices":[{"not_picked":["Creative AI","Buffer"],"picked":"Seek","floor":0.0},{"not_picked":["Redo","Coolheaded"],"picked":"Ball Lightning","floor":1.0},{"not_picked":["Reinforced Body","Rebound"],"picked":"Turbo","floor":4.0},{"not_picked":["Auto Shields","Rebound"],"picked":"Undo","floor":5.0},{"not_picked":["Recycle","Go for the Eyes"],"picked":"Rainbow","floor":8},{"not_picked":["Reinforced Body","FTL"],"picked":"Rebound","floor":10},{"not_picked":["Hello World","Force Field"],"picked":"Sweeping Beam","floor":12},{"not_picked":["Leap","Rainbow"],"picked":"Coolheaded","floor":14}],"player_experience":218572,"relics_obtained":[{"floor":8,"key":"Smiling Mask"},{"floor":9,"key":"Ancient Tea Set"}],"event_choices":[{"damage_healed":0.0,"max_hp_gain":0.0,"max_hp_loss":7.0,"gold_gain":0.0,"event_name":"Golden Idol","player_choice":"Lose Max HP","floor":2.0,"gold_loss":0.0,"damage_taken":0.0,"relics_obtained":["Golden Idol"]},{"damage_healed":0.0,"max_hp_gain":0.0,"max_hp_loss":0.0,"gold_gain":0.0,"event_name":"Liars Game","player_choice":"Ignored","floor":3.0,"gold_loss":0.0,"damage_taken":0.0},{"damage_healed":0,"gold_gain":0,"cards_transformed":["Strike_B"],"player_choice":"Transformed","damage_taken":0,"max_hp_gain":0,"max_hp_loss":0,"event_name":"Transmorgrifier","floor":7,"gold_loss":0,"cards_obtained":["Gash"]}],"is_beta":false,"boss_relics":[],"items_purged_floors":[],"is_endless":false,"potions_floor_spawned":[8,10,12],"killed_by":"The Guardian","ascension_level":19}}