{"host":"u9h06qdlnp3wgzsw","time":1610849882,"event":{"mods":["BaseMod","Downfall","Hermit","Minty Spire (QoL Compilation)","Rare Cards Sparkle","Shop Mod","StSLib","The Hierophant"],"gold_per_floor":[109,126,53,68,37,87,87,126,126,161,236,236,285,460,460,460,460],"floor_reached":16,"language":"ENG","playtime":2214,"items_purged":[],"score":112,"play_id":"77061b28-293a-4358-83ce-2d536fa83be1","local_time":"20210116211802","is_ascension_mode":false,"campfire_choices":[{"floor":7,"key":"REST"},{"floor":12,"key":"REST"},{"floor":15,"key":"REST"}],"circlet_count":0,"master_deck":["hierophant:Strike_Hierophant","hierophant:Strike_Hierophant","hierophant:Strike_Hierophant","hierophant:Strike_Hierophant","hierophant:Punish","hierophant:Defend_Hierophant","hierophant:Defend_Hierophant","hierophant:Defend_Hierophant","hierophant:Defend_Hierophant","hierophant:ChurchCoffers+1","hierophant:Endure","hierophant:PassingBell","hierophant:MorningPrayer","hierophant:RepressedViolence","hierophant:MorningPrayer","hierophant:SecretStash","Doubt"],"relics":["hierophant:PropheticMaskRelic","Smiling Mask","Mercury Hourglass","hexamod:CandleOfCauterizing"],"acts_visited":["Exordium"],"potions_floor_usage":[6,13],"damage_taken":[{"damage":3,"enemies":"Jaw Worm","floor":1,"turns":3},{"damage":0,"enemies":"2 Louse","floor":2,"turns":2},{"damage":0,"enemies":"Cultist","floor":4,"turns":4},{"damage":5,"enemies":"Looter","floor":5,"turns":4},{"damage":40,"enemies":"Lagavulin","floor":6,"turns":13},{"damage":12,"enemies":"Blue Slaver","floor":8,"turns":6},{"damage":0,"enemies":"Exordium Wildlife","floor":10,"turns":3},{"damage":30,"enemies":"Gremlin Nob","floor":13,"turns":5},{"damage":41,"enemies":"Hexaghost","floor":16,"turns":16}],"seed_played":"-3128675944729901928","potions_obtained":[{"floor":4,"key":"AttackPotion"},{"floor":8,"key":"bronze:BurnAndBuffPotion"},{"floor":13,"key":"SmokeBomb"}],"is_trial":false,"path_per_floor":["M","M","$","M","M","E","R","M","T","M","?","R","E","?","R","B"],"character_chosen":"HIEROPHANT","items_purchased":["hierophant:MorningPrayer","hierophant:RepressedViolence"],"campfire_rested":3,"item_purchase_floors":[3,3],"current_hp_per_floor":[72,72,72,72,67,27,49,37,37,37,26,48,18,18,40,0,0],"gold":460,"neow_bonus":"UPGRADE_CARD","is_daily":false,"chose_seed":false,"campfire_upgraded":0,"win_rate":0.0,"timestamp":1610849882,"path_taken":["M","M","$","M","M","E","R","M","T","M","?","R","E","?","R","BOSS"],"items_purchased_type":["Card","Card"],"build_version":"2020-12-22","purchased_purges":0,"victory":false,"max_hp_per_floor":[75,75,75,75,75,75,75,75,75,75,75,75,75,75,75,75,75],"card_choices":[{"not_picked":["hierophant:Purify","hierophant:Glossolalia"],"picked":"hierophant:Endure","floor":1},{"not_picked":["hierophant:Smite","hierophant:MorningPrayer"],"picked":"hierophant:PassingBell","floor":2},{"not_picked":["hierophant:Shelter","hierophant:Remorse"],"picked":"hierophant:MorningPrayer","floor":4},{"not_picked":["hierophant:Racketeering","hierophant:RustyCrate"],"picked":"hierophant:SecretStash","floor":5},{"not_picked":["hierophant:OrnateBuckler","hierophant:MorningPrayer","hierophant:Embezzle"],"picked":"SKIP","floor":6},{"not_picked":["hierophant:AuricBeam","hierophant:Sermon","hierophant:Purify"],"picked":"SKIP","floor":8},{"not_picked":["hierophant:RepressedViolence","hierophant:FlamingChariot","hierophant:AuricBeam"],"picked":"SKIP","floor":10},{"not_picked":["hierophant:RepressedViolence","hierophant:FlamingChariot","hierophant:AuricBeam"],"picked":"SKIP","floor":10},{"not_picked":["hierophant:FieryStrike","hierophant:ArchangelShield","hierophant:WrathOfGod"],"picked":"SKIP","floor":13}],"player_experience":762019,"relics_obtained":[{"floor":6,"key":"Smiling Mask"},{"floor":9,"key":"Mercury Hourglass"},{"floor":13,"key":"hexamod:CandleOfCauterizing"}],"event_choices":[{"damage_healed":0,"gold_gain":75,"player_choice":"Gather Gold","damage_taken":11,"max_hp_gain":0,"max_hp_loss":0,"event_name":"World of Goop","floor":11,"gold_loss":0},{"damage_healed":0,"gold_gain":175,"player_choice":"AGREE","damage_taken":0,"max_hp_gain":0,"max_hp_loss":0,"event_name":"Liars Game","floor":14,"gold_loss":0,"cards_obtained":["Doubt"]}],"is_beta":false,"boss_relics":[],"items_purged_floors":[],"is_endless":false,"potions_floor_spawned":[4,8,13],"killed_by":"Hexaghost","ascension_level":0}}