{"host":"dn6kke80v5f7isus","time":1610915549,"event":{"mods":["AchievementEnabler","Act Like it!","BaseMod","Colored Powertips","Custom Start","Defuse TimeMaze Blight","Duelist Mod","Gremlin Skip","Highlight Path","Hubris","Infinite Spire","Minty Spire (QoL Compilation)","Rare Cards Sparkle","Replay The Spire","StSLib","Uncapped"],"gold_per_floor":[139,155,155,213,213,213,213,213],"floor_reached":7,"language":"ENG","playtime":198,"items_purged":[],"score":41,"play_id":"a278a332-48b9-4e53-afd3-320db4bd9f19","local_time":"20210117153229","is_ascension_mode":true,"campfire_choices":[{"data":"theDuelist:UltimateOffering","floor":6,"key":"SMITH"}],"circlet_count":0,"master_deck":["theDuelist:CastleWalls","theDuelist:CastleWalls","theDuelist:Fissure","theDuelist:FluteKuriboh","theDuelist:FluteKuriboh","theDuelist:Relinkuriboh","theDuelist:Sparks","theDuelist:Sparks","theDuelist:WingedKuriboh","theDuelist:WingedKuriboh","theDuelist:Wiretap","theDuelist:UltimateOffering+1"],"relics":["theDuelist:MillenniumPuzzle","theDuelist:CardPoolRelic","theDuelist:CardPoolBasicRelic","theDuelist:BoosterPackPoolRelic","theDuelist:CardPoolAddRelic","theDuelist:CardPoolMinusRelic","theDuelist:CardPoolSaveRelic","theDuelist:CardPoolOptionsRelic","infinitespire:CursedDice","Golden Idol","hubris:Towel"],"acts_visited":["Exordium"],"potions_floor_usage":[],"damage_taken":[{"damage":0,"enemies":"Cultist","floor":1,"turns":3},{"damage":6,"enemies":"2 Louse","floor":2,"turns":2},{"damage":38,"enemies":"3 Sentries","floor":7,"turns":10}],"seed_played":"-161018058093582778","potions_obtained":[{"floor":1,"key":"GamblersBrew"}],"is_trial":false,"path_per_floor":["M","M","?","?","?","R","E"],"character_chosen":"THE_DUELIST","items_purchased":[],"campfire_rested":0,"item_purchase_floors":[],"current_hp_per_floor":[56,50,30,30,30,30,0,0],"gold":213,"neow_bonus":"ONE_RARE_RELIC","is_daily":false,"chose_seed":false,"campfire_upgraded":1,"win_rate":0.0,"timestamp":1610915549,"path_taken":["M","?","?","?","?","R","E"],"items_purchased_type":[],"build_version":"2020-12-22","purchased_purges":0,"victory":false,"max_hp_per_floor":[80,80,80,80,80,80,80,80],"card_choices":[{"not_picked":["theDuelist:ClearKuriboh","theDuelist:SphereKuriboh","theDuelist:ClearKuriboh","theDuelist:RedMedicine+1"],"picked":"theDuelist:Wiretap","floor":1},{"not_picked":["theDuelist:LightningVortex","theDuelist:FlameTiger","theDuelist:DarklordSuperbia","theDuelist:DarkSimorgh"],"picked":"theDuelist:UltimateOffering","floor":2}],"player_experience":559471,"relics_obtained":[],"event_choices":[{"damage_healed":0,"gold_gain":0,"player_choice":"Take Damage","damage_taken":20,"relics_obtained":["Golden Idol"],"max_hp_gain":0,"max_hp_loss":0,"event_name":"Golden Idol","floor":3,"gold_loss":0},{"damage_healed":0,"gold_gain":58,"player_choice":"Gained Gold","damage_taken":0,"max_hp_gain":0,"max_hp_loss":0,"event_name":"Golden Wing","floor":4,"gold_loss":0}],"is_beta":false,"boss_relics":[],"items_purged_floors":[],"is_endless":false,"potions_floor_spawned":[1],"killed_by":"3 Sentries","ascension_level":1}}