{"host":"f9ntswufr8mq3t4y","time":1610918952,"event":{"mods":["AchievementEnabler","BaseMod","Best Route Mod","Block Reminder","Colored Map","Colored Powertips","DeckTracker","Highlight Path","Minty Spire (QoL Compilation)","Permanent Neow","Quick Restart"],"gold_per_floor":[117,127,142,142,217,252,252,287,332,332,332,332,344,377,377,481,481,501,517,529,543,41,41,41,41],"floor_reached":24,"language":"ENG","playtime":1244,"items_purged":[],"score":289,"play_id":"df27fb1c-759b-4a9c-bf3b-8453662cd47d","local_time":"20210118002912","is_ascension_mode":true,"campfire_choices":[{"floor":7.0,"key":"REST"},{"floor":10.0,"key":"REST"},{"floor":12.0,"key":"REST"},{"data":"Ragnarok","floor":15.0,"key":"SMITH"},{"floor":23,"key":"REST"}],"circlet_count":0,"master_deck":["Strike_P","Strike_P","Strike_P","Defend_P","Defend_P","Defend_P","Defend_P","Eruption","Vigilance","Ragnarok","Wireheading","Indignation","Ragnarok+1","Weave","Perseverance","Nirvana","LessonLearned","Prostrate+1","Nirvana+1","Devotion"],"relics":["PureWater","Question Card","Oddly Smooth Stone","Vajra","Bottled Flame","VioletLotus","Kunai"],"acts_visited":["TheCity"],"potions_floor_usage":[19,22,24,24],"damage_taken":[{"damage":0.0,"enemies":"2 Louse","floor":1.0,"turns":2.0},{"damage":2.0,"enemies":"Jaw Worm","floor":2.0,"turns":3.0},{"damage":1.0,"enemies":"Cultist","floor":3.0,"turns":4.0},{"damage":44.0,"enemies":"3 Sentries","floor":6.0,"turns":9.0},{"damage":16.0,"enemies":"Gremlin Nob","floor":8.0,"turns":3.0},{"damage":5.0,"enemies":"Looter","floor":13.0,"turns":3.0},{"damage":0.0,"enemies":"Lagavulin","floor":14.0,"turns":4.0},{"damage":15.0,"enemies":"The Guardian","floor":16.0,"turns":12.0},{"damage":6.0,"enemies":"Chosen","floor":18.0,"turns":4.0},{"damage":0,"enemies":"Spheric Guardian","floor":19,"turns":3},{"damage":0,"enemies":"Snake Plant","floor":20,"turns":2},{"damage":21,"enemies":"Chosen and Byrds","floor":21,"turns":8},{"damage":67,"enemies":"Book of Stabbing","floor":24,"turns":7}],"seed_played":"-6885972157203272532","potions_obtained":[{"floor":2.0,"key":"Weak Potion"},{"floor":6.0,"key":"LiquidBronze"},{"floor":8.0,"key":"StancePotion"},{"floor":21,"key":"Block Potion"}],"is_trial":false,"path_per_floor":["M","M","M","$","?","E","R","E","T","R","?","R","M","E","R","B",null,"M","M","M","M","$","R","E"],"character_chosen":"WATCHER","items_purchased":["Devotion","Fruit Juice","Kunai"],"campfire_rested":4,"item_purchase_floors":[22,22,22],"current_hp_per_floor":[65,63,62,62,51,7,26,10,10,29,29,48,43,43,43,28,65,59,59,59,38,43,64,0,0],"gold":41,"neow_bonus":"THREE_RARE_CARDS","is_daily":false,"chose_seed":false,"campfire_upgraded":1,"win_rate":0.0,"timestamp":1610918952,"path_taken":["M","M","M","$","?","E","R","E","T","R","?","R","M","E","R","BOSS","BOSS","M","M","M","M","$","R","E"],"items_purchased_type":["Card","Potion","Relic"],"build_version":"2020-12-22","purchased_purges":0,"victory":false,"max_hp_per_floor":[65,65,65,65,65,65,65,65,65,65,65,65,65,65,65,65,65,65,65,65,65,70,70,70,70],"card_choices":[{"not_picked":["Devotion","Judgement"],"picked":"Ragnarok","floor":0.0},{"not_picked":["Crescendo","FlyingSleeves","CutThroughFate"],"picked":"SKIP","floor":1.0},{"not_picked":["FollowUp","EmptyFist"],"picked":"Wireheading","floor":2.0},{"not_picked":["BowlingBash","CutThroughFate"],"picked":"Indignation","floor":3.0},{"not_picked":["Prostrate","Halt"],"picked":"Ragnarok","floor":6.0},{"not_picked":["Indignation","DeceiveReality","Sanctity"],"picked":"Weave","floor":8.0},{"not_picked":["Prostrate","BattleHymn","SashWhip"],"picked":"Perseverance","floor":13.0},{"not_picked":["ClearTheMind","EmptyBody","Prostrate"],"picked":"Nirvana","floor":14.0},{"not_picked":["Alpha","DevaForm","Establishment"],"picked":"LessonLearned","floor":16.0},{"not_picked":["FlyingSleeves","ClearTheMind","BowlingBash"],"picked":"Prostrate+1","floor":18.0},{"not_picked":["Halt","JustLucky","ReachHeaven+1"],"picked":"Nirvana+1","floor":19},{"not_picked":["ForeignInfluence","Crescendo+1","PathToVictory","SashWhip+1"],"picked":"SKIP","floor":20},{"not_picked":["SashWhip+1","BattleHymn","Protect","Prostrate"],"picked":"SKIP","floor":21}],"player_experience":344782,"relics_obtained":[{"floor":6.0,"key":"Question Card"},{"floor":8.0,"key":"Oddly Smooth Stone"},{"floor":9.0,"key":"Vajra"},{"floor":14.0,"key":"Bottled Flame"}],"event_choices":[{"damage_healed":0.0,"max_hp_gain":0.0,"max_hp_loss":0.0,"gold_gain":75.0,"event_name":"World of Goop","player_choice":"Gather Gold","floor":5.0,"gold_loss":0.0,"damage_taken":11.0},{"cards_removed":["Strike_P"],"damage_healed":0.0,"max_hp_gain":0.0,"max_hp_loss":0.0,"gold_gain":0.0,"event_name":"Purifier","player_choice":"Purged","floor":11.0,"gold_loss":0.0,"damage_taken":0.0}],"is_beta":false,"boss_relics":[{"not_picked":["Runic Pyramid","SlaversCollar"],"picked":"VioletLotus"}],"items_purged_floors":[],"is_endless":false,"potions_floor_spawned":[2,6,8,14,21],"killed_by":"Book of Stabbing","ascension_level":4}}