{"host":"lb27wy21808d043q","time":1610913524,"event":{"mods":["AchievementEnabler","BaseMod","BetterRewards","Clockwork Mod","Colored Map","Conspire","Curses Come First","Halation","Highlight Path","Hubris","Infinite Spire","Marisa????????","Minty Spire (QoL Compilation)","Replay The Spire","StSLib","The Bug Knight","The Servant 0.9.4","Yuri Mod"],"gold_per_floor":[119,130,130,130,305,305,332,332,332,352,96,126,141,141,141,236,236,256,274,274,274,290,316,328,328,406,406,419,419,435,465,465,567,567,587,597,237,249,124,124,151,151,204,204,238,238,238,257,257,257,257,257,27,55,55,55],"floor_reached":55,"language":"ENG","playtime":5620,"items_purged":["Doubt","Strike_R","Strike_R","Parasite"],"score":653,"play_id":"5b5c6048-8294-46a3-9939-837d30d3f924","local_time":"20210117205844","is_ascension_mode":false,"campfire_choices":[{"data":"Combust","floor":6.0,"key":"SMITH"},{"data":"Armaments","floor":25.0,"key":"SMITH"},{"data":"Ghostly Armor","floor":27.0,"key":"SMITH"},{"data":"Panache","floor":29.0,"key":"SMITH"},{"data":"hubris:ReadiedAction","floor":32.0,"key":"SMITH"},{"data":"Metallicize","floor":40.0,"key":"SMITH"},{"data":"Rage","floor":42.0,"key":"SMITH"},{"floor":49,"key":"RECALL"},{"data":"Defy Death","floor":52,"key":"SMITH"}],"circlet_count":0,"master_deck":["Strike_R","Strike_R","Strike_R","Defend_R+1","Defend_R+1","Defend_R","Defend_R","Bash","Iron Wave","Combust+1","Armaments+1","hubris:ReadiedAction+1","Panache+1","Ghostly Armor+1","ReplayTheSpireMod:Limb From Limb","infinitespire:Collect+1","Defy Death+1","Armaments+1","Thunderclap+1","Shrug It Off","Feed","Metallicize+1","Warcry","Rage+1","Shrug It Off+1","Warcry+1"],"relics":["infinitespire:DarkRift","Replay:Kaleidoscope","halation:OrihimeAndHikoboshiSamaAndTears","infinitespire:Cubic Diamond","TungstenRod","Ice Cream","hubris:Icosahedron","Painkiller Herb","hubris:DeckOfHolding","infinitespire:Satchel","Snack Pack","Nunchaku","Gremlin Horn","Simple Rune","hubris:TenFootPole","Toy Ornithopter","Frozen Eye","BargainBundle","Golden Egg"],"acts_visited":["Exordium","TheCity","TheBeyond","TheEnding"],"potions_floor_usage":[54],"damage_taken":[{"damage":4.0,"enemies":"Jaw Worm","floor":1.0,"turns":5.0},{"damage":2.0,"enemies":"Small Slimes","floor":2.0,"turns":5.0},{"damage":19.0,"enemies":"3 Sentries","floor":7.0,"turns":6.0},{"damage":5.0,"enemies":"2 Louse","floor":10.0,"turns":3.0},{"damage":2.0,"enemies":"Lagavulin","floor":12.0,"turns":6.0},{"damage":0.0,"enemies":"Blue Slaver","floor":13.0,"turns":3.0},{"damage":5.0,"enemies":"Fading Forest","floor":16.0,"turns":11.0},{"damage":0.0,"enemies":"Chosen","floor":18.0,"turns":3.0},{"damage":1.0,"enemies":"conspire:FuzzyDice","floor":19.0,"turns":5.0},{"damage":15.0,"enemies":"3 Cultists","floor":22.0,"turns":3.0},{"damage":18.0,"enemies":"Nightmare","floor":23.0,"turns":6.0},{"damage":0.0,"enemies":"Chosen and Byrds","floor":24.0,"turns":3.0},{"damage":0.0,"enemies":"Cultist and Chosen","floor":28.0,"turns":4.0},{"damage":0.0,"enemies":"conspire:HollyBat","floor":30.0,"turns":5.0},{"damage":5.0,"enemies":"conspire:MimicChest","floor":31.0,"turns":5.0},{"damage":20.0,"enemies":"hubris:MusketHawk","floor":33.0,"turns":6.0},{"damage":1.0,"enemies":"Orb Walker","floor":35.0,"turns":2.0},{"damage":8.0,"enemies":"3 Shapes","floor":36.0,"turns":3.0},{"damage":6.0,"enemies":"Maw","floor":38.0,"turns":5.0},{"damage":8.0,"enemies":"Nemesis","floor":41.0,"turns":5.0},{"damage":15.0,"enemies":"Reptomancer","floor":45.0,"turns":7.0},{"damage":3.0,"enemies":"Writhing Mass","floor":48.0,"turns":6.0},{"damage":19,"enemies":"Replay:Hell Engine","floor":50,"turns":14},{"damage":54,"enemies":"Shield and Spear","floor":54,"turns":7},{"damage":5,"enemies":"The Heart","floor":55,"turns":1}],"seed_played":"920461293747305274","potions_obtained":[{"floor":12.0,"key":"Energy Potion"},{"floor":13.0,"key":"AttackPotion"},{"floor":16.0,"key":"BloodPotion"},{"floor":22.0,"key":"Dexterity Potion"},{"floor":28.0,"key":"Adrenaline Potion"},{"floor":30.0,"key":"Adrenaline Potion"},{"floor":31.0,"key":"SpeedPotion"},{"floor":36.0,"key":"Block Potion"},{"floor":41.0,"key":"EssenceOfSteel"},{"floor":45.0,"key":"ElixirPotion"}],"is_trial":false,"path_per_floor":["M","M","?","?","?","R","E","?","T","M","$","E","M","?","R_BF","B",null,"?","?","AVR","?","?","NM","?","T","T","T","?","T","?","?","T","B",null,"?","?","T","?","?","T","E","T","T","HB","E","T","AVR","?","T","B",null,"T","T","E","B"],"character_chosen":"IRONCLAD","items_purchased":["Panache","Gremlin Horn","BargainBundle"],"campfire_rested":0,"item_purchase_floors":[11,37,53],"current_hp_per_floor":[88,88,85,90,90,90,77,77,77,72,72,70,70,70,93,93,93,93,92,92,92,77,59,59,59,59,59,61,61,63,60,60,44,93,93,87,87,85,85,85,81,81,81,47,36,36,36,46,46,33,47,47,44,5,0,0],"gold":55,"neow_bonus":"TEN_PERCENT_HP_BONUS","is_daily":false,"chose_seed":false,"campfire_upgraded":8,"win_rate":0.0,"timestamp":1610913524,"path_taken":["M","M","?","?","?","R","E","?","T","?","?","E","M","?","R_BF","BOSS","?","?","AVR","?","?","NM","?","T","T","T","?","T","?","?","T","BOSS","?","?","T","?","?","T","E","T","T","HB","E","?","AVR","?","T","BOSS","T","T","E","BOSS"],"items_purchased_type":["Card","Relic","Relic"],"build_version":"2020-12-22","purchased_purges":4,"victory":false,"max_hp_per_floor":[88,88,88,93,93,93,93,93,93,93,93,93,93,93,93,93,93,93,93,93,93,93,93,93,93,93,93,93,93,93,93,93,93,93,93,93,93,93,93,93,93,93,93,47,47,47,47,47,47,47,47,47,44,44,44,44],"card_choices":[{"not_picked":["Seeing Red","Whirlwind"],"picked":"Iron Wave","floor":1.0},{"not_picked":["Power Through","True Grit"],"picked":"Combust","floor":2.0},{"not_picked":["conspire:Charge","Pommel Strike"],"picked":"Armaments","floor":7.0},{"not_picked":["Sword Boomerang","Dark Embrace"],"picked":"hubris:ReadiedAction","floor":10.0},{"not_picked":["Burning Pact","Carnage"],"picked":"Ghostly Armor","floor":12.0},{"not_picked":["Searing Blow","ReplayTheSpireMod:Strike From Hell","Uppercut"],"picked":"SKIP","floor":13.0},{"not_picked":["Cleave","hubris:ReadiedAction","Anger"],"picked":"SKIP","floor":18.0},{"not_picked":["Headbutt","Pommel Strike"],"picked":"ReplayTheSpireMod:Limb From Limb","floor":19.0},{"not_picked":["Clash","Burning Pact+1"],"picked":"Defy Death","floor":22.0},{"not_picked":["Sword Boomerang+1","Power Through"],"picked":"Armaments","floor":23.0},{"not_picked":["Clothesline+1","Searing Blow","ReplayTheSpireMod:Muscle Training+1"],"picked":"SKIP","floor":24.0},{"not_picked":["Life Link","Flex"],"picked":"Thunderclap+1","floor":28.0},{"not_picked":["Inflame","Armaments"],"picked":"Shrug It Off","floor":30.0},{"not_picked":["Bludgeon","hubris:StunningStrike"],"picked":"Feed","floor":33.0},{"not_picked":["Anger","Battle Trance+1"],"picked":"Metallicize","floor":35.0},{"not_picked":["Twin Strike+1","Headbutt+1"],"picked":"Warcry","floor":36.0},{"not_picked":["Replay:Undeath\u0027s Touch+1","Clothesline+1","hubris:SharpeningStone"],"picked":"SKIP","floor":38.0},{"not_picked":["Feed","Thunderclap"],"picked":"Rage","floor":41.0},{"not_picked":["Anger","Pommel Strike"],"picked":"Shrug It Off+1","floor":45.0},{"not_picked":["Anger","Twin Strike","Whirlwind"],"picked":"SKIP","floor":48.0},{"not_picked":["infinitespire:OneForAll+1","Fire Breathing"],"picked":"Warcry+1","floor":54}],"player_experience":9909,"relics_obtained":[{"floor":7.0,"key":"halation:OrihimeAndHikoboshiSamaAndTears"},{"floor":9.0,"key":"TungstenRod"},{"floor":12.0,"key":"Ice Cream"},{"floor":23.0,"key":"infinitespire:Satchel"},{"floor":26.0,"key":"Snack Pack"},{"floor":31.0,"key":"Nunchaku"},{"floor":41.0,"key":"hubris:TenFootPole"},{"floor":45.0,"key":"Toy Ornithopter"},{"floor":54,"key":"Golden Egg"}],"event_choices":[{"damage_healed":0.0,"max_hp_gain":0.0,"max_hp_loss":0.0,"gold_gain":0.0,"event_name":"Scrap Ooze","player_choice":"Success","floor":3.0,"gold_loss":0.0,"damage_taken":3.0,"relics_obtained":["Replay:Kaleidoscope"]},{"damage_healed":0.0,"max_hp_gain":5.0,"max_hp_loss":0.0,"gold_gain":0.0,"event_name":"Big Fish","player_choice":"Donut","floor":4.0,"gold_loss":0.0,"damage_taken":0.0},{"damage_healed":0.0,"max_hp_gain":0.0,"max_hp_loss":0.0,"gold_gain":175.0,"event_name":"Liars Game","player_choice":"AGREE","floor":5.0,"gold_loss":0.0,"damage_taken":0.0,"cards_obtained":["Doubt"]},{"damage_healed":0.0,"max_hp_gain":0.0,"max_hp_loss":0.0,"gold_gain":0.0,"event_name":"Accursed Blacksmith","player_choice":"Forge","floor":21.0,"gold_loss":0.0,"damage_taken":0.0,"cards_upgraded":["infinitespire:Collect"]},{"damage_healed":0.0,"max_hp_gain":0.0,"max_hp_loss":0.0,"gold_gain":0.0,"event_name":"WeMeetAgain","player_choice":"Paid Gold","floor":39.0,"gold_loss":125.0,"damage_taken":0.0,"relics_obtained":["Simple Rune"]}],"is_beta":false,"boss_relics":[{"not_picked":["SlaversCollar","SacredBark"],"picked":"Painkiller Herb"},{"not_picked":["Replay:Ancient Bell","conspire:SlowCooker","Astrolabe"]}],"items_purged_floors":[11,20,37,53],"is_endless":false,"potions_floor_spawned":[12,13,16,22,28,30,31,33,36,41,45],"killed_by":"The Heart","ascension_level":0}}