{"host":"u1dfzl6o6mfmauc3","time":1610919884,"event":{"mods":["2.2 Compatiblity","AchievementEnabler","Bard","BaseMod","Block Reminder","Challenge The Spire","Dark Map","Hermit","Minty Spire (QoL Compilation)","Relic Stats","Robot Space Explorer","StSLib","The Cursed","The Disciple"],"gold_per_floor":[111,128,139,214,9,9,9,20,97,126,145,145,174,200,200,301,301,319,338,350,26,26,57,68,68,68,86,103,123,123,141,141,246,246,261,59,59,74,92,126,126,126],"floor_reached":41,"language":"ENG","playtime":2174,"items_purged":["RobotSpaceExplorer:Strike"],"score":482,"play_id":"e63b6b23-f501-4f72-b26e-996ac6f84065","local_time":"20210117164444","is_ascension_mode":false,"campfire_choices":[{"data":"RobotSpaceExplorer:MiniLasers","floor":6,"key":"SMITH"},{"data":"RobotSpaceExplorer:MetalStrike","floor":12,"key":"SMITH"},{"floor":15,"key":"REST"},{"data":"RobotSpaceExplorer:PlasmaMissile","floor":25,"key":"SMITH"},{"data":"RobotSpaceExplorer:Comet","floor":30,"key":"SMITH"},{"floor":32,"key":"REST"}],"circlet_count":0,"master_deck":["RobotSpaceExplorer:Strike","RobotSpaceExplorer:Defend","RobotSpaceExplorer:Defend","RobotSpaceExplorer:Defend","RobotSpaceExplorer:Defend","RobotSpaceExplorer:Scan","RobotSpaceExplorer:MiniLasers+1","RobotSpaceExplorer:PowerGlove+1","RobotSpaceExplorer:Pulsar","RobotSpaceExplorer:MetalStrike+1","RobotSpaceExplorer:StunGrenade","RobotSpaceExplorer:Asteroid","RobotSpaceExplorer:Comet+1","RobotSpaceExplorer:TurboDodge+1","RobotSpaceExplorer:PlasmaMissile+1","RobotSpaceExplorer:Arsenal+1","RobotSpaceExplorer:FrostMissile","RobotSpaceExplorer:FranticSearch+1","RobotSpaceExplorer:Counterblock+1","RobotSpaceExplorer:Scanner","Master of Strategy+1"],"relics":["SlaversCollar","ClockworkSouvenir","Kunai","PreservedInsect","Smiling Mask","Odd Mushroom","Velvet Choker","Toxic Egg 2","Du-Vu Doll","Bronze Scales","Empty Cage","Anchor","Strawberry"],"acts_visited":["Exordium","TheCity","TheBeyond"],"potions_floor_usage":[40,40],"damage_taken":[{"damage":7,"enemies":"Cultist","floor":1,"turns":5},{"damage":1,"enemies":"2 Louse","floor":2,"turns":3},{"damage":0,"enemies":"Small Slimes","floor":3,"turns":3},{"damage":6,"enemies":"3 Louse","floor":8,"turns":4},{"damage":18,"enemies":"Gremlin Nob","floor":10,"turns":4},{"damage":2,"enemies":"Red Slaver","floor":11,"turns":5},{"damage":0,"enemies":"Lagavulin","floor":13,"turns":5},{"damage":12,"enemies":"The Mushroom Lair","floor":14,"turns":4},{"damage":24,"enemies":"Hexaghost","floor":16,"turns":10},{"damage":3,"enemies":"Spheric Guardian","floor":18,"turns":5},{"damage":0,"enemies":"Chosen","floor":19,"turns":6},{"damage":9,"enemies":"Snake Plant","floor":20,"turns":5},{"damage":8,"enemies":"Slavers","floor":23,"turns":4},{"damage":10,"enemies":"Centurion and Healer","floor":24,"turns":7},{"damage":2,"enemies":"Shelled Parasite and Fungi","floor":27,"turns":4},{"damage":6,"enemies":"Snecko","floor":28,"turns":4},{"damage":3,"enemies":"Centurion and Healer","floor":29,"turns":4},{"damage":2,"enemies":"3 Cultists","floor":31,"turns":4},{"damage":4,"enemies":"Champ","floor":33,"turns":10},{"damage":33,"enemies":"3 Darklings","floor":35,"turns":5},{"damage":11,"enemies":"Orb Walker","floor":38,"turns":4},{"damage":14,"enemies":"Maw","floor":39,"turns":7},{"damage":15,"enemies":"Giant Head","floor":40,"turns":8},{"damage":16,"enemies":"Jaw Worm Horde","floor":41,"turns":1}],"seed_played":"-3290284840141005768","potions_obtained":[{"floor":2,"key":"Dexterity Potion"},{"floor":10,"key":"RobotSpaceExplorer:PlasmaFlask"},{"floor":11,"key":"ColorlessPotion"},{"floor":20,"key":"RobotSpaceExplorer:RecyclePotion"}],"is_trial":false,"path_per_floor":["M","M","M","?","$","R","?","M","T","E","M","R","E","?","R","B",null,"M","M","M","$","?","E","M","R","T","M","M","M","R","M","R","B",null,"M","$","?","M","M","E","M"],"character_chosen":"RobotSpaceExplorer","items_purchased":["ClockworkSouvenir","RobotSpaceExplorer:MetalStrike","RobotSpaceExplorer:PlasmaMissile","Toxic Egg 2","Anchor"],"campfire_rested":2,"item_purchase_floors":[5,5,21,21,36],"current_hp_per_floor":[68,67,67,56,56,56,56,50,50,32,30,30,30,18,40,16,75,72,72,63,63,63,55,45,45,45,43,37,34,34,32,54,50,75,42,42,42,31,17,9,0,0],"gold":126,"neow_bonus":"BOSS_RELIC","is_daily":false,"chose_seed":false,"campfire_upgraded":4,"win_rate":0.0,"timestamp":1610919884,"path_taken":["M","?","M","?","$","R","?","M","T","E","M","R","E","?","R","BOSS","M","M","M","$","?","E","M","R","T","M","M","M","R","M","R","BOSS","M","$","?","M","M","E","M"],"items_purchased_type":["Relic","Card","Card","Relic","Relic"],"build_version":"2020-12-22","purchased_purges":1,"victory":false,"max_hp_per_floor":[75,75,75,75,75,75,75,75,75,75,75,75,75,75,75,75,75,75,75,75,75,75,75,75,75,75,75,75,75,75,75,75,75,75,75,75,75,75,75,82,82,82],"relic_stats":{"counters":[24,121],"Bronze Scales":[133],"PreservedInsect":192,"Kunai":[28],"Smiling Mask":25,"obtain_stats":[{"Velvet Choker":17,"RobotSpaceExplorer:RoboCore":0,"PreservedInsect":10,"Odd Mushroom":14,"Smiling Mask":13,"Empty Cage":34,"ClockworkSouvenir":5,"Du-Vu Doll":23,"SlaversCollar":0,"Anchor":36,"Bronze Scales":26,"Strawberry":40,"Kunai":9,"Toxic Egg 2":21},{"Velvet Choker":9,"RobotSpaceExplorer:RoboCore":0,"PreservedInsect":5,"Odd Mushroom":8,"Smiling Mask":7,"Empty Cage":19,"ClockworkSouvenir":3,"Du-Vu Doll":13,"SlaversCollar":0,"Anchor":20,"Bronze Scales":14,"Strawberry":23,"Kunai":4,"Toxic Egg 2":12},{"Velvet Choker":43,"RobotSpaceExplorer:RoboCore":0,"PreservedInsect":19,"Odd Mushroom":33,"Smiling Mask":29,"Empty Cage":96,"ClockworkSouvenir":11,"Du-Vu Doll":63,"SlaversCollar":0,"Anchor":101,"Bronze Scales":70,"Strawberry":120,"Kunai":15,"Toxic Egg 2":59}]},"card_choices":[{"not_picked":["RobotSpaceExplorer:MiniBoosters","RobotSpaceExplorer:SurgingStrike"],"picked":"RobotSpaceExplorer:PowerGlove","floor":1},{"not_picked":["RobotSpaceExplorer:ShovelStrike","RobotSpaceExplorer:Probe"],"picked":"RobotSpaceExplorer:Pulsar","floor":2},{"not_picked":["RobotSpaceExplorer:ScrapShield","RobotSpaceExplorer:Blitz","RobotSpaceExplorer:Accelerator"],"picked":"SKIP","floor":3},{"not_picked":["RobotSpaceExplorer:SwiftStep","RobotSpaceExplorer:ShockKick","RobotSpaceExplorer:ImprovisedAttack"],"picked":"SKIP","floor":8},{"not_picked":["RobotSpaceExplorer:ShockKick","RobotSpaceExplorer:SwiftStep","RobotSpaceExplorer:SurgingShield"],"picked":"SKIP","floor":10},{"not_picked":["RobotSpaceExplorer:Ammunition","RobotSpaceExplorer:ShockKick"],"picked":"RobotSpaceExplorer:StunGrenade","floor":11},{"not_picked":["RobotSpaceExplorer:SelfCleaning","RobotSpaceExplorer:Blitz"],"picked":"RobotSpaceExplorer:Asteroid","floor":13},{"not_picked":["RobotSpaceExplorer:Exploration","RobotSpaceExplorer:Blaster"],"picked":"RobotSpaceExplorer:Comet","floor":16},{"not_picked":["RobotSpaceExplorer:SlimeMissile","RobotSpaceExplorer:SurgingShield"],"picked":"RobotSpaceExplorer:TurboDodge+1","floor":18},{"not_picked":["RobotSpaceExplorer:Calculate+1","RobotSpaceExplorer:FranticSearch","RobotSpaceExplorer:Jetpack+1"],"picked":"SKIP","floor":19},{"not_picked":["RobotSpaceExplorer:FrostMissile","RobotSpaceExplorer:SurgingShield+1","RobotSpaceExplorer:ShovelStrike"],"picked":"SKIP","floor":20},{"not_picked":["RobotSpaceExplorer:MiniDrones","RobotSpaceExplorer:Counterblock+1"],"picked":"RobotSpaceExplorer:Arsenal+1","floor":23},{"not_picked":["RobotSpaceExplorer:SurgingStrike","RobotSpaceExplorer:ScrapMissile","RobotSpaceExplorer:MiniBoosters"],"picked":"SKIP","floor":24},{"not_picked":["RobotSpaceExplorer:Electroshield+1","RobotSpaceExplorer:ShovelStrike"],"picked":"RobotSpaceExplorer:FrostMissile","floor":27},{"not_picked":["RobotSpaceExplorer:Probe","RobotSpaceExplorer:SurgingStrike+1"],"picked":"RobotSpaceExplorer:FranticSearch+1","floor":28},{"not_picked":["RobotSpaceExplorer:Probe","RobotSpaceExplorer:DualCore"],"picked":"RobotSpaceExplorer:Counterblock+1","floor":29},{"not_picked":["RobotSpaceExplorer:ScrapMissile","RobotSpaceExplorer:SelfCleaning+1","RobotSpaceExplorer:Electroshield+1"],"picked":"SKIP","floor":31},{"not_picked":["RobotSpaceExplorer:Multitool","RobotSpaceExplorer:BlastShield+1"],"picked":"RobotSpaceExplorer:Scanner","floor":33},{"not_picked":["RobotSpaceExplorer:Ammunition+1","RobotSpaceExplorer:SurgingStrike+1","RobotSpaceExplorer:StarDust"],"picked":"SKIP","floor":35},{"not_picked":["Impatience+1","Metamorphosis+1"],"picked":"Master of Strategy+1","floor":37},{"not_picked":["RobotSpaceExplorer:SlimeMissile","RobotSpaceExplorer:GlueSpray+1","RobotSpaceExplorer:StunGrenade+1"],"picked":"SKIP","floor":38},{"not_picked":["RobotSpaceExplorer:ExhaustFan","RobotSpaceExplorer:ShovelStrike+1","RobotSpaceExplorer:ToxicBomb+1"],"picked":"SKIP","floor":39},{"not_picked":["RobotSpaceExplorer:Wormhole+1","RobotSpaceExplorer:Ammunition+1","RobotSpaceExplorer:ExhaustFan"],"picked":"SKIP","floor":40}],"player_experience":102413,"relics_obtained":[{"floor":9,"key":"Kunai"},{"floor":10,"key":"PreservedInsect"},{"floor":13,"key":"Smiling Mask"},{"floor":14,"key":"Odd Mushroom"},{"floor":23,"key":"Du-Vu Doll"},{"floor":26,"key":"Bronze Scales"},{"floor":40,"key":"Strawberry"}],"event_choices":[{"damage_healed":0,"gold_gain":75,"player_choice":"Gather Gold","damage_taken":11,"max_hp_gain":0,"max_hp_loss":0,"event_name":"World of Goop","floor":4,"gold_loss":0},{"damage_healed":0,"gold_gain":0,"player_choice":"Grow","damage_taken":0,"max_hp_gain":0,"max_hp_loss":0,"event_name":"Living Wall","floor":7,"gold_loss":0,"cards_upgraded":["RobotSpaceExplorer:PowerGlove"]},{"damage_healed":0,"gold_gain":0,"player_choice":"Fought Mushrooms","damage_taken":0,"max_hp_gain":0,"max_hp_loss":0,"event_name":"Mushrooms","floor":14,"gold_loss":0},{"damage_healed":0,"gold_gain":0,"player_choice":"Ignored","damage_taken":0,"max_hp_gain":0,"max_hp_loss":0,"event_name":"N\u0027loth","floor":22,"gold_loss":0},{"damage_healed":0,"gold_gain":0,"player_choice":"Memory 1","damage_taken":0,"max_hp_gain":0,"max_hp_loss":0,"event_name":"SensoryStone","floor":37,"gold_loss":0}],"is_beta":false,"boss_relics":[{"not_picked":["Coffee Dripper","Runic Dome"],"picked":"Velvet Choker"},{"not_picked":["Snecko Eye","RobotSpaceExplorer:Reprocessor"],"picked":"Empty Cage"}],"items_purged_floors":[36],"is_endless":false,"potions_floor_spawned":[2,10,11,20,24,27,29,31,35,39],"killed_by":"Jaw Worm Horde","ascension_level":0}}