{"host":"jfdrqiydeufe5vnu","time":1610871643,"event":{"mods":["ATMod(阿瑾Mod)","Arknights The Spire","BaseMod","BetterRewards","Downfall","Energized Spire","LagranYue(拉格朗・月)","Minty Spire (QoL Compilation)","Spicy Shops","StSLib","UnlockEverythingMod","vexMod","【遗物卡牌】REMEMod","篝火指南"],"gold_per_floor":[113,188,207,218,12,12,0,0,0,0,29,129,149,162,162,258,258,269,269,369,385,9,40,40,57,57,83,83,93,93,106,106,202,202,220,300,300,316,316,350,369,369,393,403,47,58,69,12,12,12,12,12,12,40,40],"floor_reached":56,"language":"ZHS","playtime":2570,"items_purged":["Strike_G"],"score":1622,"play_id":"38895bac-9044-4795-9b3f-3fc17a5f41e2","local_time":"20210117162043","is_ascension_mode":false,"campfire_choices":[{"data":"AT_FamilyPortrait","floor":6.0,"key":"SMITH"},{"data":"Noxious Fumes","floor":15.0,"key":"SMITH"},{"floor":24.0,"key":"RECALL"},{"data":"Prepared","floor":28.0,"key":"SMITH"},{"data":"Survivor","floor":30.0,"key":"SMITH"},{"floor":32.0,"key":"REST"},{"data":"Adrenaline","floor":42.0,"key":"SMITH"},{"data":"Dark Shackles","floor":49.0,"key":"SMITH"},{"data":"AT_ShadowStep","floor":52,"key":"SMITH"}],"circlet_count":0,"master_deck":["Strike_G","Strike_G","Defend_G","Defend_G+1","Defend_G+1","Defend_G","Defend_G","Survivor+1","Neutralize","AT_FamilyPortrait+1","ats:Calcification","Prepared+1","Noxious Fumes+1","Poisoned Stab","REME_GreenPollution+1","REME_GreenPollution","AT_FamilyPortrait+1","Catalyst+1","Adrenaline+1","AT_ShadowStep+1","Dark Shackles+1","Bane","Escape Plan+1","AT_TwilightShroud+1","Poisoned Stab","Regret","Deflect+1"],"relics":["Ring of the Snake","REME_ComplimentaryCards","AT_ATBox","LagranYue:RandomDrawCardRelic","LagranYue:NewUniverseRelic","TwistedFunnel","AT_SeraphEmbrace","Akabeko","Gremlin Horn","energizedSpire:PogoStick","DollysMirror","AT_Manta","Bird Faced Urn","AT_DeathDance","Blood Vial","HoveringKite","AT_RabadonDeathcap","vexMod:PlasmaPancake","AT_ChloranthyRing","vexMod:GhostlyGear","AT_BladeRuinedKing","Membership Card","War Paint"],"acts_visited":["Exordium","TheCity","TheBeyond","TheEnding"],"potions_floor_usage":[50,50,50],"damage_taken":[{"damage":0.0,"enemies":"Small Slimes","floor":1.0,"turns":3.0},{"damage":0.0,"enemies":"2 Louse","floor":3.0,"turns":2.0},{"damage":0.0,"enemies":"Jaw Worm","floor":4.0,"turns":5.0},{"damage":2.0,"enemies":"Lagavulin","floor":11.0,"turns":7.0},{"damage":0.0,"enemies":"3 Louse","floor":13.0,"turns":1.0},{"damage":1.0,"enemies":"Exordium Thugs","floor":14.0,"turns":4.0},{"damage":0.0,"enemies":"Hexaghost","floor":16.0,"turns":6.0},{"damage":9.0,"enemies":"Chosen","floor":18.0,"turns":4.0},{"damage":3.0,"enemies":"Shell Parasite","floor":21.0,"turns":3.0},{"damage":2.0,"enemies":"Gremlin Leader","floor":23.0,"turns":5.0},{"damage":3.0,"enemies":"Snecko","floor":25.0,"turns":4.0},{"damage":0.0,"enemies":"Snake Plant","floor":29.0,"turns":2.0},{"damage":2.0,"enemies":"Cultist and Chosen","floor":31.0,"turns":3.0},{"damage":0.0,"enemies":"Champ","floor":33.0,"turns":3.0},{"damage":0.0,"enemies":"Orb Walker","floor":35.0,"turns":5.0},{"damage":0.0,"enemies":"Mind Bloom Boss Battle","floor":36.0,"turns":2.0},{"damage":0.0,"enemies":"3 Darklings","floor":38.0,"turns":2.0},{"damage":4.0,"enemies":"Nemesis","floor":40.0,"turns":3.0},{"damage":0.0,"enemies":"4 Shapes","floor":41.0,"turns":3.0},{"damage":0.0,"enemies":"Jaw Worm Horde","floor":44.0,"turns":1.0},{"damage":0.0,"enemies":"3 Darklings","floor":46.0,"turns":1.0},{"damage":0.0,"enemies":"Spire Growth","floor":47.0,"turns":1.0},{"damage":63,"enemies":"Time Eater","floor":50,"turns":7},{"damage":3,"enemies":"Shield and Spear","floor":54,"turns":2},{"damage":41,"enemies":"The Heart","floor":55,"turns":4}],"seed_played":"-3016868130765592041","potions_obtained":[{"floor":1.0,"key":"EssenceOfSteel"},{"floor":4.0,"key":"GamblersBrew"},{"floor":11.0,"key":"SkillPotion"},{"floor":13.0,"key":"SneckoOil"},{"floor":21.0,"key":"BlessingOfTheForge"},{"floor":29.0,"key":"Slimebound:ThreeZeroPotion"},{"floor":31.0,"key":"REME_GoldPotion"},{"floor":35.0,"key":"EssenceOfSteel"},{"floor":36.0,"key":"Poison Potion"},{"floor":47.0,"key":"bronze:BurnAndBuffPotion"}],"is_trial":false,"path_per_floor":["M","?","M","M","$","R","?","$","T","?","E","?","M","M","R","B",null,"M","?","?","M","$","E","R","M","T","T","R","M","R","M","R","B",null,"M","?","?","M","?","E","M","R","T","M","R","M","M","$","R","B",null,"R","$","E","B",null],"character_chosen":"THE_SILENT","items_purchased":["LagranYue:NewUniverseRelic","TwistedFunnel","AT_ArchangelStaff","Akabeko","Poisoned Stab","DollysMirror","AT_Manta","vexMod:GhostlyGear","AT_BladeRuinedKing","Block Potion","Membership Card"],"campfire_rested":1,"item_purchase_floors":[0,0,0,5,5,22,22,45,45,45,48],"current_hp_per_floor":[43,32,33,35,35,35,35,35,35,35,36,36,36,40,40,50,70,62,62,62,60,60,60,60,68,68,68,68,70,70,68,70,70,70,70,70,70,70,70,72,76,76,76,76,76,76,76,76,76,24,76,76,76,76,43],"gold":40,"neow_bonus":"","is_daily":false,"chose_seed":false,"campfire_upgraded":7,"win_rate":0.0,"timestamp":1610871643,"path_taken":["M","?","M","M","$","R","?","?","T","?","E","?","?","M","R","BOSS","M","?","?","M","$","E","R","?","T","?","R","M","R","M","R","BOSS","M","?","?","M","?","E","M","R","T","M","R","?","M","$","R","BOSS","R","$","E","BOSS"],"items_purchased_type":["Relic","Relic","Relic","Relic","Card","Relic","Relic","Relic","Relic","Potion","Relic"],"build_version":"2020-12-22","purchased_purges":1,"victory":true,"max_hp_per_floor":[70,70,70,70,70,70,70,70,70,70,70,70,70,70,70,70,70,70,70,70,70,70,70,70,70,70,70,70,70,70,70,70,70,70,70,70,70,70,70,76,76,76,76,76,76,76,76,76,76,76,76,76,76,76,76],"card_choices":[{"not_picked":["Flying Knee","AT_WindFlip"],"picked":"Prepared","floor":1.0},{"not_picked":["Dodge and Roll","Setup"],"picked":"Noxious Fumes","floor":3.0},{"not_picked":["Flying Knee","AT_ThistleTea","Quick Slash"],"picked":"SKIP","floor":4.0},{"not_picked":["Acrobatics","Deflect","Dodge and Roll"],"picked":"SKIP","floor":11.0},{"not_picked":["Underhanded Strike","REME_SpectralBlade","AT_WindFlip"],"picked":"SKIP","floor":13.0},{"not_picked":["Dagger Throw","PiercingWail","Deflect"],"picked":"SKIP","floor":14.0},{"not_picked":["Sucker Punch","Underhanded Strike"],"picked":"REME_GreenPollution+1","floor":18.0},{"not_picked":["Dagger Throw","Skewer"],"picked":"REME_GreenPollution","floor":21.0},{"not_picked":["Grand Finale","Blade Dance","REME_ShadowStrike"],"picked":"SKIP","floor":23.0},{"not_picked":["Backstab","REME_GreenPollution","Leg Sweep"],"picked":"SKIP","floor":25.0},{"not_picked":["Finisher","Deflect+1"],"picked":"Catalyst+1","floor":29.0},{"not_picked":["Dodge and Roll","Deflect","Blade Dance+1"],"picked":"SKIP","floor":31.0},{"not_picked":["REME_CopyPotion","Burst"],"picked":"Adrenaline","floor":33.0},{"not_picked":["Blade Dance","All Out Attack+1"],"picked":"AT_ShadowStep","floor":35.0},{"not_picked":["Finesse","REME_TheoryOfElimination"],"picked":"Dark Shackles","floor":37.0},{"not_picked":["Slice","Backflip"],"picked":"Bane","floor":38.0},{"not_picked":["Caltrops","Masterful Stab"],"picked":"Escape Plan+1","floor":40.0},{"not_picked":["Acrobatics","Sucker Punch","Backflip"],"picked":"SKIP","floor":41.0},{"not_picked":["Dagger Spray","Escape Plan+1"],"picked":"AT_TwilightShroud+1","floor":44.0},{"not_picked":["Outmaneuver","Cloak And Dagger","AT_FocusSwordFire+1"],"picked":"SKIP","floor":46.0},{"not_picked":["Flying Knee+1","Terror+1"],"picked":"Poisoned Stab","floor":47.0},{"not_picked":["REME_CopyPotion","Endless Agony"],"picked":"Deflect+1","floor":54}],"player_experience":67842,"relics_obtained":[{"floor":11.0,"key":"Gremlin Horn"},{"floor":23.0,"key":"Bird Faced Urn"},{"floor":26.0,"key":"AT_DeathDance"},{"floor":27.0,"key":"Blood Vial"},{"floor":36.0,"key":"AT_RabadonDeathcap"},{"floor":40.0,"key":"vexMod:PlasmaPancake"},{"floor":43.0,"key":"AT_ChloranthyRing"},{"floor":54,"key":"War Paint"}],"event_choices":[{"damage_healed":0.0,"max_hp_gain":0.0,"max_hp_loss":0.0,"gold_gain":75.0,"event_name":"World of Goop","player_choice":"Gather Gold","floor":2.0,"gold_loss":0.0,"damage_taken":11.0},{"cards_removed":["Strike_G"],"damage_healed":0.0,"max_hp_gain":0.0,"max_hp_loss":0.0,"gold_gain":0.0,"event_name":"Living Wall","player_choice":"Forget","floor":10.0,"gold_loss":0.0,"damage_taken":0.0},{"damage_healed":0.0,"max_hp_gain":0.0,"max_hp_loss":0.0,"gold_gain":100.0,"event_name":"Wheel of Change","player_choice":"Gold","floor":12.0,"gold_loss":0.0,"damage_taken":0.0},{"damage_healed":0.0,"max_hp_gain":0.0,"max_hp_loss":0.0,"gold_gain":100.0,"event_name":"Golden Shrine","player_choice":"Pray","floor":20.0,"gold_loss":0.0,"damage_taken":0.0},{"damage_healed":0.0,"max_hp_gain":0.0,"max_hp_loss":0.0,"gold_gain":0.0,"event_name":"MindBloom","player_choice":"Fight","floor":36.0,"gold_loss":0.0,"damage_taken":0.0},{"damage_healed":0.0,"max_hp_gain":0.0,"max_hp_loss":0.0,"gold_gain":0.0,"event_name":"SensoryStone","player_choice":"Memory 1","floor":37.0,"gold_loss":0.0,"damage_taken":0.0},{"cards_removed":["Strike_G"],"damage_healed":0.0,"max_hp_gain":0.0,"max_hp_loss":0.0,"gold_gain":0.0,"event_name":"Falling","player_choice":"Removed Attack","floor":39.0,"gold_loss":0.0,"damage_taken":0.0}],"is_beta":false,"boss_relics":[{"not_picked":["Ring of the Serpent","energizedSpire:HighHeels"],"picked":"energizedSpire:PogoStick"},{"not_picked":["vexMod:CursedCompass","Runic Pyramid"],"picked":"HoveringKite"}],"items_purged_floors":[5],"is_endless":false,"potions_floor_spawned":[1,4,11,13,21,29,31,35,36,38,47],"ascension_level":0}}