{"host":"792mtbovsoa03nb3","time":1610845734,"event":{"mods":["BaseMod","Conspire","Curses Come First","Dota2Spire","Halation","Hubris","Infinite Spire","Minty Spire (QoL Compilation)","Replay The Spire","StS++","StSLib"],"gold_per_floor":[118,12,44,55,3,3,31,48,48,64,83,4,15,30,30,126,126,142,152,152,152,152],"floor_reached":21,"language":"ENG","playtime":829,"items_purged":[],"score":183,"play_id":"73b544a4-3d6b-4564-bbf9-e7205c55b61e","local_time":"20210116170854","is_ascension_mode":false,"campfire_choices":[{"data":"True Grit","floor":6,"key":"SMITH"},{"floor":15,"key":"DIG"}],"circlet_count":0,"master_deck":["Strike_R","Strike_R","Strike_R","Strike_R","Strike_R","Defend_R","Defend_R","Defend_R","Defend_R","Bash","Burning Pact","Burning Pact","Combust","Flame Barrier","True Grit+1","Infernal Blade","Flame Barrier","Thunderclap+1","StSpp:TheBiggerTheyAre+1","Armaments+1","StSpp:TheBiggerTheyAre+1","Flex","ReplayTheSpireMod:Muscle Training","Berserk","Thunderclap+1","Sword Boomerang+1"],"relics":["Burning Blood","PreservedInsect","hubris:GlazedTorus","Molten Egg 2","Blue Doll","hubris:Reverence","Philosopher\u0027s Stone"],"acts_visited":["Exordium","TheCity"],"potions_floor_usage":[7,16,16,19,21,21,21],"damage_taken":[{"damage":5,"enemies":"Cultist","floor":1,"turns":4},{"damage":38,"enemies":"conspire:MimicChest","floor":3,"turns":7},{"damage":3,"enemies":"2 Louse","floor":4,"turns":2},{"damage":8,"enemies":"3 Sentries","floor":7,"turns":5},{"damage":4,"enemies":"Small Slimes","floor":8,"turns":4},{"damage":4,"enemies":"Blue Slaver","floor":10,"turns":4},{"damage":0,"enemies":"Red Slaver","floor":11,"turns":4},{"damage":10,"enemies":"Lots of Slimes","floor":13,"turns":3},{"damage":2,"enemies":"Exordium Wildlife","floor":14,"turns":3},{"damage":53,"enemies":"Fading Forest","floor":16,"turns":11},{"damage":27,"enemies":"2 Thieves","floor":18,"turns":4},{"damage":49,"enemies":"3 Byrds","floor":19,"turns":4},{"damage":19,"enemies":"Shelled Parasite and Fungi","floor":21,"turns":2}],"seed_played":"9140569185839053585","potions_obtained":[{"floor":3,"key":"Weak Potion"},{"floor":4,"key":"Regen Potion"},{"floor":10,"key":"Dota2Spire:Clarity"},{"floor":11,"key":"Dota2Spire:HealingSalve"},{"floor":18,"key":"LifebloodPotion"},{"floor":19,"key":"SpeedPotion"},{"floor":20,"key":"Dexterity Potion"},{"floor":20,"key":"Toxic Potion"}],"is_trial":false,"path_per_floor":["M","$","?","M","$","R","E","M","T","M","M","$","M","M","R","B",null,"M","M","?","M"],"character_chosen":"IRONCLAD","items_purchased":["Burning Pact","Combust","True Grit","Armaments+1","StSpp:TheBiggerTheyAre+1"],"campfire_rested":0,"item_purchase_floors":[2,2,5,12,12],"current_hp_per_floor":[80,80,48,51,51,51,64,66,66,68,74,74,70,74,74,40,80,59,16,16,0,0],"gold":152,"neow_bonus":"RANDOM_COMMON_RELIC","is_daily":false,"chose_seed":false,"campfire_upgraded":1,"win_rate":0.0,"timestamp":1610845734,"path_taken":["M","?","?","M","$","R","E","M","T","?","M","$","M","M","R","BOSS","M","M","?","?"],"items_purchased_type":["Card","Card","Card","Card","Card"],"build_version":"2020-12-22","purchased_purges":0,"victory":false,"max_hp_per_floor":[80,80,80,80,80,80,80,80,80,80,80,80,80,80,80,80,80,80,80,80,80,80],"card_choices":[{"not_picked":["Carnage","Headbutt"],"picked":"Burning Pact","floor":1},{"not_picked":["Warcry","hubris:ReadiedAction"],"picked":"Flame Barrier","floor":4},{"not_picked":["Uppercut+1","Perfected Strike+1"],"picked":"Infernal Blade","floor":7},{"not_picked":["Headbutt+1","Replay:Many Hands"],"picked":"Flame Barrier","floor":8},{"not_picked":["StSpp:MuscleMemory","Warcry"],"picked":"Thunderclap+1","floor":10},{"not_picked":["Body Slam+1","ReplayTheSpireMod:Strike From Hell+1"],"picked":"StSpp:TheBiggerTheyAre+1","floor":11},{"not_picked":["infinitespire:OneForAll+1","Barricade"],"picked":"Flex","floor":13},{"not_picked":["infinitespire:OneForAll+1","Run Through+1"],"picked":"ReplayTheSpireMod:Muscle Training","floor":14},{"not_picked":["Offering","conspire:Purge"],"picked":"Berserk","floor":16},{"not_picked":["Rage","Twin Strike+1"],"picked":"Thunderclap+1","floor":18},{"not_picked":["Flex","Shockwave"],"picked":"Sword Boomerang+1","floor":19}],"player_experience":900893,"relics_obtained":[{"floor":3,"key":"hubris:GlazedTorus"},{"floor":7,"key":"Molten Egg 2"},{"floor":9,"key":"Blue Doll"},{"floor":15,"key":"hubris:Reverence"}],"event_choices":[{"damage_healed":0,"gold_gain":0,"player_choice":"Got Potions","damage_taken":0,"max_hp_gain":0,"max_hp_loss":0,"event_name":"Lab","floor":20,"gold_loss":0}],"is_beta":false,"boss_relics":[{"not_picked":["hubris:Backtick","halation:Prosthetics"],"picked":"Philosopher\u0027s Stone"}],"items_purged_floors":[],"is_endless":false,"potions_floor_spawned":[3,4,10,11,13,18,19],"killed_by":"Shelled Parasite and Fungi","ascension_level":0}}