{"host":"7zdktqb5xjtif29d","time":1610921278,"event":{"mods":["AchievementEnabler","BaseMod","Colored Map","Colored Powertips","Dark Map","Highlight Path","Minty Spire (QoL Compilation)","Rare Cards Sparkle","SuperFastMode","Waifu the Spire","everything is the same but u backflip on backflip"],"gold_per_floor":[109,128,128,144,319,353,353,353,353,382,382,415,365,62,62,166,166,184,202,202,202,302,332,332,332],"floor_reached":24,"language":"ENG","playtime":696,"items_purged":[],"score":253,"play_id":"f6c42799-4e19-4d38-ad63-0323f2234e3a","local_time":"20210117220758","is_ascension_mode":true,"campfire_choices":[{"floor":8.0,"key":"REST"},{"floor":11.0,"key":"REST"},{"floor":15.0,"key":"REST"}],"circlet_count":0,"master_deck":["Strike_B","Strike_B","Strike_B","Strike_B","Defend_B","Defend_B","Defend_B","Defend_B","Zap+1","Dualcast+1","Ball Lightning","Leap","Thunder Strike+1","Ball Lightning+1","Conserve Battery"],"relics":["Inserter","Incense Burner","Vajra","StoneCalendar","Molten Egg 2","FossilizedHelix","Emotion Chip","Black Star","MutagenicStrength","Bottled Lightning","Toy Ornithopter"],"acts_visited":["Exordium","TheCity"],"potions_floor_usage":[23,23],"damage_taken":[{"damage":1.0,"enemies":"Cultist","floor":1.0,"turns":3.0},{"damage":0.0,"enemies":"2 Louse","floor":2.0,"turns":2.0},{"damage":0.0,"enemies":"Small Slimes","floor":4.0,"turns":3.0},{"damage":22.0,"enemies":"Gremlin Nob","floor":6.0,"turns":4.0},{"damage":20.0,"enemies":"Lagavulin","floor":10.0,"turns":6.0},{"damage":22.0,"enemies":"Gremlin Nob","floor":12.0,"turns":5.0},{"damage":13.0,"enemies":"Hexaghost","floor":16.0,"turns":8.0},{"damage":18.0,"enemies":"Shell Parasite","floor":18.0,"turns":6.0},{"damage":29.0,"enemies":"3 Byrds","floor":19.0,"turns":5.0},{"damage":18,"enemies":"Slavers","floor":23,"turns":4},{"damage":39,"enemies":"Centurion and Healer","floor":24,"turns":5}],"seed_played":"-6716814971368793651","potions_obtained":[{"floor":1.0,"key":"SpeedPotion"},{"floor":10.0,"key":"Fire Potion"},{"floor":16.0,"key":"EssenceOfSteel"},{"floor":18.0,"key":"EssenceOfDarkness"}],"is_trial":false,"path_per_floor":["M","M","?","M","?","E","?","R","T","E","R","E","?","$","R","B",null,"M","M","?","?","?","E","M"],"character_chosen":"DEFECT","items_purchased":["Emotion Chip"],"campfire_rested":3,"item_purchase_floors":[14],"current_hp_per_floor":[74,74,59,59,59,37,19,41,41,21,43,21,21,21,43,30,75,57,28,28,53,53,35,0,0],"gold":332,"neow_bonus":"BOSS_RELIC","is_daily":false,"chose_seed":false,"campfire_upgraded":0,"win_rate":0.0,"timestamp":1610921278,"path_taken":["M","M","?","M","?","E","?","R","T","E","R","E","?","?","R","BOSS","M","M","?","?","?","E","?"],"items_purchased_type":["Relic"],"build_version":"2020-12-22","purchased_purges":0,"victory":false,"max_hp_per_floor":[75,75,75,75,75,75,75,75,75,75,75,75,75,75,75,75,75,75,75,75,75,75,75,75,75],"card_choices":[{"not_picked":["Self Repair","Barrage"],"picked":"Ball Lightning","floor":1.0},{"not_picked":["Stack","FTL","Compile Driver"],"picked":"SKIP","floor":2.0},{"not_picked":["Turbo","Beam Cell","Coolheaded"],"picked":"SKIP","floor":4.0},{"not_picked":["Hologram","Gash","Go for the Eyes"],"picked":"SKIP","floor":6.0},{"not_picked":["Gash+1","Sweeping Beam+1"],"picked":"Leap","floor":10.0},{"not_picked":["Reinforced Body","White Noise","Genetic Algorithm"],"picked":"SKIP","floor":12.0},{"not_picked":["Fission","Multi-Cast"],"picked":"Thunder Strike+1","floor":16.0},{"not_picked":["Recycle+1","Glacier"],"picked":"Ball Lightning+1","floor":18.0},{"not_picked":["Doom and Gloom+1","Chill"],"picked":"Conserve Battery","floor":19.0},{"not_picked":["Go for the Eyes+1","Steam","Stack"],"picked":"SKIP","floor":23}],"player_experience":237735,"relics_obtained":[{"floor":6.0,"key":"Incense Burner"},{"floor":9.0,"key":"StoneCalendar"},{"floor":10.0,"key":"Molten Egg 2"},{"floor":12.0,"key":"FossilizedHelix"},{"floor":23,"key":"Bottled Lightning"},{"floor":23,"key":"Toy Ornithopter"}],"event_choices":[{"damage_healed":0.0,"max_hp_gain":0.0,"max_hp_loss":0.0,"gold_gain":0.0,"event_name":"Shining Light","player_choice":"Entered Light","floor":3.0,"gold_loss":0.0,"damage_taken":15.0,"cards_upgraded":["Dualcast","Zap"]},{"damage_healed":0.0,"max_hp_gain":0.0,"max_hp_loss":0.0,"gold_gain":175.0,"event_name":"Liars Game","player_choice":"AGREE","floor":5.0,"gold_loss":0.0,"damage_taken":0.0,"cards_obtained":["Doubt"]},{"damage_healed":0.0,"max_hp_gain":0.0,"max_hp_loss":0.0,"gold_gain":0.0,"event_name":"Scrap Ooze","player_choice":"Success","floor":7.0,"gold_loss":0.0,"damage_taken":18.0,"relics_obtained":["Vajra"]},{"cards_removed":["Doubt"],"damage_healed":0.0,"max_hp_gain":0.0,"max_hp_loss":0.0,"gold_gain":0.0,"event_name":"The Cleric","player_choice":"Card Removal","floor":13.0,"gold_loss":50.0,"damage_taken":0.0},{"damage_healed":0.0,"max_hp_gain":0.0,"max_hp_loss":0.0,"gold_gain":0.0,"event_name":"Drug Dealer","player_choice":"Inject Mutagens","floor":20.0,"gold_loss":0.0,"damage_taken":0.0,"relics_obtained":["MutagenicStrength"]},{"damage_healed":25.0,"max_hp_gain":0.0,"max_hp_loss":0.0,"gold_gain":0.0,"event_name":"The Library","player_choice":"Heal","floor":21.0,"gold_loss":0.0,"damage_taken":0.0},{"damage_healed":0.0,"max_hp_gain":0.0,"max_hp_loss":0.0,"gold_gain":100.0,"event_name":"Golden Shrine","player_choice":"Pray","floor":22.0,"gold_loss":0.0,"damage_taken":0.0}],"is_beta":false,"boss_relics":[{"not_picked":["Empty Cage","Snecko Eye"],"picked":"Black Star"}],"items_purged_floors":[],"is_endless":false,"potions_floor_spawned":[1,10,16,18,19],"killed_by":"Centurion and Healer","ascension_level":2}}