{"host":"9cgbyp2ufcg2zrdm","time":1610886669,"event":{"mods":["BaseMod","BetterRewards","Colored Map","Downfall","Highlight Path","Minty Spire (QoL Compilation)","Quick Restart","StSLib"],"gold_per_floor":[99,118,131,151,151,151,174,192,139,139,139,139],"floor_reached":10,"language":"ENG","playtime":1167,"items_purged":[],"score":58,"play_id":"9e86d3a5-1fcf-4a9c-ad41-436ff76ddbd2","local_time":"20210117203109","is_ascension_mode":false,"campfire_choices":[{"data":"champ:Taunt","floor":1.0,"key":"SMITH"}],"circlet_count":0,"master_deck":["champ:Strike","champ:Strike","champ:Strike","champ:Strike","champ:Defend","champ:Defend","champ:Defend","champ:Defend","champ:Execute","champ:Taunt+1","champ:IronFortress","champ:FocusedBerserking","Regret","champ:EndlessRage","champ:HeartStrike","champ:CrookedStrike"],"relics":["champ:ChampionCrown","Torii","Blue Candle","Blood Vial"],"acts_visited":["Exordium"],"potions_floor_usage":[10],"damage_taken":[{"damage":10.0,"enemies":"Cultist","floor":2.0,"turns":3.0},{"damage":31.0,"enemies":"Jaw Worm","floor":3.0,"turns":4.0},{"damage":17.0,"enemies":"2 Louse","floor":4.0,"turns":4.0},{"damage":31.0,"enemies":"Red Slaver","floor":8.0,"turns":4.0},{"damage":6.0,"enemies":"downfall:FleeingMerchant","floor":9.0,"turns":4.0},{"damage":72,"enemies":"3 Sentries","floor":10,"turns":14}],"seed_played":"784363675824433473","potions_obtained":[{"floor":4.0,"key":"Explosive Potion"}],"is_trial":false,"path_per_floor":["R","M","M","M","?","?","T","M","$","E"],"character_chosen":"THE_CHAMP","items_purchased":["champ:CrookedStrike"],"campfire_rested":0,"item_purchase_floors":[9],"current_hp_per_floor":[81,81,70,68,68,68,68,54,55,0,0,0],"gold":139,"neow_bonus":"ONE_RARE_RELIC","is_daily":false,"chose_seed":false,"campfire_upgraded":1,"win_rate":0.0,"timestamp":1610886669,"path_taken":["R","M","M","M","?","?","T","M","$","E"],"items_purchased_type":["Card"],"build_version":"2020-12-22","purchased_purges":0,"victory":false,"max_hp_per_floor":[81,81,81,81,81,81,81,81,81,81,81,81],"card_choices":[{"not_picked":["champ:Shatter","champ:DefensiveShout"],"picked":"champ:IronFortress","floor":2.0},{"not_picked":["champ:Haymaker","champ:IronFortress"],"picked":"champ:FocusedBerserking","floor":3.0},{"not_picked":["champ:FlashCut","champ:TornadoPunch","champ:Parry"],"picked":"SKIP","floor":4.0},{"not_picked":["champ:EnGarde","champ:Haymaker"],"picked":"champ:EndlessRage","floor":8.0},{"not_picked":["champ:EnGarde","champ:IgnorePain"],"picked":"champ:HeartStrike","floor":9.0}],"player_experience":774776,"relics_obtained":[{"floor":7.0,"key":"Blood Vial"}],"event_choices":[{"damage_healed":0.0,"max_hp_gain":0.0,"max_hp_loss":0.0,"gold_gain":0.0,"event_name":"Big Fish","player_choice":"Box","floor":5.0,"gold_loss":0.0,"damage_taken":0.0,"relics_obtained":["Blue Candle"],"cards_obtained":["Regret"]}],"is_beta":false,"boss_relics":[],"items_purged_floors":[],"is_endless":false,"potions_floor_spawned":[4],"killed_by":"3 Sentries","ascension_level":0}}