{"host":"s8eu5oacnz2jj6un","time":1610905261,"event":{"mods":["AchievementEnabler","Act Like it!","Astrologer","BaseMod","Colored Powertips","KinomotoSakuraMod(????)","Lobotomy","Marisa????????","Minty Spire (QoL Compilation)","Remilia??????","Replay The Spire","Shop Mod","StSLib","The Senshi","The Servant 0.9.4","Yuri Mod"],"gold_per_floor":[14,27,47,47,62,62,94,94,94,369,388,388,405,415,415,415,415],"floor_reached":16,"language":"ENG","playtime":1689,"items_purged":[],"score":109,"play_id":"592f24ec-77d7-4a55-9196-14d129f4cf09","local_time":"20210117184101","is_ascension_mode":true,"campfire_choices":[{"data":"ReplayTheSpireMod:Muscle Training","floor":6,"key":"SMITH"},{"data":"Rage","floor":8,"key":"SMITH"}],"circlet_count":0,"master_deck":["Strike_R","Strike_R","Strike_R","Strike_R","Strike_R","Defend_R","Defend_R","Defend_R","Defend_R","Bash","Rage+1","Cleave","Body Slam","ReplayTheSpireMod:Muscle Training+1","Reaper+1","Disarm","Body Slam","Spot Weakness"],"relics":["Burning Blood","Replay:Kaleidoscope","Potion Belt","Golden Egg","The Courier"],"acts_visited":["Exordium"],"potions_floor_usage":[13,14,16,16],"damage_taken":[{"damage":5,"enemies":"Cultist","floor":1,"turns":4},{"damage":8,"enemies":"2 Louse","floor":2,"turns":3},{"damage":0,"enemies":"Small Slimes","floor":3,"turns":2},{"damage":0,"enemies":"Gremlin Gang","floor":5,"turns":4},{"damage":16,"enemies":"Replay:BlueRogue","floor":7,"turns":8},{"damage":10,"enemies":"Lots of Slimes","floor":11,"turns":2},{"damage":0,"enemies":"Looter","floor":13,"turns":2},{"damage":3,"enemies":"2 Fungi Beasts","floor":14,"turns":4},{"damage":101,"enemies":"Slime Boss","floor":16,"turns":15}],"seed_played":"-4409231861673575930","potions_obtained":[{"floor":3,"key":"Elixir"},{"floor":7,"key":"Languid Potion"},{"floor":11,"key":"DuplicationPotion"},{"floor":12,"key":"ElixirPotion"},{"floor":12,"key":"DistilledChaos"},{"floor":12,"key":"Ancient Potion"}],"is_trial":false,"path_per_floor":["M","M","M","T","M","R","E","R","T","?","M","?","M","M","R","B"],"character_chosen":"IRONCLAD","items_purchased":[],"campfire_rested":0,"item_purchase_floors":[],"current_hp_per_floor":[80,78,80,80,80,80,70,70,70,70,75,75,80,80,80,0,0],"gold":415,"neow_bonus":"ONE_RARE_RELIC","is_daily":false,"chose_seed":false,"campfire_upgraded":2,"win_rate":0.0,"timestamp":1610905261,"path_taken":["M","M","?","?","M","R","E","R","T","?","?","?","M","M","R","BOSS"],"items_purchased_type":[],"build_version":"2020-12-22","purchased_purges":0,"victory":false,"max_hp_per_floor":[80,80,80,80,80,80,80,80,80,80,80,80,80,80,80,80,80],"card_choices":[{"not_picked":["Perfected Strike","Run Through"],"picked":"Rage","floor":1},{"not_picked":["Body Slam","Sever Soul"],"picked":"Cleave","floor":2},{"not_picked":["Intimidate","Replay:Undeath\u0027s Touch"],"picked":"Body Slam","floor":3},{"not_picked":["Run Through","Exhume"],"picked":"ReplayTheSpireMod:Muscle Training","floor":5},{"not_picked":["Clothesline","Searing Blow"],"picked":"Reaper","floor":7},{"not_picked":["Clothesline","Defy Death"],"picked":"Disarm","floor":11},{"not_picked":["Clash","Defy Death"],"picked":"Body Slam","floor":13},{"not_picked":["Wild Strike","ReplayTheSpireMod:Strike From Hell"],"picked":"Spot Weakness","floor":14}],"player_experience":698109,"relics_obtained":[{"floor":4,"key":"Potion Belt"},{"floor":7,"key":"Golden Egg"},{"floor":9,"key":"The Courier"}],"event_choices":[{"damage_healed":0,"gold_gain":275,"player_choice":"Desecrate","damage_taken":0,"max_hp_gain":0,"max_hp_loss":0,"event_name":"Golden Shrine","floor":10,"gold_loss":0,"cards_obtained":["Regret"]},{"damage_healed":0,"gold_gain":0,"player_choice":"Got Potions","damage_taken":0,"max_hp_gain":0,"max_hp_loss":0,"event_name":"Lab","floor":12,"gold_loss":0},{"cards_removed":["Regret"],"damage_healed":0,"gold_gain":0,"player_choice":"Removed Curses","damage_taken":0,"max_hp_gain":0,"max_hp_loss":0,"event_name":"Fountain of Cleansing","floor":15,"gold_loss":0}],"is_beta":false,"boss_relics":[],"items_purged_floors":[],"is_endless":false,"potions_floor_spawned":[3,7,11],"killed_by":"Slime Boss","ascension_level":1}}