{"host":"kg61lsvem4dxoat8","time":1610895375,"event":{"mods":["BaseMod","Colored Powertips","Minty Spire (QoL Compilation)","Quick Restart","Rare Cards Sparkle","Relic Stats","slay the spire mod where everything is the same but ironclad has a cowboy hat"],"gold_per_floor":[110,127,127,140,140,140,140,140,140,140,140,165,165,165,165],"floor_reached":14,"language":"ENG","playtime":143,"items_purged":[],"score":137,"play_id":"607308ce-b753-4e03-b5ba-ab1526a5044c","local_time":"20210117225615","is_ascension_mode":true,"campfire_choices":[{"data":"Neutralize","floor":6,"key":"SMITH"},{"data":"Survivor","floor":8,"key":"SMITH"},{"data":"Accuracy","floor":10,"key":"SMITH"}],"circlet_count":0,"master_deck":["AscendersBane","Strike_G","Strike_G","Strike_G","Strike_G","Strike_G","Defend_G","Defend_G","Defend_G","Defend_G","Defend_G","Survivor+1","Neutralize+1","Accuracy+1"],"relics":["Ring of the Snake","NeowsBlessing","Mercury Hourglass","Singing Bowl","Golden Idol","Darkstone Periapt"],"acts_visited":["Exordium"],"potions_floor_usage":[],"damage_taken":[{"damage":0,"enemies":"Cultist","floor":1,"turns":1},{"damage":0,"enemies":"2 Louse","floor":2,"turns":1},{"damage":0,"enemies":"Jaw Worm","floor":4,"turns":1},{"damage":0,"enemies":"Blue Slaver","floor":12,"turns":4},{"damage":0,"enemies":"Lagavulin","floor":14,"turns":1}],"seed_played":"7691515611367757102","potions_obtained":[{"floor":2,"key":"SteroidPotion"}],"is_trial":false,"path_per_floor":["M","M","T","M","?","R","$","R","T","R","?","M","T","E"],"character_chosen":"THE_SILENT","items_purchased":[],"campfire_rested":0,"item_purchase_floors":[],"current_hp_per_floor":[59,59,59,59,64,64,64,64,64,64,64,66,66,66,66],"gold":165,"neow_bonus":"THREE_ENEMY_KILL","is_daily":false,"chose_seed":false,"campfire_upgraded":3,"win_rate":0.0,"timestamp":1610895375,"path_taken":["M","?","?","?","?","R","$","R","T","R","?","M","?","E"],"items_purchased_type":[],"build_version":"2020-12-22","purchased_purges":0,"victory":false,"max_hp_per_floor":[66,66,66,66,71,71,71,71,71,71,64,66,66,66,66],"relic_stats":{"Darkstone Periapt":0,"Singing Bowl":2,"counters":[5,8],"Golden Idol":5,"obtain_stats":[{"Darkstone Periapt":13,"NeowsBlessing":0,"Singing Bowl":9,"Golden Idol":11,"Ring of the Snake":0,"Mercury Hourglass":3},{"Darkstone Periapt":4,"NeowsBlessing":0,"Singing Bowl":3,"Golden Idol":3,"Ring of the Snake":0,"Mercury Hourglass":2},{"Darkstone Periapt":7,"NeowsBlessing":0,"Singing Bowl":3,"Golden Idol":3,"Ring of the Snake":0,"Mercury Hourglass":2}],"Ring of the Snake":[10],"Mercury Hourglass":[13]},"card_choices":[{"not_picked":["Slice","Prepared","Dagger Throw"],"picked":"SKIP","floor":1},{"not_picked":["Quick Slash","Slice","Leg Sweep"],"picked":"SKIP","floor":2},{"not_picked":["Slice","Flechettes"],"picked":"Accuracy","floor":4},{"not_picked":["Masterful Stab","PiercingWail","Setup"],"picked":"Singing Bowl","floor":12}],"player_experience":1380593,"relics_obtained":[{"floor":3,"key":"Mercury Hourglass"},{"floor":9,"key":"Singing Bowl"},{"floor":13,"key":"Darkstone Periapt"}],"event_choices":[{"damage_healed":0,"gold_gain":0,"player_choice":"Donut","damage_taken":0,"max_hp_gain":5,"max_hp_loss":0,"event_name":"Big Fish","floor":5,"gold_loss":0},{"damage_healed":0,"gold_gain":0,"player_choice":"Lose Max HP","damage_taken":0,"relics_obtained":["Golden Idol"],"max_hp_gain":0,"max_hp_loss":7,"event_name":"Golden Idol","floor":11,"gold_loss":0}],"is_beta":false,"boss_relics":[],"items_purged_floors":[],"is_endless":false,"potions_floor_spawned":[2],"killed_by":"Lagavulin","ascension_level":15}}