{"host":"bf9sa99gaumonoeu","time":1610926777,"event":{"mods":["AchievementEnabler","Act Like it!","Aspiration","BaseMod","Bestiary","Better Note","Block Reminder","Colored Map","Colored Powertips","Fox Events","Friendly Minions","Gensokyo","GifTheSpireLib","Googly Eyes","Hallownest","Hermit","Highlight Path","Hubris","Jorbs\u0027s Wanderer Trilogy","KinomotoSakuraMod(????)","Koishi","Lobotomy","Marisa????????","Minty Spire (QoL Compilation)","Rare Cards Sparkle","Reimu??????","Relic Stats","Remilia??????","Replay The Spire","StS++","StSLib","The Administrix","The Animator","The Bug Knight","The Construct","The Cursed","The Disciple","The Hierophant","The Mystic","The Necromancer","The Poker Player","The Runesmith","The Senshi","The Servant 0.9.4"],"gold_per_floor":[117,135,235,250,276,276,287,287,360,360,371,403,373,373,373],"floor_reached":14,"language":"ENG","playtime":1704,"items_purged":[],"score":199,"play_id":"5d41cf3c-f0c5-4a4d-9146-ed285be0051e","local_time":"20210117213937","is_ascension_mode":true,"campfire_choices":[{"data":"animator:Bozes","floor":6,"key":"SMITH"},{"data":"animator:Vanir","floor":8,"key":"SMITH"},{"floor":10,"key":"REST"}],"circlet_count":0,"master_deck":["AscendersBane","animator:Strike_LogHorizon","animator:Defend_LogHorizon","animator:Strike","animator:Strike","animator:Strike","animator:Defend","animator:Defend","animator:Defend","animator:Tohya","animator:Minori","animator:Bozes+1","animator:Yusa","animator:Tohya","animator:Vanir+1","animator:YoshinoHimekawa","animator:Sonic","animator:Kazuma"],"relics":["animator:LivingPicture","animator:TheMissingPiece","animator:PurgingStone","aspiration:Nostalgia","mysticmod:SpellBook","Replay:Bottled Flurry","Centennial Puzzle"],"acts_visited":["Exordium"],"potions_floor_usage":[7,12,12],"damage_taken":[{"damage":3,"enemies":"Small Slimes","floor":1,"turns":7},{"damage":0,"enemies":"Cultist","floor":2,"turns":4},{"damage":3,"enemies":"2 Louse","floor":4,"turns":4},{"damage":2,"enemies":"2 Fungi Beasts","floor":5,"turns":6},{"damage":3,"enemies":"Lots of Slimes","floor":7,"turns":4},{"damage":4,"enemies":"Exordium Wildlife","floor":11,"turns":4},{"damage":0,"enemies":"Lagavulin","floor":12,"turns":9},{"damage":0,"enemies":"Looter","floor":13,"turns":4},{"damage":58,"enemies":"Replay:BlueRogue","floor":14,"turns":15}],"seed_played":"1100674079558041621","potions_obtained":[{"floor":1,"key":"Fire Potion"},{"floor":4,"key":"FearPotion"},{"floor":7,"key":"PowerPotion"}],"is_trial":false,"path_per_floor":["M","M","?","M","M","R","M","R","T","R","M","E","M","E"],"character_chosen":"THE_ANIMATOR","items_purchased":[],"campfire_rested":1,"item_purchase_floors":[],"current_hp_per_floor":[51,51,51,48,46,46,43,43,43,60,56,56,57,0,0],"gold":373,"neow_bonus":"NOSTALGIA","is_daily":false,"chose_seed":true,"campfire_upgraded":2,"win_rate":0.0,"timestamp":1610926777,"path_taken":["M","M","?","M","?","R","M","R","T","R","M","E","M","E"],"items_purchased_type":[],"build_version":"2020-12-22","purchased_purges":0,"victory":false,"max_hp_per_floor":[60,60,60,60,60,60,60,60,60,60,60,60,61,61,61],"relic_stats":{"Centennial Puzzle":[3],"counters":[9,57],"obtain_stats":[{"Centennial Puzzle":12,"animator:PurgingStone":0,"aspiration:Nostalgia":0,"animator:TheMissingPiece":0,"mysticmod:SpellBook":0,"animator:LivingPicture":0,"Replay:Bottled Flurry":9},{"Centennial Puzzle":7,"animator:PurgingStone":0,"aspiration:Nostalgia":0,"animator:TheMissingPiece":0,"mysticmod:SpellBook":0,"animator:LivingPicture":0,"Replay:Bottled Flurry":5},{"Centennial Puzzle":38,"animator:PurgingStone":0,"aspiration:Nostalgia":0,"animator:TheMissingPiece":0,"mysticmod:SpellBook":0,"animator:LivingPicture":0,"Replay:Bottled Flurry":25}]},"card_choices":[{"not_picked":["animator:TohkaYatogami","animator:Tohya"],"picked":"animator:Bozes","floor":1},{"not_picked":["animator:PandorasActor","animator:Kuribayashi"],"picked":"animator:Yusa","floor":2},{"not_picked":["animator:Minori","animator:Natsumi"],"picked":"animator:Tohya","floor":4},{"not_picked":["animator:Chris","animator:Kazuma"],"picked":"animator:Vanir","floor":5},{"not_picked":["animator:Hitei","animator:MikuIzayoi"],"picked":"animator:YoshinoHimekawa","floor":7},{"not_picked":["animator:UneriGinkaku","animator:MukuroHoshimiya"],"picked":"animator:Sonic","floor":11},{"not_picked":["animator:HidekiHinata","animator:Verdia","animator:YamaiSisters"],"picked":"SKIP","floor":12},{"not_picked":["animator:Aqua","animator:Verdia"],"picked":"animator:Kazuma","floor":13}],"player_experience":967728,"relics_obtained":[{"floor":9,"key":"Replay:Bottled Flurry"},{"floor":12,"key":"Centennial Puzzle"}],"event_choices":[{"damage_healed":0,"gold_gain":100,"player_choice":"Pray","damage_taken":0,"max_hp_gain":0,"max_hp_loss":0,"event_name":"Golden Shrine","floor":3,"gold_loss":0}],"is_beta":false,"boss_relics":[],"items_purged_floors":[],"is_endless":false,"potions_floor_spawned":[1,4,7],"killed_by":"Replay:BlueRogue","ascension_level":14}}