{"host":"nsxzlb359hv0da5z","time":1610873864,"event":{"mods":["BaseMod","Bestiary","Colored Map","Minty Spire (QoL Compilation)","Permanent Neow","Relic Stats","Slay the Relics Exporter","ojb\u0027s Info Mod"],"gold_per_floor":[113,123,136,136,147,147,158,183,209,209,209,209,224,240,240,318,318,330,40,40,40,40,40,75,75,98,133,133,143,175,190,190,261,261,279,295,308,308,23,23,49,49,49,68,102,112,112,112,112,112,112,112,11,44,44],"floor_reached":56,"language":"ENG","playtime":6262,"items_purged":[],"score":1904,"play_id":"8a3381c5-3bba-4899-894d-26556da79437","local_time":"20210117005744","is_ascension_mode":true,"campfire_choices":[{"data":"Neutralize","floor":6,"key":"SMITH"},{"data":"Dagger Spray","floor":10,"key":"SMITH"},{"floor":15,"key":"REST"},{"data":"Leg Sweep","floor":23,"key":"SMITH"},{"data":"Crippling Poison","floor":25,"key":"SMITH"},{"floor":32,"key":"REST"},{"data":"Catalyst","floor":40,"key":"SMITH"},{"floor":42,"key":"RECALL"},{"data":"Footwork","floor":49,"key":"SMITH"},{"data":"Noxious Fumes","floor":52,"key":"SMITH"}],"circlet_count":0,"master_deck":["AscendersBane","Strike_G","Strike_G","Strike_G+1","Strike_G","Defend_G","Defend_G","Defend_G","Defend_G","Defend_G","Survivor","Neutralize+1","Dash","Flying Knee+1","All Out Attack","Phantasmal Killer","Deadly Poison","Predator","Malaise","Backflip","Leg Sweep+1","Catalyst+1","Crippling Poison+1","Backflip","PiercingWail+1","Blade Dance","Doppelganger","Footwork+1","Deadly Poison","Noxious Fumes+1","Parasite","Dodge and Roll+1","PiercingWail"],"relics":["Black Star","Juzu Bracelet","Whetstone","Toy Ornithopter","Vajra","Runic Dome","Chemical X","WarpedTongs","Oddly Smooth Stone","Tough Bandages","Regal Pillow","Pen Nib","Ancient Tea Set","Incense Burner","Nilry\u0027s Codex","Red Mask","SacredBark","Centennial Puzzle","Anchor","Mummified Hand","CaptainsWheel","Smiling Mask","Art of War","Strawberry"],"acts_visited":["Exordium","TheCity","TheBeyond","TheEnding"],"potions_floor_usage":[5,8,18,24,29,33,37,41,50,50,54],"damage_taken":[{"damage":0,"enemies":"Cultist","floor":1,"turns":5},{"damage":6,"enemies":"Jaw Worm","floor":2,"turns":4},{"damage":8,"enemies":"2 Louse","floor":3,"turns":3},{"damage":2,"enemies":"Lots of Slimes","floor":5,"turns":3},{"damage":5,"enemies":"2 Fungi Beasts","floor":7,"turns":3},{"damage":28,"enemies":"Lagavulin","floor":8,"turns":8},{"damage":4,"enemies":"Red Slaver","floor":13,"turns":3},{"damage":2,"enemies":"Exordium Thugs","floor":14,"turns":3},{"damage":15,"enemies":"Slime Boss","floor":16,"turns":7},{"damage":4,"enemies":"3 Byrds","floor":18,"turns":3},{"damage":14,"enemies":"Slavers","floor":24,"turns":4},{"damage":9,"enemies":"Gremlin Leader","floor":27,"turns":6},{"damage":8,"enemies":"Spheric Guardian","floor":29,"turns":4},{"damage":0,"enemies":"Masked Bandits","floor":30,"turns":4},{"damage":3,"enemies":"Shelled Parasite and Fungi","floor":31,"turns":7},{"damage":15,"enemies":"Collector","floor":33,"turns":7},{"damage":3,"enemies":"Orb Walker","floor":35,"turns":4},{"damage":0,"enemies":"3 Shapes","floor":36,"turns":8},{"damage":14,"enemies":"3 Darklings","floor":37,"turns":6},{"damage":17,"enemies":"Nemesis","floor":41,"turns":5},{"damage":0,"enemies":"Writhing Mass","floor":44,"turns":7},{"damage":2,"enemies":"Reptomancer","floor":45,"turns":6},{"damage":0,"enemies":"Sphere and 2 Shapes","floor":46,"turns":5},{"damage":26,"enemies":"Donu and Deca","floor":50,"turns":7},{"damage":11,"enemies":"Shield and Spear","floor":54,"turns":12},{"damage":47,"enemies":"The Heart","floor":55,"turns":10}],"seed_played":"482157636575263593","potions_obtained":[{"floor":3,"key":"CunningPotion"},{"floor":5,"key":"BlessingOfTheForge"},{"floor":8,"key":"SkillPotion"},{"floor":13,"key":"LiquidBronze"},{"floor":16,"key":"Explosive Potion"},{"floor":24,"key":"GamblersBrew"},{"floor":30,"key":"Strength Potion"},{"floor":31,"key":"Regen Potion"},{"floor":33,"key":"PowerPotion"},{"floor":41,"key":"SteroidPotion"},{"floor":54,"key":"GhostInAJar"}],"is_trial":false,"path_per_floor":["M","M","M","?","M","R","M","E","T","R","?","?","M","M","R","B",null,"M","$","?","?","T","R","E","R","T","E","?","M","?","M","R","B",null,"M","M","M","?","$","R","E","R","T","M","E","M","?","?","R","B",null,"R","$","E","B",null],"character_chosen":"THE_SILENT","items_purchased":["Chemical X","Leg Sweep","Catalyst","Noxious Fumes","Centennial Puzzle","Fruit Juice","ColorlessPotion","Weak Potion"],"campfire_rested":2,"item_purchase_floors":[19,19,19,39,39,39,53,53],"current_hp_per_floor":[59,53,45,45,43,43,38,10,10,10,10,10,6,4,23,8,52,53,53,53,53,53,53,44,44,44,35,14,11,11,8,42,32,58,55,55,65,65,65,65,63,63,63,63,61,61,61,61,61,45,68,68,68,69,22],"gold":44,"neow_bonus":"BOSS_RELIC","is_daily":false,"chose_seed":false,"campfire_upgraded":7,"win_rate":0.0,"timestamp":1610873864,"path_taken":["M","?","M","?","M","R","M","E","T","R","?","?","M","M","R","BOSS","M","$","?","?","?","R","E","R","T","E","?","M","?","M","R","BOSS","M","M","M","?","?","R","E","R","T","M","E","M","?","?","R","BOSS","R","$","E","BOSS"],"items_purchased_type":["Relic","Card","Card","Card","Relic","Potion","Potion","Potion"],"build_version":"2020-12-22","purchased_purges":0,"victory":true,"max_hp_per_floor":[66,66,66,66,66,66,66,66,66,66,66,66,66,66,66,66,66,66,66,66,66,66,66,66,66,66,66,66,66,66,66,66,66,66,66,66,66,66,66,66,76,76,76,76,76,76,76,76,76,76,76,76,76,83,83],"relic_stats":{"Regal Pillow":15,"counters":[26,144],"Pen Nib":[13],"Juzu Bracelet":5,"Whetstone":["Strike_G","Flying Knee"],"Smiling Mask":0,"WarpedTongs":[102],"Tough Bandages":[69],"Centennial Puzzle":[15],"Mummified Hand":[18],"Black Star":6,"Art of War":[3],"Chemical X":[28],"obtain_stats":[{"Regal Pillow":24,"Nilry\u0027s Codex":28,"SacredBark":34,"Vajra":11,"Juzu Bracelet":8,"Incense Burner":27,"Whetstone":8,"Ancient Tea Set":27,"Smiling Mask":45,"Tough Bandages":24,"Centennial Puzzle":39,"Mummified Hand":41,"Strawberry":54,"Red Mask":30,"Chemical X":19,"Ring of the Snake":0,"Oddly Smooth Stone":22,"Pen Nib":26,"WarpedTongs":20,"Runic Dome":17,"Anchor":41,"CaptainsWheel":45,"Black Star":0,"Art of War":54,"Toy Ornithopter":9},{"Regal Pillow":11,"Nilry\u0027s Codex":12,"SacredBark":16,"Vajra":6,"Juzu Bracelet":6,"Incense Burner":12,"Whetstone":6,"Ancient Tea Set":12,"Smiling Mask":22,"Tough Bandages":11,"Centennial Puzzle":19,"Mummified Hand":20,"Strawberry":25,"Red Mask":14,"Chemical X":10,"Ring of the Snake":0,"Oddly Smooth Stone":10,"Pen Nib":11,"WarpedTongs":10,"Runic Dome":9,"Anchor":20,"CaptainsWheel":22,"Black Star":0,"Art of War":25,"Toy Ornithopter":6},{"Regal Pillow":46,"Nilry\u0027s Codex":52,"SacredBark":74,"Vajra":26,"Juzu Bracelet":26,"Incense Burner":52,"Whetstone":26,"Ancient Tea Set":52,"Smiling Mask":110,"Tough Bandages":46,"Centennial Puzzle":92,"Mummified Hand":97,"Strawberry":134,"Red Mask":60,"Chemical X":42,"Ring of the Snake":0,"Oddly Smooth Stone":42,"Pen Nib":46,"WarpedTongs":42,"Runic Dome":39,"Anchor":97,"CaptainsWheel":110,"Black Star":0,"Art of War":134,"Toy Ornithopter":26}],"Toy Ornithopter":45},"card_choices":[{"not_picked":["Prepared","Backstab"],"picked":"Dash","floor":1},{"not_picked":["Deflect","PiercingWail"],"picked":"Flying Knee","floor":2},{"not_picked":["Slice","Tactician"],"picked":"Dagger Spray","floor":3},{"not_picked":["Infinite Blades","PiercingWail"],"picked":"All Out Attack","floor":5},{"not_picked":["Prepared","Flying Knee","Distraction"],"picked":"SKIP","floor":7},{"not_picked":["Deflect","Expertise"],"picked":"Phantasmal Killer","floor":8},{"not_picked":["Tactician","Cloak And Dagger"],"picked":"Deadly Poison","floor":13},{"not_picked":["Escape Plan","Deflect"],"picked":"Predator","floor":14},{"not_picked":["A Thousand Cuts","Corpse Explosion"],"picked":"Malaise","floor":16},{"not_picked":["Poisoned Stab","Acrobatics"],"picked":"Backflip","floor":18},{"not_picked":["Sucker Punch","Deflect"],"picked":"Crippling Poison","floor":24},{"not_picked":["Slice","Dagger Spray+1","Poisoned Stab"],"picked":"SKIP","floor":27},{"not_picked":["Reflex","Phantasmal Killer"],"picked":"Backflip","floor":29},{"not_picked":["Blur","Choke"],"picked":"PiercingWail+1","floor":30},{"not_picked":["Deflect","Choke"],"picked":"Blade Dance","floor":31},{"not_picked":["A Thousand Cuts","Phantasmal Killer"],"picked":"Doppelganger","floor":33},{"not_picked":["Slice+1","Poisoned Stab"],"picked":"Footwork","floor":35},{"not_picked":["All Out Attack","Blade Dance"],"picked":"Deadly Poison","floor":36},{"not_picked":["Underhanded Strike","Bane+1","Dagger Spray"],"picked":"SKIP","floor":37},{"not_picked":["Deflect","Masterful Stab","Dagger Spray+1"],"picked":"SKIP","floor":41},{"not_picked":["Outmaneuver+1","PiercingWail"],"picked":"Dodge and Roll+1","floor":44},{"not_picked":["Cloak And Dagger","Bane+1","Dodge and Roll"],"picked":"SKIP","floor":45},{"not_picked":["Dagger Throw","Outmaneuver","Blade Dance+1"],"picked":"SKIP","floor":46},{"not_picked":["Flying Knee","Flechettes+1"],"picked":"PiercingWail","floor":54}],"player_experience":1978463,"relics_obtained":[{"floor":8,"key":"Juzu Bracelet"},{"floor":8,"key":"Whetstone"},{"floor":9,"key":"Toy Ornithopter"},{"floor":22,"key":"Oddly Smooth Stone"},{"floor":24,"key":"Tough Bandages"},{"floor":24,"key":"Regal Pillow"},{"floor":26,"key":"Pen Nib"},{"floor":27,"key":"Ancient Tea Set"},{"floor":27,"key":"Incense Burner"},{"floor":28,"key":"Nilry\u0027s Codex"},{"floor":30,"key":"Red Mask"},{"floor":41,"key":"Anchor"},{"floor":41,"key":"Mummified Hand"},{"floor":45,"key":"CaptainsWheel"},{"floor":45,"key":"Smiling Mask"},{"floor":54,"key":"Art of War"},{"floor":54,"key":"Strawberry"}],"event_choices":[{"damage_healed":0,"gold_gain":0,"player_choice":"Ignored","damage_taken":0,"max_hp_gain":0,"max_hp_loss":0,"event_name":"Shining Light","floor":4,"gold_loss":0},{"damage_healed":0,"gold_gain":0,"player_choice":"Gave Potion","damage_taken":0,"relics_obtained":["Vajra"],"max_hp_gain":0,"max_hp_loss":0,"event_name":"WeMeetAgain","floor":11,"gold_loss":0},{"damage_healed":0,"gold_gain":0,"player_choice":"Searched \u00270\u0027 times","damage_taken":0,"max_hp_gain":0,"max_hp_loss":0,"event_name":"Dead Adventurer","floor":12,"gold_loss":0},{"damage_healed":0,"gold_gain":0,"player_choice":"Rummage","damage_taken":0,"relics_obtained":["WarpedTongs"],"max_hp_gain":0,"max_hp_loss":0,"event_name":"Accursed Blacksmith","floor":20,"gold_loss":0,"cards_obtained":["Pain"]},{"cards_removed":["Pain"],"damage_healed":0,"gold_gain":0,"player_choice":"Removed Curses","damage_taken":0,"max_hp_gain":0,"max_hp_loss":0,"event_name":"Fountain of Cleansing","floor":21,"gold_loss":0},{"damage_healed":0,"gold_gain":0,"player_choice":"Obtained Book","damage_taken":21,"max_hp_gain":0,"max_hp_loss":0,"event_name":"Cursed Tome","floor":28,"gold_loss":0},{"damage_healed":0,"gold_gain":0,"player_choice":"Fought Bandits","damage_taken":0,"max_hp_gain":0,"max_hp_loss":0,"event_name":"Masked Bandits","floor":30,"gold_loss":0},{"damage_healed":0,"gold_gain":0,"player_choice":"Ignored","damage_taken":0,"max_hp_gain":0,"max_hp_loss":0,"event_name":"SecretPortal","floor":38,"gold_loss":0},{"cards_removed":["Strike_G"],"damage_healed":0,"gold_gain":0,"player_choice":"Purged","damage_taken":0,"max_hp_gain":0,"max_hp_loss":0,"event_name":"Purifier","floor":47,"gold_loss":0},{"cards_removed":["Dagger Spray"],"damage_healed":0,"gold_gain":0,"player_choice":"Removed Attack","damage_taken":0,"max_hp_gain":0,"max_hp_loss":0,"event_name":"Falling","floor":48,"gold_loss":0}],"is_beta":false,"boss_relics":[{"not_picked":["Empty Cage","Runic Pyramid"],"picked":"Runic Dome"},{"not_picked":["Velvet Choker","Sozu"],"picked":"SacredBark"}],"items_purged_floors":[],"is_endless":false,"potions_floor_spawned":[3,5,8,13,16,24,30,31,33,35,41,44,54],"ascension_level":15}}