{"host":"sqgvx7mullq7izts","time":1610898601,"event":{"mods":["AchievementEnabler","AlwaysNeverKeys","Aspiration","Bard","BaseMod","Better Altar","Better Match","Better Note","Better Sensory Stone","Better Skull","Better Third Choice","Better Vampires","BetterRewards","Block Reminder","Colored Map","Conspire","Curses Come First","Custom Start","Defuse TimeMaze Blight","Disable Question Mark Monsters","Energized Spire","GifTheSpireLib","Gold Saver","Halation","Hermit","Hubris","Infinite Spire","Jedi Mod","Jorbs\u0027s Wanderer Trilogy","Minty Spire (QoL Compilation)","Permanent Neow","Quick Restart","Relic Filter","Remove Card Discount Mod","Replay The Spire","Reworked Bosses","Shade Mod","Shop Mod","Spicy Shops","Spikes Relics","StSLib","Stuff the Spire","The Bug Knight","The Construct","The Disciple","The Hierophant","The Judge","The Sage","The Spell Scribe","The Wild Card","TheVacant","Transform Curses","Uncapped","Unceasing Turn Reminder","UnlockEverythingMod","Wandering Minibosses"],"gold_per_floor":[125,125,125,141,160,193,207,207,207,224,235,13,29,0,0,0,0],"floor_reached":16,"language":"ENG","playtime":670,"items_purged":[],"score":104,"play_id":"19ea201a-fd12-49a8-80c1-1506fc4c3efc","local_time":"20210117085001","is_ascension_mode":false,"campfire_choices":[{"data":"HollowMod:CycloneSlash","floor":8,"key":"SMITH"},{"floor":15,"key":"REST"}],"circlet_count":0,"master_deck":["HollowMod:NailStrikeStart","HollowMod:NailStrikeStart","HollowMod:NailStrikeStart","HollowMod:NailStrikeStart","HollowMod:QuickDashStart","HollowMod:QuickDashStart","HollowMod:QuickDashStart","HollowMod:QuickDashStart","HollowMod:FocusHealStart","HollowMod:PogoStrike","StuffTheSpire:CuriosityCurse","HollowMod:CloakDash","HollowMod:CycloneSlash+1","HollowMod:DashSlash","HollowMod:FallenFury","HollowMod:GreatSlash","HollowMod:MothsMistake","HollowMod:DoubleDash"],"relics":["sagemod:Flying_Carpet","aspiration:DSix","hubris:ToyBattleship","infinitespire:Cubic Diamond","infinitespire:Joker Card"],"acts_visited":["Exordium"],"potions_floor_usage":[6],"damage_taken":[{"damage":0,"enemies":"Cultist","floor":1,"turns":4},{"damage":0,"enemies":"Small Slimes","floor":4,"turns":3},{"damage":12,"enemies":"Jaw Worm","floor":5,"turns":4},{"damage":27,"enemies":"Lagavulin","floor":6,"turns":7},{"damage":5,"enemies":"Lots of Slimes","floor":7,"turns":2},{"damage":0,"enemies":"Blue Slaver","floor":10,"turns":4},{"damage":6,"enemies":"Exordium Wildlife","floor":11,"turns":3},{"damage":18,"enemies":"Exordium Thugs","floor":13,"turns":4},{"damage":35,"enemies":"HollowMod:FalseKnight","floor":16,"turns":6}],"seed_played":"8013355228975971824","potions_obtained":[{"floor":1,"key":"Fire Potion"},{"floor":7,"key":"Elixir"},{"floor":11,"key":"jedi:tentaclejuice"}],"is_trial":false,"path_per_floor":["M","?","?","M","M","E","M","R","T","M","M","$","M","?","R","B"],"character_chosen":"THE_BUGKNIGHT","items_purchased":["HollowMod:MothsMistake","LiquidBronze"],"campfire_rested":1,"item_purchase_floors":[12,12],"current_hp_per_floor":[75,75,75,75,63,36,31,31,31,31,25,25,7,7,29,0,0],"gold":0,"neow_bonus":"DSIX","is_daily":false,"chose_seed":false,"campfire_upgraded":1,"win_rate":0.0,"timestamp":1610898601,"path_taken":["M","?","?","?","M","E","M","R","T","?","M","$","M","?","R","BOSS"],"items_purchased_type":["Card","Potion"],"build_version":"2020-12-22","purchased_purges":0,"victory":false,"max_hp_per_floor":[75,75,75,75,75,75,75,75,75,75,75,75,75,75,75,75,75],"card_choices":[{"not_picked":["HollowMod:SharpenedNail","HollowMod:DoubleDash","HollowMod:LuriensSpire"],"picked":"SKIP","floor":1},{"not_picked":["HollowMod:PureNailStrike","HollowMod:MonarchWings"],"picked":"HollowMod:CloakDash","floor":4},{"not_picked":["HollowMod:Grubsong","HollowMod:ShapeofUnn"],"picked":"HollowMod:CycloneSlash","floor":5},{"not_picked":["HollowMod:ChannelNail","HollowMod:ShadowDash"],"picked":"HollowMod:DashSlash","floor":6},{"not_picked":["HollowMod:CycloneSlash","HollowMod:DungDefenderAura"],"picked":"HollowMod:FallenFury","floor":7},{"not_picked":["HollowMod:VengefulSpirit","HollowMod:DoubleDash"],"picked":"HollowMod:GreatSlash","floor":10},{"not_picked":["HollowMod:LifebloodCocoon","HollowMod:DescendingDark","HollowMod:SiblingsShadow"],"picked":"SKIP","floor":11},{"not_picked":["HollowMod:CoiledNail","HollowMod:DescendingDark"],"picked":"HollowMod:DoubleDash","floor":13}],"player_experience":228668,"relics_obtained":[{"floor":6,"key":"infinitespire:Joker Card"}],"event_choices":[{"damage_healed":0,"gold_gain":0,"player_choice":"Left","damage_taken":0,"max_hp_gain":0,"max_hp_loss":0,"event_name":"betterThird:BetterGoop","floor":14,"gold_loss":29}],"is_beta":false,"boss_relics":[],"items_purged_floors":[],"is_endless":false,"potions_floor_spawned":[1,7,11],"killed_by":"HollowMod:FalseKnight","ascension_level":0}}