{"host":"jbv3qt0awk8s2a42","time":1610878350,"event":{"mods":["BaseMod","LagranYue(拉格朗·月)","Minty Spire (QoL Compilation)","Shop Mod","StSLib","The Hierophant","【功能Mod】聪明的最终Boss","篝火指南"],"gold_per_floor":[113,42,54,65,65,65,105,105,157,193,193,232,248,18,18,146,146,171,22,22,22,58,101,101,145,200,200,200,24,24,45,45,170,170,191,191,66,129,203,203,239,239,239,239,239],"floor_reached":44,"language":"ZHS","playtime":2403,"items_purged":["Strike_G","Shame","Strike_G"],"score":509,"play_id":"db30ed63-148f-4d9c-abc3-ffe9becb4b93","local_time":"20210117181230","is_ascension_mode":false,"campfire_choices":[{"data":"Noxious Fumes","floor":6,"key":"SMITH"},{"floor":11,"key":"REST"},{"floor":15,"key":"REST"},{"data":"After Image","floor":24,"key":"SMITH"},{"floor":27,"key":"REST"},{"data":"Bouncing Flask","floor":32,"key":"SMITH"},{"data":"Neutralize","floor":40,"key":"SMITH"},{"floor":42,"key":"REST"}],"circlet_count":0,"master_deck":["Strike_G","Strike_G+1","Defend_G","Defend_G","Defend_G","Defend_G","Defend_G","Survivor","Neutralize+1","Poisoned Stab+1","Noxious Fumes+1","Deadly Poison","Crippling Poison","Deadly Poison","Dagger Spray","Deflect","After Image+1","Well Laid Plans","Poisoned Stab","Expertise","Crippling Poison+1","Bouncing Flask+1","Caltrops","Tools of the Trade","Deadly Poison+1","All Out Attack+1"],"relics":["Ring of the Snake","LagranYue:RandomDrawCardRelic","NeowsBlessing","Golden Idol","Orichalcum","Whetstone","Ornamental Fan","Matryoshka","Oddly Smooth Stone","LagranYue:ContractPerformanceRelic","TwistedFunnel","Mango","Red Mask","Juzu Bracelet","Snake Skull","Toy Ornithopter","Meat on the Bone","SlaversCollar","WingedGreaves","Blood Vial","Molten Egg 2","Ancient Tea Set","Shuriken"],"acts_visited":["Exordium","TheCity","TheBeyond"],"potions_floor_usage":[7,10,16,25,44],"damage_taken":[{"damage":0,"enemies":"Cultist","floor":1,"turns":1},{"damage":0,"enemies":"2 Louse","floor":3,"turns":1},{"damage":0,"enemies":"Jaw Worm","floor":4,"turns":1},{"damage":22,"enemies":"Lagavulin","floor":7,"turns":6},{"damage":0,"enemies":"3 Sentries","floor":10,"turns":8},{"damage":18,"enemies":"Lagavulin","floor":12,"turns":5},{"damage":3,"enemies":"3 Louse","floor":13,"turns":2},{"damage":9,"enemies":"The Guardian","floor":16,"turns":8},{"damage":2,"enemies":"Chosen","floor":18,"turns":4},{"damage":21,"enemies":"Masked Bandits","floor":22,"turns":3},{"damage":21,"enemies":"Slavers","floor":23,"turns":4},{"damage":13,"enemies":"Book of Stabbing","floor":25,"turns":5},{"damage":0,"enemies":"Spheric Guardian","floor":31,"turns":2},{"damage":33,"enemies":"Champ","floor":33,"turns":9},{"damage":7,"enemies":"3 Shapes","floor":35,"turns":3},{"damage":28,"enemies":"Mind Bloom Boss Battle","floor":38,"turns":7},{"damage":39,"enemies":"Reptomancer","floor":41,"turns":6},{"damage":55,"enemies":"2 Orb Walkers","floor":44,"turns":4}],"seed_played":"6207557145130534559","potions_obtained":[{"floor":1,"key":"AttackPotion"},{"floor":3,"key":"EssenceOfSteel"},{"floor":12,"key":"GamblersBrew"},{"floor":22,"key":"Ancient Potion"},{"floor":23,"key":"Poison Potion"},{"floor":38,"key":"SneckoOil"},{"floor":41,"key":"Ancient Potion"}],"is_trial":false,"path_per_floor":["M","$","M","M","?","R","E","?","T","E","R","E","M","$","R","B",null,"M","$","?","?","?","E","R","E","T","R","?","R","?","M","R","B",null,"M","?","$","?","T","R","E","R","T","?"],"character_chosen":"THE_SILENT","items_purchased":["Noxious Fumes","Oddly Smooth Stone","TwistedFunnel","Bouncing Flask"],"campfire_rested":4,"item_purchase_floors":[2,14,19,29],"current_hp_per_floor":[70,70,70,70,53,53,31,31,31,31,52,34,31,31,52,43,70,68,68,68,82,61,40,40,27,27,52,52,52,80,80,80,47,84,77,77,77,49,49,49,24,48,48,0,0],"gold":239,"neow_bonus":"THREE_ENEMY_KILL","is_daily":false,"chose_seed":false,"campfire_upgraded":4,"win_rate":0.0,"timestamp":1610878350,"path_taken":["M","$","?","M","?","R","E","?","T","E","R","E","?","$","R","BOSS","M","$","?","?","?","E","R","E","T","R","?","R","?","M","R","BOSS","M","?","$","?","?","R","E","R","T","?"],"items_purchased_type":["Card","Relic","Relic","Card"],"build_version":"2020-12-22","purchased_purges":3,"victory":false,"max_hp_per_floor":[70,70,70,70,70,70,70,70,70,70,70,70,70,70,70,70,70,70,70,70,84,84,84,84,84,84,84,84,84,84,84,84,84,84,84,80,80,80,80,80,80,80,80,80,80],"card_choices":[{"not_picked":["Endless Agony","Backflip"],"picked":"Poisoned Stab","floor":1},{"not_picked":["Slice","Backflip"],"picked":"Deadly Poison","floor":3},{"not_picked":["Dagger Spray","Riddle With Holes"],"picked":"Crippling Poison","floor":4},{"not_picked":["All Out Attack","Wraith Form v2"],"picked":"Deadly Poison","floor":7},{"not_picked":["Deflect","Sucker Punch"],"picked":"Dagger Spray","floor":10},{"not_picked":["Finisher","Masterful Stab","Flechettes"],"picked":"SKIP","floor":12},{"not_picked":["Sucker Punch","Quick Slash"],"picked":"Deflect","floor":13},{"not_picked":["Adrenaline","Doppelganger"],"picked":"After Image","floor":16},{"not_picked":["Deflect","Slice+1"],"picked":"Well Laid Plans","floor":18},{"not_picked":["Dagger Spray","Flechettes"],"picked":"Poisoned Stab","floor":22},{"not_picked":["Eviscerate","Distraction"],"picked":"Expertise","floor":23},{"not_picked":["Deflect","Dagger Throw"],"picked":"Crippling Poison+1","floor":25},{"not_picked":["Backstab+1","Tactician"],"picked":"Caltrops","floor":31},{"not_picked":["Unload","Venomology"],"picked":"Tools of the Trade","floor":33},{"not_picked":["Dagger Spray","Blade Dance+1"],"picked":"Deadly Poison+1","floor":35},{"not_picked":["Tactician+1","Prepared"],"picked":"All Out Attack+1","floor":38},{"not_picked":["Choke+1","Expertise","Terror"],"picked":"SKIP","floor":41}],"player_experience":23105,"relics_obtained":[{"floor":7,"key":"Orichalcum"},{"floor":9,"key":"Whetstone"},{"floor":10,"key":"Ornamental Fan"},{"floor":12,"key":"Matryoshka"},{"floor":22,"key":"Red Mask"},{"floor":25,"key":"Juzu Bracelet"},{"floor":26,"key":"Snake Skull"},{"floor":26,"key":"Toy Ornithopter"},{"floor":38,"key":"WingedGreaves"},{"floor":39,"key":"Blood Vial"},{"floor":39,"key":"Molten Egg 2"},{"floor":41,"key":"Ancient Tea Set"},{"floor":43,"key":"Shuriken"}],"event_choices":[{"damage_healed":0,"gold_gain":0,"player_choice":"Take Damage","damage_taken":17,"relics_obtained":["Golden Idol"],"max_hp_gain":0,"max_hp_loss":0,"event_name":"Golden Idol","floor":5,"gold_loss":0},{"cards_removed":["Strike_G"],"damage_healed":0,"gold_gain":0,"player_choice":"Purged","damage_taken":0,"max_hp_gain":0,"max_hp_loss":0,"event_name":"Purifier","floor":8,"gold_loss":0},{"damage_healed":0,"gold_gain":0,"player_choice":"Ignored","damage_taken":0,"max_hp_gain":0,"max_hp_loss":0,"event_name":"Ghosts","floor":20,"gold_loss":0},{"damage_healed":0,"gold_gain":0,"player_choice":"Stole Relic","damage_taken":0,"relics_obtained":["Mango"],"max_hp_gain":0,"max_hp_loss":0,"event_name":"Addict","floor":21,"gold_loss":0,"cards_obtained":["Shame"]},{"damage_healed":0,"gold_gain":0,"player_choice":"Fought Bandits","damage_taken":0,"max_hp_gain":0,"max_hp_loss":0,"event_name":"Masked Bandits","floor":22,"gold_loss":0},{"damage_healed":0,"gold_gain":0,"player_choice":"Gave Potion","damage_taken":0,"relics_obtained":["Meat on the Bone"],"max_hp_gain":0,"max_hp_loss":0,"event_name":"WeMeetAgain","floor":28,"gold_loss":0},{"damage_healed":28,"gold_gain":0,"player_choice":"Heal","damage_taken":0,"max_hp_gain":0,"max_hp_loss":0,"event_name":"The Library","floor":30,"gold_loss":0},{"damage_healed":0,"gold_gain":0,"player_choice":"Max HP","damage_taken":0,"max_hp_gain":0,"max_hp_loss":4,"event_name":"Winding Halls","floor":36,"gold_loss":0},{"damage_healed":0,"gold_gain":0,"player_choice":"Fight","damage_taken":0,"max_hp_gain":0,"max_hp_loss":0,"event_name":"MindBloom","floor":38,"gold_loss":0},{"damage_healed":0,"gold_gain":0,"player_choice":"Fight","damage_taken":0,"max_hp_gain":0,"max_hp_loss":0,"event_name":"Mysterious Sphere","floor":44,"gold_loss":0}],"is_beta":false,"boss_relics":[{"not_picked":["Philosopher\u0027s Stone","Runic Dome"],"picked":"LagranYue:ContractPerformanceRelic"},{"not_picked":["Ring of the Serpent","Fusion Hammer"],"picked":"SlaversCollar"}],"items_purged_floors":[14,29,37],"is_endless":false,"potions_floor_spawned":[1,3,12,22,23,38,41],"killed_by":"2 Orb Walkers","ascension_level":0}}