{"host":"qco7v20z50b26bvl","time":1610912937,"event":{"mods":["AchievementEnabler","Aspiration","BaseMod","Better Altar","Better Note","Better Sensory Stone","Better Skull","Better Third Choice","BetterRewards","Chen","Conspire","Infinite Spire","KinomotoSakuraMod(????)","Koishi","Marisa????????","Minty Spire (QoL Compilation)","Replay The Spire","Retaliation","Spicy Shops","StSLib","The Bladedancer"],"gold_per_floor":[112,122,36,54,18,32,57,87,114,132,132,132,132,142,142,258,258,276,276,276,109,129,180,180,193,267,267],"floor_reached":26,"language":"ENG","playtime":2171,"items_purged":[],"score":230,"play_id":"e009c873-df97-47d8-8d32-b2ab2c8731cc","local_time":"20210117194857","is_ascension_mode":false,"campfire_choices":[{"floor":11,"key":"REST"},{"floor":13,"key":"REST"},{"data":"MillisecondPulsars","floor":15,"key":"SMITH"},{"floor":24,"key":"REST"},{"data":"Apotheosis","floor":24,"key":"SMITH"}],"circlet_count":0,"master_deck":["Strike_MRS","Strike_MRS","Strike_MRS","Defend_MRS","Defend_MRS","Defend_MRS","Defend_MRS","MasterSpark","UpSweep","Acceleration","MysteriousBeam","ChargeUpSpray","DoubleSpark","MilkyWay","AsteroidBelt","PowerUp","PowerUp","GalacticHalo","WitchOfGreed","MillisecondPulsars+1","GravityBeat","AsteroidBelt","CasketOfStar","DC","Apotheosis+1","EarthLightRay+1","BinaryStars","ChargeUpSpray+1"],"relics":["MiniHakkero","Lantern","Omamori","SlaversCollar","conspire:Flyswatter","infinitespire:Magic Flask","Replay:WaspNest"],"acts_visited":["Exordium","TheCity"],"potions_floor_usage":[7,8,16,22,23,25],"damage_taken":[{"damage":0,"enemies":"Cultist","floor":1,"turns":3},{"damage":7,"enemies":"Small Slimes","floor":2,"turns":3},{"damage":6,"enemies":"Jaw Worm","floor":4,"turns":2},{"damage":21,"enemies":"Exordium Wildlife","floor":6,"turns":4},{"damage":5,"enemies":"Lagavulin","floor":7,"turns":5},{"damage":9,"enemies":"Blue Slaver","floor":8,"turns":3},{"damage":2,"enemies":"Exordium Thugs","floor":10,"turns":4},{"damage":2,"enemies":"2 Fungi Beasts","floor":14,"turns":3},{"damage":17,"enemies":"Fading Forest","floor":16,"turns":11},{"damage":0,"enemies":"Spheric Guardian","floor":18,"turns":3},{"damage":20,"enemies":"Shell Parasite","floor":22,"turns":5},{"damage":37,"enemies":"Book of Stabbing","floor":23,"turns":6},{"damage":29,"enemies":"Snake Plant","floor":25,"turns":3}],"seed_played":"3684626624622173935","potions_obtained":[{"floor":1,"key":"SkillPotion"},{"floor":2,"key":"Explosive Potion"},{"floor":4,"key":"SteroidPotion"},{"floor":7,"key":"DDmod:CleansePotion"},{"floor":16,"key":"Swift Potion"},{"floor":18,"key":"Weak Potion"},{"floor":23,"key":"Venom Potion"},{"floor":23,"key":"Dexterity Potion"}],"is_trial":false,"path_per_floor":["M","M","$","M","$","M","E","M","T","M","R","?","R","M","R","B",null,"M","?","T","$","M","E","R","M","T"],"character_chosen":"MARISA","items_purchased":["DoubleSpark","MilkyWay","PowerUp","Apotheosis"],"campfire_rested":3,"item_purchase_floors":[3,3,5,21],"current_hp_per_floor":[75,68,68,62,62,41,36,27,27,25,47,47,69,67,67,50,75,75,75,75,75,55,24,46,17,17,17],"gold":267,"neow_bonus":"TRANSFORM_CARD","is_daily":false,"chose_seed":false,"campfire_upgraded":2,"win_rate":0.0,"timestamp":1610912937,"path_taken":["M","M","?","M","$","M","E","M","T","?","R","?","R","M","R","BOSS","M","?","?","$","M","E","R","M","T"],"items_purchased_type":["Card","Card","Card","Card"],"build_version":"2020-12-22","purchased_purges":0,"victory":false,"max_hp_per_floor":[75,75,75,75,75,75,75,75,75,75,75,75,75,75,75,75,75,75,75,75,75,75,75,75,75,75,75],"card_choices":[{"not_picked":["SprinkleStarSeal","GasGiant"],"picked":"MysteriousBeam","floor":1},{"not_picked":["MysteriousBeam","SprinkleStarSeal"],"picked":"ChargeUpSpray","floor":2},{"not_picked":["Singularity","MysteriousBeam"],"picked":"AsteroidBelt","floor":4},{"not_picked":["IllusionStar","EventHorizon"],"picked":"GalacticHalo","floor":6},{"not_picked":["ShootingEcho","SporeBomb"],"picked":"WitchOfGreed","floor":7},{"not_picked":["6A","DeepEcoloBomb"],"picked":"MillisecondPulsars","floor":8},{"not_picked":["ShootingEcho","6A"],"picked":"GravityBeat","floor":10},{"not_picked":["WitchLeyline","WitchOfGreed"],"picked":"AsteroidBelt","floor":14},{"not_picked":["BigCrunch","FinalSpark"],"picked":"CasketOfStar","floor":16},{"not_picked":["6A","LuminesStrike+1"],"picked":"DC","floor":18},{"not_picked":["NonDirectionalLaser","WitchOfGreed"],"picked":"EarthLightRay+1","floor":22},{"not_picked":["IllusionStar","StarlightTyphoon"],"picked":"BinaryStars","floor":23},{"not_picked":["UnstableBomb","RefractionSpark+1"],"picked":"ChargeUpSpray+1","floor":25}],"player_experience":91825,"relics_obtained":[{"floor":7,"key":"Lantern"},{"floor":9,"key":"Omamori"},{"floor":20,"key":"conspire:Flyswatter"},{"floor":23,"key":"infinitespire:Magic Flask"},{"floor":26,"key":"Replay:WaspNest"}],"event_choices":[{"damage_healed":0,"gold_gain":0,"player_choice":"Disagree","damage_taken":0,"max_hp_gain":0,"max_hp_loss":0,"event_name":"conspire:LoneGhost","floor":12,"gold_loss":0},{"damage_healed":0,"gold_gain":0,"player_choice":"Ignored","damage_taken":0,"max_hp_gain":0,"max_hp_loss":0,"event_name":"betterNote:BetterNote","floor":19,"gold_loss":0,"cards_obtained":["Noxious Fumes"]}],"is_beta":false,"boss_relics":[{"not_picked":["aspiration:SilentSkillbook","Honey Jar"],"picked":"SlaversCollar"}],"items_purged_floors":[],"is_endless":false,"potions_floor_spawned":[1,2,4,7,18,23],"ascension_level":0}}