{"host":"pyvqvk2ltcevcwmf","time":1610896878,"event":{"mods":["BaseMod","BetterRewards","Good Game Mod","Marisa£®ÏF”Í°°ƒß¿Ì…≥£©","Minty Spire (QoL Compilation)","Rare Cards Sparkle","Shop Mod","Spicy Shops","StSLib","The Alterego","The Servant 0.9.4","Youmu£®ªÍ∆«—˝√Œ£©"],"gold_per_floor":[112,112,112,125,141,141,168,185,259,291,34,34,61,75,75,180,180,200,200,200,38,58,88,88,117,195,220,99,99,130,171,171,191,191],"floor_reached":33,"language":"ZHS","playtime":2875,"items_purged":["Defend_MRS"],"score":418,"play_id":"13d36dd4-85e5-482a-acdd-0d940d707b2c","local_time":"20210117232118","is_ascension_mode":true,"campfire_choices":[{"data":"EnergyFlow","floor":6.0,"key":"SMITH"},{"data":"MeteoricShower","floor":15.0,"key":"SMITH"},{"data":"MillisecondPulsars","floor":32,"key":"SMITH"}],"circlet_count":0,"master_deck":["Strike_MRS","Strike_MRS","Strike_MRS","Defend_MRS","Defend_MRS","MasterSpark","UpSweep","MeteoricShower+1","ManaConvection","SuperPerseids","AsteroidBelt","EnergyFlow+1","GasGiant","RefractionSpark","MysteriousBeam","EnergyFlow","GasGiant","OortCloud","WitchLeyline","MillisecondPulsars+1","6A","ShootingEcho","UnstableBomb+1","ShootingEcho","WitchOfGreed","ShootingEcho","ChargeUpSpray","Robbery+1"],"relics":["BewitchedHakkero","REME:ComplimentaryCards","NeowsBlessing","Bird Faced Urn","Blood Vial","Question Card","Anchor","Chemical X","Torii","Nilry\u0027s Codex","Centennial Puzzle","AmplifyWand","Tiny Chest","Bottled Lightning","Bottled Tornado","Shuriken","Ginger"],"acts_visited":["Exordium","TheCity"],"potions_floor_usage":[33],"damage_taken":[{"damage":0.0,"enemies":"Small Slimes","floor":1.0,"turns":1.0},{"damage":0.0,"enemies":"Cultist","floor":4.0,"turns":1.0},{"damage":0.0,"enemies":"Jaw Worm","floor":5.0,"turns":1.0},{"damage":32.0,"enemies":"3 Sentries","floor":7.0,"turns":8.0},{"damage":26.0,"enemies":"Exordium Wildlife","floor":8.0,"turns":5.0},{"damage":23.0,"enemies":"Gremlin Nob","floor":10.0,"turns":4.0},{"damage":0.0,"enemies":"3 Sentries","floor":13.0,"turns":4.0},{"damage":2.0,"enemies":"Large Slime","floor":14.0,"turns":6.0},{"damage":10.0,"enemies":"The Guardian","floor":16.0,"turns":9.0},{"damage":13.0,"enemies":"2 Thieves","floor":18.0,"turns":3.0},{"damage":1.0,"enemies":"Spheric Guardian","floor":22.0,"turns":4.0},{"damage":26.0,"enemies":"Book of Stabbing","floor":23.0,"turns":7.0},{"damage":33.0,"enemies":"Gremlin Leader","floor":25.0,"turns":5.0},{"damage":0.0,"enemies":"Snecko","floor":27.0,"turns":4.0},{"damage":12,"enemies":"Shelled Parasite and Fungi","floor":30,"turns":4},{"damage":28,"enemies":"Book of Stabbing","floor":31,"turns":6},{"damage":43,"enemies":"Champ","floor":33,"turns":6}],"seed_played":"-1210128097233898064","potions_obtained":[{"floor":1.0,"key":"LiquidBronze"},{"floor":4.0,"key":"Energy Potion"},{"floor":8.0,"key":"Regen Potion"},{"floor":10.0,"key":"SneckoOil"},{"floor":16.0,"key":"SneckoOil"},{"floor":18.0,"key":"LiquidMemories"},{"floor":22.0,"key":"BlessingOfTheForge"},{"floor":25.0,"key":"SpeedPotion"},{"floor":30,"key":"SkillPotion"},{"floor":31,"key":"FearPotion"}],"is_trial":false,"path_per_floor":["M","?","?","M","M","R","E","M","T","E","$","?","E","M","R","B",null,"M","?","T","$","M","E","?","E","T","M","$","T","M","E","R","B"],"character_chosen":"MARISA","items_purchased":["Chemical X","EnergyFlow","GasGiant","ShootingEcho","Bottled Tornado"],"campfire_rested":0,"item_purchase_floors":[11,11,11,21,28],"current_hp_per_floor":[75,75,75,75,75,75,45,23,23,16,16,9,15,21,21,19,75,63,47,47,47,54,44,44,21,21,29,29,29,29,13,13,0,0],"gold":191,"neow_bonus":"THREE_ENEMY_KILL","is_daily":false,"chose_seed":false,"campfire_upgraded":3,"win_rate":0.0,"timestamp":1610896878,"path_taken":["M","?","?","?","M","R","E","M","T","E","$","?","E","M","R","BOSS","M","?","?","$","M","E","?","E","T","M","$","?","M","E","R","BOSS"],"items_purchased_type":["Relic","Card","Card","Card","Relic"],"build_version":"2020-12-22","purchased_purges":1,"victory":false,"max_hp_per_floor":[75,75,75,75,75,75,75,75,75,75,75,75,75,75,75,75,75,75,75,75,75,75,75,75,75,75,75,75,75,75,75,75,75,75],"card_choices":[{"not_picked":["ChargingUp","AlicesGift"],"picked":"ManaConvection","floor":1.0},{"not_picked":["NonDirectionalLaser","MagicAbsorber"],"picked":"AsteroidBelt","floor":4.0},{"not_picked":["AsteroidBelt","OrrerysSun"],"picked":"EnergyFlow","floor":5.0},{"not_picked":["OpenUniverse","StarBarrage"],"picked":"GasGiant","floor":7.0},{"not_picked":["Acceleration","MagicAbsorber"],"picked":"RefractionSpark","floor":8.0},{"not_picked":["OpenUniverse","RefractionSpark","Orbital"],"picked":"MysteriousBeam","floor":10.0},{"not_picked":["MagicChant","GrandCross","ChargingUp"],"picked":"OortCloud","floor":13.0},{"not_picked":["OortCloud","GasGiant","AsteroidBelt"],"picked":"WitchLeyline","floor":14.0},{"not_picked":["CasketOfStar","FinalSpark","CollectingQuirk"],"picked":"MillisecondPulsars","floor":16.0},{"not_picked":["GalacticHalo","SporeBomb","StarBarrage+1"],"picked":"6A","floor":18.0},{"not_picked":["SprinkleStarSeal","GalacticHalo+1","NonDirectionalLaser+1"],"picked":"UnstableBomb+1","floor":22.0},{"not_picked":["6A","IllusionStar","AsteroidBelt"],"picked":"ShootingEcho","floor":23.0},{"not_picked":["ChargeUpSpray","MilkyWay","WitchLeyline"],"picked":"WitchOfGreed","floor":25.0},{"not_picked":["ManaRampage","IllusionStar","Orbital"],"picked":"ShootingEcho","floor":27.0},{"not_picked":["GravityBeat+1","SuperPerseids","SporeBomb+1"],"picked":"ChargeUpSpray","floor":30},{"not_picked":["AsteroidBelt+1","EnergyFlow","OortCloud"],"picked":"Robbery+1","floor":31}],"player_experience":184982,"relics_obtained":[{"floor":7.0,"key":"Blood Vial"},{"floor":9.0,"key":"Question Card"},{"floor":10.0,"key":"Anchor"},{"floor":13.0,"key":"Torii"},{"floor":19.0,"key":"Nilry\u0027s Codex"},{"floor":20.0,"key":"Centennial Puzzle"},{"floor":23.0,"key":"AmplifyWand"},{"floor":25.0,"key":"Tiny Chest"},{"floor":26.0,"key":"Bottled Lightning"},{"floor":29,"key":"Shuriken"},{"floor":31,"key":"Ginger"}],"event_choices":[{"damage_healed":0.0,"max_hp_gain":0.0,"max_hp_loss":0.0,"gold_gain":0.0,"cards_transformed":["Strike_MRS"],"event_name":"Living Wall","player_choice":"Change","floor":2.0,"gold_loss":0.0,"damage_taken":0.0,"cards_obtained":["SuperPerseids"]},{"damage_healed":0.0,"max_hp_gain":0.0,"max_hp_loss":0.0,"gold_gain":0.0,"event_name":"WeMeetAgain","player_choice":"Gave Potion","floor":3.0,"gold_loss":0.0,"damage_taken":0.0,"relics_obtained":["Bird Faced Urn"]},{"cards_removed":["Defend_MRS"],"damage_healed":0.0,"max_hp_gain":0.0,"max_hp_loss":0.0,"gold_gain":0.0,"event_name":"Golden Wing","player_choice":"Card Removal","floor":12.0,"gold_loss":0.0,"damage_taken":7.0},{"damage_healed":0.0,"max_hp_gain":0.0,"max_hp_loss":0.0,"gold_gain":0.0,"event_name":"Cursed Tome","player_choice":"Obtained Book","floor":19.0,"gold_loss":0.0,"damage_taken":16.0},{"damage_healed":0.0,"max_hp_gain":0.0,"max_hp_loss":0.0,"gold_gain":0.0,"event_name":"Ghosts","player_choice":"Ignored","floor":24.0,"gold_loss":0.0,"damage_taken":0.0}],"is_beta":false,"boss_relics":[{"not_picked":["Pandora\u0027s Box","Empty Cage"],"picked":"BewitchedHakkero"}],"items_purged_floors":[11],"is_endless":false,"potions_floor_spawned":[1,4,8,10,16,18,22,25,31],"killed_by":"Champ","ascension_level":4}}