{"host":"vm8b3ptwl81uq21f","time":1610926649,"event":{"mods":["Aspiration","BaseMod","BetterRewards","Colored Map","Colored Powertips","GifTheSpireLib","Googly Eyes","GungeonMod","Halation","Hubris","Infinite Spire","Minty Spire (QoL Compilation)","Quick Restart","Rare Cards Sparkle","Replay The Spire","Shop Mod","Spicy Shops","StSLib","Stuff the Spire","The IronCluck","[IsaacMod]????"],"gold_per_floor":[116,129,129,199,236,265,313,652,652,652,686,686,686,717,717,791,791,802,814,814,814,844,844,889,924,924,924,943,957,980,992,1017,1017,1017,1090,1090,1112,1112,1112,1124,1142,1173,1173,1206,1276,1306,1306,1335,1345,1363,1363,1363,1363,1363,1363,1417,1417],"floor_reached":58,"language":"ENG","playtime":2526,"items_purged":["DemoMod:Strike_Huntress","BettingIsNotGood","DemoMod:Strike_Huntress","DemoMod:Strike_Huntress","DemoMod:Roll","hubris:EnhanceAbility","DemoMod:Defend_Huntress","DemoMod:RustySidearm","DemoMod:CrossBow","DemoMod:Defend_Huntress","DemoMod:Defend_Huntress","DemoMod:Defend_Huntress","Master of Strategy","Madness","Pot Of Greed","ReplayTheSpireMod:Private Reserves","Pot Of Greed+1","DemoMod:ThirdPartyController+1","DemoMod:FinishedGun+1"],"score":2684,"play_id":"bd9b3880-097e-4017-ba61-8ec27b7df923","local_time":"20210117183729","is_ascension_mode":true,"campfire_choices":[{"floor":10.0,"key":"RECALL"}],"circlet_count":0,"master_deck":["AscendersBane","DemoMod:ManualReload+1","Impatience+1","Impatience+1","ReplayTheSpireMod:Brewmster+1","DemoMod:HardPowerCard+1","DemoMod:HighKaliber+1","DemoMod:SniperShot+1"],"relics":["DemoMod:Dog","HushsDoor","SteamSale","Membership Card","MerchantsRug","Pen Nib","DemoMod:ClearGuonStone","hubris:SphereOfDissonance","Bottled Lightning","Void","TheAbacus","Oddly Smooth Stone","aspiration:HummingbirdHeart","ClockworkSouvenir","Nunchaku","Void","StuffTheSpire:DarkSteelAnvil","halation:Sosunser","Anchor","InkBottle","PreservedInsect","DemoMod:PinkGuonStone","Potion Belt","Ice Cream","Frozen Eye","hubris:EmptyBottle","ReplayTheSpireMod:Ninjato","Sundial","DemoMod:Metronome","Onion Ring","Bag of Marbles","halation:QuantumPhysicsTextbook","Bronze Scales","DemoMod:VorpalBullet","GuppysTail","Singing Bowl","DemoMod:OrangeGuonStone","Letter Opener","Chameleon Ring","Mirror","NineVolt","DemoMod:Plus1Bullets","DemoMod:GundromedaStrain","TheBattery","Molten Egg 2","BookOfRevelations","Medical Kit","DemoMod:RatBoots","DemoMod:ResourcefulSack","DemoMod:PartiallyEatenCheese","SlaversCollar","halation:PrussianBluePaint","hubris:TinFlute","BelialBook","StuffTheSpire:Tea","Calipers","HandDrill","infinitespire:Beetle Shell","DemoMod:MonsterBlood"],"acts_visited":[],"potions_floor_usage":[57,57,57,57],"damage_taken":[{"damage":0.0,"enemies":"Cultist","floor":1.0,"turns":1.0},{"damage":0.0,"enemies":"Jaw Worm","floor":2.0,"turns":1.0},{"damage":0.0,"enemies":"2 Louse","floor":4.0,"turns":1.0},{"damage":0.0,"enemies":"Looter","floor":5.0,"turns":2.0},{"damage":0.0,"enemies":"Lagavulin","floor":6.0,"turns":1.0},{"damage":0.0,"enemies":"Looter","floor":7.0,"turns":1.0},{"damage":0.0,"enemies":"Gremlin Nob","floor":11.0,"turns":1.0},{"damage":0.0,"enemies":"Lagavulin","floor":14.0,"turns":1.0},{"damage":0.0,"enemies":"Fading Forest","floor":16.0,"turns":1.0},{"damage":0.0,"enemies":"Spheric Guardian","floor":18.0,"turns":1.0},{"damage":0.0,"enemies":"3 Byrds","floor":19.0,"turns":1.0},{"damage":0.0,"enemies":"Shelled Parasite and Fungi","floor":22.0,"turns":1.0},{"damage":0.0,"enemies":"Gremlin Leader","floor":24.0,"turns":1.0},{"damage":0.0,"enemies":"Slavers","floor":25.0,"turns":1.0},{"damage":0.0,"enemies":"DemoMod:2_Veteran_bullet_kins_and_red_shotgun_kin","floor":28.0,"turns":1.0},{"damage":0.0,"enemies":"DemoMod:Veteran_shot_gun_kin_and_red_shotgun_kin","floor":29.0,"turns":1.0},{"damage":0.0,"enemies":"DemoMod:Veteran_shot_gun_kin_and_red_shotgun_kin_with_gunsinger","floor":30.0,"turns":1.0},{"damage":0.0,"enemies":"DemoMod:Veteran_shot_gun_kin_and_blue_shotgun_kin_with_gunsinger","floor":31.0,"turns":1.0},{"damage":0.0,"enemies":"DemoMod:Red_and_blue_shotgun_kin_with_gunsinger","floor":32.0,"turns":1.0},{"damage":0.0,"enemies":"DemoMod:ResourcefulRat","floor":35.0,"turns":5.0},{"damage":0.0,"enemies":"3 Shapes","floor":37.0,"turns":1.0},{"damage":0.0,"enemies":"Orb Walker","floor":40.0,"turns":1.0},{"damage":0.0,"enemies":"Spire Growth","floor":41.0,"turns":1.0},{"damage":0.0,"enemies":"Nightmare","floor":42.0,"turns":1.0},{"damage":0.0,"enemies":"Giant Head","floor":44.0,"turns":1.0},{"damage":0.0,"enemies":"R_Hoarder","floor":46.0,"turns":1.0},{"damage":0.0,"enemies":"Reptomancer","floor":48.0,"turns":1.0},{"damage":0.0,"enemies":"3 Darklings","floor":49.0,"turns":1.0},{"damage":0.0,"enemies":"Maw","floor":50.0,"turns":2.0},{"damage":0.0,"enemies":"Donu and Deca","floor":52.0,"turns":1.0},{"damage":0.0,"enemies":"Shield and Spear","floor":56.0,"turns":1.0},{"damage":0,"enemies":"Delirium","floor":57,"turns":1}],"seed_played":"5325288034505132415","potions_obtained":[{"floor":1.0,"key":"AttackPotion"},{"floor":14.0,"key":"Block Potion"},{"floor":15.0,"key":"Death Potion"},{"floor":16.0,"key":"Elixir"},{"floor":23.0,"key":"LiquidMemories"},{"floor":28.0,"key":"AttackPotion"},{"floor":37.0,"key":"LiquidBronze"},{"floor":51.0,"key":"Fruit Juice"},{"floor":51.0,"key":"DistilledChaos"}],"is_trial":false,"path_per_floor":["M","M","?","M","?","E","M","$","T","R","E","?","?","E","R_BF","B",null,"M","M","T","$","M","R","E","E","T","R","M","M","M","M","M","R","B","B",null,"M","$","NS","M","M","NM","R","E","T","E","R","E","M","M","R","B",null,"R","$","E","B",null],"character_chosen":"HUNTRESS","items_purchased":["Membership Card","DemoMod:NanoMachines","Omamori","halation:Jellyphish","Replay:Wax Seal","DemoMod:GnawedKey","MerchantsRug","Pen Nib","Pantograph","Grinning Jar","aspiration:Nostalgia","DemoMod:ClearGuonStone","Master of Strategy","PrismaticShard","StuffTheSpire:Saxophone","BFFS","hubris:CuriousFeather","hubris:SphereOfDissonance","halation:Komachan","Bottled Lightning","DemoMod:Polaris","infinitespire:BlackPotion","TheAbacus","Lee\u0027s Waffle","Oddly Smooth Stone","aspiration:HummingbirdHeart","ReplayTheSpireMod:ShopPack","ClockworkSouvenir","StuffTheSpire:Nightcore","Nunchaku","Blue Doll","infinitespire:Lucky Rock","Madness","StuffTheSpire:DarkSteelAnvil","White Beast Statue","halation:Sosunser","Anchor","Pear","InkBottle","PreservedInsect","DemoMod:PinkGuonStone","DemoMod:MeatBun","Tiny Chest","infinitespire:BottledMercury","Potion Belt","Ice Cream","Frozen Eye","Replay:Baseball","hubris:EmptyBottle","Toxic Egg 2","Sling","Impatience+1","ReplayTheSpireMod:Ninjato","Impatience+1","Sundial","DemoMod:Metronome","Lantern","Whetstone","hubris:Metronome","halation:SelfBoilingWater","Onion Ring","Bag of Marbles","halation:QuantumPhysicsTextbook","Bronze Scales","hubris:ToyBattleship","Bag of Preparation","DemoMod:VorpalBullet","War Paint","GuppysTail","Singing Bowl","DemoMod:OrangeGuonStone","Golden Egg","Letter Opener","Chameleon Ring","Mirror","hubris:SlimyHat","NineVolt","DemoMod:Plus1Bullets","Replay:Bandana","hubris:CrystalStatue","DemoMod:GundromedaStrain","hubris:OldNail","TheBattery","Gremlin Horn","DemoMod:FinishedGun+1","BookOfRevelations","Medical Kit","ReplayTheSpireMod:Brewmster+1","hubris:TinFlute","HandDrill","infinitespire:Beetle Shell"],"campfire_rested":0,"item_purchase_floors":[0,0,0,0,0,0,0,0,0,0,0,0,0,0,0,0,0,0,0,0,0,0,0,0,0,0,0,0,0,0,0,0,0,0,0,0,0,0,0,0,0,0,0,0,0,0,0,0,0,0,0,0,0,0,0,0,0,0,0,0,0,0,0,0,0,0,0,0,0,0,0,0,0,0,0,0,0,0,0,0,0,0,0,0,21,21,21,21,38,55,55],"current_hp_per_floor":[101,103,103,105,107,109,111,111,111,111,113,113,113,115,115,115,115,117,119,119,119,123,123,125,127,127,127,129,131,133,135,135,135,135,139,141,141,141,141,143,145,145,145,147,147,149,149,151,153,155,169,169,169,169,169,178,178],"gold":1417,"neow_bonus":"","is_daily":false,"chose_seed":false,"campfire_upgraded":0,"win_rate":0.0,"timestamp":1610926649,"path_taken":["M","M","?","M","?","E","M","$","T","R","E","?","?","E","R_BF","BOSS","M","M","?","$","?","R","E","E","T","R","M","M","M","M","M","R","BOSS","BOSS","M","$","NS","M","M","NM","R","E","T","E","R","E","M","M","R","BOSS","R","$","E","BOSS"],"items_purchased_type":["Relic","Relic","Relic","Relic","Relic","Relic","Relic","Relic","Relic","Relic","Relic","Relic","Card","Relic","Relic","Relic","Relic","Relic","Relic","Relic","Card","Potion","Relic","Relic","Relic","Relic","Relic","Relic","Relic","Relic","Relic","Relic","Card","Relic","Relic","Relic","Relic","Relic","Relic","Relic","Relic","Relic","Relic","Relic","Relic","Relic","Relic","Relic","Relic","Relic","Relic","Card","Relic","Card","Relic","Relic","Relic","Relic","Relic","Relic","Relic","Relic","Relic","Relic","Relic","Relic","Relic","Relic","Relic","Relic","Relic","Relic","Relic","Relic","Relic","Relic","Relic","Relic","Relic","Relic","Relic","Relic","Relic","Relic","Card","Relic","Relic","Card","Relic","Relic","Relic"],"build_version":"2020-12-22","purchased_purges":19,"victory":true,"max_hp_per_floor":[101,103,103,105,107,109,111,111,111,111,113,113,113,115,115,115,115,117,119,119,119,123,123,125,127,127,127,129,131,133,135,135,135,135,139,141,141,141,141,143,145,145,145,147,147,149,149,151,153,155,169,169,169,169,169,178,178],"card_choices":[{"not_picked":[],"picked":"BettingIsNotGood","floor":0.0},{"not_picked":["StuffTheSpire:FreeRealEstate","Secret Weapon"],"picked":"ReplayTheSpireMod:Private Reserves","floor":0.0},{"not_picked":["DemoMod:FortunesFavor+1","DemoMod:PotionOfGunFriendShip+1","DemoMod:Replace+1"],"picked":"Singing Bowl","floor":1.0},{"not_picked":["DemoMod:JK47","DemoMod:StickyCrossBow","DemoMod:Camera"],"picked":"Singing Bowl","floor":2.0},{"not_picked":["DemoMod:Ejector+1","DemoMod:MegaHand","DemoMod:AC15"],"picked":"Singing Bowl","floor":4.0},{"not_picked":["DemoMod:RadGun","Bomb","DemoMod:CombinedRifle"],"picked":"Singing Bowl","floor":5.0},{"not_picked":["DemoMod:AC15","DemoMod:BlackHoleGun","DemoMod:AbyssalTentacle"],"picked":"Singing Bowl","floor":6.0},{"not_picked":["DemoMod:Polaris","DemoMod:Ejector+1","Bomb"],"picked":"Singing Bowl","floor":7.0},{"not_picked":["DemoMod:HardPowerCard+1","Bomb","DemoMod:Casey"],"picked":"Singing Bowl","floor":11.0},{"not_picked":["DemoMod:AC15","DemoMod:ChanceBullets","DemoMod:ProbeStrike"],"picked":"Singing Bowl","floor":14.0},{"not_picked":["DemoMod:GunslingerForm","DemoMod:Slinger"],"picked":"DemoMod:ThirdPartyController","floor":16.0},{"not_picked":["DemoMod:DirectionalPad+1","DemoMod:AbyssalTentacle","DemoMod:GunstockTap"],"picked":"Singing Bowl","floor":18.0},{"not_picked":["DemoMod:StickyCrossBow","DemoMod:MachoBrace+1","DemoMod:JK47"],"picked":"Singing Bowl","floor":19.0},{"not_picked":["DemoMod:StickyCrossBow+1","DemoMod:PotionOfGunFriendShip+1","DemoMod:Behold!+1"],"picked":"Singing Bowl","floor":22.0},{"not_picked":["DemoMod:HighKaliber+1","DemoMod:FastSwitch+1","DemoMod:SkilledReload"],"picked":"Singing Bowl","floor":22.0},{"not_picked":["DemoMod:Replace+1","DemoMod:ConditionalReflex+1","DemoMod:AbyssalTentacle+1"],"picked":"Singing Bowl","floor":24.0},{"not_picked":["DemoMod:Unmoved+1","DemoMod:JK47+1","DemoMod:PotionOfGunFriendShip+1"],"picked":"Singing Bowl","floor":25.0},{"not_picked":["DemoMod:DirectionalPad+1","DemoMod:DoubleSwitch+1","DemoMod:TeaPot+1"],"picked":"Singing Bowl","floor":28.0},{"not_picked":["DemoMod:SAA+1","DemoMod:DoubleSwitch+1","DemoMod:BalloonGun+1"],"picked":"Singing Bowl","floor":29.0},{"not_picked":["DemoMod:StrategicReserve+1","DemoMod:HardPowerCard+1","DemoMod:BattleInHaste+1"],"picked":"Singing Bowl","floor":30.0},{"not_picked":["DemoMod:MegaHand+1","DemoMod:AbyssalTentacle+1","DemoMod:Ejector+1"],"picked":"Singing Bowl","floor":31.0},{"not_picked":["DemoMod:DoubleSwitch+1","DemoMod:HighKaliber+1"],"picked":"DemoMod:HardPowerCard+1","floor":32.0},{"not_picked":["DemoMod:Elimentaler"],"picked":"Singing Bowl","floor":35.0},{"not_picked":["DemoMod:DarkMarker+1","DemoMod:ThirdPartyController+1","DemoMod:Desperate+1"],"picked":"Singing Bowl","floor":35.0},{"not_picked":["DemoMod:GunstockTap+1","DemoMod:HuntsMan+1","DemoMod:HardPowerCard+1"],"picked":"Singing Bowl","floor":36.0},{"not_picked":["DemoMod:Ejector+1","DemoMod:MachoBrace+1"],"picked":"DemoMod:HighKaliber+1","floor":37.0},{"not_picked":["DemoMod:Camera+1","DemoMod:Replace+1","DemoMod:PracticeMakesPerfect+1"],"picked":"Singing Bowl","floor":40.0},{"not_picked":["DemoMod:HungryBullets","DemoMod:AWP+1","DemoMod:SkilledReload+1"],"picked":"Singing Bowl","floor":41.0},{"not_picked":["DemoMod:Rummage+1","DemoMod:BSG+1"],"picked":"DemoMod:SniperShot+1","floor":42.0},{"not_picked":["DemoMod:BoxingGlove+1","DemoMod:Ejector+1","DemoMod:GunShield+1"],"picked":"Singing Bowl","floor":44.0},{"not_picked":["DemoMod:GunstockTap+1","DemoMod:ChanceBullets+1","DemoMod:TripleGun+1"],"picked":"Singing Bowl","floor":46.0},{"not_picked":["DemoMod:DoubleSwitch+1","DemoMod:HungryBullets+1","DemoMod:SAA+1"],"picked":"Singing Bowl","floor":48.0},{"not_picked":["DemoMod:StrategicReserve+1","DemoMod:ConditionalReflex+1","DemoMod:HardPowerCard+1"],"picked":"Singing Bowl","floor":49.0},{"not_picked":["DemoMod:MachoBrace","DemoMod:TeaPot+1","DemoMod:LifeOrb+1"],"picked":"Singing Bowl","floor":50.0},{"not_picked":["DemoMod:StickyCrossBow+1","DemoMod:HuntsMan+1","DemoMod:MegaHand+1"],"picked":"Singing Bowl","floor":56.0}],"player_experience":357402,"relics_obtained":[{"floor":9.0,"key":"Matryoshka"},{"floor":20.0,"key":"Molten Egg 2"},{"floor":20.0,"key":"SalivaCoin"},{"floor":36.0,"key":"DemoMod:RatBoots"},{"floor":36.0,"key":"DemoMod:ResourcefulSack"},{"floor":36.0,"key":"DemoMod:PartiallyEatenCheese"},{"floor":36.0,"key":"Cursed Key"},{"floor":36.0,"key":"SlaversCollar"},{"floor":36.0,"key":"halation:PrussianBluePaint"},{"floor":42.0,"key":"BelialBook"},{"floor":44.0,"key":"StuffTheSpire:Tea"},{"floor":45.0,"key":"aspiration:StickyExplosives_weak"},{"floor":48.0,"key":"Calipers"},{"floor":56.0,"key":"DemoMod:MonsterBlood"}],"event_choices":[],"is_beta":false,"boss_relics":[{"not_picked":["hubris:CrackedHourglass","halation:PinkAlligatorPlush"],"picked":"hubris:ScarierMask"},{"not_picked":[]},{"not_picked":[]}],"items_purged_floors":[0,0,0,0,0,0,0,0,0,0,0,0,0,0,0,0,8,21,38],"is_endless":false,"potions_floor_spawned":[1,14,16,28,29,31,35,37,41,42,48,49],"ascension_level":14}}