{"host":"87fdiiwflhrwsj8a","time":1610846552,"event":{"mods":["Aspiration","BaseMod","Better Match","Better Third Choice","BetterRewards","Colored Map","Conspire","GifTheSpireLib","Infinite Spire","Minty Spire (QoL Compilation)","Quick Restart","Relic Sorter","Replay The Spire","Robot Space Explorer","StSLib","Stuff the Spire","The Cursed","The Jungle","The Marked"],"gold_per_floor":[109,126,126,126,136,136,147,147,194,194,194,194,194,206,206,309,309,320,419,430,445,460,485,485,510,578,597,616,616,627,645,645,743,743,758,772,785,785,785,819,819,819,819,836,836,836],"floor_reached":45,"language":"ENG","playtime":3059,"items_purged":["theMarked:UnarmedFury+1"],"score":634,"play_id":"c56a2a8f-a4ec-41e1-bdcf-3d223c936e62","local_time":"20210116202232","is_ascension_mode":false,"campfire_choices":[{"data":"Apotheosis","floor":6,"key":"SMITH"},{"floor":12,"key":"RECALL"},{"data":"theMarked:ParalyzingBlade","floor":15,"key":"SMITH"},{"data":"theMarked:MuscleMemory","floor":24,"key":"SMITH"},{"data":"theMarked:ComboAttacks","floor":29,"key":"SMITH"},{"floor":32,"key":"REST"},{"data":"theMarked:Polarize","floor":41,"key":"SMITH"}],"circlet_count":0,"master_deck":["theMarked:Strike","theMarked:Strike","theMarked:Strike","theMarked:Strike","theMarked:Defend","theMarked:Defend","theMarked:Defend","theMarked:Defend","theMarked:SoldierOfQuellstein","Apotheosis+1","Good Instincts","theMarked:EmpowerWeapon","theMarked:EmpowerWeapon","theMarked:Static","theMarked:ParalyzingBlade+1","theMarked:ComboAttacks+1","theMarked:Generate","theMarked:MuscleMemory+1","theMarked:Polarize+1","theMarked:Static+1","theMarked:MaelstromOfLightning+1","theMarked:Aftermath","theMarked:Aftermath","theMarked:EmpowerWeapon","theMarked:Static+1"],"relics":["theMarked:ArtifactOfAir","conspire:TreasureMap","Anchor","Blood Vial","StuffTheSpire:RunicHypercube","theMarked:VonisonLock","infinitespire:Lucky Rock","Molten Egg 2","theMarked:Eyepatch","ReplayTheSpireMod:TigerMarble","StuffTheSpire:Gunfinga","Darkstone Periapt"],"acts_visited":["Exordium","TheCity","TheBeyond"],"potions_floor_usage":[23,23,45],"damage_taken":[{"damage":0,"enemies":"Small Slimes","floor":1,"turns":3},{"damage":0,"enemies":"Cultist","floor":2,"turns":4},{"damage":0,"enemies":"2 Louse","floor":5,"turns":2},{"damage":2,"enemies":"Looter","floor":7,"turns":3},{"damage":0,"enemies":"3 Louse","floor":14,"turns":3},{"damage":26,"enemies":"Fading Forest","floor":16,"turns":11},{"damage":0,"enemies":"3 Byrds","floor":18,"turns":4},{"damage":0,"enemies":"2 Thieves","floor":20,"turns":3},{"damage":0,"enemies":"Chosen and Byrds","floor":21,"turns":4},{"damage":2,"enemies":"Centurion and Healer","floor":22,"turns":4},{"damage":9,"enemies":"Slavers","floor":23,"turns":4},{"damage":0,"enemies":"conspire:MimicChest","floor":25,"turns":3},{"damage":9,"enemies":"Sentry and Sphere","floor":27,"turns":3},{"damage":5,"enemies":"Shelled Parasite and Fungi","floor":28,"turns":4},{"damage":32,"enemies":"Snake Plant","floor":30,"turns":3},{"damage":3,"enemies":"Centurion and Healer","floor":31,"turns":3},{"damage":9,"enemies":"Automaton","floor":33,"turns":5},{"damage":0,"enemies":"Orb Walker","floor":35,"turns":2},{"damage":28,"enemies":"3 Darklings","floor":36,"turns":6},{"damage":12,"enemies":"Maw","floor":37,"turns":5},{"damage":3,"enemies":"Nemesis","floor":40,"turns":3},{"damage":0,"enemies":"Spire Growth","floor":44,"turns":3},{"damage":37,"enemies":"Nightmare","floor":45,"turns":4}],"seed_played":"-6683815365822786462","potions_obtained":[{"floor":2,"key":"SkillPotion"},{"floor":14,"key":"ColorlessPotion"},{"floor":16,"key":"theMarked:ChargePotion"},{"floor":21,"key":"Adrenaline Potion"},{"floor":28,"key":"SteroidPotion"},{"floor":31,"key":"Cursed Concoction"},{"floor":42,"key":"Energy Potion"}],"is_trial":false,"path_per_floor":["M","M","?","$","M","R","M","?","T","?","$","R","?","M","R","B",null,"M","?","M","M","M","E","R","?","T","M","M","R","M","M","R","B",null,"M","M","M","AVR","?","E","R","?","T","M","NM"],"character_chosen":"THE_DEFAULT","items_purchased":["Apotheosis","conspire:TreasureMap","Anchor","Good Instincts","theMarked:EmpowerWeapon"],"campfire_rested":1,"item_purchase_floors":[0,0,0,0,0],"current_hp_per_floor":[50,50,50,50,52,52,52,52,52,52,52,52,59,61,61,47,70,70,70,70,70,68,61,61,63,63,56,53,53,23,22,43,36,70,70,42,32,32,32,31,31,31,31,33,0,0],"gold":836,"neow_bonus":"","is_daily":false,"chose_seed":false,"campfire_upgraded":5,"win_rate":0.0,"timestamp":1610846552,"path_taken":["M","M","?","?","M","R","?","?","T","?","$","R","?","M","R","BOSS","M","?","M","M","M","E","R","?","T","M","M","R","M","M","R","BOSS","M","M","M","AVR","?","E","R","?","T","?","NM"],"items_purchased_type":["Card","Relic","Relic","Card","Card"],"build_version":"2020-12-22","purchased_purges":1,"victory":false,"max_hp_per_floor":[70,70,70,70,70,70,70,70,70,70,70,70,70,70,70,70,70,70,70,70,70,70,70,70,70,70,70,70,70,70,70,70,70,70,70,70,70,70,70,70,70,70,70,70,70,70],"card_choices":[{"not_picked":["theMarked:ElectricStrings","theMarked:WastefulAttack"],"picked":"theMarked:Static","floor":1},{"not_picked":["theMarked:ElectricStrings","theMarked:SelfDefenseTraining"],"picked":"theMarked:ParalyzingBlade","floor":2},{"not_picked":["theMarked:Reabsorb","theMarked:RepellingDischarge"],"picked":"theMarked:ComboAttacks","floor":5},{"not_picked":["theMarked:Indomitable","theMarked:Parkour","theMarked:RepellingDischarge"],"picked":"SKIP","floor":7},{"not_picked":["theMarked:MaelstromOfLightning","theMarked:WastefulAttack"],"picked":"theMarked:Generate","floor":14},{"not_picked":["theMarked:Vacuum","theMarked:Challenge"],"picked":"theMarked:MuscleMemory","floor":16},{"not_picked":["theMarked:SwordAndMagic+1","theMarked:Frustration+1"],"picked":"theMarked:Polarize","floor":18},{"not_picked":["theMarked:Overthink","theMarked:ParalyzingBlade"],"picked":"theMarked:Static+1","floor":20},{"not_picked":["theMarked:CreepingChasm","theMarked:WastefulDefense+1","theMarked:Parkour+1"],"picked":"SKIP","floor":21},{"not_picked":["theMarked:RepellingDischarge","theMarked:Indomitable+1","theMarked:ChainLightning"],"picked":"SKIP","floor":22},{"not_picked":["theMarked:Static","theMarked:SummonStrength","theMarked:Standoff"],"picked":"SKIP","floor":23},{"not_picked":["theMarked:HeightenedSenses","theMarked:TakeCover"],"picked":"theMarked:MaelstromOfLightning+1","floor":27},{"not_picked":["theMarked:TwofoldDefense","theMarked:WardOff+1","theMarked:BanishingStrike+1"],"picked":"SKIP","floor":28},{"not_picked":["theMarked:StartUp+1","theMarked:GodGivenPower+1"],"picked":"theMarked:Aftermath","floor":30},{"not_picked":["theMarked:Standoff","theMarked:Indomitable","theMarked:BanishingStrike+1"],"picked":"SKIP","floor":31},{"not_picked":["theMarked:ThrowWeapon+1","theMarked:Defy+1"],"picked":"theMarked:UnarmedFury+1","floor":33},{"not_picked":["theMarked:CreepingChasm","theMarked:Overcharge","theMarked:WastefulAttack+1"],"picked":"SKIP","floor":35},{"not_picked":["theMarked:ReduceFriction","theMarked:DeterminationOfTheMarked","theMarked:Opportunist+1"],"picked":"SKIP","floor":36},{"not_picked":["theMarked:ResourceFulStrike+1","theMarked:ParalyzingBlade+1"],"picked":"theMarked:Aftermath","floor":37},{"not_picked":["theMarked:Electrify","theMarked:Improvise+1"],"picked":"theMarked:EmpowerWeapon","floor":40},{"not_picked":["theMarked:FavorableWinds","theMarked:HeritageOfTheMarked+1"],"picked":"theMarked:Static+1","floor":44}],"player_experience":2708986,"relics_obtained":[{"floor":23,"key":"theMarked:VonisonLock"},{"floor":25,"key":"infinitespire:Lucky Rock"},{"floor":26,"key":"Molten Egg 2"},{"floor":40,"key":"StuffTheSpire:Gunfinga"},{"floor":43,"key":"Darkstone Periapt"}],"event_choices":[{"damage_healed":0,"gold_gain":0,"player_choice":"Gave Potion","damage_taken":0,"relics_obtained":["Blood Vial"],"max_hp_gain":0,"max_hp_loss":0,"event_name":"WeMeetAgain","floor":3,"gold_loss":0},{"damage_healed":52,"gold_gain":0,"player_choice":"Leave","damage_taken":0,"max_hp_gain":0,"max_hp_loss":70,"event_name":"betterThird:BetterShining","floor":10,"gold_loss":0},{"damage_healed":0,"gold_gain":99,"player_choice":"Steal","damage_taken":0,"max_hp_gain":0,"max_hp_loss":0,"event_name":"betterThird:BetterNest","floor":19,"gold_loss":0},{"damage_healed":0,"gold_gain":0,"player_choice":"Got Potions","damage_taken":0,"max_hp_gain":0,"max_hp_loss":0,"event_name":"Lab","floor":42,"gold_loss":0}],"is_beta":false,"boss_relics":[{"not_picked":["ReplayTheSpireMod:DimensionalGlitch","Velvet Choker"],"picked":"StuffTheSpire:RunicHypercube"},{"not_picked":["Snecko Eye","aspiration:FutureDiary"],"picked":"theMarked:Eyepatch"}],"items_purged_floors":[38],"is_endless":false,"potions_floor_spawned":[2,14,16,21,22,28,31,33,35,37,44],"killed_by":"Nightmare","ascension_level":0}}