{"host":"Diee","time":1610891828,"event":{"mods":["Act Like it!","BaseMod","Gensokyo","Minty Spire (QoL Compilation)","Replay The Spire","StSLib"],"gold_per_floor":[115,40,40,40,40,67,103,132,205,218,231,247,1,30,30,127,127,140,158,158,158],"floor_reached":20,"language":"ZHS","playtime":1436,"items_purged":["Defend_P","Injury"],"score":253,"play_id":"8dd12062-d5f8-4bf4-b5b9-a700a85504b2","local_time":"20210117215708","is_ascension_mode":true,"campfire_choices":[{"data":"Eruption","floor":15,"key":"SMITH"}],"circlet_count":0,"master_deck":["Strike_P","Strike_P","Strike_P","Strike_P","Defend_P","Defend_P","Defend_P","Eruption+1","Vigilance","FlyingSleeves","Crescendo","CrushJoints","Tantrum","Pot Of Greed","Pot Of Greed","Alpha","MentalFortress+1","Halt+1"],"relics":["PureWater","NeowsBlessing","Gensokyo:OccultBall","Art of War","Regal Pillow","Ginger","Divine Protection","Grinning Jar","Damaru","Coffee Dripper"],"acts_visited":["Gensokyo:Gensokyo","Gensokyo:Gensokyoer"],"potions_floor_usage":[],"damage_taken":[{"damage":0,"enemies":"Gensokyo:3_Fairies","floor":1,"turns":3},{"damage":0,"enemies":"Gensokyo:Cirno","floor":6,"turns":2},{"damage":0,"enemies":"Gensokyo:Aya","floor":8,"turns":2},{"damage":0,"enemies":"Gensokyo:2_Kodama","floor":10,"turns":1},{"damage":0,"enemies":"Gensokyo:Gryphon","floor":11,"turns":3},{"damage":0,"enemies":"Gensokyo:CorruptedTreant","floor":12,"turns":2},{"damage":3,"enemies":"Gensokyo:Cirno","floor":14,"turns":6},{"damage":2,"enemies":"Gensokyo:Reimu","floor":16,"turns":9},{"damage":35,"enemies":"Gensokyo:3_Dogs","floor":18,"turns":4},{"damage":22,"enemies":"Gensokyo:CosmicMonolith","floor":19,"turns":5},{"damage":0,"enemies":"Gensokyo:Wraith","floor":20,"turns":1}],"seed_played":"-8867292274409750313","potions_obtained":[{"floor":7,"key":"FairyPotion"},{"floor":7,"key":"EntropicBrew"},{"floor":7,"key":"Languid Potion"}],"is_trial":false,"path_per_floor":["M","$","?","?","?","E","?","E","T","M","M","M","$","E","R","B",null,"M","M","M"],"character_chosen":"WATCHER","items_purchased":["Grinning Jar"],"campfire_rested":0,"item_purchase_floors":[13],"current_hp_per_floor":[72,72,72,72,72,72,44,44,44,44,44,44,44,41,41,39,72,37,15,15,15],"gold":158,"neow_bonus":"THREE_ENEMY_KILL","is_daily":false,"chose_seed":false,"campfire_upgraded":1,"win_rate":0.0,"timestamp":1610891828,"path_taken":["M","$","?","?","?","E","?","E","T","?","M","M","$","E","R","BOSS","M","M","M"],"items_purchased_type":["Relic"],"build_version":"2020-12-18","purchased_purges":2,"victory":false,"max_hp_per_floor":[72,72,72,72,72,72,72,72,72,72,72,72,72,72,72,72,72,72,72,72,72],"card_choices":[{"not_picked":["Halt","Indignation"],"picked":"Adaptation","floor":1},{"not_picked":["ThirdEye","Replay:BluntJabs"],"picked":"FlyingSleeves","floor":5},{"not_picked":["Adaptation","Replay:ManipulateFuture","FlyingSleeves"],"picked":"SKIP","floor":6},{"not_picked":["CrushJoints","FearNoEvil"],"picked":"Crescendo","floor":8},{"not_picked":["Swivel","MasterReality"],"picked":"CrushJoints","floor":10},{"not_picked":["Prostrate","Halt"],"picked":"Tantrum","floor":11},{"not_picked":["Replay:AtTheReady","Replay:ManipulateFuture","Crescendo"],"picked":"SKIP","floor":12},{"not_picked":["Consecrate","DeceiveReality","EmptyFist"],"picked":"SKIP","floor":14},{"not_picked":["Blasphemy","Replay:AllIn"],"picked":"Alpha","floor":16},{"not_picked":["PathToVictory","CutThroughFate+1"],"picked":"MentalFortress+1","floor":18},{"not_picked":["Replay:ManipulateFuture+1","Consecrate"],"picked":"Halt+1","floor":19}],"player_experience":102624,"relics_obtained":[{"floor":6,"key":"Regal Pillow"},{"floor":8,"key":"Ginger"},{"floor":9,"key":"Divine Protection"},{"floor":14,"key":"Damaru"},{"floor":16,"key":"Gensokyo:OccultBall"}],"event_choices":[],"is_beta":true,"boss_relics":[{"not_picked":["Runic Dome","Fusion Hammer"],"picked":"Coffee Dripper"}],"items_purged_floors":[2,13],"is_endless":false,"potions_floor_spawned":[11,16,19],"killed_by":"Gensokyo:Wraith","ascension_level":1}}