{"host":"08t08ld674si40tv","time":1610862439,"event":{"mods":["AchievementEnabler","BaseMod","Colored Map","Minty Spire (QoL Compilation)","StSLib","SuperFastMode"],"gold_per_floor":[116,266,31,31,51,51,82,82,107,118,147,157,157,183,183,261,261,261,261,186,186,132,132,132,132,132,132,132,132,132,132,132,132,132,132,132,132,132,132,132,132,132,132,132,132,132,132,132,132,132,132,132,32,32,32],"floor_reached":56,"language":"KOR","playtime":2090,"items_purged":["Doubt","Barrage"],"score":2042,"play_id":"eda08a45-d951-4fe3-82ad-528df15c6eb3","local_time":"20210117144719","is_ascension_mode":true,"campfire_choices":[{"data":"Creative AI","floor":6.0,"key":"SMITH"},{"floor":8.0,"key":"REST"},{"data":"Zap","floor":15.0,"key":"SMITH"},{"floor":24.0,"key":"REST"},{"data":"Consume","floor":28,"key":"SMITH"},{"data":"Coolheaded","floor":32,"key":"SMITH"},{"data":"Turbo","floor":44,"key":"SMITH"},{"data":"Heatsinks","floor":47,"key":"SMITH"},{"floor":49,"key":"RECALL"},{"data":"Reboot","floor":52,"key":"SMITH"}],"circlet_count":0,"master_deck":["AscendersBane","Defend_B","Defend_B","Defend_B","Zap+1","Dualcast","Creative AI+1","Cold Snap","FTL","Glacier","Self Repair","Turbo+1","Electrodynamics","Cold Snap","Coolheaded+1","White Noise+1","Thunder Strike","Consume+1","Reboot+1","Chill","Heatsinks+1","White Noise+1","BootSequence+1"],"relics":["Cracked Core","Runic Capacitor","Bird Faced Urn","Pen Nib","Ancient Tea Set","Mercury Hourglass","Ectoplasm","Symbiotic Virus","Oddly Smooth Stone","White Beast Statue","Empty Cage","Old Coin","Toxic Egg 2","Lantern","Unceasing Top","Centennial Puzzle","Mummified Hand"],"acts_visited":["Exordium","TheCity","TheBeyond","TheEnding"],"potions_floor_usage":[27,38,38,50,55],"damage_taken":[{"damage":14.0,"enemies":"Jaw Worm","floor":1.0,"turns":5.0},{"damage":0.0,"enemies":"Small Slimes","floor":5.0,"turns":3.0},{"damage":34.0,"enemies":"3 Sentries","floor":7.0,"turns":7.0},{"damage":2.0,"enemies":"2 Louse","floor":10.0,"turns":2.0},{"damage":10.0,"enemies":"Lagavulin","floor":11.0,"turns":7.0},{"damage":4.0,"enemies":"Blue Slaver","floor":12.0,"turns":4.0},{"damage":19.0,"enemies":"3 Sentries","floor":14.0,"turns":8.0},{"damage":28.0,"enemies":"Slime Boss","floor":16.0,"turns":8.0},{"damage":29.0,"enemies":"Shell Parasite","floor":18.0,"turns":4.0},{"damage":48.0,"enemies":"Slavers","floor":23.0,"turns":4.0},{"damage":19.0,"enemies":"Gremlin Leader","floor":25.0,"turns":7.0},{"damage":3,"enemies":"Spheric Guardian","floor":27,"turns":3},{"damage":24,"enemies":"Snake Plant","floor":29,"turns":5},{"damage":6,"enemies":"Snecko","floor":30,"turns":3},{"damage":5,"enemies":"Centurion and Healer","floor":31,"turns":5},{"damage":33,"enemies":"Automaton","floor":33,"turns":7},{"damage":3,"enemies":"Orb Walker","floor":35,"turns":4},{"damage":14,"enemies":"3 Darklings","floor":36,"turns":3},{"damage":6,"enemies":"Mind Bloom Boss Battle","floor":38,"turns":8},{"damage":7,"enemies":"Spire Growth","floor":39,"turns":6},{"damage":3,"enemies":"Maw","floor":40,"turns":7},{"damage":12,"enemies":"Reptomancer","floor":41,"turns":5},{"damage":11,"enemies":"Sphere and 2 Shapes","floor":45,"turns":4},{"damage":60,"enemies":"Nemesis","floor":46,"turns":7},{"damage":5,"enemies":"Reptomancer","floor":48,"turns":8},{"damage":56,"enemies":"Time Eater","floor":50,"turns":11},{"damage":11,"enemies":"Shield and Spear","floor":54,"turns":5},{"damage":61,"enemies":"The Heart","floor":55,"turns":10}],"seed_played":"7986082830050644445","potions_obtained":[{"floor":7.0,"key":"GamblersBrew"},{"floor":10.0,"key":"PotionOfCapacity"},{"floor":11.0,"key":"PowerPotion"},{"floor":25.0,"key":"Fruit Juice"},{"floor":27,"key":"Block Potion"},{"floor":35,"key":"EntropicBrew"},{"floor":40,"key":"FocusPotion"},{"floor":54,"key":"AttackPotion"}],"is_trial":false,"path_per_floor":["M","?","$","?","M","R","E","R","T","M","E","M","?","E","R","B",null,"M","?","?","T","$","E","R","E","T","M","R","M","M","M","R","B",null,"M","M","?","?","M","M","E","?","T","R","M","E","R","E","R","B",null,"R","$","E","B",null],"character_chosen":"DEFECT","items_purchased":["Runic Capacitor","Coolheaded"],"campfire_rested":2,"item_purchase_floors":[3,22],"current_hp_per_floor":[50,50,50,50,50,50,16,37,37,35,33,38,38,60,60,53,67,55,55,55,55,55,26,47,55,55,72,72,60,60,76,76,62,73,76,66,66,72,72,72,72,72,72,72,72,29,29,63,63,62,70,70,70,72,39],"gold":32,"neow_bonus":"ONE_RANDOM_RARE_CARD","is_daily":false,"chose_seed":false,"campfire_upgraded":7,"win_rate":0.0,"timestamp":1610862439,"path_taken":["M","?","$","?","M","R","E","R","T","M","E","M","?","E","R","BOSS","M","?","?","?","$","E","R","E","T","M","R","M","M","M","R","BOSS","M","M","?","?","M","M","E","?","T","R","M","E","R","E","R","BOSS","R","$","E","BOSS"],"items_purchased_type":["Relic","Card"],"build_version":"2020-12-22","purchased_purges":2,"victory":true,"max_hp_per_floor":[71,71,71,71,71,71,71,71,71,71,71,71,71,71,71,71,71,71,71,71,71,71,71,71,71,71,76,76,76,76,76,76,76,76,76,76,72,72,72,72,72,72,72,72,72,72,72,72,72,72,72,72,72,72,72],"card_choices":[{"not_picked":["Consume","Rebound"],"picked":"Cold Snap","floor":1.0},{"not_picked":["Barrage","Leap","Gash"],"picked":"SKIP","floor":5.0},{"not_picked":["Leap","Gash"],"picked":"Barrage","floor":5.0},{"not_picked":["Go for the Eyes","Steam Power"],"picked":"FTL","floor":7.0},{"not_picked":["Redo","Rebound"],"picked":"Glacier","floor":10.0},{"not_picked":["Double Energy","Turbo"],"picked":"Self Repair","floor":11.0},{"not_picked":["Leap","Skim"],"picked":"Turbo","floor":12.0},{"not_picked":["Ball Lightning","Barrage","Compile Driver"],"picked":"SKIP","floor":14.0},{"not_picked":["Fission","Echo Form"],"picked":"Electrodynamics","floor":16.0},{"not_picked":["Turbo","Double Energy"],"picked":"Cold Snap","floor":18.0},{"not_picked":["Conserve Battery","Coolheaded"],"picked":"White Noise+1","floor":23.0},{"not_picked":["Darkness","Rip and Tear"],"picked":"Thunder Strike","floor":25.0},{"not_picked":["Coolheaded","Fusion"],"picked":"Consume","floor":27},{"not_picked":["Darkness","Go for the Eyes","Hello World"],"picked":"SKIP","floor":29},{"not_picked":["Static Discharge","Redo","Streamline+1"],"picked":"SKIP","floor":30},{"not_picked":["Sunder","Doom and Gloom","FTL"],"picked":"SKIP","floor":31},{"not_picked":["Rainbow","Fission"],"picked":"Reboot","floor":33},{"not_picked":["Consume+1","Coolheaded+1","Rebound+1"],"picked":"SKIP","floor":35},{"not_picked":["Cold Snap","Melter+1","Hello World"],"picked":"SKIP","floor":36},{"not_picked":["Leap","Steam+1"],"picked":"Chill","floor":38},{"not_picked":["Barrage","Steam"],"picked":"Heatsinks","floor":39},{"not_picked":["Amplify","Streamline+1","Conserve Battery"],"picked":"SKIP","floor":40},{"not_picked":["Amplify","Streamline+1","Conserve Battery"],"picked":"SKIP","floor":40},{"not_picked":["Scrape","Skim+1","Turbo+1"],"picked":"SKIP","floor":41},{"not_picked":["BootSequence+1","Coolheaded+1"],"picked":"White Noise+1","floor":45},{"not_picked":["Gash","Melter"],"picked":"BootSequence+1","floor":46},{"not_picked":["Loop","Cold Snap","Reprogram+1"],"picked":"SKIP","floor":48},{"not_picked":["Double Energy+1","Cold Snap","Stack+1"],"picked":"SKIP","floor":54}],"player_experience":236624,"relics_obtained":[{"floor":7.0,"key":"Bird Faced Urn"},{"floor":9.0,"key":"Pen Nib"},{"floor":11.0,"key":"Ancient Tea Set"},{"floor":14.0,"key":"Mercury Hourglass"},{"floor":21.0,"key":"Symbiotic Virus"},{"floor":23.0,"key":"Oddly Smooth Stone"},{"floor":25.0,"key":"White Beast Statue"},{"floor":38,"key":"Old Coin"},{"floor":41,"key":"Toxic Egg 2"},{"floor":43,"key":"Lantern"},{"floor":46,"key":"Unceasing Top"},{"floor":48,"key":"Centennial Puzzle"},{"floor":54,"key":"Mummified Hand"}],"event_choices":[{"damage_healed":0.0,"max_hp_gain":0.0,"max_hp_loss":0.0,"gold_gain":150.0,"event_name":"Liars Game","player_choice":"AGREE","floor":2.0,"gold_loss":0.0,"damage_taken":0.0,"cards_obtained":["Doubt"]},{"cards_removed":["Strike_B"],"damage_healed":0.0,"max_hp_gain":0.0,"max_hp_loss":0.0,"gold_gain":0.0,"event_name":"Living Wall","player_choice":"Forget","floor":4.0,"gold_loss":0.0,"damage_taken":0.0},{"damage_healed":0.0,"max_hp_gain":0.0,"max_hp_loss":0.0,"gold_gain":0.0,"event_name":"Shining Light","player_choice":"Ignored","floor":13.0,"gold_loss":0.0,"damage_taken":0.0},{"cards_removed":["Strike_B"],"damage_healed":0.0,"max_hp_gain":0.0,"max_hp_loss":0.0,"gold_gain":0.0,"event_name":"Back to Basics","player_choice":"Elegance","floor":19.0,"gold_loss":0.0,"damage_taken":0.0},{"cards_removed":["Strike_B"],"damage_healed":0.0,"max_hp_gain":0.0,"max_hp_loss":0.0,"gold_gain":0.0,"event_name":"Beggar","player_choice":"Gave Gold","floor":20.0,"gold_loss":75.0,"damage_taken":0.0},{"damage_healed":0,"gold_gain":0,"player_choice":"Max HP","damage_taken":0,"max_hp_gain":0,"max_hp_loss":4,"event_name":"Winding Halls","floor":37,"gold_loss":0},{"damage_healed":0,"gold_gain":0,"player_choice":"Fight","damage_taken":0,"max_hp_gain":0,"max_hp_loss":0,"event_name":"MindBloom","floor":38,"gold_loss":0},{"damage_healed":0,"gold_gain":0,"player_choice":"Ignored","damage_taken":0,"max_hp_gain":0,"max_hp_loss":0,"event_name":"Tomb of Lord Red Mask","floor":42,"gold_loss":0}],"is_beta":false,"boss_relics":[{"not_picked":["Fusion Hammer","Runic Dome"],"picked":"Ectoplasm"},{"not_picked":["Calling Bell","Inserter"],"picked":"Empty Cage"}],"items_purged_floors":[3,53],"is_endless":false,"potions_floor_spawned":[7,10,11,25,27,29,30,31,33,35,36,38,39,40,41,45,46,48,54],"ascension_level":16}}