{"host":"s0rqbuvjzggdtc2s","time":1610882737,"event":{"mods":["ATMod(°¢èªMod)","BaseMod","Minty Spire (QoL Compilation)","StSLib","¡¾ÒÅÎï¿¨ÅÆ¡¿REMEMod"],"gold_per_floor":[115,115,135,135,148,148,174,174,174,139,153,173,187,199,199,301,301,311,330,330,348,118,118,133,133,187,52,52,71,71,71,71,174,174,184,200,75,88,138,138],"floor_reached":39,"language":"ZHS","playtime":1478,"items_purged":["Strike_B","Strike_B","Strike_B"],"score":385,"play_id":"199eee27-b730-4080-97dc-a43d6b377dd3","local_time":"20210117192537","is_ascension_mode":false,"campfire_choices":[{"data":"MasterReality","floor":6.0,"key":"SMITH"},{"data":"White Noise","floor":8.0,"key":"SMITH"},{"floor":15.0,"key":"REST"},{"floor":23.0,"key":"REST"},{"floor":25.0,"key":"REST"},{"floor":30.0,"key":"REST"},{"floor":32.0,"key":"REST"}],"circlet_count":0,"master_deck":["Strike_B","Defend_B","Defend_B+1","Defend_B+1","Defend_B","Zap","Dualcast","AT_RightCognition+1","MasterReality+1","Coolheaded","White Noise+1","Loop","Seek","Leap","AT_StudyProgram","Ball Lightning+1","White Noise","AT_RightCognition","AT_HeatAcrobatics","Rebound+1","Heatsinks+1","Capacitor","Cold Snap+1","AT_RightCognition","BootSequence+1"],"relics":["Cracked Core","AT_ATBox","REME_ComplimentaryCards","AT_TimeSand","Molten Egg 2","Busted Crown","Dream Catcher","AT_BellDemon","Centennial Puzzle","SsserpentHead","Black Star"],"acts_visited":["Exordium","TheCity","TheBeyond"],"potions_floor_usage":[],"damage_taken":[{"damage":0.0,"enemies":"2 Louse","floor":1.0,"turns":2.0},{"damage":4.0,"enemies":"Small Slimes","floor":3.0,"turns":3.0},{"damage":3.0,"enemies":"Jaw Worm","floor":5.0,"turns":5.0},{"damage":13.0,"enemies":"3 Sentries","floor":7.0,"turns":6.0},{"damage":26.0,"enemies":"Lots of Slimes","floor":11.0,"turns":5.0},{"damage":7.0,"enemies":"Blue Slaver","floor":12.0,"turns":5.0},{"damage":13.0,"enemies":"Gremlin Gang","floor":13.0,"turns":6.0},{"damage":6.0,"enemies":"Exordium Wildlife","floor":14.0,"turns":5.0},{"damage":27.0,"enemies":"Slime Boss","floor":16.0,"turns":5.0},{"damage":13.0,"enemies":"Chosen","floor":18.0,"turns":6.0},{"damage":10.0,"enemies":"3 Byrds","floor":19.0,"turns":4.0},{"damage":31.0,"enemies":"Cultist and Chosen","floor":21.0,"turns":6.0},{"damage":9.0,"enemies":"Centurion and Healer","floor":24.0,"turns":5.0},{"damage":20.0,"enemies":"Sentry and Sphere","floor":29.0,"turns":5.0},{"damage":31.0,"enemies":"Champ","floor":33.0,"turns":6.0},{"damage":2.0,"enemies":"3 Shapes","floor":35.0,"turns":6.0},{"damage":10.0,"enemies":"Orb Walker","floor":36.0,"turns":5.0},{"damage":20.0,"enemies":"Jaw Worm Horde","floor":38.0,"turns":4.0},{"damage":60,"enemies":"4 Shapes","floor":39,"turns":3}],"seed_played":"-8068343579713777628","potions_obtained":[{"floor":3.0,"key":"CultistPotion"},{"floor":5.0,"key":"Block Potion"},{"floor":12.0,"key":"SteroidPotion"},{"floor":14.0,"key":"Dexterity Potion"},{"floor":16.0,"key":"DuplicationPotion"},{"floor":19.0,"key":"AttackPotion"},{"floor":24.0,"key":"SmokeBomb"},{"floor":36.0,"key":"Energy Potion"},{"floor":38.0,"key":"SkillPotion"}],"is_trial":false,"path_per_floor":["M","?","M","?","M","R","E","R","T","?","M","M","M","M","R","B",null,"M","M","?","M","$","R","M","R","T","$","?","M","R","?","R","B",null,"M","M","$","M","M"],"character_chosen":"DEFECT","items_purchased":["Dream Catcher","Capacitor"],"campfire_rested":5,"item_purchase_floors":[22,27],"current_hp_per_floor":[75,60,56,61,58,58,45,45,45,65,39,32,19,13,37,10,80,67,57,57,26,26,50,41,65,65,65,65,45,69,69,80,49,80,78,68,68,48,0,0],"gold":138,"neow_bonus":"UPGRADE_CARD","is_daily":false,"chose_seed":false,"campfire_upgraded":2,"win_rate":0.0,"timestamp":1610882737,"path_taken":["M","?","M","?","M","R","E","R","T","?","M","M","M","?","R","BOSS","M","?","?","M","$","R","M","R","T","$","?","?","R","?","R","BOSS","M","M","$","M","?"],"items_purchased_type":["Relic","Card"],"build_version":"2020-12-22","purchased_purges":3,"victory":false,"max_hp_per_floor":[75,75,75,80,80,80,80,80,80,80,80,80,80,80,80,80,80,80,80,80,80,80,80,80,80,80,80,80,80,80,80,80,80,80,80,80,80,80,80,80],"card_choices":[{"not_picked":["Conserve Battery","AT_EMC2"],"picked":"Coolheaded","floor":1.0},{"not_picked":["Go for the Eyes","REME_Compress"],"picked":"White Noise","floor":3.0},{"not_picked":["Go for the Eyes","Gash"],"picked":"Loop","floor":5.0},{"not_picked":["Gash","Steam"],"picked":"Seek","floor":7.0},{"not_picked":["Gash+1","Rip and Tear+1","AT_EMC2","Chill"],"picked":"Leap","floor":11.0},{"not_picked":["Beam Cell+1","Redo"],"picked":"AT_StudyProgram","floor":12.0},{"not_picked":["Redo","Stack"],"picked":"Ball Lightning+1","floor":13.0},{"not_picked":["Conserve Battery","Gash+1"],"picked":"White Noise","floor":14.0},{"not_picked":["Electrodynamics","Hyperbeam+1"],"picked":"AT_RightCognition","floor":16.0},{"not_picked":[],"picked":"AT_HeatAcrobatics","floor":18.0},{"not_picked":[],"picked":"Rebound+1","floor":19.0},{"not_picked":[],"picked":"Heatsinks+1","floor":21.0},{"not_picked":["Compile Driver+1"],"picked":"SKIP","floor":24.0},{"not_picked":["Scrape+1"],"picked":"SKIP","floor":29.0},{"not_picked":[],"picked":"Cold Snap+1","floor":30.0},{"not_picked":[],"picked":"AT_RightCognition","floor":33.0},{"not_picked":[],"picked":"BootSequence+1","floor":35.0},{"not_picked":["Beam Cell+1"],"picked":"SKIP","floor":36.0},{"not_picked":["Rebound+1"],"picked":"SKIP","floor":38.0}],"player_experience":186368,"relics_obtained":[{"floor":7.0,"key":"AT_TimeSand"},{"floor":9.0,"key":"Molten Egg 2"},{"floor":26.0,"key":"AT_BellDemon"},{"floor":28.0,"key":"Centennial Puzzle"}],"event_choices":[{"damage_healed":0.0,"max_hp_gain":0.0,"max_hp_loss":0.0,"gold_gain":0.0,"event_name":"Shining Light","player_choice":"Entered Light","floor":2.0,"gold_loss":0.0,"damage_taken":15.0,"cards_upgraded":["Defend_B","Defend_B"]},{"damage_healed":0.0,"max_hp_gain":5.0,"max_hp_loss":0.0,"gold_gain":0.0,"event_name":"Big Fish","player_choice":"Donut","floor":4.0,"gold_loss":0.0,"damage_taken":0.0},{"damage_healed":20.0,"max_hp_gain":0.0,"max_hp_loss":0.0,"gold_gain":0.0,"event_name":"The Cleric","player_choice":"Healed","floor":10.0,"gold_loss":35.0,"damage_taken":0.0},{"damage_healed":0.0,"max_hp_gain":0.0,"max_hp_loss":0.0,"gold_gain":0.0,"event_name":"Ghosts","player_choice":"Ignored","floor":20.0,"gold_loss":0.0,"damage_taken":0.0},{"damage_healed":0.0,"max_hp_gain":0.0,"max_hp_loss":0.0,"gold_gain":0.0,"event_name":"Wheel of Change","player_choice":"Relic","floor":28.0,"gold_loss":0.0,"damage_taken":0.0},{"damage_healed":0.0,"max_hp_gain":0.0,"max_hp_loss":0.0,"gold_gain":0.0,"event_name":"FaceTrader","player_choice":"Trade","floor":31.0,"gold_loss":0.0,"damage_taken":0.0,"relics_obtained":["SsserpentHead"]}],"is_beta":false,"boss_relics":[{"not_picked":["Tiny House","Calling Bell"],"picked":"Busted Crown"},{"not_picked":["Astrolabe","AT_MortalBlade"],"picked":"Black Star"}],"items_purged_floors":[22,27,37],"is_endless":false,"potions_floor_spawned":[3,5,12,14,16,19,24,29,35,36,38],"killed_by":"4 Shapes","ascension_level":0}}