{"host":"5oxscleocp360blz","time":1610859214,"event":{"mods":["AchievementEnabler","BaseMod","Marisa????????","Minty Spire (QoL Compilation)","Replay The Spire","StSLib","The Necromancer"],"gold_per_floor":[119,119,140,165,165,165,183,222,222,247,282,305,330,355,355,355,355],"floor_reached":16,"language":"ENG","playtime":798,"items_purged":[],"score":139,"play_id":"b93aeca3-359d-4985-95e2-5f23ab3408ba","local_time":"20210117015334","is_ascension_mode":true,"campfire_choices":[{"floor":6.0,"key":"REST"},{"data":"Eruption","floor":15,"key":"SMITH"}],"circlet_count":0,"master_deck":["Strike_P","Strike_P","Strike_P","Strike_P","Defend_P","Defend_P","Defend_P","Defend_P","Eruption+1","Vigilance","Alpha","EmptyMind","InnerPeace","Replay:Battleflow","Nirvana","EmptyBody","ForeignInfluence","EmptyMind","Weave","JustLucky"],"relics":["PureWater","Golden Idol","Yang","TeardropLocket","Kunai"],"acts_visited":["Exordium"],"potions_floor_usage":[16,16],"damage_taken":[{"damage":0.0,"enemies":"2 Louse","floor":1.0,"turns":2.0},{"damage":1.0,"enemies":"Cultist","floor":3.0,"turns":4.0},{"damage":3.0,"enemies":"Jaw Worm","floor":4.0,"turns":4.0},{"damage":19.0,"enemies":"Exordium Thugs","floor":7.0,"turns":3.0},{"damage":6.0,"enemies":"Replay:BlueRogue","floor":8.0,"turns":4.0},{"damage":8.0,"enemies":"Blue Slaver","floor":10.0,"turns":4.0},{"damage":3.0,"enemies":"Lagavulin","floor":11.0,"turns":4.0},{"damage":0.0,"enemies":"2 Fungi Beasts","floor":12.0,"turns":2.0},{"damage":0,"enemies":"3 Louse","floor":13,"turns":4},{"damage":0,"enemies":"Looter","floor":14,"turns":1},{"damage":15,"enemies":"Fading Forest","floor":16,"turns":4}],"seed_played":"2121911684174806228","potions_obtained":[{"floor":1.0,"key":"ColorlessPotion"},{"floor":5.0,"key":"LifebloodPotion"},{"floor":5.0,"key":"Weak Potion"},{"floor":8.0,"key":"Languid Potion"},{"floor":11.0,"key":"CultistPotion"}],"is_trial":false,"path_per_floor":["M","?","M","M","?","R","M","E","T","M","E","M","M","M","R","B"],"character_chosen":"WATCHER","items_purchased":[],"campfire_rested":1,"item_purchase_floors":[],"current_hp_per_floor":[51,33,32,29,29,50,31,25,25,17,14,14,14,14,14,0,0],"gold":355,"neow_bonus":"THREE_RARE_CARDS","is_daily":false,"chose_seed":false,"campfire_upgraded":1,"win_rate":0.0,"timestamp":1610859214,"path_taken":["M","?","M","M","?","R","M","E","T","M","E","M","?","M","R","BOSS"],"items_purchased_type":[],"build_version":"2020-12-22","purchased_purges":0,"victory":false,"max_hp_per_floor":[72,72,72,72,72,72,72,72,72,72,72,72,72,72,72,72,72],"card_choices":[{"not_picked":["ConjureBlade","Scrawl"],"picked":"Alpha","floor":0.0},{"not_picked":["ClearTheMind","InnerPeace"],"picked":"EmptyMind","floor":1.0},{"not_picked":["BowlingBash","Protect"],"picked":"InnerPeace","floor":3.0},{"not_picked":["WaveOfTheHand","Replay:Vibes"],"picked":"Replay:Battleflow","floor":4.0},{"not_picked":["Study","Consecrate"],"picked":"Nirvana","floor":7.0},{"not_picked":["Replay:AllIn","CarveReality","EmptyMind"],"picked":"SKIP","floor":8.0},{"not_picked":["Halt","CutThroughFate"],"picked":"EmptyBody","floor":10.0},{"not_picked":["ThirdEye","Replay:AtTheReady"],"picked":"ForeignInfluence","floor":11.0},{"not_picked":["Worship","FlyingSleeves"],"picked":"EmptyMind","floor":12.0},{"not_picked":["Replay:AtTheReady","Replay:Anticipation"],"picked":"Weave","floor":13},{"not_picked":["Weave","BattleHymn"],"picked":"JustLucky","floor":14}],"player_experience":180076,"relics_obtained":[{"floor":8.0,"key":"Yang"},{"floor":9.0,"key":"TeardropLocket"},{"floor":11.0,"key":"Kunai"}],"event_choices":[{"damage_healed":0.0,"max_hp_gain":0.0,"max_hp_loss":0.0,"gold_gain":0.0,"event_name":"Golden Idol","player_choice":"Take Damage","floor":2.0,"gold_loss":0.0,"damage_taken":18.0,"relics_obtained":["Golden Idol"]},{"damage_healed":0.0,"max_hp_gain":0.0,"max_hp_loss":0.0,"gold_gain":0.0,"event_name":"Lab","player_choice":"Got Potions","floor":5.0,"gold_loss":0.0,"damage_taken":0.0}],"is_beta":false,"boss_relics":[],"items_purged_floors":[],"is_endless":false,"potions_floor_spawned":[1,8,10,11,12,13],"killed_by":"Fading Forest","ascension_level":4}}