{"host":"kk2i87xhq8q4h0un","time":1610862268,"event":{"mods":["BaseMod","Minty Spire (QoL Compilation)","Shop Mod","StSLib"],"gold_per_floor":[110,161,161,180,194,219,55,88,115,115,115,145,180,196,196,297,297,311,311,221,236,111,111,111,141,141,174,206,206,233,266,266,362,362,378,79,98,148,148,182,208,208,208,98,98,117,64,80,80,80],"floor_reached":51,"language":"ENG","playtime":4315,"items_purged":["Havoc"],"score":955,"play_id":"d4e297a2-e0e7-438b-a87d-903c5cad1a7d","local_time":"20210116214428","daily_mods":["SealedDeck","Flight"],"is_ascension_mode":false,"campfire_choices":[{"data":"True Grit","floor":10.0,"key":"SMITH"},{"data":"True Grit","floor":11.0,"key":"SMITH"},{"data":"Whirlwind","floor":15.0,"key":"SMITH"},{"data":"Uppercut","floor":23.0,"key":"SMITH"},{"data":"Limit Break","floor":29.0,"key":"SMITH"},{"data":"Demon Form","floor":32,"key":"SMITH"},{"data":"Heavy Blade","floor":42,"key":"SMITH"},{"data":"Heavy Blade","floor":45,"key":"SMITH"},{"data":"Inflame","floor":49,"key":"SMITH"}],"circlet_count":0,"master_deck":["True Grit+1","True Grit+1","Shrug It Off","Inflame+1","Heavy Blade+1","Carnage","Shockwave","Shockwave","Whirlwind+1","Flame Barrier","Heavy Blade+1","Blood for Blood","Uppercut+1","Reaper+1","Clothesline","Inflame","Limit Break+1","Demon Form+1","Whirlwind+1","Immolate","Heavy Blade+1"],"relics":["Snecko Eye","Bag of Marbles","Anchor","Question Card","Torii","Cursed Key","MerchantsRug","Red Mask","Gambling Chip","Prayer Wheel","Ice Cream","Sundial","Coffee Dripper","Pen Nib","Orichalcum","Ginger","Turnip","Mango","Ancient Tea Set","Chemical X","StoneCalendar"],"acts_visited":["Exordium","TheCity","TheBeyond"],"potions_floor_usage":[50,50],"damage_taken":[{"damage":0.0,"enemies":"2 Louse","floor":1.0,"turns":1.0},{"damage":1.0,"enemies":"Jaw Worm","floor":4.0,"turns":2.0},{"damage":0.0,"enemies":"Cultist","floor":5.0,"turns":1.0},{"damage":1.0,"enemies":"Lagavulin","floor":6.0,"turns":3.0},{"damage":0.0,"enemies":"Gremlin Nob","floor":8.0,"turns":3.0},{"damage":0.0,"enemies":"3 Sentries","floor":12.0,"turns":2.0},{"damage":0.0,"enemies":"Gremlin Nob","floor":13.0,"turns":4.0},{"damage":0.0,"enemies":"Gremlin Gang","floor":14.0,"turns":2.0},{"damage":3.0,"enemies":"The Guardian","floor":16.0,"turns":5.0},{"damage":0.0,"enemies":"2 Thieves","floor":18.0,"turns":2.0},{"damage":0.0,"enemies":"3 Byrds","floor":21.0,"turns":2.0},{"damage":0.0,"enemies":"Masked Bandits","floor":25.0,"turns":1.0},{"damage":0.0,"enemies":"Gremlin Leader","floor":27.0,"turns":2.0},{"damage":0.0,"enemies":"Book of Stabbing","floor":28.0,"turns":3.0},{"damage":7,"enemies":"Slavers","floor":30,"turns":5},{"damage":6,"enemies":"Book of Stabbing","floor":31,"turns":4},{"damage":7,"enemies":"Automaton","floor":33,"turns":6},{"damage":0,"enemies":"3 Darklings","floor":35,"turns":2},{"damage":0,"enemies":"3 Shapes","floor":37,"turns":1},{"damage":5,"enemies":"Mind Bloom Boss Battle","floor":38,"turns":6},{"damage":0,"enemies":"Reptomancer","floor":40,"turns":2},{"damage":2,"enemies":"Nemesis","floor":41,"turns":3},{"damage":0,"enemies":"Jaw Worm Horde","floor":46,"turns":1},{"damage":0,"enemies":"Writhing Mass","floor":48,"turns":2},{"damage":9,"enemies":"Awakened One","floor":50,"turns":5}],"seed_played":"-6094753484520174942","potions_obtained":[{"floor":4.0,"key":"FearPotion"},{"floor":6.0,"key":"Energy Potion"},{"floor":13.0,"key":"SpeedPotion"},{"floor":16.0,"key":"Weak Potion"},{"floor":25.0,"key":"SmokeBomb"},{"floor":28.0,"key":"GamblersBrew"},{"floor":30,"key":"LiquidBronze"},{"floor":35,"key":"PowerPotion"},{"floor":38,"key":"Energy Potion"},{"floor":41,"key":"DistilledChaos"}],"is_trial":true,"path_per_floor":["M","?","?","M","M","E","$","E","T","R","R","E","E","M","R","B",null,"M","?","?","M","$","R","?","?","T","E","E","R","E","E","R","B",null,"M","$","M","?","?","E","E","R","T","$","R","M","?","M","R","B",null],"character_chosen":"IRONCLAD","items_purchased":["Mayhem","MerchantsRug","Clothesline","Pen Nib","Orichalcum","Chemical X"],"campfire_rested":0,"item_purchase_floors":[7,22,22,36,36,44],"current_hp_per_floor":[80,80,80,79,79,78,78,78,78,78,78,78,78,78,78,77,80,80,64,64,74,74,74,74,74,74,80,80,80,73,80,80,80,80,80,80,80,80,80,80,92,92,92,92,92,92,92,94,94,94],"gold":80,"neow_bonus":"","is_daily":false,"chose_seed":false,"campfire_upgraded":9,"win_rate":0.0,"timestamp":1610862268,"path_taken":["M","?","?","?","?","E","$","E","T","R","R","E","E","M","R","BOSS","M","?","?","?","$","R","?","?","T","E","E","R","E","E","R","BOSS","M","$","M","?","?","E","E","R","T","$","R","?","?","?","R","BOSS"],"items_purchased_type":["Card","Relic","Card","Relic","Relic","Relic"],"build_version":"2020-12-22","purchased_purges":1,"victory":true,"max_hp_per_floor":[80,80,80,80,80,80,80,80,80,80,80,80,80,80,80,80,80,80,80,80,80,80,80,80,80,80,80,80,80,80,80,80,80,80,80,80,80,80,80,80,94,94,94,94,94,94,94,94,94,94],"card_choices":[{"not_picked":["Perfected Strike","Infernal Blade"],"picked":"Flame Barrier","floor":1.0},{"not_picked":["Metallicize","Clash","Shrug It Off"],"picked":"SKIP","floor":4.0},{"not_picked":["Dropkick","Cleave"],"picked":"Heavy Blade","floor":5.0},{"not_picked":["Fire Breathing","Intimidate","Burning Pact"],"picked":"SKIP","floor":6.0},{"not_picked":["Spot Weakness","Pummel","Twin Strike"],"picked":"SKIP","floor":8.0},{"not_picked":["Battle Trance","Shrug It Off"],"picked":"Blood for Blood","floor":12.0},{"not_picked":["Metallicize","Entrench","Bloodletting"],"picked":"Uppercut","floor":13.0},{"not_picked":["Warcry","Twin Strike","Infernal Blade"],"picked":"Reaper","floor":14.0},{"not_picked":["Sentinel","Feel No Pain","Seeing Red","Headbutt"],"picked":"SKIP","floor":18.0},{"not_picked":["Battle Trance","Dropkick","Burning Pact","Shrug It Off"],"picked":"SKIP","floor":21.0},{"not_picked":["Clash","Pummel","Flex"],"picked":"Inflame","floor":25.0},{"not_picked":["Infernal Blade+1","Pummel","Twin Strike","Iron Wave"],"picked":"SKIP","floor":27.0},{"not_picked":["Rage+1","Hemokinesis","Metallicize"],"picked":"Limit Break","floor":28.0},{"not_picked":["Blood for Blood","Burning Pact","Heavy Blade"],"picked":"Demon Form","floor":30},{"not_picked":["Body Slam","Rampage","Headbutt"],"picked":"Whirlwind+1","floor":31},{"not_picked":["Berserk","Exhume","Juggernaut"],"picked":"Immolate","floor":33},{"not_picked":["Havoc+1","Rupture","Evolve"],"picked":"Heavy Blade+1","floor":35},{"not_picked":["Battle Trance+1","Havoc+1","Body Slam","Perfected Strike"],"picked":"SKIP","floor":35},{"not_picked":["Clash","Shockwave+1","Power Through+1","Rage+1"],"picked":"SKIP","floor":37},{"not_picked":["Reckless Charge","Metallicize+1","Rampage+1","Iron Wave+1"],"picked":"SKIP","floor":37},{"not_picked":["Flex","Spot Weakness+1","Whirlwind","Thunderclap"],"picked":"SKIP","floor":40},{"not_picked":["Thunderclap","Twin Strike+1","Dark Embrace","Fire Breathing+1"],"picked":"SKIP","floor":41},{"not_picked":["Clothesline","Havoc","Reaper","Power Through"],"picked":"SKIP","floor":46},{"not_picked":["Havoc","Shrug It Off+1","Heavy Blade","Flex"],"picked":"SKIP","floor":46},{"not_picked":["Iron Wave","Combust","Flex","Ghostly Armor+1"],"picked":"SKIP","floor":48},{"not_picked":["Warcry+1","Clothesline","Pommel Strike","Twin Strike"],"picked":"SKIP","floor":48}],"player_experience":1005255,"relics_obtained":[{"floor":6.0,"key":"Bag of Marbles"},{"floor":8.0,"key":"Omamori"},{"floor":9.0,"key":"Anchor"},{"floor":12.0,"key":"Question Card"},{"floor":13.0,"key":"Torii"},{"floor":25.0,"key":"Red Mask"},{"floor":26.0,"key":"Gambling Chip"},{"floor":27.0,"key":"Dream Catcher"},{"floor":28.0,"key":"Prayer Wheel"},{"floor":30,"key":"Ice Cream"},{"floor":31,"key":"Sundial"},{"floor":38,"key":"Ginger"},{"floor":40,"key":"Turnip"},{"floor":41,"key":"Mango"},{"floor":43,"key":"Ancient Tea Set"}],"event_choices":[{"damage_healed":0.0,"max_hp_gain":0.0,"max_hp_loss":0.0,"gold_gain":51.0,"event_name":"Golden Wing","player_choice":"Gained Gold","floor":2.0,"gold_loss":0.0,"damage_taken":0.0},{"damage_healed":0.0,"max_hp_gain":0.0,"max_hp_loss":0.0,"gold_gain":0.0,"event_name":"NoteForYourself","player_choice":"Ignored","floor":3.0,"gold_loss":0.0,"damage_taken":0.0},{"damage_healed":0.0,"max_hp_gain":0.0,"max_hp_loss":0.0,"gold_gain":0.0,"event_name":"Cursed Tome","player_choice":"Obtained Book","floor":19.0,"gold_loss":0.0,"damage_taken":16.0},{"cards_removed":["Mayhem"],"damage_healed":0.0,"max_hp_gain":0.0,"max_hp_loss":0.0,"gold_gain":0.0,"event_name":"Designer","player_choice":"Upgrade and Remove","floor":20.0,"gold_loss":90.0,"damage_taken":0.0,"cards_upgraded":["Reaper"]},{"damage_healed":0.0,"max_hp_gain":0.0,"max_hp_loss":0.0,"gold_gain":0.0,"event_name":"Vampires","player_choice":"Ignored","floor":24.0,"gold_loss":0.0,"damage_taken":0.0},{"damage_healed":0.0,"max_hp_gain":0.0,"max_hp_loss":0.0,"gold_gain":0.0,"event_name":"Masked Bandits","player_choice":"Fought Bandits","floor":25.0,"gold_loss":0.0,"damage_taken":0.0},{"damage_healed":0,"gold_gain":0,"player_choice":"Fight","damage_taken":0,"max_hp_gain":0,"max_hp_loss":0,"event_name":"MindBloom","floor":38,"gold_loss":0},{"damage_healed":0,"gold_gain":0,"player_choice":"Ignored","damage_taken":0,"max_hp_gain":0,"max_hp_loss":0,"event_name":"SecretPortal","floor":39,"gold_loss":0},{"damage_healed":0,"gold_gain":0,"player_choice":"Paid Gold","damage_taken":0,"relics_obtained":["StoneCalendar"],"max_hp_gain":0,"max_hp_loss":0,"event_name":"WeMeetAgain","floor":47,"gold_loss":53}],"is_beta":false,"boss_relics":[{"not_picked":["Tiny House","Busted Crown"],"picked":"Cursed Key"},{"not_picked":["Runic Pyramid","Fusion Hammer"],"picked":"Coffee Dripper"}],"items_purged_floors":[36],"is_endless":false,"potions_floor_spawned":[4,6,13,16,21,25,28,30,35,38,41],"ascension_level":0}}