{"host":"umc2kcp6syiz6ck1","time":1610909128,"event":{"mods":["Act Like it!","BaseMod","Colored Map","Colored Powertips","Friendly Minions","Gensokyo","Hallownest","Koishi","Marisa????????","Minty Spire (QoL Compilation)","Prisma Mod","Quick Restart","Remilia??????","StSLib","Td1madao Mod","The Administrix","The Bug Knight","The Servant 0.9.4"],"gold_per_floor":[114,114,46,46,46,46,63,12,92,92,92,103,103,28,28,28,28],"floor_reached":16,"language":"ENG","playtime":569,"items_purged":[],"score":111,"play_id":"382ffc3e-91f1-4874-be78-0bd3724897b4","local_time":"20210117124528","is_ascension_mode":false,"campfire_choices":[{"data":"HollowMod:AbyssShriek","floor":6,"key":"SMITH"},{"floor":10,"key":"RECALL"},{"data":"HollowMod:SiblingsShadow","floor":15,"key":"SMITH"}],"circlet_count":0,"master_deck":["HollowMod:NailStrikeStart","HollowMod:NailStrikeStart","HollowMod:NailStrikeStart","HollowMod:NailStrikeStart","HollowMod:QuickDashStart","HollowMod:QuickDashStart","HollowMod:QuickDashStart","HollowMod:QuickDashStart","HollowMod:FocusHealStart","HollowMod:PogoStrike","HollowMod:AbyssShriek+1","HollowMod:SiblingsShadow+1","HollowMod:NewJinnsSoul"],"relics":["HollowMod:VesselMask","NeowsBlessing","Hallownest:DreamNailRelic","Molten Egg 2","Mango"],"acts_visited":["Exordium"],"potions_floor_usage":[16,16],"damage_taken":[{"damage":3,"enemies":"Hallownest:2_Tiktiks_and_1_Crawlid","floor":1,"turns":1},{"damage":0,"enemies":"Hallownest:2_Baldur","floor":7,"turns":1},{"damage":0,"enemies":"2_ Uuma","floor":12,"turns":1},{"damage":108,"enemies":"Hallownest:BossFalseKnight","floor":16,"turns":9}],"seed_played":"-2458805110608436975","potions_obtained":[{"floor":1,"key":"LiquidBronze"},{"floor":7,"key":"SkillPotion"}],"is_trial":false,"path_per_floor":["M","?","$","T","?","R","M","$","T","R","T","M","$","?","R","B"],"character_chosen":"THE_BUGKNIGHT","items_purchased":["HollowMod:SiblingsShadow","HollowMod:NewJinnsSoul"],"campfire_rested":0,"item_purchase_floors":[3,8],"current_hp_per_floor":[72,72,72,72,72,72,72,72,72,72,86,86,86,91,91,0,0],"gold":28,"neow_bonus":"THREE_ENEMY_KILL","is_daily":false,"chose_seed":false,"campfire_upgraded":2,"win_rate":0.0,"timestamp":1610909128,"path_taken":["M","?","$","?","?","R","?","?","T","R","?","M","$","?","R","BOSS"],"items_purchased_type":["Card","Card"],"build_version":"2020-12-22","purchased_purges":0,"victory":false,"max_hp_per_floor":[75,75,75,75,75,75,75,75,75,75,89,89,89,94,94,94,94],"card_choices":[{"not_picked":["HollowMod:InfectedAttack","HollowMod:NewLittleFool"],"picked":"HollowMod:AbyssShriek","floor":1},{"not_picked":["HollowMod:DreamGate","HollowMod:CornifersMapStart","HollowMod:BaldurShell"],"picked":"SKIP","floor":7},{"not_picked":["HollowMod:InfectedCysts+1","HollowMod:VengefulSpirit+1","HollowMod:NewJinnsSoul"],"picked":"SKIP","floor":12}],"player_experience":66584,"relics_obtained":[{"floor":9,"key":"Molten Egg 2"},{"floor":11,"key":"Mango"}],"event_choices":[],"is_beta":false,"boss_relics":[],"items_purged_floors":[],"is_endless":false,"potions_floor_spawned":[1,7],"killed_by":"Hallownest:BossFalseKnight","ascension_level":0}}