{"host":"ukx402utdi8v8522","time":1610863332,"event":{"mods":["AchievementEnabler","BaseMod","Colored Map","Downfall","Minty Spire (QoL Compilation)","StSLib"],"gold_per_floor":[99,110,123,134,145,170,194,94,127,138,7,27,27,41,59,59,59,59],"floor_reached":16,"language":"ENG","playtime":958,"items_purged":[],"score":158,"play_id":"397848aa-0e18-4eb1-8996-b25647f7101e","local_time":"20210117170212","is_ascension_mode":true,"campfire_choices":[{"data":"hexamod:SoulSteal","floor":1,"key":"SMITH"},{"floor":8,"key":"REST"},{"data":"hexamod:Float","floor":13,"key":"SMITH"}],"circlet_count":0,"master_deck":["hexamod:Strike","hexamod:Strike","hexamod:Strike","hexamod:Defend","hexamod:Defend","hexamod:Defend","hexamod:Sear","hexamod:Float+1","hexamod:SoulSteal+1","hexamod:GhostOfSpirePresent","hexamod:FlamesFromBeyond","hexamod:Rewind","hexamod:Firestarter","hexamod:Rewind","hexamod:ShieldOfDarkness","hexamod:HexaLevel","hexamod:Hexaguard","hexamod:FastForward","hexamod:RainOfEmbers","hexamod:Incineration","hexamod:SpectersWail","hexamod:GhostflameBarrier"],"relics":["hexamod:SpiritBrand","Lantern","downfall:HeartBlessingBlue","Strawberry"],"acts_visited":["Exordium"],"potions_floor_usage":[6,9,15,16],"damage_taken":[{"damage":0,"enemies":"Cultist","floor":2,"turns":3},{"damage":6,"enemies":"2 Louse","floor":3,"turns":3},{"damage":7,"enemies":"Small Slimes","floor":4,"turns":3},{"damage":11,"enemies":"Blue Slaver","floor":5,"turns":3},{"damage":19,"enemies":"Gremlin Nob","floor":6,"turns":4},{"damage":30,"enemies":"Lagavulin","floor":9,"turns":7},{"damage":0,"enemies":"Exordium Wildlife","floor":10,"turns":3},{"damage":0,"enemies":"downfall:FleeingMerchant","floor":11,"turns":4},{"damage":0,"enemies":"2 Fungi Beasts","floor":12,"turns":3},{"damage":3,"enemies":"Exordium Thugs","floor":14,"turns":5},{"damage":0,"enemies":"Large Slime","floor":15,"turns":3},{"damage":14,"enemies":"DF_ARCHETYPE_STREAMLINE","floor":16,"turns":3}],"seed_played":"-7190250420372980123","potions_obtained":[{"floor":3,"key":"hexamod:SoulburnPotion"},{"floor":5,"key":"SpeedPotion"},{"floor":6,"key":"GamblersBrew"},{"floor":10,"key":"hexamod:InfernoChargePotion"},{"floor":14,"key":"hexamod:EctoCoolerPotion"},{"floor":15,"key":"sneckomod:MuddlingPotion"}],"is_trial":false,"path_per_floor":["R","M","M","M","M","E","T","R","E","M","$","M","R","M","M","B"],"character_chosen":"THE_SPIRIT","items_purchased":["hexamod:RainOfEmbers","hexamod:Incineration"],"campfire_rested":1,"item_purchase_floors":[11,11],"current_hp_per_floor":[49,49,43,36,25,6,6,40,17,17,17,17,17,14,14,0,0,0],"gold":59,"neow_bonus":"TRANSFORM_TWO_CARDS","is_daily":false,"chose_seed":false,"campfire_upgraded":2,"win_rate":0.0,"timestamp":1610863332,"path_taken":["R","M","?","?","M","E","T","R","E","M","$","M","R","M","M","BOSS"],"items_purchased_type":["Card","Card"],"build_version":"2020-12-22","purchased_purges":0,"victory":false,"max_hp_per_floor":[70,70,70,70,70,70,70,80,87,87,87,87,87,87,87,87,87,87],"card_choices":[{"not_picked":["hexamod:HauntingEcho","hexamod:HeatMetal"],"picked":"hexamod:FlamesFromBeyond","floor":2},{"not_picked":["hexamod:SpectralAdrenaline","hexamod:GhostShield"],"picked":"hexamod:Rewind","floor":3},{"not_picked":["hexamod:FlamesFromBeyond","hexamod:GhostShield"],"picked":"hexamod:Firestarter","floor":4},{"not_picked":["hexamod:RecurringNightmare","hexamod:ThermalTransfer"],"picked":"hexamod:Rewind","floor":5},{"not_picked":["hexamod:BacktrackSmack","hexamod:SixthSeal"],"picked":"hexamod:ShieldOfDarkness","floor":6},{"not_picked":["hexamod:NightmareGuise","hexamod:FlamesFromBeyond"],"picked":"hexamod:HexaLevel","floor":9},{"not_picked":["hexamod:GhostOfSpireFuture","hexamod:HauntingEcho"],"picked":"hexamod:Hexaguard","floor":10},{"not_picked":["hexamod:GhostflameInferno","hexamod:RecurringNightmare"],"picked":"hexamod:FastForward","floor":11},{"not_picked":["hexamod:Firestarter","hexamod:Hexaguard"],"picked":"hexamod:SpectersWail","floor":12},{"not_picked":["hexamod:NightmareGuise","hexamod:EtherealExpedition","hexamod:ThermalTransfer"],"picked":"SKIP","floor":14},{"not_picked":["hexamod:FastForward","hexamod:ParanormalForm"],"picked":"hexamod:GhostflameBarrier","floor":15}],"player_experience":524890,"relics_obtained":[{"floor":6,"key":"Lantern"},{"floor":9,"key":"Strawberry"}],"event_choices":[],"is_beta":false,"boss_relics":[],"items_purged_floors":[],"is_endless":false,"potions_floor_spawned":[3,5,6,10,14,15],"killed_by":"DF_ARCHETYPE_STREAMLINE","ascension_level":3}}