{"host":"5icjlaq41ghjcr7h","time":1610910346,"event":{"mods":["AchievementEnabler","BaseMod","Colored Map","Minty Spire (QoL Compilation)","SuperFastMode","everything is the same but u backflip on backflip"],"gold_per_floor":[118,73,73,86,98,127,140,158,158,187,112,126,155,172,172,270,270,287,313,213,123,136,165,165,177,177,188,203,203,203],"floor_reached":29,"language":"KOR","playtime":1249,"items_purged":["Defend_P","Strike_P"],"score":335,"play_id":"8c0f3654-f6cd-440e-a245-1aef5ac0a5a6","local_time":"20210118040546","is_ascension_mode":true,"campfire_choices":[{"data":"Eruption","floor":15,"key":"SMITH"},{"floor":24,"key":"REST"}],"circlet_count":0,"master_deck":["Strike_P","Strike_P","Defend_P","Defend_P","Defend_P","Eruption+1","Vigilance","EmptyFist","FlurryOfBlows","Crescendo","DevaForm","Scrawl+1","Adaptation+1","FlurryOfBlows"],"relics":["PureWater","Vajra","Ornamental Fan","Toy Ornithopter","Turnip","SlaversCollar","Red Mask","Dead Branch"],"acts_visited":["Exordium","TheCity"],"potions_floor_usage":[1,5,6,6,12,13,14,22,23,27,29],"damage_taken":[{"damage":0,"enemies":"Cultist","floor":1,"turns":2},{"damage":7,"enemies":"Jaw Worm","floor":4,"turns":4},{"damage":0,"enemies":"2 Louse","floor":5,"turns":1},{"damage":0,"enemies":"3 Sentries","floor":6,"turns":6},{"damage":18,"enemies":"Exordium Thugs","floor":7,"turns":4},{"damage":0,"enemies":"3 Louse","floor":8,"turns":3},{"damage":17,"enemies":"Gremlin Nob","floor":10,"turns":4},{"damage":0,"enemies":"Large Slime","floor":12,"turns":3},{"damage":9,"enemies":"Lagavulin","floor":13,"turns":5},{"damage":0,"enemies":"Blue Slaver","floor":14,"turns":1},{"damage":29,"enemies":"The Guardian","floor":16,"turns":7},{"damage":19,"enemies":"2 Thieves","floor":18,"turns":4},{"damage":58,"enemies":"Masked Bandits","floor":19,"turns":6},{"damage":5,"enemies":"3 Byrds","floor":22,"turns":4},{"damage":0,"enemies":"Book of Stabbing","floor":23,"turns":3},{"damage":16,"enemies":"3 Cultists","floor":25,"turns":4},{"damage":0,"enemies":"Snake Plant","floor":27,"turns":2},{"damage":33,"enemies":"Snecko","floor":28,"turns":4},{"damage":9,"enemies":"Centurion and Healer","floor":29,"turns":1}],"seed_played":"8060435343942913605","potions_obtained":[{"floor":0,"key":"SmokeBomb"},{"floor":0,"key":"DistilledChaos"},{"floor":0,"key":"DuplicationPotion"},{"floor":1,"key":"Regen Potion"},{"floor":3,"key":"Energy Potion"},{"floor":4,"key":"FairyPotion"},{"floor":5,"key":"EssenceOfSteel"},{"floor":10,"key":"EssenceOfSteel"},{"floor":12,"key":"LiquidBronze"},{"floor":13,"key":"SkillPotion"},{"floor":19,"key":"PowerPotion"},{"floor":22,"key":"Dexterity Potion"},{"floor":25,"key":"BlessingOfTheForge"},{"floor":28,"key":"Ambrosia"}],"is_trial":false,"path_per_floor":["M","$","?","M","M","E","M","M","T","E","$","M","E","M","R","B",null,"M","?","$","?","M","E","R","M","T","M","M","M"],"character_chosen":"WATCHER","items_purchased":["FlurryOfBlows"],"campfire_rested":1,"item_purchase_floors":[2],"current_hp_per_floor":[72,72,72,65,65,65,47,47,47,30,30,35,31,36,36,7,72,53,21,21,21,21,26,47,31,31,36,3,0,0],"gold":203,"neow_bonus":"THREE_SMALL_POTIONS","is_daily":false,"chose_seed":false,"campfire_upgraded":1,"win_rate":0.0,"timestamp":1610910346,"path_taken":["M","$","?","?","M","E","M","?","T","E","$","M","E","M","R","BOSS","M","?","$","?","M","E","R","M","T","?","M","M"],"items_purchased_type":["Card"],"build_version":"2020-12-22","purchased_purges":2,"victory":false,"max_hp_per_floor":[72,72,72,72,72,72,72,72,72,72,72,72,72,72,72,72,72,72,72,72,72,72,72,72,72,72,72,72,72,72],"card_choices":[{"not_picked":["CutThroughFate","Study"],"picked":"EmptyFist","floor":1},{"not_picked":["Worship","Protect","EmptyFist"],"picked":"SKIP","floor":4},{"not_picked":["ThirdEye","Evaluate"],"picked":"Crescendo","floor":5},{"not_picked":["Sanctity","LikeWater"],"picked":"DevaForm","floor":6},{"not_picked":["EmptyBody","SashWhip","ClearTheMind"],"picked":"SKIP","floor":7},{"not_picked":["CrushJoints","Halt","Crescendo"],"picked":"SKIP","floor":8},{"not_picked":["Blasphemy","BowlingBash"],"picked":"Scrawl","floor":10},{"not_picked":["Sanctity","Nirvana","FollowUp"],"picked":"SKIP","floor":12},{"not_picked":["Conclude","WheelKick","SignatureMove"],"picked":"SKIP","floor":13},{"not_picked":["Nirvana","PathToVictory","CarveReality"],"picked":"SKIP","floor":14},{"not_picked":["ThirdEye+1","WreathOfFlame","Crescendo"],"picked":"SKIP","floor":18},{"not_picked":["EmptyFist","WreathOfFlame"],"picked":"Adaptation+1","floor":22},{"not_picked":["Consecrate+1","ThirdEye","Halt"],"picked":"SKIP","floor":23},{"not_picked":["ThirdEye","FlyingSleeves"],"picked":"FlurryOfBlows","floor":25},{"not_picked":["Consecrate+1","CrushJoints","FollowUp"],"picked":"SKIP","floor":27},{"not_picked":["Weave+1","ThirdEye","Judgement"],"picked":"SKIP","floor":28}],"player_experience":146022,"relics_obtained":[{"floor":6,"key":"Vajra"},{"floor":9,"key":"Ornamental Fan"},{"floor":10,"key":"Toy Ornithopter"},{"floor":13,"key":"Turnip"},{"floor":19,"key":"Red Mask"},{"floor":23,"key":"Dead Branch"}],"event_choices":[{"damage_healed":0,"gold_gain":0,"player_choice":"Got Potions","damage_taken":0,"max_hp_gain":0,"max_hp_loss":0,"event_name":"Lab","floor":3,"gold_loss":0},{"damage_healed":0,"gold_gain":0,"player_choice":"Fought Bandits","damage_taken":0,"max_hp_gain":0,"max_hp_loss":0,"event_name":"Masked Bandits","floor":19,"gold_loss":0},{"cards_removed":["Strike_P"],"damage_healed":0,"gold_gain":0,"player_choice":"Upgrade and Remove","damage_taken":0,"max_hp_gain":0,"max_hp_loss":0,"event_name":"Designer","floor":21,"gold_loss":90,"cards_upgraded":["Scrawl"]}],"is_beta":false,"boss_relics":[{"not_picked":["Astrolabe","Coffee Dripper"],"picked":"SlaversCollar"}],"items_purged_floors":[11,20],"is_endless":false,"potions_floor_spawned":[1,4,5,10,12,13,19,22,25,28],"killed_by":"Centurion and Healer","ascension_level":1}}