{"host":"vumwfieg2b2mnrfl","time":1610849582,"event":{"mods":["AchievementEnabler","BaseMod","Minty Spire (QoL Compilation)","Rare Cards Sparkle","Relic Stats"],"gold_per_floor":[99,99,99,99,99,99,99,99,99,99,99,99,99,99,99,99,99,99,99,99,24,24,24,24],"floor_reached":23,"language":"ENG","playtime":754,"items_purged":[],"score":264,"play_id":"eb393bc2-bbe6-450f-91e3-4203fbd5e37a","local_time":"20210116201302","is_ascension_mode":true,"campfire_choices":[{"data":"Eruption","floor":7.0,"key":"SMITH"},{"floor":10.0,"key":"REST"},{"floor":15.0,"key":"REST"}],"circlet_count":0,"master_deck":["Strike_P","Strike_P","Strike_P","Defend_P","Defend_P","Defend_P","Defend_P","Eruption+1","Vigilance","SignatureMove","Crescendo","Vengeance","Adaptation","Halt","ThirdEye","FearNoEvil","ConjureBlade","BowlingBash+1","Protect"],"relics":["Ectoplasm","Bronze Scales","The Courier","Nunchaku","Bird Faced Urn","Golden Idol","Sozu"],"acts_visited":["Exordium","TheCity"],"potions_floor_usage":[19],"damage_taken":[{"damage":3.0,"enemies":"Cultist","floor":1.0,"turns":6.0},{"damage":0.0,"enemies":"2 Louse","floor":4.0,"turns":3.0},{"damage":7.0,"enemies":"Jaw Worm","floor":5.0,"turns":2.0},{"damage":20.0,"enemies":"Gremlin Nob","floor":6.0,"turns":3.0},{"damage":24.0,"enemies":"3 Sentries","floor":8.0,"turns":7.0},{"damage":16.0,"enemies":"Lots of Slimes","floor":11.0,"turns":3.0},{"damage":1.0,"enemies":"Large Slime","floor":12.0,"turns":3.0},{"damage":2.0,"enemies":"Lagavulin","floor":13.0,"turns":4.0},{"damage":19,"enemies":"Hexaghost","floor":16,"turns":9},{"damage":9,"enemies":"Shell Parasite","floor":18,"turns":4},{"damage":27,"enemies":"Spheric Guardian","floor":19,"turns":4},{"damage":13,"enemies":"3 Cultists","floor":20,"turns":4},{"damage":22,"enemies":"Book of Stabbing","floor":23,"turns":2}],"seed_played":"-4977824810898662873","potions_obtained":[{"floor":1.0,"key":"AttackPotion"},{"floor":5.0,"key":"FearPotion"},{"floor":8.0,"key":"Regen Potion"},{"floor":12.0,"key":"SpeedPotion"},{"floor":13.0,"key":"Swift Potion"}],"is_trial":false,"path_per_floor":["M","?","?","M","M","E","R","E","T","R","M","M","E","?","R","B",null,"M","M","M","?","$","E"],"character_chosen":"WATCHER","items_purchased":[],"campfire_rested":2,"item_purchase_floors":[],"current_hp_per_floor":[69,69,69,69,62,42,42,18,18,39,23,22,32,32,53,36,63,54,29,18,18,18,0,0],"gold":24,"neow_bonus":"BOSS_RELIC","is_daily":false,"chose_seed":false,"campfire_upgraded":1,"win_rate":0.0,"timestamp":1610849582,"path_taken":["M","?","?","M","?","E","R","E","T","R","M","M","E","?","R","BOSS","M","M","M","?","$","E"],"items_purchased_type":[],"build_version":"2020-12-22","purchased_purges":0,"victory":false,"max_hp_per_floor":[72,72,72,72,72,72,72,72,72,72,72,72,72,72,72,72,72,72,72,72,72,72,72,72],"relic_stats":{"Sozu":1,"Nunchaku":[5],"counters":[13,54],"Golden Idol":39,"Bronze Scales":[125],"Bird Faced Urn":[8],"Ectoplasm":345,"obtain_stats":[{"Sozu":17,"Nunchaku":9,"Golden Idol":14,"Bronze Scales":6,"Bird Faced Urn":13,"Ectoplasm":0,"The Courier":8,"PureWater":0},{"Sozu":9,"Nunchaku":5,"Golden Idol":8,"Bronze Scales":4,"Bird Faced Urn":8,"Ectoplasm":0,"The Courier":5,"PureWater":0},{"Sozu":40,"Nunchaku":21,"Golden Idol":31,"Bronze Scales":14,"Bird Faced Urn":31,"Ectoplasm":0,"The Courier":21,"PureWater":0}]},"card_choices":[{"not_picked":["Pray","EmptyBody"],"picked":"SignatureMove","floor":1.0},{"not_picked":["SignatureMove","EmptyBody"],"picked":"Vengeance","floor":4.0},{"not_picked":["Pray","BowlingBash"],"picked":"Adaptation","floor":5.0},{"not_picked":["Indignation","Blasphemy","JustLucky"],"picked":"SKIP","floor":6.0},{"not_picked":["JustLucky","EmptyBody"],"picked":"Halt","floor":8.0},{"not_picked":["BattleHymn","CrushJoints"],"picked":"ThirdEye","floor":11.0},{"not_picked":["Perseverance","Blasphemy","CutThroughFate"],"picked":"SKIP","floor":12.0},{"not_picked":["Wallop","WindmillStrike"],"picked":"FearNoEvil","floor":13.0},{"not_picked":["Wish","Ragnarok"],"picked":"ConjureBlade","floor":16},{"not_picked":["ReachHeaven","JustLucky+1","SashWhip+1"],"picked":"SKIP","floor":18},{"not_picked":["SignatureMove+1","FlyingSleeves+1"],"picked":"BowlingBash+1","floor":19},{"not_picked":["EmptyFist+1","ThirdEye"],"picked":"Protect","floor":20}],"player_experience":436716,"relics_obtained":[{"floor":6.0,"key":"Bronze Scales"},{"floor":8.0,"key":"The Courier"},{"floor":9.0,"key":"Nunchaku"},{"floor":13.0,"key":"Bird Faced Urn"}],"event_choices":[{"damage_healed":0.0,"max_hp_gain":0.0,"max_hp_loss":0.0,"gold_gain":0.0,"cards_transformed":["Strike_P"],"event_name":"Living Wall","player_choice":"Change","floor":2.0,"gold_loss":0.0,"damage_taken":0.0,"cards_obtained":["Wireheading"]},{"damage_healed":0.0,"max_hp_gain":0.0,"max_hp_loss":0.0,"gold_gain":0.0,"cards_transformed":["Wireheading"],"event_name":"Transmorgrifier","player_choice":"Transformed","floor":3.0,"gold_loss":0.0,"damage_taken":0.0,"cards_obtained":["Crescendo"]},{"damage_healed":0.0,"max_hp_gain":0.0,"max_hp_loss":0.0,"gold_gain":0.0,"event_name":"Golden Idol","player_choice":"Take Wound","floor":14.0,"gold_loss":0.0,"damage_taken":0.0,"relics_obtained":["Golden Idol"],"cards_obtained":["Injury"]},{"cards_removed":["Injury"],"damage_healed":0,"gold_gain":0,"player_choice":"Gave Gold","damage_taken":0,"max_hp_gain":0,"max_hp_loss":0,"event_name":"Beggar","floor":21,"gold_loss":75}],"is_beta":false,"boss_relics":[{"not_picked":["Fusion Hammer","Snecko Eye"],"picked":"Sozu"}],"items_purged_floors":[],"is_endless":false,"potions_floor_spawned":[1,5,8,12,13,19],"killed_by":"Book of Stabbing","ascension_level":5}}