{"host":"08t08ld674si40tv","time":1610886685,"event":{"mods":["AchievementEnabler","BaseMod","Colored Map","Minty Spire (QoL Compilation)","StSLib","SuperFastMode"],"gold_per_floor":[117,129,179,26,41,70,84,84,84,84,95,111,142,156,156,228,228,242,291,291,309,6,34,34,64,90,90,107,107,107],"floor_reached":29,"language":"KOR","playtime":559,"items_purged":["Decay","Strike_R"],"score":550,"play_id":"85c3f430-f6d1-4111-b799-515f187b9573","local_time":"20210117213125","is_ascension_mode":true,"campfire_choices":[{"data":"Immolate","floor":8,"key":"SMITH"},{"floor":10,"key":"REST"},{"data":"Bash","floor":15,"key":"SMITH"},{"floor":24,"key":"REST"}],"circlet_count":0,"master_deck":["AscendersBane","Strike_R","Strike_R","Strike_R","Strike_R","Defend_R","Defend_R","Defend_R","Defend_R","Bash+1","Immolate+1","Carnage","Feel No Pain","Rage","Juggernaut","Shrug It Off","Metallicize","Disarm","Battle Trance"],"relics":["Burning Blood","TungstenRod","Torii","Pear","Bottled Flame","Bottled Lightning","Philosopher\u0027s Stone","Akabeko","ClockworkSouvenir","Orichalcum","Regal Pillow","Dead Branch"],"acts_visited":["Exordium","TheCity"],"potions_floor_usage":[6,16,23,29,29],"damage_taken":[{"damage":5,"enemies":"Cultist","floor":1,"turns":4},{"damage":0,"enemies":"Small Slimes","floor":2,"turns":2},{"damage":6,"enemies":"Jaw Worm","floor":5,"turns":2},{"damage":30,"enemies":"Gremlin Nob","floor":6,"turns":4},{"damage":31,"enemies":"Exordium Thugs","floor":7,"turns":5},{"damage":0,"enemies":"Large Slime","floor":11,"turns":4},{"damage":0,"enemies":"3 Louse","floor":12,"turns":1},{"damage":9,"enemies":"3 Sentries","floor":13,"turns":4},{"damage":0,"enemies":"2 Fungi Beasts","floor":14,"turns":1},{"damage":43,"enemies":"The Guardian","floor":16,"turns":13},{"damage":11,"enemies":"Chosen","floor":18,"turns":4},{"damage":5,"enemies":"2 Thieves","floor":21,"turns":3},{"damage":45,"enemies":"Gremlin Leader","floor":23,"turns":5},{"damage":40,"enemies":"Slavers","floor":25,"turns":5},{"damage":7,"enemies":"Centurion and Healer","floor":28,"turns":4},{"damage":28,"enemies":"Gremlin Leader","floor":29,"turns":5}],"seed_played":"-5384149981484845830","potions_obtained":[{"floor":2,"key":"ColorlessPotion"},{"floor":7,"key":"BloodPotion"},{"floor":12,"key":"SteroidPotion"},{"floor":14,"key":"Swift Potion"},{"floor":18,"key":"ElixirPotion"},{"floor":23,"key":"GamblersBrew"},{"floor":28,"key":"SpeedPotion"}],"is_trial":false,"path_per_floor":["M","M","?","$","M","E","M","R","T","R","M","M","E","M","R","B",null,"M","T","?","M","$","E","R","E","T","T","M","E"],"character_chosen":"IRONCLAD","items_purchased":["Feel No Pain","ClockworkSouvenir","Metallicize"],"campfire_rested":2,"item_purchase_floors":[4,22,22],"current_hp_per_floor":[69,75,75,75,75,61,36,36,36,61,67,73,70,76,76,39,74,69,69,69,70,70,31,56,22,22,22,21,0,0],"gold":107,"neow_bonus":"THREE_RARE_CARDS","is_daily":false,"chose_seed":false,"campfire_upgraded":2,"win_rate":0.0,"timestamp":1610886685,"path_taken":["M","M","?","$","M","E","M","R","T","R","M","M","E","M","R","BOSS","M","?","?","?","$","E","R","E","T","?","M","E"],"items_purchased_type":["Card","Relic","Card"],"build_version":"2020-12-22","purchased_purges":2,"victory":false,"max_hp_per_floor":[75,75,75,75,75,85,85,85,85,85,85,85,85,85,85,85,85,85,85,85,85,85,85,85,85,85,85,85,85,85],"card_choices":[{"not_picked":["Limit Break","Bludgeon"],"picked":"Immolate","floor":0},{"not_picked":["Havoc","Wild Strike"],"picked":"Carnage","floor":1},{"not_picked":["Heavy Blade","Perfected Strike","Iron Wave"],"picked":"SKIP","floor":2},{"not_picked":["Exhume","Dual Wield","Intimidate"],"picked":"SKIP","floor":5},{"not_picked":["Clothesline","Heavy Blade","Perfected Strike"],"picked":"SKIP","floor":6},{"not_picked":["Spot Weakness","Rupture"],"picked":"Rage","floor":7},{"not_picked":["Reckless Charge","Havoc","Sever Soul"],"picked":"SKIP","floor":11},{"not_picked":["Wild Strike","Sever Soul","Clash"],"picked":"SKIP","floor":12},{"not_picked":["True Grit","Iron Wave","Exhume"],"picked":"SKIP","floor":13},{"not_picked":["Heavy Blade","Sword Boomerang","Armaments"],"picked":"SKIP","floor":14},{"not_picked":["Impervious","Barricade"],"picked":"Juggernaut","floor":16},{"not_picked":["Sword Boomerang","Rage"],"picked":"Shrug It Off","floor":18},{"not_picked":["Anger","Rampage","Shrug It Off+1"],"picked":"SKIP","floor":21},{"not_picked":["Sword Boomerang+1","Pommel Strike","Wild Strike"],"picked":"SKIP","floor":23},{"not_picked":["Dropkick","Heavy Blade"],"picked":"Disarm","floor":25},{"not_picked":["Thunderclap","Warcry"],"picked":"Battle Trance","floor":28}],"player_experience":241482,"relics_obtained":[{"floor":6,"key":"Pear"},{"floor":9,"key":"Bottled Flame"},{"floor":13,"key":"Bottled Lightning"},{"floor":19,"key":"Akabeko"},{"floor":23,"key":"Torii"},{"floor":25,"key":"Orichalcum"},{"floor":26,"key":"Regal Pillow"},{"floor":27,"key":"Dead Branch"}],"event_choices":[{"damage_healed":0,"gold_gain":50,"player_choice":"Pray","damage_taken":0,"max_hp_gain":0,"max_hp_loss":0,"event_name":"Golden Shrine","floor":3,"gold_loss":0},{"damage_healed":0,"gold_gain":0,"player_choice":"Ignored","damage_taken":0,"max_hp_gain":0,"max_hp_loss":0,"event_name":"Ghosts","floor":20,"gold_loss":0}],"is_beta":false,"boss_relics":[{"not_picked":["Astrolabe","Busted Crown"],"picked":"Philosopher\u0027s Stone"}],"items_purged_floors":[4,22],"is_endless":false,"potions_floor_spawned":[2,7,12,14,18,23,28],"killed_by":"Gremlin Leader","ascension_level":20}}