{"host":"fjnjuohsz43l8o15","time":1610884673,"event":{"mods":["2.2 Compatiblity","Act Like it!","BaseMod","Downfall","Friendly Minions","Minty Spire (QoL Compilation)","StSLib"],"gold_per_floor":[99,99,99,99,129,163,189,89,117,127,27,55,55,40,52,149,149,49,59,76,76,96,96,167,167,224,274,168,233,179,197,224,335,335,335,395,395,412,73,105,131,131,145,195,195,210,317,317,333,333,333,333],"floor_reached":50,"language":"ENG","playtime":3455,"items_purged":["Pain"],"score":705,"play_id":"ebdcb613-5940-4b3c-80ca-b65c0be1b897","local_time":"20210117115753","is_ascension_mode":false,"campfire_choices":[{"data":"hexamod:Float","floor":1.0,"key":"SMITH"},{"data":"hexamod:GhostOfSpirePresent","floor":8.0,"key":"SMITH"},{"floor":11.0,"key":"RECALL"},{"data":"hexamod:SoulSteal","floor":13.0,"key":"SMITH"},{"data":"hexamod:Incineration","floor":18.0,"key":"SMITH"},{"floor":23.0,"key":"REST"},{"floor":25.0,"key":"REST"},{"data":"hexamod:VolcanoVisage","floor":35.0,"key":"SMITH"},{"floor":42,"key":"REST"}],"circlet_count":0,"master_deck":["hexamod:Strike+1","hexamod:Strike","hexamod:Strike+1","hexamod:Strike+1","hexamod:Defend","hexamod:Defend+1","hexamod:Defend","hexamod:Defend","hexamod:Sear","hexamod:Float+1","hexamod:SoulSteal+1","hexamod:GhostOfSpirePresent+1","hexamod:ExtraCrispy+1","hexamod:ExtraCrispy","hexamod:StepThrough+1","hexamod:Incineration+1","hexamod:ChargedBarrage","hexamod:FlamesFromBeyond+1","hexamod:Again","hexamod:RecurringNightmare+1","hexamod:RetreatToShadows","hexamod:HeatMetal+1","hexamod:Toasty+1","hexamod:AdvancingGuard+1","Trip","hexamod:HeatShield","hexamod:RainOfEmbers+1","hexamod:InspiringFlames+1","expansioncontent:LastStand","hexamod:Hexaguard+1","hexamod:VolcanoVisage+1","CurseOfTheBell","hexamod:Incineration+1","hexamod:Hexaguard","hexamod:HeatCrush+1","expansioncontent:QuickStudy","hexamod:GhostflameBarrier","hexamod:PowerFromBeyond+1","hexamod:PhantomCloak+1","hexamod:GhostShield+1","hexamod:ExtraCrispy","expansioncontent:QuickStudy","hexamod:BurningTouch+1"],"relics":["hexamod:SpiritBrand","downfall:HeartsMalice","hexamod:MatchstickCase","Anchor","downfall:HeartBlessingGreen","Question Card","downfall:HeartBlessingBlue","Odd Mushroom","Sozu","downfall:HeartBlessingRed","downfall:KnowingSkull","Meat on the Bone","hexamod:TheBrokenSeal","Calling Bell","Oddly Smooth Stone","Matryoshka","Gambling Chip","WarpedTongs","Happy Flower","Whetstone","Pen Nib","CaptainsWheel","Ancient Tea Set","FossilizedHelix","Regal Pillow"],"acts_visited":["Exordium","TheCity","TheBeyond"],"potions_floor_usage":[50],"damage_taken":[{"damage":0.0,"enemies":"Jaw Worm","floor":2.0,"turns":1.0},{"damage":0.0,"enemies":"Lagavulin","floor":6.0,"turns":1.0},{"damage":0.0,"enemies":"Gremlin Nob","floor":9.0,"turns":1.0},{"damage":0.0,"enemies":"2 Louse","floor":10.0,"turns":3.0},{"damage":1.0,"enemies":"The Mushroom Lair","floor":12.0,"turns":3.0},{"damage":0.0,"enemies":"downfall:FleeingMerchant","floor":14.0,"turns":4.0},{"damage":0.0,"enemies":"Small Slimes","floor":15.0,"turns":3.0},{"damage":65.0,"enemies":"WA_ARCHETYPE_RETAIN","floor":16.0,"turns":8.0},{"damage":8.0,"enemies":"Spheric Guardian","floor":19.0,"turns":4.0},{"damage":22.0,"enemies":"Snecko","floor":20.0,"turns":6.0},{"damage":8.0,"enemies":"Centurion and Healer","floor":22.0,"turns":3.0},{"damage":4.0,"enemies":"Chosen and Byrds","floor":26.0,"turns":4.0},{"damage":16.0,"enemies":"Sentry and Sphere","floor":27.0,"turns":3.0},{"damage":10.0,"enemies":"downfall:FleeingMerchant","floor":28.0,"turns":4.0},{"damage":12.0,"enemies":"Centurion and Healer","floor":29.0,"turns":5.0},{"damage":11.0,"enemies":"downfall:FleeingMerchant","floor":30.0,"turns":4.0},{"damage":10.0,"enemies":"3 Cultists","floor":31.0,"turns":3.0},{"damage":16.0,"enemies":"Chosen and Byrds","floor":32.0,"turns":6.0},{"damage":45.0,"enemies":"DF_ARCHETYPE_CLAW","floor":33.0,"turns":8.0},{"damage":3.0,"enemies":"3 Shapes","floor":36.0,"turns":3.0},{"damage":0,"enemies":"Orb Walker","floor":38,"turns":3},{"damage":2,"enemies":"downfall:FleeingMerchant","floor":39,"turns":4},{"damage":13,"enemies":"Giant Head","floor":40,"turns":7},{"damage":1,"enemies":"Jaw Worm Horde","floor":43,"turns":3},{"damage":31,"enemies":"Jaw Worm Horde","floor":44,"turns":5},{"damage":0,"enemies":"4 Shapes","floor":46,"turns":3},{"damage":0,"enemies":"downfall:FleeingMerchant","floor":47,"turns":1},{"damage":0,"enemies":"Writhing Mass","floor":49,"turns":4},{"damage":188,"enemies":"IC_BLOCK_ARCHETYPE","floor":50,"turns":6}],"seed_played":"-698334966200784944","potions_obtained":[{"floor":6.0,"key":"Explosive Potion"},{"floor":10.0,"key":"PowerPotion"},{"floor":12.0,"key":"Fruit Juice"},{"floor":16.0,"key":"Weak Potion"}],"is_trial":false,"path_per_floor":["R","M","?","?","?","E","T","R","E","M","R","?","R","$","M","B",null,"R","M","M","?","M","R","T","R","M","M","$","M","$","M","M","B",null,"R","M","?","M","$","E","T","R","M","?","?","M","$","?","M","B"],"character_chosen":"THE_SPIRIT","items_purchased":["Trip","expansioncontent:LastStand","expansioncontent:QuickStudy","hexamod:GhostflameBarrier","hexamod:ExtraCrispy","expansioncontent:QuickStudy"],"campfire_rested":3,"item_purchase_floors":[28,30,39,39,47,47],"current_hp_per_floor":[70,70,75,68,68,68,68,68,68,68,78,82,82,82,82,17,90,90,82,60,53,45,72,72,90,90,81,78,73,69,59,62,93,100,100,97,97,97,95,82,82,100,99,68,68,68,68,68,68,0,0,0],"gold":333,"neow_bonus":"THREE_ENEMY_KILL","is_daily":false,"chose_seed":false,"campfire_upgraded":5,"win_rate":0.0,"timestamp":1610884673,"path_taken":["R","M","?","?","?","E","T","R","E","M","R","?","R","?","M","BOSS","R","M","M","?","?","R","T","R","M","M","$","M","$","M","M","BOSS","R","M","?","M","$","E","T","R","?","?","?","M","$","?","M","BOSS"],"items_purchased_type":["Card","Card","Card","Card","Card","Card"],"build_version":"2020-12-22","purchased_purges":1,"victory":false,"max_hp_per_floor":[70,70,75,75,75,75,75,75,75,75,85,90,90,90,90,90,90,90,90,90,90,90,90,90,90,90,90,90,90,90,90,90,100,100,100,100,100,100,100,100,100,100,100,100,100,100,100,100,100,100,100,100],"card_choices":[{"not_picked":["hexamod:FastForward","hexamod:InspiringFlames"],"picked":"hexamod:SoulSteal","floor":2.0},{"not_picked":["hexamod:DynamicBlow","hexamod:BacktrackSmack"],"picked":"hexamod:GhostOfSpirePresent","floor":6.0},{"not_picked":["hexamod:ChargedBarrage","hexamod:NecessarySacrifice"],"picked":"hexamod:ExtraCrispy","floor":9.0},{"not_picked":["hexamod:FlamesFromBeyond","hexamod:NecessarySacrifice","hexamod:FastForward"],"picked":"hexamod:ExtraCrispy","floor":10.0},{"not_picked":["hexamod:HauntingEcho","hexamod:NightmareGuise","hexamod:BurningTouch"],"picked":"hexamod:StepThrough","floor":12.0},{"not_picked":["hexamod:HeatMetal","hexamod:CatchUp","hexamod:GhostShield"],"picked":"hexamod:Incineration","floor":14.0},{"not_picked":["hexamod:StepThrough","hexamod:EmpoweredFlame","hexamod:NecessarySacrifice"],"picked":"hexamod:ChargedBarrage","floor":15.0},{"not_picked":["hexamod:GiftsFromTheDead","hexamod:GhostOfSpirePresent","hexamod:SearingWound"],"picked":"hexamod:FifthSeal","floor":16.0},{"not_picked":["hexamod:ThirdSeal","hexamod:SecondSeal","hexamod:FirstSeal"],"picked":"hexamod:SixthSeal","floor":19.0},{"not_picked":["hexamod:RadiantFlame","hexamod:FastForward","hexamod:BacktrackSmack","hexamod:HauntingEcho"],"picked":"SKIP","floor":19.0},{"not_picked":["hexamod:SecondSeal","hexamod:SixthSeal","hexamod:ThirdSeal"],"picked":"hexamod:FirstSeal","floor":20.0},{"not_picked":["hexamod:InspiringFlames","hexamod:SkipABeat","hexamod:SwordOfDarkness"],"picked":"hexamod:FlamesFromBeyond","floor":20.0},{"not_picked":["hexamod:ThirdSeal","hexamod:SixthSeal","hexamod:SecondSeal"],"picked":"hexamod:FourthSeal","floor":22.0},{"not_picked":["hexamod:GhostLash","hexamod:InspiringFlames","hexamod:BurningTouch"],"picked":"hexamod:Again","floor":22.0},{"not_picked":["hexamod:FourthSeal","hexamod:FirstSeal","hexamod:SecondSeal"],"picked":"hexamod:ThirdSeal","floor":26.0},{"not_picked":["hexamod:Hexaguard","hexamod:NecessarySacrifice","hexamod:BacktrackSmack"],"picked":"hexamod:RecurringNightmare+1","floor":26.0},{"not_picked":["hexamod:ChargedBarrage","hexamod:SpectralAdrenaline","hexamod:GhostLash+1"],"picked":"hexamod:RetreatToShadows","floor":27.0},{"not_picked":["hexamod:HeatShield","hexamod:FastForward","hexamod:BurningTouch"],"picked":"hexamod:HeatMetal+1","floor":27.0},{"not_picked":["hexamod:FourthSeal","hexamod:SixthSeal","hexamod:FirstSeal"],"picked":"hexamod:SecondSeal","floor":28.0},{"not_picked":["hexamod:ShieldOfDarkness","hexamod:SpectersWail","hexamod:Firestarter"],"picked":"hexamod:Toasty","floor":28.0},{"not_picked":["hexamod:SuperheatedStrike+1","hexamod:Again+1","hexamod:SoulSteal+1"],"picked":"hexamod:AdvancingGuard+1","floor":28.0},{"not_picked":["hexamod:Haunt","hexamod:RainOfEmbers","hexamod:SkipABeat"],"picked":"hexamod:HeatShield","floor":29.0},{"not_picked":["hexamod:AdvancingGuard+1","hexamod:BurningTouch","hexamod:NightmareGuise"],"picked":"hexamod:RainOfEmbers","floor":30.0},{"not_picked":["hexamod:SuperheatedStrike+1","hexamod:FastForward","hexamod:GhostOfSpirePast+1"],"picked":"hexamod:InspiringFlames+1","floor":30.0},{"not_picked":["hexamod:HeatMetal","hexamod:GhostShield","hexamod:SuperheatedStrike","hexamod:HauntingEcho"],"picked":"SKIP","floor":31.0},{"not_picked":["hexamod:SuperheatedStrike","hexamod:TurnItUp","hexamod:Rewind+1"],"picked":"hexamod:Hexaguard+1","floor":32.0},{"not_picked":["hexamod:FifthSeal","hexamod:HexaLevel","hexamod:ForkedFlame"],"picked":"hexamod:VolcanoVisage","floor":33.0},{"not_picked":["hexamod:SpectralAdrenaline+1","hexamod:BacktrackSmack+1","hexamod:Firestarter"],"picked":"hexamod:Incineration+1","floor":36.0},{"not_picked":["hexamod:RadiantFlame+1","hexamod:SkipABeat+1","hexamod:RecurringNightmare"],"picked":"hexamod:Hexaguard","floor":38},{"not_picked":["hexamod:RecurringNightmare+1","hexamod:NightmareGuise+1","hexamod:ParanormalForm"],"picked":"hexamod:HeatCrush+1","floor":39},{"not_picked":["hexamod:HeatMetal","hexamod:DynamicBlow+1","hexamod:GhostOfSpireFuture+1"],"picked":"hexamod:PowerFromBeyond+1","floor":40},{"not_picked":["hexamod:PhantomFireball","hexamod:NightmareStrike","hexamod:Hexaguard+1"],"picked":"hexamod:PhantomCloak+1","floor":43},{"not_picked":["hexamod:HeatMetal","hexamod:BurningTouch","hexamod:BacktrackSmack+1"],"picked":"hexamod:GhostShield+1","floor":44},{"not_picked":["hexamod:BurningTouch+1","hexamod:Incineration+1","hexamod:ParanormalForm","hexamod:StepThrough"],"picked":"SKIP","floor":46},{"not_picked":["hexamod:ChargedBarrage+1","hexamod:SpectersWail","hexamod:SoulSteal+1","hexamod:GhostLash"],"picked":"SKIP","floor":47},{"not_picked":["hexamod:SpectersWail","hexamod:InspiringFlames","hexamod:Hexaguard"],"picked":"hexamod:BurningTouch+1","floor":49}],"player_experience":138111,"relics_obtained":[{"floor":6.0,"key":"Anchor"},{"floor":9.0,"key":"Question Card"},{"floor":12.0,"key":"Odd Mushroom"},{"floor":24.0,"key":"Meat on the Bone"},{"floor":34.0,"key":"Oddly Smooth Stone"},{"floor":34.0,"key":"Matryoshka"},{"floor":34.0,"key":"Gambling Chip"},{"floor":40,"key":"Happy Flower"},{"floor":41,"key":"Whetstone"},{"floor":41,"key":"Pen Nib"},{"floor":44,"key":"CaptainsWheel"},{"floor":45,"key":"Ancient Tea Set"},{"floor":45,"key":"FossilizedHelix"},{"floor":48,"key":"Regal Pillow"}],"event_choices":[{"damage_healed":0.0,"max_hp_gain":5.0,"max_hp_loss":0.0,"gold_gain":0.0,"event_name":"Big Fish","player_choice":"Donut","floor":3.0,"gold_loss":0.0,"damage_taken":0.0},{"damage_healed":0.0,"max_hp_gain":0.0,"max_hp_loss":0.0,"gold_gain":0.0,"event_name":"Scrap Ooze","player_choice":"Success","floor":4.0,"gold_loss":0.0,"damage_taken":7.0,"relics_obtained":["hexamod:MatchstickCase"]},{"damage_healed":0.0,"max_hp_gain":0.0,"max_hp_loss":0.0,"gold_gain":0.0,"event_name":"Mushrooms","player_choice":"Fought Mushrooms","floor":12.0,"gold_loss":0.0,"damage_taken":0.0},{"damage_healed":0.0,"max_hp_gain":0.0,"max_hp_loss":0.0,"gold_gain":0.0,"event_name":"Accursed Blacksmith","player_choice":"Rummage","floor":37.0,"gold_loss":0.0,"damage_taken":0.0,"relics_obtained":["WarpedTongs"],"cards_obtained":["Pain"]},{"damage_healed":0,"gold_gain":0,"player_choice":"Relic","damage_taken":0,"max_hp_gain":0,"max_hp_loss":0,"event_name":"Wheel of Change","floor":48,"gold_loss":0}],"is_beta":false,"boss_relics":[{"not_picked":["Black Star","Empty Cage"],"picked":"Sozu"},{"not_picked":["Tiny House","Philosopher\u0027s Stone"],"picked":"Calling Bell"}],"items_purged_floors":[39],"is_endless":false,"potions_floor_spawned":[6,10,12,16,22,26,27,32,33,36,38,44],"killed_by":"IC_BLOCK_ARCHETYPE","ascension_level":0}}