{"host":"pkysykycfg9bua8p","time":1610850710,"event":{"mods":["AchievementEnabler","BaseMod","Better Third Choice","Filter the Spire","Minty Spire (QoL Compilation)","StSLib"],"gold_per_floor":[118,193,293,307,221,221,252,252,252,286,305,44,55,66,66,165,165,177,204,219,219,232,232,247,276,344,344,344,356,356,367,367,463,463,483,483,496,496,11,11,23,23,49,100,120,138,360,360,360],"floor_reached":48,"language":"ENG","playtime":2238,"items_purged":["Strike_G"],"score":510,"play_id":"f983a896-9388-408b-979b-b1833adad90a","local_time":"20210117153150","is_ascension_mode":true,"campfire_choices":[{"data":"Crippling Poison","floor":6,"key":"SMITH"},{"data":"Crippling Poison","floor":8,"key":"SMITH"},{"data":"Deadly Poison","floor":15,"key":"SMITH"},{"data":"Corpse Explosion","floor":23,"key":"SMITH"},{"floor":30,"key":"REST"},{"data":"Envenom","floor":32,"key":"SMITH"},{"data":"Endless Agony","floor":40,"key":"SMITH"},{"data":"Crippling Poison","floor":42,"key":"SMITH"}],"circlet_count":0,"master_deck":["Strike_G","Strike_G","Strike_G","Strike_G","Defend_G","Defend_G","Defend_G","Defend_G","Defend_G","Survivor","Neutralize","Deep Breath","Crippling Poison+1","Poisoned Stab","Crippling Poison+1","Deadly Poison+1","Slice","Endless Agony+1","Slice","Corpse Explosion+1","Bane","Distraction+1","Blade Dance","Insight","Crippling Poison+1","Envenom+1","Deflect","Escape Plan","Poisoned Stab","Deflect+1","Deflect+1","After Image"],"relics":["Ring of the Snake","Eternal Feather","Ornamental Fan","Strawberry","Darkstone Periapt","Snake Skull","WristBlade","Red Mask","Tiny Chest","Bottled Flame","SlaversCollar","Dream Catcher","Lee\u0027s Waffle","Prayer Wheel","PreservedInsect","Tough Bandages"],"acts_visited":["Exordium","TheCity","TheBeyond"],"potions_floor_usage":[10,13,16,22,22,24,41,41,46,46,46],"damage_taken":[{"damage":6,"enemies":"Jaw Worm","floor":1,"turns":8},{"damage":0,"enemies":"Small Slimes","floor":4,"turns":3},{"damage":20,"enemies":"Lagavulin","floor":7,"turns":8},{"damage":6,"enemies":"Gremlin Nob","floor":10,"turns":3},{"damage":0,"enemies":"Cultist","floor":11,"turns":3},{"damage":0,"enemies":"2 Fungi Beasts","floor":13,"turns":3},{"damage":4,"enemies":"Red Slaver","floor":14,"turns":3},{"damage":35,"enemies":"Slime Boss","floor":16,"turns":14},{"damage":9,"enemies":"2 Thieves","floor":18,"turns":2},{"damage":7,"enemies":"Masked Bandits","floor":19,"turns":3},{"damage":3,"enemies":"Shell Parasite","floor":20,"turns":4},{"damage":11,"enemies":"Centurion and Healer","floor":22,"turns":3},{"damage":17,"enemies":"Sentry and Sphere","floor":24,"turns":4},{"damage":28,"enemies":"Gremlin Leader","floor":25,"turns":5},{"damage":9,"enemies":"Colosseum Slavers","floor":27,"turns":3},{"damage":9,"enemies":"Snecko","floor":29,"turns":4},{"damage":3,"enemies":"Snake Plant","floor":31,"turns":2},{"damage":34,"enemies":"Collector","floor":33,"turns":6},{"damage":3,"enemies":"3 Darklings","floor":35,"turns":3},{"damage":23,"enemies":"3 Shapes","floor":37,"turns":4},{"damage":42,"enemies":"Writhing Mass","floor":41,"turns":5},{"damage":30,"enemies":"2 Orb Walkers","floor":44,"turns":3},{"damage":2,"enemies":"Sphere and 2 Shapes","floor":45,"turns":3},{"damage":1,"enemies":"Transient","floor":46,"turns":5},{"damage":32,"enemies":"Spire Growth","floor":48,"turns":3}],"seed_played":"-2462679247642228638","potions_obtained":[{"floor":7,"key":"Poison Potion"},{"floor":11,"key":"CunningPotion"},{"floor":14,"key":"Dexterity Potion"},{"floor":18,"key":"SteroidPotion"},{"floor":20,"key":"SteroidPotion"},{"floor":22,"key":"LiquidBronze"},{"floor":33,"key":"SteroidPotion"},{"floor":35,"key":"PowerPotion"},{"floor":44,"key":"SteroidPotion"},{"floor":45,"key":"SteroidPotion"}],"is_trial":false,"path_per_floor":["M","?","?","M","?","R","E","R","T","E","M","$","M","M","R","B",null,"M","?","M","?","M","R","M","E","T","?","?","M","R","M","R","B",null,"M","?","M","T","$","R","M","R","T","?","M","M","?","M"],"character_chosen":"THE_SILENT","items_purchased":["Snake Skull","Endless Agony","Lee\u0027s Waffle","Prayer Wheel","Block Potion"],"campfire_rested":1,"item_purchase_floors":[12,12,39,39,39],"current_hp_per_floor":[64,53,53,53,53,62,42,51,58,52,52,52,52,48,60,25,77,68,61,58,58,47,62,45,17,17,8,33,24,62,59,74,40,77,74,74,51,51,84,84,42,57,57,27,25,24,24,0,0],"gold":360,"neow_bonus":"RANDOM_COLORLESS","is_daily":false,"chose_seed":false,"campfire_upgraded":7,"win_rate":0.0,"timestamp":1610850710,"path_taken":["M","?","?","?","?","R","E","R","T","E","M","$","?","M","R","BOSS","M","?","M","?","M","R","M","E","T","?","?","M","R","M","R","BOSS","M","?","M","?","$","R","M","R","T","?","?","M","?","M"],"items_purchased_type":["Relic","Card","Relic","Relic","Potion"],"build_version":"2020-12-22","purchased_purges":1,"victory":false,"max_hp_per_floor":[70,70,70,70,70,70,70,70,77,77,77,77,77,77,77,77,77,77,77,77,77,77,77,77,77,77,77,77,77,77,77,77,77,77,77,77,77,77,84,84,84,84,84,84,84,84,84,84,84],"card_choices":[{"not_picked":["Panacea","Bandage Up"],"picked":"Deep Breath","floor":0},{"not_picked":["Deadly Poison","Outmaneuver"],"picked":"Crippling Poison","floor":1},{"not_picked":["Dagger Throw","PiercingWail"],"picked":"Poisoned Stab","floor":4},{"not_picked":["Tactician","Glass Knife"],"picked":"Crippling Poison","floor":7},{"not_picked":["Acrobatics","Reflex"],"picked":"Deadly Poison","floor":10},{"not_picked":["Flying Knee","Blade Dance"],"picked":"Slice","floor":11},{"not_picked":["Flying Knee","PiercingWail"],"picked":"Bane","floor":13},{"not_picked":["Flying Knee","Skewer"],"picked":"Slice","floor":14},{"not_picked":["Doppelganger","A Thousand Cuts"],"picked":"Corpse Explosion","floor":16},{"not_picked":["Prepared","Quick Slash"],"picked":"Bane","floor":18},{"not_picked":["Underhanded Strike","Blur"],"picked":"Distraction+1","floor":19},{"not_picked":["Caltrops","Reflex"],"picked":"Blade Dance","floor":20},{"not_picked":["Dagger Spray+1","Backflip+1","Tactician+1"],"picked":"SKIP","floor":22},{"not_picked":["Outmaneuver","Caltrops"],"picked":"Crippling Poison","floor":24},{"not_picked":["Outmaneuver","Cloak And Dagger","All Out Attack"],"picked":"SKIP","floor":25},{"not_picked":["All Out Attack","Terror+1"],"picked":"Envenom","floor":29},{"not_picked":["Leg Sweep","Dodge and Roll"],"picked":"Deflect","floor":31},{"not_picked":["Cloak And Dagger+1","Finisher+1"],"picked":"Escape Plan","floor":35},{"not_picked":["Dagger Throw+1","Quick Slash+1","Dash+1"],"picked":"SKIP","floor":37},{"not_picked":["Accuracy+1","Dagger Throw"],"picked":"Poisoned Stab","floor":41},{"not_picked":["Deflect+1","Dodge and Roll+1","Blade Dance+1"],"picked":"SKIP","floor":41},{"not_picked":["Acrobatics","Cloak And Dagger"],"picked":"Deflect+1","floor":45},{"not_picked":["Blade Dance+1","Prepared"],"picked":"Deflect+1","floor":45},{"not_picked":["Masterful Stab+1","Well Laid Plans+1"],"picked":"After Image","floor":46},{"not_picked":["Dagger Throw","PiercingWail","Flying Knee+1"],"picked":"SKIP","floor":46}],"player_experience":58676,"relics_obtained":[{"floor":7,"key":"Ornamental Fan"},{"floor":9,"key":"Strawberry"},{"floor":10,"key":"Darkstone Periapt"},{"floor":19,"key":"Red Mask"},{"floor":25,"key":"Tiny Chest"},{"floor":26,"key":"Bottled Flame"},{"floor":38,"key":"Dream Catcher"},{"floor":43,"key":"PreservedInsect"},{"floor":44,"key":"Tough Bandages"}],"event_choices":[{"damage_healed":0,"gold_gain":75,"player_choice":"Gold","damage_taken":11,"max_hp_gain":0,"max_hp_loss":0,"event_name":"betterThird:BetterGoop","floor":2,"gold_loss":0},{"damage_healed":0,"gold_gain":100,"player_choice":"Gold","damage_taken":0,"max_hp_gain":0,"max_hp_loss":0,"event_name":"Wheel of Change","floor":3,"gold_loss":0},{"damage_healed":0,"gold_gain":0,"player_choice":"Paid Gold","damage_taken":0,"relics_obtained":["Eternal Feather"],"max_hp_gain":0,"max_hp_loss":0,"event_name":"WeMeetAgain","floor":5,"gold_loss":86},{"damage_healed":0,"gold_gain":0,"player_choice":"Fought Bandits","damage_taken":0,"max_hp_gain":0,"max_hp_loss":0,"event_name":"Masked Bandits","floor":19,"gold_loss":0},{"damage_healed":0,"gold_gain":0,"player_choice":"Insight","damage_taken":0,"max_hp_gain":0,"max_hp_loss":0,"event_name":"betterThird:BetterWriting","floor":21,"gold_loss":0,"cards_obtained":["Insight"]},{"damage_healed":0,"gold_gain":0,"player_choice":"Fight","damage_taken":0,"max_hp_gain":0,"max_hp_loss":0,"event_name":"Colosseum","floor":27,"gold_loss":0},{"damage_healed":0,"gold_gain":0,"player_choice":"Fled From Nobs","damage_taken":0,"max_hp_gain":0,"max_hp_loss":0,"event_name":"Colosseum","floor":27,"gold_loss":0},{"damage_healed":25,"gold_gain":0,"player_choice":"Heal","damage_taken":0,"max_hp_gain":0,"max_hp_loss":0,"event_name":"The Library","floor":28,"gold_loss":0},{"cards_removed":["Bane"],"damage_healed":0,"gold_gain":0,"player_choice":"Removed Attack","damage_taken":0,"max_hp_gain":0,"max_hp_loss":0,"event_name":"Falling","floor":36,"gold_loss":0},{"damage_healed":0,"gold_gain":0,"player_choice":"Fight","damage_taken":0,"max_hp_gain":0,"max_hp_loss":0,"event_name":"Mysterious Sphere","floor":44,"gold_loss":0},{"damage_healed":0,"gold_gain":222,"player_choice":"Wore Mask","damage_taken":0,"max_hp_gain":0,"max_hp_loss":0,"event_name":"Tomb of Lord Red Mask","floor":47,"gold_loss":0}],"is_beta":false,"boss_relics":[{"not_picked":["Calling Bell","Philosopher\u0027s Stone"],"picked":"WristBlade"},{"not_picked":["Snecko Eye","Busted Crown"],"picked":"SlaversCollar"}],"items_purged_floors":[12],"is_endless":false,"potions_floor_spawned":[7,11,14,18,20,22,33,35,44,45],"killed_by":"Spire Growth","ascension_level":1}}