{"host":"hhnl3ciqs3ht0ep9","time":1610909341,"event":{"mods":["AchievementEnabler","BaseMod","Colored Map","Keyboard Shortcuts","Minty Spire (QoL Compilation)","StSLib","SuperFastMode"],"gold_per_floor":[111,111,125,143,9,9,39,57,84,110,110,121,132,157,157,157,157],"floor_reached":16,"language":"KOR","playtime":366,"items_purged":["Strike_R"],"score":294,"play_id":"7686728c-d570-4660-9aee-3c78242b8e27","local_time":"20210118034901","is_ascension_mode":true,"campfire_choices":[{"data":"Uppercut","floor":6.0,"key":"SMITH"},{"floor":11.0,"key":"REST"},{"data":"True Grit","floor":15.0,"key":"SMITH"}],"circlet_count":0,"master_deck":["AscendersBane","Strike_R","Strike_R","Strike_R","Defend_R","Defend_R","Defend_R","Defend_R","Bash","Immolate","Headbutt","Uppercut+1","Shrug It Off","Seeing Red","Disarm","True Grit+1","Immolate"],"relics":["Burning Blood","Strawberry","Dream Catcher","Tiny Chest","Prayer Wheel"],"acts_visited":["Exordium"],"potions_floor_usage":[16],"damage_taken":[{"damage":15.0,"enemies":"Small Slimes","floor":1.0,"turns":3.0},{"damage":0.0,"enemies":"Cultist","floor":3.0,"turns":2.0},{"damage":4.0,"enemies":"Jaw Worm","floor":4.0,"turns":3.0},{"damage":0.0,"enemies":"Gremlin Nob","floor":7.0,"turns":3.0},{"damage":21.0,"enemies":"Exordium Thugs","floor":8.0,"turns":3.0},{"damage":37.0,"enemies":"Lagavulin","floor":10.0,"turns":6.0},{"damage":14.0,"enemies":"3 Louse","floor":12.0,"turns":3.0},{"damage":0.0,"enemies":"Looter","floor":13.0,"turns":2.0},{"damage":24.0,"enemies":"3 Sentries","floor":14.0,"turns":6.0},{"damage":38,"enemies":"The Guardian","floor":16,"turns":13}],"seed_played":"-2035218743085380497","potions_obtained":[{"floor":3.0,"key":"Energy Potion"},{"floor":4.0,"key":"BlessingOfTheForge"},{"floor":10.0,"key":"Weak Potion"},{"floor":13.0,"key":"Regen Potion"}],"is_trial":false,"path_per_floor":["M","?","M","M","$","R","E","M","T","E","R","M","M","E","R","B"],"character_chosen":"IRONCLAD","items_purchased":["Shrug It Off"],"campfire_rested":1,"item_purchase_floors":[5],"current_hp_per_floor":[41,41,47,49,49,49,62,47,47,16,40,32,38,35,35,0,0],"gold":157,"neow_bonus":"THREE_RARE_CARDS","is_daily":false,"chose_seed":false,"campfire_upgraded":2,"win_rate":0.0,"timestamp":1610909341,"path_taken":["M","?","M","M","$","R","E","M","T","E","R","M","M","E","R","BOSS"],"items_purchased_type":["Card"],"build_version":"2020-12-22","purchased_purges":1,"victory":false,"max_hp_per_floor":[75,75,75,75,75,75,82,82,82,82,82,82,82,82,82,82,82],"card_choices":[{"not_picked":["Berserk","Double Tap"],"picked":"Immolate","floor":0.0},{"not_picked":["Anger","Shrug It Off"],"picked":"Headbutt","floor":1.0},{"not_picked":["Iron Wave","Body Slam","Hemokinesis"],"picked":"SKIP","floor":3.0},{"not_picked":["Spot Weakness","Headbutt"],"picked":"Uppercut","floor":4.0},{"not_picked":["Dual Wield","Metallicize"],"picked":"Seeing Red","floor":7.0},{"not_picked":["Warcry","Havoc","Wild Strike"],"picked":"SKIP","floor":8.0},{"not_picked":["Body Slam","Infernal Blade"],"picked":"Disarm","floor":10.0},{"not_picked":["Hemokinesis","Flex"],"picked":"True Grit","floor":11.0},{"not_picked":["Headbutt","True Grit","Spot Weakness"],"picked":"SKIP","floor":12.0},{"not_picked":["Hemokinesis","Flex","Perfected Strike"],"picked":"SKIP","floor":13.0},{"not_picked":["Headbutt","Uppercut"],"picked":"Immolate","floor":14.0}],"player_experience":704724,"relics_obtained":[{"floor":7.0,"key":"Strawberry"},{"floor":9.0,"key":"Dream Catcher"},{"floor":10.0,"key":"Tiny Chest"},{"floor":14.0,"key":"Prayer Wheel"}],"event_choices":[{"cards_removed":["Strike_R"],"damage_healed":0.0,"max_hp_gain":0.0,"max_hp_loss":0.0,"gold_gain":0.0,"event_name":"Bonfire Elementals","player_choice":"Offered Basic","floor":2.0,"gold_loss":0.0,"damage_taken":0.0}],"is_beta":false,"boss_relics":[],"items_purged_floors":[5],"is_endless":false,"potions_floor_spawned":[3,4,10,13],"killed_by":"The Guardian","ascension_level":20}}