{"host":"2pmmafybkq7zb6na","time":1610871768,"event":{"mods":["AchievementEnabler","BaseMod","Colored Map","Highlight Path","Keyboard Shortcuts","Minty Spire (QoL Compilation)","Quick Restart","StSLib","SuperFastMode"],"gold_per_floor":[118,118,118,135,12,12,40,40,40,40,71,87,87,119,119,215,215,226,146,165,176,194,229,229,248,248,248,267,267,298,318,318,417,417,428,778,324,324,351,351,384,400,400,417,60,60,60,74,74,74,74,74,12,42,42],"floor_reached":56,"language":"KOR","playtime":2995,"items_purged":["Strike_G","Strike_G","Defend_G","Noxious Fumes"],"score":1308,"play_id":"824b362b-4c7c-4df0-a4c4-73456b118939","local_time":"20210117172248","is_ascension_mode":false,"campfire_choices":[{"data":"Cloak And Dagger","floor":6.0,"key":"SMITH"},{"data":"Outmaneuver","floor":8.0,"key":"SMITH"},{"data":"PiercingWail","floor":10.0,"key":"SMITH"},{"floor":15.0,"key":"REST"},{"data":"Night Terror","floor":24.0,"key":"SMITH"},{"data":"Distraction","floor":27.0,"key":"SMITH"},{"floor":29.0,"key":"REST"},{"floor":32.0,"key":"REST"},{"floor":40.0,"key":"RECALL"},{"data":"Catalyst","floor":46,"key":"SMITH"},{"data":"Burst","floor":49,"key":"SMITH"},{"data":"Tactician","floor":52,"key":"SMITH"}],"circlet_count":0,"master_deck":["Defend_G","Defend_G","Defend_G","Defend_G","Survivor","Neutralize","Outmaneuver+1","Cloak And Dagger+1","PiercingWail+1","Bouncing Flask+1","Distraction+1","Catalyst","Burst+1","Distraction+1","Deadly Poison+1","Acrobatics","Night Terror+1","Deflect+1","Prepared","Catalyst+1","Crippling Poison","Tactician+1","Distraction+1","Adrenaline","Distraction+1"],"relics":["Ring of the Snake","NeowsBlessing","The Courier","Mercury Hourglass","Paper Crane","Unceasing Top","Empty Cage","InkBottle","Bottled Lightning","Sundial","HoveringKite","Old Coin","Orrery","Lizard Tail","Happy Flower","Calipers","Strawberry","Lee\u0027s Waffle","Ginger"],"acts_visited":["Exordium","TheCity","TheBeyond","TheEnding"],"potions_floor_usage":[55,55],"damage_taken":[{"damage":0.0,"enemies":"2 Louse","floor":1.0,"turns":1.0},{"damage":0.0,"enemies":"Small Slimes","floor":4.0,"turns":1.0},{"damage":0.0,"enemies":"Lagavulin","floor":7.0,"turns":1.0},{"damage":38.0,"enemies":"Gremlin Nob","floor":11.0,"turns":5.0},{"damage":0.0,"enemies":"Cultist","floor":12.0,"turns":3.0},{"damage":8.0,"enemies":"3 Sentries","floor":14.0,"turns":6.0},{"damage":6.0,"enemies":"The Guardian","floor":16.0,"turns":8.0},{"damage":0.0,"enemies":"Chosen","floor":18.0,"turns":3.0},{"damage":0.0,"enemies":"Shell Parasite","floor":20.0,"turns":7.0},{"damage":4.0,"enemies":"Cultist and Chosen","floor":21.0,"turns":4.0},{"damage":0.0,"enemies":"Chosen and Byrds","floor":22.0,"turns":4.0},{"damage":28.0,"enemies":"Slavers","floor":23.0,"turns":7.0},{"damage":9.0,"enemies":"Snecko","floor":25.0,"turns":3.0},{"damage":13.0,"enemies":"3 Cultists","floor":28.0,"turns":6.0},{"damage":6.0,"enemies":"Book of Stabbing","floor":30.0,"turns":5.0},{"damage":0.0,"enemies":"Cultist and Chosen","floor":31.0,"turns":6.0},{"damage":26.0,"enemies":"Champ","floor":33.0,"turns":6.0},{"damage":0.0,"enemies":"3 Shapes","floor":35.0,"turns":2.0},{"damage":8.0,"enemies":"Mind Bloom Boss Battle","floor":36.0,"turns":4.0},{"damage":30.0,"enemies":"Nemesis","floor":41.0,"turns":5.0},{"damage":5,"enemies":"Orb Walker","floor":42,"turns":3},{"damage":13,"enemies":"Sphere and 2 Shapes","floor":44,"turns":5},{"damage":5,"enemies":"3 Darklings","floor":48,"turns":7},{"damage":33,"enemies":"Awakened One","floor":50,"turns":13},{"damage":21,"enemies":"Shield and Spear","floor":54,"turns":7},{"damage":51,"enemies":"The Heart","floor":55,"turns":6}],"seed_played":"1842888464278734282","potions_obtained":[{"floor":1.0,"key":"Regen Potion"},{"floor":7.0,"key":"SpeedPotion"},{"floor":14.0,"key":"LiquidMemories"},{"floor":16.0,"key":"GamblersBrew"},{"floor":18.0,"key":"BlessingOfTheForge"},{"floor":31.0,"key":"SkillPotion"},{"floor":36.0,"key":"SteroidPotion"},{"floor":41.0,"key":"GamblersBrew"}],"is_trial":false,"path_per_floor":["M","?","?","M","$","R","E","R","T","R","E","M","?","E","R","B",null,"M","$","M","M","M","E","R","M","T","R","M","R","E","M","R","B",null,"M","?","$","?","T","R","E","M","T","M","$","R","$","M","R","B",null,"R","$","E","B",null],"character_chosen":"THE_SILENT","items_purchased":["PiercingWail","Orrery","Lizard Tail","Strawberry","Lee\u0027s Waffle","Ancient Potion"],"campfire_rested":3,"item_purchase_floors":[5,37,37,45,45,53],"current_hp_per_floor":[70,63,63,63,63,63,63,63,63,63,25,25,25,32,53,47,70,70,70,70,66,66,38,38,29,29,29,16,37,31,31,52,26,70,70,62,62,62,62,62,32,27,27,14,84,84,84,79,79,46,84,84,84,63,12],"gold":42,"neow_bonus":"THREE_ENEMY_KILL","is_daily":false,"chose_seed":false,"campfire_upgraded":8,"win_rate":0.0,"timestamp":1610871768,"path_taken":["M","?","?","?","$","R","E","R","T","R","E","M","?","E","R","BOSS","M","$","M","M","M","E","R","M","T","R","?","R","E","M","R","BOSS","M","?","$","?","?","R","E","M","T","M","$","R","$","M","R","BOSS","R","$","E","BOSS"],"items_purchased_type":["Card","Relic","Relic","Relic","Relic","Potion"],"build_version":"2020-12-22","purchased_purges":4,"victory":true,"max_hp_per_floor":[70,70,70,70,70,70,70,70,70,70,70,70,70,70,70,70,70,70,70,70,70,70,70,70,70,70,70,70,70,70,70,70,70,70,70,70,70,70,70,70,70,70,70,70,84,84,84,84,84,84,84,84,84,84,84],"card_choices":[{"not_picked":["Dagger Spray","Deflect"],"picked":"Outmaneuver","floor":1.0},{"not_picked":["Bane","Riddle With Holes"],"picked":"Cloak And Dagger","floor":4.0},{"not_picked":["Outmaneuver","Slice"],"picked":"Noxious Fumes","floor":7.0},{"not_picked":["Underhanded Strike","Blade Dance"],"picked":"Bouncing Flask","floor":11.0},{"not_picked":["Dagger Throw","Eviscerate"],"picked":"Distraction","floor":12.0},{"not_picked":["Slice","Crippling Poison"],"picked":"Catalyst","floor":14.0},{"not_picked":["Venomology","Malaise"],"picked":"Burst","floor":16.0},{"not_picked":["Terror","Flying Knee+1"],"picked":"Distraction+1","floor":18.0},{"not_picked":["Cloak And Dagger","Acrobatics+1"],"picked":"Deadly Poison+1","floor":20.0},{"not_picked":["Infinite Blades+1","All Out Attack"],"picked":"Acrobatics","floor":21.0},{"not_picked":["Dagger Throw+1","Sucker Punch","Backstab"],"picked":"SKIP","floor":22.0},{"not_picked":["Well Laid Plans+1","Flying Knee"],"picked":"Night Terror","floor":23.0},{"not_picked":["Footwork","Poisoned Stab"],"picked":"Deflect+1","floor":25.0},{"not_picked":["Calculated Gamble","Bouncing Flask"],"picked":"Prepared","floor":28.0},{"not_picked":["Choke","Heel Hook","Dodge and Roll"],"picked":"SKIP","floor":30.0},{"not_picked":["Poisoned Stab","Cloak And Dagger"],"picked":"Catalyst","floor":31.0},{"not_picked":["Dodge and Roll+1","Deflect","Cloak And Dagger"],"picked":"SKIP","floor":35.0},{"not_picked":["Noxious Fumes+1","Poisoned Stab+1"],"picked":"Crippling Poison","floor":37.0},{"not_picked":["Prepared+1","Slice+1"],"picked":"Tactician","floor":37.0},{"not_picked":["Prepared+1","Slice+1"],"picked":"Distraction+1","floor":41.0},{"not_picked":["Caltrops","Infinite Blades"],"picked":"Adrenaline","floor":42},{"not_picked":["Slice+1","Flying Knee+1","Backflip"],"picked":"SKIP","floor":44},{"not_picked":["Skewer+1","Underhanded Strike"],"picked":"Distraction+1","floor":48},{"not_picked":["Escape Plan","Deadly Poison","Corpse Explosion"],"picked":"SKIP","floor":54}],"player_experience":70071,"relics_obtained":[{"floor":7.0,"key":"The Courier"},{"floor":9.0,"key":"Mercury Hourglass"},{"floor":11.0,"key":"Paper Crane"},{"floor":14.0,"key":"Unceasing Top"},{"floor":23.0,"key":"InkBottle"},{"floor":26.0,"key":"Bottled Lightning"},{"floor":30.0,"key":"Sundial"},{"floor":36.0,"key":"Old Coin"},{"floor":39.0,"key":"Happy Flower"},{"floor":41.0,"key":"Calipers"},{"floor":54,"key":"Ginger"}],"event_choices":[{"cards_removed":["Strike_G"],"damage_healed":0.0,"max_hp_gain":0.0,"max_hp_loss":0.0,"gold_gain":0.0,"event_name":"Golden Wing","player_choice":"Card Removal","floor":2.0,"gold_loss":0.0,"damage_taken":7.0},{"damage_healed":0.0,"max_hp_gain":0.0,"max_hp_loss":0.0,"gold_gain":0.0,"event_name":"The Woman in Blue","player_choice":"Bought 0 Potions","floor":3.0,"gold_loss":0.0,"damage_taken":0.0},{"damage_healed":0.0,"max_hp_gain":0.0,"max_hp_loss":0.0,"gold_gain":0.0,"event_name":"Accursed Blacksmith","player_choice":"Forge","floor":13.0,"gold_loss":0.0,"damage_taken":0.0,"cards_upgraded":["Bouncing Flask"]},{"damage_healed":0.0,"max_hp_gain":0.0,"max_hp_loss":0.0,"gold_gain":0.0,"event_name":"MindBloom","player_choice":"Fight","floor":36.0,"gold_loss":0.0,"damage_taken":0.0},{"damage_healed":0.0,"max_hp_gain":0.0,"max_hp_loss":0.0,"gold_gain":0.0,"event_name":"SensoryStone","player_choice":"Memory 1","floor":38.0,"gold_loss":0.0,"damage_taken":0.0}],"is_beta":false,"boss_relics":[{"not_picked":["Coffee Dripper","Black Star"],"picked":"Empty Cage"},{"not_picked":["Runic Dome","Sozu"],"picked":"HoveringKite"}],"items_purged_floors":[5,19,37,45],"is_endless":false,"potions_floor_spawned":[1,7,14,16,18,20,28,31,36,41],"ascension_level":0}}