{"host":"jdbhgql29eqg6e2t","time":1610848346,"event":{"mods":["BaseMod","Hermit","Infinite Spire","Minty Spire (QoL Compilation)","Replay The Spire","Shop Mod","StSLib","The Cursed","The Disciple"],"gold_per_floor":[114,126,126,126,142,176,204,204,204,204,204,75,108,139,139,237,237,251,264,264,264,86,117,147,175,227,227,227,254,254,277,277,382,382,399,399,52,65,27,27,27,27,27,27,27,55,90,125,125,221,221,224,224,224,224],"floor_reached":54,"language":"ENG","playtime":4537,"items_purged":["Defend_R","Strike_R","Strike_R","Replay:Many Hands","Voices"],"score":1051,"play_id":"537d920b-4607-400d-9b27-c7053e19fc7e","local_time":"20210116225226","daily_mods":["Heirloom","Time Dilation","Flight","DeadlyEvents","Elite Swarm"],"is_ascension_mode":false,"campfire_choices":[{"data":"True Grit","floor":8,"key":"SMITH"},{"data":"Feed","floor":15,"key":"SMITH"},{"data":"Abandon","floor":28,"key":"SMITH"},{"data":"True Grit","floor":30,"key":"SMITH"},{"floor":32,"key":"DIG"},{"data":"Limit Break","floor":40,"key":"SMITH"},{"data":"ReplayTheSpireMod:Strike From Hell","floor":41,"key":"SMITH"},{"data":"Barricade","floor":42,"key":"SMITH"},{"data":"Evolve","floor":45,"key":"SMITH"},{"floor":49,"key":"DIG"}],"circlet_count":0,"master_deck":["Strike_R","Strike_R","Strike_R","Defend_R","Defend_R","Defend_R","Bash","ReplayTheSpireMod:Strike From Hell+1","Shrug It Off","True Grit+1","Feed+1","True Grit+1","Demon Form","Limit Break+1","Barricade+1","Evolve+1","Abandon+1","Feel No Pain+1","Eclipse","Exhume","CurseOfTheBell","Headbutt","Offering","infinitespire:UltimateForm+1","Second Wind","Burning Pact","Reaper","infinitespire:Starlight","Berserk+1","AbeCurse","Armaments"],"relics":["Burning Blood","Magic Flower","NeowsBlessing","Shovel","infinitespire:FocusingShard","Shuriken","NeowsBlessing","Bottled Flame","Tiny Chest","ChewingGum","Frozen Egg 2","NeowsBlessing","Replay:Towering Pillar of Hats","ReplayTheSpireMod:Lightbulb","Ice Cream","Centennial Puzzle","ReplayFunnel","Calling Bell","infinitespire:CursedDice","Meat on the Bone","infinitespire:PuzzleCube","Red Mask","MealTicket","ReplayTheSpireMod:Spearhead","Philosopher\u0027s Stone","infinitespire:Broken Mirror","MerchantsRug","ReplayTheSpireMod:CursedCoin","Red Skull","infinitespire:CheckeredPen","Bird Faced Urn","Orichalcum","Potion Belt","ReplayFunnel","Anchor","Abe\u0027s Treasure"],"acts_visited":["Exordium","TheCity","TheBeyond","Exordium"],"potions_floor_usage":[18,19,29,33,33,35,47],"damage_taken":[{"damage":0,"enemies":"Small Slimes","floor":1,"turns":3},{"damage":1,"enemies":"Cultist","floor":2,"turns":4},{"damage":0,"enemies":"Jaw Worm","floor":5,"turns":1},{"damage":0,"enemies":"Gremlin Nob","floor":6,"turns":1},{"damage":0,"enemies":"Lagavulin","floor":7,"turns":1},{"damage":0,"enemies":"3 Sentries","floor":13,"turns":1},{"damage":0,"enemies":"Lagavulin","floor":14,"turns":1},{"damage":0,"enemies":"Fading Forest","floor":16,"turns":1},{"damage":2,"enemies":"2 Thieves","floor":18,"turns":4},{"damage":37,"enemies":"Spheric Guardian","floor":19,"turns":6},{"damage":0,"enemies":"Gremlin Leader","floor":23,"turns":1},{"damage":0,"enemies":"Replay:Snechameleon","floor":24,"turns":1},{"damage":0,"enemies":"Book of Stabbing","floor":25,"turns":1},{"damage":67,"enemies":"Masked Bandits","floor":29,"turns":7},{"damage":38,"enemies":"Collector","floor":33,"turns":13},{"damage":23,"enemies":"3 Darklings","floor":35,"turns":6},{"damage":6,"enemies":"Orb Walker","floor":38,"turns":5},{"damage":6,"enemies":"Nemesis","floor":46,"turns":5},{"damage":32,"enemies":"Reptomancer","floor":47,"turns":8},{"damage":6,"enemies":"Nightmare","floor":48,"turns":7},{"damage":32,"enemies":"Awakened One","floor":50,"turns":5},{"damage":12,"enemies":"Cultist","floor":52,"turns":2}],"seed_played":"2724395731567113571","potions_obtained":[{"floor":1,"key":"Death Potion"},{"floor":7,"key":"SpeedPotion"},{"floor":14,"key":"DistilledChaos"},{"floor":16,"key":"LiquidBronze"},{"floor":18,"key":"EssenceOfSteel"},{"floor":25,"key":"Regen Potion"},{"floor":33,"key":"Death Potion"},{"floor":46,"key":"PowerPotion"},{"floor":50,"key":"Block Potion"},{"floor":52,"key":"Death Potion"}],"is_trial":true,"path_per_floor":["M","M","WH","WH","M","E","E","R","T","?","WH","$","E","E","R","B",null,"M","M","T","WH","$","E","E","E","T","AVR","R","?","R","T","R","B",null,"M","AVR","$","M","$","R","R","R","T","T","R","E","E","NM","R","B",null,"M","WH","WH"],"character_chosen":"IRONCLAD","items_purchased":["True Grit","Feel No Pain+1","MerchantsRug","ReplayTheSpireMod:CursedCoin","Red Skull","Second Wind","Burning Pact"],"campfire_rested":0,"item_purchase_floors":[12,22,37,37,37,37,39],"current_hp_per_floor":[80,80,80,88,88,88,91,91,91,101,101,101,101,104,104,108,108,112,90,90,90,90,105,120,128,128,128,128,76,76,76,76,89,132,118,118,132,136,136,136,136,136,136,136,136,136,140,140,140,140,140,144,144,144,144],"gold":224,"neow_bonus":"THREE_ENEMY_KILL","is_daily":false,"chose_seed":false,"campfire_upgraded":8,"win_rate":0.0,"timestamp":1610848346,"path_taken":["M","M","WH","WH","M","E","E","R","T","?","WH","$","E","E","R","BOSS","M","?","?","WH","$","E","E","E","T","AVR","R","?","R","?","R","BOSS","M","AVR","?","?","?","R","R","R","T","?","R","E","E","NM","R","BOSS","M","WH","WH"],"items_purchased_type":["Card","Card","Relic","Relic","Relic","Card","Card"],"build_version":"2020-12-22","purchased_purges":5,"victory":false,"max_hp_per_floor":[80,80,80,88,88,88,91,91,91,101,101,101,101,104,104,108,108,112,116,116,116,116,120,124,128,128,128,128,132,132,132,132,132,132,132,132,132,136,136,136,136,136,136,136,136,136,140,140,140,140,140,144,144,144,144],"card_choices":[{"not_picked":["Abandon","Disarm"],"picked":"ReplayTheSpireMod:Strike From Hell","floor":1},{"not_picked":["Body Slam","Havoc"],"picked":"Shrug It Off","floor":2},{"not_picked":["Wild Strike","Replay:Undeath\u0027s Touch"],"picked":"True Grit","floor":5},{"not_picked":["Offering","Hemogenesis"],"picked":"Feed","floor":6},{"not_picked":["Bludgeon","Impervious"],"picked":"Offering","floor":7},{"not_picked":["Bludgeon","Demonic Infusion"],"picked":"Demon Form","floor":13},{"not_picked":["Hemogenesis","Demonic Infusion"],"picked":"Limit Break","floor":14},{"not_picked":["Bludgeon","Corruption"],"picked":"Barricade","floor":16},{"not_picked":["ReplayTheSpireMod:Limb From Limb+1","Inflame"],"picked":"Evolve","floor":18},{"not_picked":["Pommel Strike","Rupture+1"],"picked":"Abandon","floor":19},{"not_picked":["Limit Break","Corruption+1"],"picked":"Eclipse","floor":23},{"not_picked":["Bludgeon","Barricade+1"],"picked":"Replay:Many Hands","floor":24},{"not_picked":["Demon Form+1","Corruption+1"],"picked":"Exhume","floor":25},{"not_picked":["Pommel Strike+1","Replay:Many Hands"],"picked":"Headbutt","floor":29},{"not_picked":["Impervious","Demon Form+1"],"picked":"Offering","floor":33},{"not_picked":["Warcry","Dropkick+1","Perfected Strike"],"picked":"SKIP","floor":35},{"not_picked":["ReplayTheSpireMod:Stacked","Infernal Blade+1","Warcry+1"],"picked":"SKIP","floor":38},{"not_picked":["Replay:Many Hands","Berserk+1"],"picked":"Reaper","floor":46},{"not_picked":["Eclipse","Feed","Bludgeon"],"picked":"SKIP","floor":47},{"not_picked":["infinitespire:Punishment","infinitespire:SealOfDarkness+"],"picked":"infinitespire:Starlight","floor":48},{"not_picked":["Bludgeon","Immolate","Eclipse"],"picked":"SKIP","floor":48},{"not_picked":["Reaper","Exhume"],"picked":"Berserk+1","floor":50},{"not_picked":["Havoc","Clothesline"],"picked":"Armaments","floor":52}],"player_experience":536199,"relics_obtained":[{"floor":6,"key":"Shovel"},{"floor":7,"key":"infinitespire:FocusingShard"},{"floor":9,"key":"Shuriken"},{"floor":13,"key":"Bottled Flame"},{"floor":14,"key":"Tiny Chest"},{"floor":20,"key":"Frozen Egg 2"},{"floor":23,"key":"Replay:Towering Pillar of Hats"},{"floor":24,"key":"ReplayTheSpireMod:Lightbulb"},{"floor":25,"key":"Ice Cream"},{"floor":26,"key":"Centennial Puzzle"},{"floor":27,"key":"infinitespire:CursedDice"},{"floor":27,"key":"Meat on the Bone"},{"floor":27,"key":"infinitespire:PuzzleCube"},{"floor":29,"key":"Red Mask"},{"floor":31,"key":"MealTicket"},{"floor":32,"key":"ReplayTheSpireMod:Spearhead"},{"floor":43,"key":"infinitespire:CheckeredPen"},{"floor":44,"key":"Bird Faced Urn"},{"floor":46,"key":"Orichalcum"},{"floor":47,"key":"Potion Belt"},{"floor":48,"key":"ReplayFunnel"},{"floor":49,"key":"Anchor"}],"event_choices":[{"cards_removed":["Offering"],"damage_healed":0,"gold_gain":0,"player_choice":"Offered Rare","damage_taken":0,"max_hp_gain":10,"max_hp_loss":0,"event_name":"Bonfire Elementals","floor":10,"gold_loss":0},{"damage_healed":0,"gold_gain":0,"player_choice":"Fought Bandits","damage_taken":0,"max_hp_gain":0,"max_hp_loss":0,"event_name":"Masked Bandits","floor":29,"gold_loss":0}],"is_beta":false,"boss_relics":[{"not_picked":["Runic Pyramid","Replay:Bronze Core"],"picked":"ChewingGum"},{"not_picked":["Fusion Hammer","Pandora\u0027s Box"],"picked":"Philosopher\u0027s Stone"},{"not_picked":["Astrolabe","Runic Dome"],"picked":"Abe\u0027s Treasure"}],"items_purged_floors":[12,22,27,36,37],"is_endless":true,"potions_floor_spawned":[1,7,14,16,18,25,33,46,50,52],"ascension_level":0}}