{"host":"eumjbs7gc1i67a9z","time":1610890711,"event":{"mods":["Aspiration","BaseMod","Colored Map","Colored Powertips","DeckTracker","Highlight Path","Hubris","Infinite Spire","Minty Spire (QoL Compilation)","Quick Restart","Random Character Button","Relic Sorter","Replay The Spire","StSLib","SuperFastMode","Synergy Search","The Cursed","The Disciple","The Jungle","The Runesmith"],"gold_per_floor":[119,2,2,13,13,13,45,59,85,111,125,138,168,168,168,268,268,284,284,300,300,300,300,332,332,414,424,443,443,462,477,477,477,477],"floor_reached":33,"language":"ENG","playtime":2245,"items_purged":[],"score":362,"play_id":"ce12c445-8b1d-4000-998a-2328c52ae54a","local_time":"20210117143831","is_ascension_mode":false,"campfire_choices":[{"data":"TheCursedMod:CleanUpWorkshop","floor":6,"key":"SMITH"},{"floor":15,"key":"REST"},{"floor":23,"key":"REST"},{"floor":25,"key":"REST"},{"floor":29,"key":"REST"},{"floor":32,"key":"REST"}],"circlet_count":0,"master_deck":["TheCursedMod:Strike_TheCursed","TheCursedMod:Strike_TheCursed","TheCursedMod:Strike_TheCursed","TheCursedMod:Strike_TheCursed","TheCursedMod:Defend_TheCursed","TheCursedMod:Defend_TheCursed","TheCursedMod:Defend_TheCursed","TheCursedMod:Defend_TheCursed","TheCursedMod:CursedWand","TheCursedMod:CleanUpWorkshop+1","TheCursedMod:Dregs","TheCursedMod:SoulCrush","TheCursedMod:StunningStrike+1","TheCursedMod:CursedMace","Decay","TheCursedMod:ForbiddenAlchemy","TheCursedMod:CircleOfCorruption","TheCursedMod:AntiAging","TheCursedMod:AbyssShockwave","TheCursedMod:SpitefulStrike","TheCursedMod:VoidForm","TheCursedMod:StunningStrike","TheCursedMod:CursedBlade+1","TheCursedMod:Wield","TheCursedMod:Obscuration+1","TheCursedMod:BloodBarrier","TheCursedMod:RavingStaff+1","hubris:NaturalOne","TheCursedMod:CursedAmulet","TheCursedMod:BloodBarrier+1"],"relics":["TheCursedMod:BlackMagic101","hubris:Icosahedron","NeowsBlessing","Anchor","Smiling Mask","hubris:TenFootPole","SacredBark","hubris:Towel","Lizard Tail","Regal Pillow","Pear"],"acts_visited":["Exordium","Exordium"],"potions_floor_usage":[12,13,16,16,16,16,16,16,18,18,20,20,20,20,24,27,27,30,30,33,33,33],"damage_taken":[{"damage":0,"enemies":"Jaw Worm","floor":1,"turns":1},{"damage":0,"enemies":"Cultist","floor":4,"turns":1},{"damage":0,"enemies":"3 Sentries","floor":7,"turns":1},{"damage":0,"enemies":"Small Slimes","floor":8,"turns":2},{"damage":36,"enemies":"Lagavulin","floor":10,"turns":7},{"damage":8,"enemies":"Gremlin Gang","floor":11,"turns":7},{"damage":8,"enemies":"Large Slime","floor":12,"turns":7},{"damage":12,"enemies":"Replay:BlueRogue","floor":13,"turns":8},{"damage":63,"enemies":"The Guardian","floor":16,"turns":11},{"damage":43,"enemies":"theJungle:MUSHROOMGANG","floor":18,"turns":7},{"damage":22,"enemies":"theJungle:Flameango_and_Byrd","floor":20,"turns":10},{"damage":95,"enemies":"theJungle:2_Phrogs","floor":24,"turns":8},{"damage":43,"enemies":"theJungle:Lyon","floor":27,"turns":7},{"damage":0,"enemies":"Snake Plant","floor":28,"turns":4},{"damage":79,"enemies":"theJungle:2_Flameangoes","floor":30,"turns":9},{"damage":45,"enemies":"theJungle:SlimyTreeVines","floor":31,"turns":8},{"damage":125,"enemies":"theJungle:TotemBoss","floor":33,"turns":10}],"seed_played":"3747857871083470116","potions_obtained":[{"floor":8,"key":"Dexterity Potion"},{"floor":10,"key":"Elixir"},{"floor":11,"key":"Weak Potion"},{"floor":13,"key":"Explosive Potion"},{"floor":28,"key":"DuplicationPotion"}],"is_trial":false,"path_per_floor":["M","$","?","M","?","R","E","M","T","E","M","M","E","?","R","B",null,"M","?","M","?","?","R","E","R","T","M","M","R","M","M","R","B"],"character_chosen":"THE_CURSED","items_purchased":["TheCursedMod:StunningStrike+1"],"campfire_rested":5,"item_purchase_floors":[2],"current_hp_per_floor":[75,75,75,75,75,75,75,75,75,39,33,27,17,17,41,41,81,40,40,20,20,20,47,4,46,56,15,15,61,47,8,54,0,0],"gold":477,"neow_bonus":"THREE_ENEMY_KILL","is_daily":false,"chose_seed":false,"campfire_upgraded":1,"win_rate":0.0,"timestamp":1610890711,"path_taken":["M","$","?","?","?","R","E","M","T","E","?","M","E","?","R","BOSS","M","?","M","?","?","R","E","R","T","M","M","R","M","M","R","BOSS"],"items_purchased_type":["Card"],"build_version":"2020-12-22","purchased_purges":0,"victory":false,"max_hp_per_floor":[75,75,75,75,75,75,75,75,75,75,77,79,81,81,81,81,81,83,83,85,90,90,90,92,92,102,104,104,104,106,106,106,106,106],"card_choices":[{"not_picked":["TheCursedMod:Wield","TheCursedMod:RavingStaff"],"picked":"TheCursedMod:SoulCrush","floor":1},{"not_picked":["TheCursedMod:SurpriseAttack","TheCursedMod:RapidMovement"],"picked":"TheCursedMod:CursedMace","floor":4},{"not_picked":["TheCursedMod:Wield","TheCursedMod:SoulCrush"],"picked":"TheCursedMod:ForbiddenAlchemy","floor":7},{"not_picked":["TheCursedMod:TacticalStrike","TheCursedMod:FleshFromBone"],"picked":"TheCursedMod:CircleOfCorruption","floor":8},{"not_picked":["TheCursedMod:Stretching","TheCursedMod:NeowsMight"],"picked":"TheCursedMod:AntiAging","floor":10},{"not_picked":["TheCursedMod:SoulCrush","TheCursedMod:ReleasedKnowledge"],"picked":"TheCursedMod:AbyssShockwave","floor":11},{"not_picked":["TheCursedMod:FleshFromBone","TheCursedMod:SurpriseAttack"],"picked":"TheCursedMod:SpitefulStrike","floor":12},{"not_picked":["TheCursedMod:ReleasedStrength","TheCursedMod:RavingStaff"],"picked":"TheCursedMod:VoidForm","floor":13},{"not_picked":["TheCursedMod:ShockAndAwe","TheCursedMod:OutForBlood"],"picked":"TheCursedMod:StunningStrike","floor":16},{"not_picked":["TheCursedMod:CursedAmulet","TheCursedMod:Stretching"],"picked":"TheCursedMod:CursedBlade+1","floor":18},{"not_picked":["TheCursedMod:RapidMovement","TheCursedMod:SmokeScreen"],"picked":"TheCursedMod:Wield","floor":20},{"not_picked":["TheCursedMod:TacticalStrike","TheCursedMod:ReleasedStrength"],"picked":"TheCursedMod:Obscuration+1","floor":24},{"not_picked":["TheCursedMod:AbyssShockwave","TheCursedMod:SpitefulStrike"],"picked":"TheCursedMod:BloodBarrier","floor":27},{"not_picked":["TheCursedMod:ManaBullet","TheCursedMod:Mangle+1"],"picked":"TheCursedMod:RavingStaff+1","floor":28},{"not_picked":["TheCursedMod:CursedMace","TheCursedMod:ForbiddenAlchemy"],"picked":"TheCursedMod:CursedAmulet","floor":30},{"not_picked":["TheCursedMod:SurpriseAttack","TheCursedMod:TacticalStrike+1"],"picked":"TheCursedMod:BloodBarrier+1","floor":31}],"player_experience":294387,"relics_obtained":[{"floor":7,"key":"Anchor"},{"floor":10,"key":"Smiling Mask"},{"floor":13,"key":"hubris:TenFootPole"},{"floor":24,"key":"Regal Pillow"},{"floor":26,"key":"Pear"}],"event_choices":[{"damage_healed":0,"gold_gain":0,"player_choice":"Ignored","damage_taken":0,"max_hp_gain":0,"max_hp_loss":0,"event_name":"Fountain of Cleansing","floor":3,"gold_loss":0},{"damage_healed":0,"gold_gain":0,"player_choice":"Cursed","damage_taken":0,"max_hp_gain":0,"max_hp_loss":0,"event_name":"Wheel of Change","floor":5,"gold_loss":0,"cards_obtained":["Decay"]},{"damage_healed":0,"gold_gain":0,"player_choice":"Gave Potion","damage_taken":0,"relics_obtained":["Lizard Tail"],"max_hp_gain":0,"max_hp_loss":0,"event_name":"WeMeetAgain","floor":22,"gold_loss":0}],"is_beta":false,"boss_relics":[{"not_picked":["Painkiller Herb","Snecko Eye"],"picked":"SacredBark"}],"items_purged_floors":[],"is_endless":false,"potions_floor_spawned":[8,10,11,13,28],"killed_by":"theJungle:TotemBoss","ascension_level":0}}