{"host":"1zjc08c6hob33401","time":1610844265,"event":{"mods":["AchievementEnabler","Act Like it!","Aspiration","BaseMod","Downfall","Energized Spire","Evolution","Gensokyo","GifTheSpireLib","Hubris","Infinite Spire","Jedi Mod","Minty Spire (QoL Compilation)","Pale of the Ancients","Quick Restart","Retaliation","Shop Mod","StS++","StSLib","Stuff the Spire","The Blue Laboratory","Wandering Minibosses","vexMod"],"gold_per_floor":[14,33,46,65,65,65,83,83,83,83,83,114,140,152,152,248,248,264,29,44,44,44,44,67,67,67,67,67,67,67,87,87,186,186,197,197,197,197,44,70,70,96,96,96,109,150,150,178,178,178,209,219,219,74,74,104,104,29,29,29],"floor_reached":61,"language":"RUS","playtime":6106,"items_purged":["Defend_R","Defend_R"],"score":1601,"play_id":"3c0619be-029a-4d72-8789-58161d18c12d","local_time":"20210117024425","is_ascension_mode":true,"campfire_choices":[{"data":"Double Tap","floor":6.0,"key":"SMITH"},{"data":"Anger","floor":8.0,"key":"SMITH"},{"data":"Anger","floor":10.0,"key":"SMITH"},{"data":"Corruption","floor":15.0,"key":"SMITH"},{"data":"Ghostly Armor","floor":23.0,"key":"SMITH"},{"data":"DDmod:SpikeMailSkill","floor":25.0,"key":"SMITH"},{"data":"DDmod:SpikedSkill","floor":27.0,"key":"SMITH"},{"data":"StSpp:Succumb","floor":29.0,"key":"SMITH"},{"data":"Anger","floor":32.0,"key":"SMITH"},{"data":"Flash of Steel","floor":41.0,"key":"SMITH"},{"data":"Pommel Strike","floor":44,"key":"SMITH"},{"data":"Reaper","floor":49,"key":"SMITH"},{"data":"hubris:InfiniteBlow+170","floor":55,"key":"SMITH"},{"data":"hubris:InfiniteBlow+171","floor":57,"key":"SMITH"}],"circlet_count":0,"master_deck":["Pommel Strike+1","Pommel Strike+1","Pommel Strike+1","Pommel Strike+1","Pommel Strike+1","Defend_R+1","Bash+1","Double Tap+1","StSpp:Succumb+1","Ghostly Armor+1","Anger+1","Limit Break+1","Anger+1","Corruption+1","Ghostly Armor+1","DDmod:SpikedSkill+1","jedi:bloodyhammer","Heavy Blade+1","Flash of Steel+1","hubris:InfiniteBlow+172","DDmod:SpikeMailSkill+1","Anger+1","Impervious+1","Feel No Pain+1","DDmod:ScaleUpSkill+1","hubris:ReadiedAction+1","Power Through+1","Reaper+1","Clash+1","Seeing Red+1","Evolve+1"],"relics":["Burning Blood","EVO:Axolotl","StSpp:PetrifiedCaterpillar","StuffTheSpire:GrapeVine","hubris:ChampionShield","Coffee Dripper","hubris:HerbalPaste","StrikeDummy","Toxic Egg 2","Paper Frog","Runic Cube","Gensokyo:DualWield","jedi:ironblood","Bag of Marbles","hubris:ToyBattleship","StuffTheSpire:OldFever","jedi:leech","Dead Branch","paleoftheancients:Timepiece","paleoftheancients:KeyRelic","Bronze Scales","CultistMask","paleoftheancients:SoulOfTheShowman","Strange Spoon"],"acts_visited":["Gensokyo:Gensokyo","Gensokyo:Gensokyoer","Gensokyo:Gensokyoest","paleoftheancients:PaleOfTheAncients"],"potions_floor_usage":[46,60],"damage_taken":[{"damage":2.0,"enemies":"Gensokyo:Python","floor":1.0,"turns":3.0},{"damage":0.0,"enemies":"Gensokyo:3_Fairies","floor":2.0,"turns":2.0},{"damage":8.0,"enemies":"Gensokyo:Gryphon","floor":3.0,"turns":3.0},{"damage":10.0,"enemies":"Gensokyo:3_Kodama","floor":4.0,"turns":4.0},{"damage":11.0,"enemies":"Gensokyo:CorruptedTreant","floor":7.0,"turns":3.0},{"damage":0.0,"enemies":"Gensokyo:2_Rabbits","floor":12.0,"turns":3.0},{"damage":1.0,"enemies":"Gensokyo:Aya","floor":13.0,"turns":3.0},{"damage":4.0,"enemies":"Gensokyo:Python_and_Kodama","floor":14.0,"turns":3.0},{"damage":39.0,"enemies":"Gensokyo:Yukari","floor":16.0,"turns":7.0},{"damage":16.0,"enemies":"Gensokyo:AngelMirror","floor":18.0,"turns":2.0},{"damage":14.0,"enemies":"Gensokyo:3_Dogs","floor":20.0,"turns":3.0},{"damage":0.0,"enemies":"Gensokyo:Wraith","floor":24.0,"turns":1.0},{"damage":9.0,"enemies":"Gensokyo:Chomper_and_Gloop","floor":31.0,"turns":3.0},{"damage":31.0,"enemies":"Gensokyo:Kaguya","floor":33.0,"turns":4.0},{"damage":8.0,"enemies":"Gensokyo:3_Bats","floor":35.0,"turns":3.0},{"damage":26.0,"enemies":"Gensokyo:Doremy","floor":40.0,"turns":3.0},{"damage":17,"enemies":"Gensokyo:Kasen","floor":42,"turns":2},{"damage":1,"enemies":"Gensokyo:3_Boulders","floor":45,"turns":2},{"damage":0,"enemies":"Gensokyo:Doremy","floor":46,"turns":4},{"damage":0,"enemies":"Gensokyo:SeedOfUnknown","floor":48,"turns":1},{"damage":22,"enemies":"Gensokyo:Shinki","floor":50,"turns":5},{"damage":0,"enemies":"Gensokyo:Shinki","floor":51,"turns":2},{"damage":2,"enemies":"Gensokyo:Shinki","floor":52,"turns":1},{"damage":0,"enemies":"Gensokyo:Shinki","floor":56,"turns":1},{"damage":30,"enemies":"paleoftheancients:N","floor":60,"turns":3}],"seed_played":"-513845900452832449","potions_obtained":[{"floor":2.0,"key":"jedi:wingpotion"},{"floor":7.0,"key":"blueLaboratory:PolymorphPotion"},{"floor":12.0,"key":"DuplicationPotion"},{"floor":14.0,"key":"StSpp:InhibitionPotion"},{"floor":16.0,"key":"blueLaboratory:HorrorPotion"},{"floor":20.0,"key":"jedi:StrikingPotion"},{"floor":31.0,"key":"PowerPotion"},{"floor":40.0,"key":"BloodPotion"},{"floor":45,"key":"blueLaboratory:BottleOfVodka"},{"floor":46,"key":"blueLaboratory:EntrenchedPotion"},{"floor":53,"key":"blueLaboratory:BottleOfRum"}],"is_trial":false,"path_per_floor":["M","M","M","M","?","R","M","R","T","R","?","M","E","M","R","B",null,"M","$","M","?","AVR","R","M","R","T","R","?","R","T","M","R","B",null,"M","?","?","T","$","E","R","E","T","R","M","E","?","M","R","B","M","M","?","$","R","M","R","$","?","B",null],"character_chosen":"IRONCLAD","items_purchased":["hubris:HerbalPaste","Flash of Steel","Bag of Marbles","Strange Spoon"],"campfire_rested":0,"item_purchase_floors":[19,19,39,54],"current_hp_per_floor":[76,80,78,74,74,74,69,69,69,69,53,59,64,66,66,33,68,58,58,55,47,47,47,53,53,53,53,53,53,53,55,55,36,69,72,72,72,72,72,57,57,49,49,49,57,69,69,75,75,76,80,80,80,80,80,80,80,80,80,68],"gold":29,"neow_bonus":"THREE_RARE_CARDS","is_daily":false,"chose_seed":false,"campfire_upgraded":14,"win_rate":0.0,"timestamp":1610844265,"path_taken":["M","M","M","M","?","R","M","R","T","R","?","M","E","M","R","BOSS","M","$","M","?","AVR","R","M","R","T","R","?","R","?","M","R","BOSS","M","?","?","?","?","E","R","E","T","R","?","E","?","M","R","BOSS","M","M","?","$","R","M","R","$","?","BOSS"],"items_purchased_type":["Relic","Card","Relic","Relic"],"build_version":"2020-12-22","purchased_purges":2,"victory":true,"max_hp_per_floor":[80,80,80,80,80,80,80,80,80,80,80,80,80,80,80,80,80,80,80,80,80,80,80,80,80,80,80,80,80,80,80,80,80,80,80,80,80,80,80,80,80,80,80,80,80,80,80,80,80,80,80,80,80,80,80,80,80,80,80,80],"card_choices":[{"not_picked":["StSpp:Turnabout","Corruption"],"picked":"Double Tap","floor":0.0},{"not_picked":["Flex","Flame Barrier"],"picked":"StSpp:Succumb","floor":1.0},{"not_picked":["Warcry","StuffTheSpire:RockThrow"],"picked":"Ghostly Armor","floor":2.0},{"not_picked":["hubris:CleavingFinish","DDmod:PokeAttack"],"picked":"Anger","floor":3.0},{"not_picked":["StSpp:Jab","Twin Strike"],"picked":"Limit Break","floor":4.0},{"not_picked":["DDmod:PokeAttack","Armaments"],"picked":"Anger","floor":7.0},{"not_picked":["StuffTheSpire:Incineration","Fire Breathing"],"picked":"Corruption","floor":12.0},{"not_picked":["Pommel Strike","StSpp:Jab"],"picked":"Ghostly Armor","floor":13.0},{"not_picked":["DDmod:UnstoppableAttack","Disarm"],"picked":"DDmod:SpikedSkill","floor":14.0},{"not_picked":["StSpp:BladeOfBlood","Brutality"],"picked":"jedi:bloodyhammer","floor":16.0},{"not_picked":["Warcry+1","DDmod:BurningFumesPowerCard+1"],"picked":"Heavy Blade+1","floor":18.0},{"not_picked":["Evolve","Perfected Strike","Havoc"],"picked":"SKIP","floor":20.0},{"not_picked":["Flame Barrier","StuffTheSpire:Incineration"],"picked":"DDmod:SpikeMailSkill","floor":24.0},{"not_picked":["jedi:suffering","Twin Strike+1"],"picked":"Anger","floor":31.0},{"not_picked":["jedi:unlimitedpower","Barricade"],"picked":"Impervious+1","floor":33.0},{"not_picked":["DDmod:SpikeInjectionSkill+1","Dark Embrace"],"picked":"Feel No Pain+1","floor":35.0},{"not_picked":["Clothesline+1","Flex+1"],"picked":"DDmod:ScaleUpSkill+1","floor":40.0},{"not_picked":["StSpp:TheBiggerTheyAre+1","Headbutt+1"],"picked":"hubris:ReadiedAction+1","floor":42},{"not_picked":["Disarm+1","StSpp:Succumb+1"],"picked":"Uppercut+1","floor":45},{"not_picked":["StSpp:Sprint+1","Spot Weakness+1"],"picked":"Power Through+1","floor":46},{"not_picked":["Seeing Red+1","Clothesline"],"picked":"Clash+1","floor":48},{"not_picked":["DDmod:UnstoppableAttack","Body Slam"],"picked":"Seeing Red+1","floor":51},{"not_picked":["Body Slam+1","Wild Strike"],"picked":"Evolve+1","floor":52},{"not_picked":["StSpp:TheBiggerTheyAre+1","Sword Boomerang+1","Flex+1"],"picked":"SKIP","floor":56}],"player_experience":581615,"relics_obtained":[{"floor":9.0,"key":"StSpp:PetrifiedCaterpillar"},{"floor":13.0,"key":"hubris:ChampionShield"},{"floor":26.0,"key":"Toxic Egg 2"},{"floor":30.0,"key":"Paper Frog"},{"floor":38.0,"key":"jedi:ironblood"},{"floor":40.0,"key":"hubris:ToyBattleship"},{"floor":42,"key":"StuffTheSpire:OldFever"},{"floor":43,"key":"jedi:leech"},{"floor":46,"key":"Dead Branch"},{"floor":51,"key":"paleoftheancients:SoulOfTheShowman"}],"event_choices":[],"is_beta":false,"boss_relics":[{"not_picked":["vexMod:FluxCapacitor","Empty Cage"],"picked":"Coffee Dripper"},{"not_picked":["hubris:RunicObelisk","vexMod:BigBerry"],"picked":"Runic Cube"}],"items_purged_floors":[22,58],"is_endless":false,"potions_floor_spawned":[2,7,12,14,16,20,31,40,45,46],"ascension_level":6}}