{"host":"ql2ou8pbwhrolc4x","time":1610866932,"event":{"mods":["100% Spire Juice","2.2 Compatiblity","Act Like it!","Arknights The Spire","BaseMod","Colored Map","Colored Powertips","Gensokyo","Hallownest","Hubris","Infinite Spire","Lobotomy","LobotomyExtend","Marisa£¨Ùöéë¡¡Øª×âÞÞ£©","Minty Spire (QoL Compilation)","Random Character Button","Replay The Spire","Spicy Shops","StSLib","The Jungle","WarShipGirlsR/??á´Ò³R mod","Yakumo Yukari mod","vexMod","¡¼?Úª?ø«¡½REMEMod"],"gold_per_floor":[110,110,110,4,22,38,38,51,75,75,75,102,102,102,102,204,204,214,106,106,66,25,58,58,58,84,84,84,94,125,25,25,120,0,16,16,16,31,31,31,56,106,106,106,124,136,136,153,153,153,153],"floor_reached":52,"language":"KOR","playtime":2665,"items_purged":[],"score":810,"play_id":"f60672f8-fc32-4006-8c7b-80ea0b05fd7d","local_time":"20210117160212","is_ascension_mode":false,"campfire_choices":[{"data":"Moonworks:Ambush","floor":7,"key":"SMITH"},{"data":"Moonworks:CloudOfSeagulls","floor":10,"key":"SMITH"},{"data":"Moonworks:AwakeningOfTalent","floor":13,"key":"SMITH"},{"data":"Moonworks:ShieldCounter","floor":15,"key":"SMITH"},{"data":"Moonworks:SakisCookie","floor":27,"key":"SMITH"},{"data":"Moonworks:EvilMastermind","floor":32,"key":"SMITH"},{"data":"Moonworks:OutOfAmmo","floor":40,"key":"SMITH"},{"data":"Moonworks:PlushieMaster","floor":44,"key":"SMITH"},{"data":"Pot Of Greed","floor":47,"key":"SMITH"},{"data":"Pot Of Greed","floor":49,"key":"SMITH"}],"circlet_count":0,"master_deck":["Moonworks:Defend","Moonworks:Defend","Moonworks:Defend","Moonworks:Ambush+1","Moonworks:LongDistanceShot","Moonworks:LuckyCharm","Scrawl","Moonworks:CloudOfSeagulls+1","Moonworks:AwakeningOfTalent+1","Moonworks:NicePresent","Moonworks:ShieldCounter+1","Moonworks:LuckyCharm","Moonworks:GoAway","Moonworks:JonathanRush+1","Moonworks:NicePresent","Moonworks:SakisCookie+1","Moonworks:ReproductionOfRecords+1","Pot Of Greed+1","Pot Of Greed+1","Moonworks:Poppoformation+1","Moonworks:EvilMastermind+1","Moonworks:NicePresent","Moonworks:OutOfAmmo+1","Moonworks:BigMagnum+1","Pot Of Greed","Moonworks:PlushieMaster+1","Moonworks:Dash+1","Moonworks:CloudOfSeagulls+1"],"relics":["Moonworks:BrokenBomb","Moonworks:Homemark","REME_ComplimentaryCards","LetterFromLob","hubris:Icosahedron","ReplayTheSpireMod:TigerMarble","vexMod:FocusSash","hubris:TerracottaHorce","Gensokyo:ConquerorOfFear","REME_PuzzleBoxRelic","hubris:TenFootPole","hubris:ToyBattleship","Gensokyo:MosesMiracle","Grinning Jar","Molten Egg 2","Empty Cage","ReplayTheSpireMod:Shallot","StrikeDummy"],"acts_visited":["Exordium","Hallownest:Greenpath","Gensokyo:Gensokyoer"],"potions_floor_usage":[16,16,16,33,50],"damage_taken":[{"damage":1,"enemies":"Hallownest:2_MossCreeps","floor":1,"turns":5},{"damage":2,"enemies":"Hallownest:monsterHuskGuard","floor":4,"turns":4},{"damage":1,"enemies":"Hallownest:2_Tiktiks_and_1_Crawlid","floor":5,"turns":2},{"damage":11,"enemies":"Hallownest:monsterFoolEater","floor":6,"turns":4},{"damage":4,"enemies":"Hallownest:Wandering_and_Horned","floor":8,"turns":5},{"damage":11,"enemies":"Hallownest:BossHornet","floor":16,"turns":7},{"damage":0,"enemies":"Gensokyo:CosmicMonolith","floor":18,"turns":1},{"damage":0,"enemies":"Gensokyo:Chomper","floor":19,"turns":4},{"damage":21,"enemies":"Gensokyo:Swordslinger","floor":21,"turns":4},{"damage":4,"enemies":"Gensokyo:Tenshi","floor":23,"turns":4},{"damage":0,"enemies":"Gensokyo:Wraith","floor":29,"turns":4},{"damage":0,"enemies":"Gensokyo:Reisen","floor":30,"turns":3},{"damage":0,"enemies":"Gensokyo:Slime_Group","floor":31,"turns":2},{"damage":30,"enemies":"Gensokyo:Kaguya","floor":33,"turns":7},{"damage":0,"enemies":"Hallownest:Shield_Heavy","floor":35,"turns":4},{"damage":23,"enemies":"Hallownest:2_Littles","floor":38,"turns":4},{"damage":6,"enemies":"Hallownest:eliteCollector","floor":41,"turns":4},{"damage":13,"enemies":"Hallownest:2_Wandering_and_1_Horned","floor":45,"turns":5},{"damage":0,"enemies":"Hallownest:2_Great","floor":46,"turns":3},{"damage":8,"enemies":"Hallownest:2_Wing_and_1_Kings","floor":48,"turns":4},{"damage":14,"enemies":"Hallownest:BossHollowKnight","floor":50,"turns":5}],"seed_played":"6952807316167587707","potions_obtained":[{"floor":4,"key":"Energy Potion"},{"floor":16,"key":"Languid Potion"},{"floor":19,"key":"Moonworks:OneHundredPercentOrangeJuicePotion"},{"floor":21,"key":"FairyPotion"},{"floor":36,"key":"SmokeBomb"},{"floor":38,"key":"SteroidPotion"},{"floor":45,"key":"ColorlessPotion"}],"is_trial":false,"path_per_floor":["M","?","?","M","M","M","R","M","T","R","?","T","R","?","R","B",null,"M","M","?","M","COS","E","$","T","T","R","?","M","E","M","R","B",null,"M","?","?","M","$","R","E","T","T","R","M","M","R","M","R","B",null,null],"character_chosen":"THE_STARBREAKER","items_purchased":[],"campfire_rested":0,"item_purchase_floors":[],"current_hp_per_floor":[53,54,54,52,51,40,40,36,36,36,36,36,36,36,36,34,49,54,54,54,33,33,35,35,35,35,35,35,41,44,49,49,22,46,49,49,49,29,29,29,26,26,26,26,16,19,19,14,14,6,6],"gold":153,"neow_bonus":"REMOVE_TWO","is_daily":false,"chose_seed":false,"campfire_upgraded":10,"win_rate":0.0,"timestamp":1610866932,"path_taken":["M","?","?","M","?","M","R","M","T","R","?","?","R","?","R","BOSS","M","M","?","M","COS","E","?","?","T","R","?","M","E","M","R","BOSS","M","?","?","?","?","R","E","?","T","R","?","M","R","M","R","BOSS"],"items_purchased_type":[],"build_version":"2020-12-22","purchased_purges":0,"victory":true,"max_hp_per_floor":[54,54,54,54,54,54,54,54,54,54,54,54,54,54,54,54,54,54,54,54,54,54,54,54,54,54,54,54,54,54,54,54,54,54,54,54,54,54,54,54,54,54,54,54,54,54,54,54,54,54,54],"card_choices":[{"not_picked":["Moonworks:UnpaidWork","Moonworks:EvilSpyWorkPreparation"],"picked":"Moonworks:LuckyCharm","floor":1},{"not_picked":["Moonworks:IndiscriminateFireSupport","Moonworks:BigMagnum"],"picked":"Moonworks:CloudOfSeagulls","floor":4},{"not_picked":["Moonworks:SakisCookie","Moonworks:ImOnFire"],"picked":"Moonworks:AwakeningOfTalent","floor":5},{"not_picked":["Moonworks:BigMagnum","Moonworks:IndiscriminateFireSupport"],"picked":"Moonworks:NicePresent","floor":6},{"not_picked":["Moonworks:SakisCookie","Moonworks:Bloodlust"],"picked":"Moonworks:ShieldCounter","floor":8},{"not_picked":["Moonworks:AccelHyper","Moonworks:Wanted"],"picked":"Moonworks:GoAway","floor":16},{"not_picked":["Moonworks:LulusLuckyEgg","Moonworks:DeployBits"],"picked":"Moonworks:JonathanRush+1","floor":18},{"not_picked":["Moonworks:BeyondHell","Moonworks:MiracleRedBeanIceCream"],"picked":"Moonworks:NicePresent","floor":19},{"not_picked":["Moonworks:ImOnFire","Moonworks:ExtendedPhotonRifle"],"picked":"Moonworks:SakisCookie","floor":21},{"not_picked":["Moonworks:Assault","Moonworks:JonathanRush"],"picked":"Moonworks:ReproductionOfRecords+1","floor":23},{"not_picked":["Moonworks:AwakeningOfTalent","Moonworks:StiffCrystal"],"picked":"Moonworks:Poppoformation+1","floor":29},{"not_picked":["Moonworks:AngelHand","Moonworks:NicePresent"],"picked":"Moonworks:EvilMastermind","floor":30},{"not_picked":["Moonworks:BigMagnum","Moonworks:Assault+1"],"picked":"Moonworks:NicePresent","floor":31},{"not_picked":["Moonworks:StarBlastingFuse","Moonworks:HolyNight"],"picked":"Moonworks:OutOfAmmo","floor":33},{"not_picked":["Moonworks:DeployBits+1","Moonworks:EvilSpyWorkPreparation"],"picked":"Moonworks:BigMagnum+1","floor":35},{"not_picked":["Moonworks:DeployBits","Moonworks:ExtendedPhotonRifle+1"],"picked":"Moonworks:PlushieMaster","floor":38},{"not_picked":["Moonworks:Assault+1","Moonworks:BigBangBell","Moonworks:EvilSpyWorkPreparation+1"],"picked":"SKIP","floor":41},{"not_picked":["Moonworks:NicePresent","Moonworks:JonathanRush+1"],"picked":"Moonworks:Dash+1","floor":45},{"not_picked":["Moonworks:ImOnFire+1","Moonworks:NicePresent+1"],"picked":"Moonworks:CloudOfSeagulls+1","floor":46},{"not_picked":["Moonworks:ImOnFire","Moonworks:SakisCookie+1","Moonworks:EvilSpyWorkPreparation+1"],"picked":"SKIP","floor":48}],"player_experience":923634,"relics_obtained":[{"floor":1,"key":"LetterFromLob"},{"floor":9,"key":"ReplayTheSpireMod:TigerMarble"},{"floor":12,"key":"vexMod:FocusSash"},{"floor":21,"key":"Gensokyo:ConquerorOfFear"},{"floor":23,"key":"REME_PuzzleBoxRelic"},{"floor":25,"key":"hubris:TenFootPole"},{"floor":26,"key":"hubris:ToyBattleship"},{"floor":30,"key":"Molten Egg 2"},{"floor":31,"key":"Gensokyo:MosesMiracle"},{"floor":41,"key":"ReplayTheSpireMod:Shallot"},{"floor":43,"key":"StrikeDummy"}],"event_choices":[],"is_beta":false,"boss_relics":[{"not_picked":["infinitespire:Cupcake","Velvet Choker"],"picked":"hubris:TerracottaHorce"},{"not_picked":["vexMod:MysteryBossChallenge","hubris:HollowSoul"],"picked":"Empty Cage"}],"items_purged_floors":[],"is_endless":false,"potions_floor_spawned":[4,16,19,21,29,31,38,45,46],"ascension_level":0}}