{"host":"yqa5il53nhlo2jdd","time":1610866767,"event":{"mods":["AchievementEnabler","Arknights The Spire","BaseMod","BetterRewards","Minty Spire (QoL Compilation)","StSLib","[IsaacMod]ÒÔÈö¼âËþ"],"gold_per_floor":[112,124,49,49,49,81,81,81,81,81,115,131,163,176,176,279,279,294,306,306,324,338,387,412,433,433,487,487,528,553,597,597,701,701,712,712,712,724,741,741,750,771,771,771,788,788,788,813,813,820],"floor_reached":51,"language":"ZHS","playtime":2555,"items_purged":["ats:Strike V","ats:Strike G","ats:Armor Crushing Shot","ats:Defend","ats:Strike S","ats:Sunburst","ats:Strike C","ats:Defend","ats:Defend+1"],"score":1471,"play_id":"e40fa3a2-8e09-4469-af1c-4820dbb1203d","local_time":"20210117145927","is_ascension_mode":true,"campfire_choices":[{"data":"ats:Emotion Absorption","floor":7.0,"key":"SMITH"},{"data":"ats:Mental Burst","floor":10.0,"key":"SMITH"},{"data":"ats:Burning Ground","floor":15.0,"key":"SMITH"},{"floor":32.0,"key":"REST"},{"data":"ats:Guardian Obelisk","floor":40.0,"key":"SMITH"},{"data":"ats:Flame Of Heaven","floor":46,"key":"SMITH"},{"data":"ats:Demon Strength","floor":49,"key":"SMITH"}],"circlet_count":0,"master_deck":["ats:Emotion Absorption+1","ats:Burning Ground+1","ats:Mental Burst+1","ats:Demon Strength+1","Finesse+1","ats:Guardian Obelisk+1","Master of Strategy","ats:Flame Of Heaven+1"],"relics":["ats:Sanity","HushsDoor","SteamSale","Thread and Needle","TheAbacus","Omamori","SatanicBible","SteamSale","ats:Originium","Orichalcum","Tiny Chest","SalivaCoin","OrangePellets","Shuriken","PokeGo","Vajra","SlaversCollar","GuppysPaw","ats:Support","Question Card","CeramicFish","Mercury Hourglass","Mummified Hand","ats:Berate","Prayer Wheel","Nunchaku","Peace Pipe","ats:Emergency Defibrillator","ats:Tactical Delivery","ats:Rhine Circuitry","War Paint","HandDrill","ats:Military Tradition","ats:Bonebreaker","BlankCard","Blood Vial"],"acts_visited":["Exordium","TheCity","TheBeyond"],"potions_floor_usage":[50,50],"damage_taken":[{"damage":0.0,"enemies":"Cultist","floor":1.0,"turns":2.0},{"damage":3.0,"enemies":"Jaw Worm","floor":2.0,"turns":3.0},{"damage":3.0,"enemies":"Lagavulin","floor":6.0,"turns":5.0},{"damage":0.0,"enemies":"Gremlin Nob","floor":11.0,"turns":2.0},{"damage":0.0,"enemies":"2 Louse","floor":12.0,"turns":2.0},{"damage":8.0,"enemies":"Lagavulin","floor":13.0,"turns":4.0},{"damage":0.0,"enemies":"Blue Slaver","floor":14.0,"turns":2.0},{"damage":0.0,"enemies":"The Guardian","floor":16.0,"turns":8.0},{"damage":0.0,"enemies":"3 Byrds","floor":18.0,"turns":3.0},{"damage":0.0,"enemies":"Chosen","floor":19.0,"turns":3.0},{"damage":0.0,"enemies":"Sentry and Sphere","floor":22.0,"turns":2.0},{"damage":8.0,"enemies":"Gremlin Leader","floor":23.0,"turns":3.0},{"damage":8.0,"enemies":"Centurion and Healer","floor":24.0,"turns":2.0},{"damage":2.0,"enemies":"Cultist and Chosen","floor":25.0,"turns":3.0},{"damage":14.0,"enemies":"Slavers","floor":29.0,"turns":2.0},{"damage":0.0,"enemies":"Snecko","floor":30.0,"turns":2.0},{"damage":8.0,"enemies":"Gremlin Leader","floor":31.0,"turns":2.0},{"damage":0.0,"enemies":"Champ","floor":33.0,"turns":3.0},{"damage":0.0,"enemies":"3 Darklings","floor":35.0,"turns":3.0},{"damage":0.0,"enemies":"Orb Walker","floor":38.0,"turns":2.0},{"damage":0.0,"enemies":"Spire Growth","floor":39.0,"turns":2.0},{"damage":0.0,"enemies":"3 Darklings","floor":42.0,"turns":1.0},{"damage":0,"enemies":"Jaw Worm Horde","floor":45,"turns":1},{"damage":0,"enemies":"Giant Head","floor":48,"turns":2},{"damage":0,"enemies":"Awakened One","floor":50,"turns":3}],"seed_played":"3611329806610775045","potions_obtained":[{"floor":6.0,"key":"AttackPotion"},{"floor":12.0,"key":"Ancient Potion"},{"floor":16.0,"key":"Dexterity Potion"},{"floor":23.0,"key":"DuplicationPotion"},{"floor":29.0,"key":"ColorlessPotion"},{"floor":35.0,"key":"Energy Potion"}],"is_trial":false,"path_per_floor":["M","M","$","?","?","E","R","$","T","R","E","M","E","M","R","B",null,"M","M","?","$","M","E","M","M","T","T","$","E","M","E","R","B",null,"M","$","?","M","M","R","$","M","T","T","M","R","?","E","R","B",null],"character_chosen":"DOCTOR_CLASS","items_purchased":["ats:Burning Ground","ats:Sunburst","Thread and Needle","ats:Mental Burst","TheAbacus","Omamori","PowerPotion","Tiny Chest","SalivaCoin","OrangePellets","PowerPotion","GuppysPaw","ats:Support","Question Card","CeramicFish","Finesse","ats:Guardian Obelisk","SteroidPotion","Prayer Wheel","Nunchaku","LiquidBronze","ats:Rhine Circuitry","War Paint","HandDrill","Master of Strategy"],"campfire_rested":1,"item_purchase_floors":[0,0,0,0,0,0,0,8,8,8,8,17,21,21,21,21,21,21,28,28,28,36,36,36,41],"current_hp_per_floor":[72,69,69,69,62,59,59,59,59,59,59,59,51,51,51,51,62,62,62,62,62,62,54,46,44,44,44,44,30,30,22,40,40,62,62,62,62,62,62,62,62,62,62,62,62,62,62,62,62,62],"gold":820,"neow_bonus":"","is_daily":false,"chose_seed":false,"campfire_upgraded":6,"win_rate":0.0,"timestamp":1610866767,"path_taken":["M","M","?","?","?","E","R","?","T","R","E","M","E","?","R","BOSS","M","M","?","$","M","E","M","?","T","?","$","E","?","E","R","BOSS","M","$","?","M","M","R","$","?","T","?","M","R","?","E","R","BOSS"],"items_purchased_type":["Card","Card","Relic","Card","Relic","Relic","Potion","Relic","Relic","Relic","Potion","Relic","Relic","Relic","Relic","Card","Card","Potion","Relic","Relic","Potion","Relic","Relic","Relic","Card"],"build_version":"2020-12-22","purchased_purges":9,"victory":true,"max_hp_per_floor":[72,72,72,72,72,72,72,72,72,72,72,72,72,72,72,72,62,62,62,62,62,62,62,62,62,62,62,62,62,62,62,62,62,62,62,62,62,62,62,62,62,62,62,62,62,62,62,62,62,62],"card_choices":[{"not_picked":["ats:Shell Defense","ats:Flexible Camouflage","ats:Thermite Blade"],"picked":"SKIP","floor":1.0},{"not_picked":["ats:Guardian Obelisk","ats:Ignite","ats:Childhood Dance"],"picked":"SKIP","floor":2.0},{"not_picked":["ats:Hammer On","ats:Directed Diagnosis","ats:Explosion Area Strengthen"],"picked":"SKIP","floor":6.0},{"not_picked":["ats:Healing Drone","ats:Childhood Dance","ats:Counter Healing Mode"],"picked":"SKIP","floor":11.0},{"not_picked":["ats:Durian","ats:Automatic Cover","ats:Flexible Camouflage"],"picked":"SKIP","floor":12.0},{"not_picked":["ats:Consecutive Shot Auto","ats:Spore Proliferation","ats:Steam Pump"],"picked":"SKIP","floor":13.0},{"not_picked":["ats:Blood Oath","ats:Flexible Camouflage","ats:Consecutive Shot Auto"],"picked":"SKIP","floor":14.0},{"not_picked":["ats:Hammer On+1","ats:Leaping Hammer"],"picked":"ats:Demon Strength","floor":18.0},{"not_picked":["ats:Ignite","ats:Leaping Hammer+1","ats:LN2 Cannon"],"picked":"SKIP","floor":19.0},{"not_picked":["ats:Hammer On","ats:Assault Order","ats:Explosion Area Strengthen","ats:Consecutive Shot Auto"],"picked":"SKIP","floor":22.0},{"not_picked":["ats:Shadow Assault","ats:Revitalization","ats:Song Of Battle","ats:Demon Strength"],"picked":"SKIP","floor":23.0},{"not_picked":["ats:Consecutive Shot Auto","ats:Steam Pump+1","ats:Explosion Area Strengthen","ats:Powerful Strike+1"],"picked":"SKIP","floor":24.0},{"not_picked":["ats:Explosion Area Strengthen","ats:Poison Spread","ats:Demon Strength+1","ats:Blood Oath"],"picked":"SKIP","floor":25.0},{"not_picked":["ats:Consecutive Shot Auto","ats:Revitalization+1","ats:True Silver Slash","ats:Cat Scratch"],"picked":"SKIP","floor":29.0},{"not_picked":["ats:Powerful Strike","ats:Consecutive Shot Auto","ats:Counter Healing Mode+1"],"picked":"ats:Chain Hook","floor":30.0},{"not_picked":["ats:Poison Spread","ats:Closed Bolt Burst Fire","ats:Hammer On","ats:Sword Rain+1"],"picked":"SKIP","floor":30.0},{"not_picked":["ats:Automatic Cover","ats:Curse Doll","ats:Ignite","ats:Apocalypse"],"picked":"SKIP","floor":31.0},{"not_picked":["ats:Ignite+1","ats:Apocalypse+1","ats:Cat Scratch+1","ats:Demon Strength+1"],"picked":"SKIP","floor":35.0},{"not_picked":["ats:Shell Defense","ats:Flexible Camouflage","ats:Cat Scratch","ats:Soul Rend"],"picked":"SKIP","floor":35.0},{"not_picked":["ats:Composite Medical Shells","ats:Poison Spread+1","ats:Ignite","ats:Leaping Hammer"],"picked":"SKIP","floor":38.0},{"not_picked":["ats:Flexible Camouflage","ats:Curse Doll+1","ats:Poison Spread","ats:Shell Defense"],"picked":"SKIP","floor":38.0},{"not_picked":["ats:Revitalization","ats:LN2 Cannon","ats:Encircling Forest+1","ats:Shell Defense+1"],"picked":"SKIP","floor":39.0},{"not_picked":["ats:Assault Order","ats:Poison Spread","ats:Leaping Hammer","ats:Counter Healing Mode+1"],"picked":"SKIP","floor":39.0},{"not_picked":["ats:Apocalypse","ats:Hammer On","ats:Flexible Camouflage+1"],"picked":"ats:Flame Of Heaven","floor":42.0},{"not_picked":["ats:Soul Absorption+1","ats:Ignite","ats:Healing Drone","ats:Apocalypse+1"],"picked":"SKIP","floor":42.0},{"not_picked":["ats:Hook Shot","ats:Revitalization","ats:Consecutive Shot Auto","ats:Cat Scratch+1"],"picked":"SKIP","floor":45},{"not_picked":["ats:Magnetic Hammer+1","ats:Steam Pump","ats:Very Hot Blade+1","ats:Echo Reverb"],"picked":"SKIP","floor":45},{"not_picked":["ats:Demon Strength+1","ats:Automatic Cover","ats:Childhood Dance+1","ats:Counter Healing Mode+1"],"picked":"SKIP","floor":48}],"player_experience":670025,"relics_obtained":[{"floor":6.0,"key":"ats:Originium"},{"floor":6.0,"key":"Orichalcum"},{"floor":9.0,"key":"Shuriken"},{"floor":11.0,"key":"ats:Originium"},{"floor":11.0,"key":"PokeGo"},{"floor":13.0,"key":"ats:Originium"},{"floor":13.0,"key":"Vajra"},{"floor":23.0,"key":"Mercury Hourglass"},{"floor":26.0,"key":"Mummified Hand"},{"floor":27.0,"key":"ats:Berate"},{"floor":29.0,"key":"Peace Pipe"},{"floor":31.0,"key":"ats:Emergency Defibrillator"},{"floor":43.0,"key":"ats:Military Tradition"},{"floor":44.0,"key":"ats:Bonebreaker"},{"floor":47,"key":"BlankCard"},{"floor":48,"key":"Blood Vial"}],"event_choices":[{"damage_healed":0.0,"max_hp_gain":0.0,"max_hp_loss":0.0,"gold_gain":0.0,"event_name":"Big Fish","player_choice":"Box","floor":4.0,"gold_loss":0.0,"damage_taken":0.0,"relics_obtained":["SatanicBible"],"cards_obtained":["Regret"]},{"damage_healed":0.0,"max_hp_gain":0.0,"max_hp_loss":0.0,"gold_gain":0.0,"event_name":"Scrap Ooze","player_choice":"Success","floor":5.0,"gold_loss":0.0,"damage_taken":7.0,"relics_obtained":["Diplopia"]},{"cards_removed":["ats:Defend"],"damage_healed":0.0,"max_hp_gain":0.0,"max_hp_loss":0.0,"gold_gain":0.0,"event_name":"Back to Basics","player_choice":"Elegance","floor":20.0,"gold_loss":0.0,"damage_taken":0.0},{"cards_removed":["ats:Chain Hook"],"damage_healed":0.0,"max_hp_gain":0.0,"max_hp_loss":0.0,"gold_gain":0.0,"event_name":"Falling","player_choice":"Removed Attack","floor":37.0,"gold_loss":0.0,"damage_taken":0.0},{"damage_healed":0,"gold_gain":0,"player_choice":"Relic","damage_taken":0,"max_hp_gain":0,"max_hp_loss":0,"event_name":"Wheel of Change","floor":47,"gold_loss":0}],"is_beta":false,"boss_relics":[{"not_picked":["Astrolabe","Empty Cage"],"picked":"SlaversCollar"},{"not_picked":[]},{"not_picked":["ats:Omniscience","ats:Sanity Plus"],"picked":"ats:Tactical Delivery"},{"not_picked":[]}],"items_purged_floors":[0,0,0,3,8,21,28,36,41],"is_endless":false,"potions_floor_spawned":[6,12,16,23,24,29,31,33,35,38,45,48],"ascension_level":2}}