{"host":"Qube","time":1610915641,"event":{"mods":["AchievementEnabler","BaseMod","Colored Map","Colored Powertips","Minty Spire (QoL Compilation)","Quick Restart","Random Character Button","StSLib"],"gold_per_floor":[165,240,240,255,265,300,300,37,85,116,136,136,165,165,165,240,240,260,279,194,208,240,240,256,269,269,25,58,58,75,91,91,166,166,183,405,405,423,423,423,435,435,435,448,103,103,16,32,32,32,32],"floor_reached":52,"language":"ENG","playtime":2348,"items_purged":["Pain","Defend_P","Defend_P"],"score":1959,"play_id":"5331fd70-cb8c-40ca-8e65-61b1cd8990f0","local_time":"20210117123401","is_ascension_mode":true,"campfire_choices":[{"data":"Prostrate","floor":7.0,"key":"SMITH"},{"floor":12.0,"key":"REST"},{"data":"WindmillStrike","floor":15.0,"key":"SMITH"},{"floor":23.0,"key":"REST"},{"data":"Scrawl","floor":29.0,"key":"SMITH"},{"floor":32.0,"key":"REST"},{"data":"Prostrate","floor":40.0,"key":"SMITH"},{"floor":42.0,"key":"REST"},{"data":"Prostrate","floor":46.0,"key":"SMITH"},{"floor":49.0,"key":"REST"}],"circlet_count":0,"master_deck":["AscendersBane","Strike_P","Strike_P","Strike_P","Strike_P","Defend_P","Defend_P","Eruption+1","Vigilance","Prostrate+1","Prostrate+1","JustLucky","ClearTheMind","Scrawl+1","DeceiveReality","FollowUp","FearNoEvil","CutThroughFate","WindmillStrike+1","Brilliance","WheelKick","WheelKick+1","Halt","Prostrate+1","ThirdEye+1","Wallop","Protect+1","Brilliance","The Bomb","Crescendo"],"relics":["Tiny House","WarpedTongs","Ancient Tea Set","Membership Card","Potion Belt","Bronze Scales","CloakClasp","StrikeDummy","SacredBark","Sundial","Red Mask","Torii","Chemical X","Strawberry","Toy Ornithopter","Philosopher\u0027s Stone","Lizard Tail","Strange Spoon","Shuriken","Vajra"],"acts_visited":["Exordium","TheCity","TheBeyond"],"potions_floor_usage":[51,51],"damage_taken":[{"damage":8.0,"enemies":"2 Louse","floor":1.0,"turns":3.0},{"damage":8.0,"enemies":"Cultist","floor":4.0,"turns":5.0},{"damage":4.0,"enemies":"Jaw Worm","floor":5.0,"turns":2.0},{"damage":9.0,"enemies":"Lagavulin","floor":6.0,"turns":5.0},{"damage":0.0,"enemies":"Gremlin Nob","floor":10.0,"turns":2.0},{"damage":0.0,"enemies":"Exordium Thugs","floor":11.0,"turns":2.0},{"damage":13.0,"enemies":"Lagavulin","floor":13.0,"turns":5.0},{"damage":0.0,"enemies":"Slime Boss","floor":16.0,"turns":3.0},{"damage":15.0,"enemies":"2 Thieves","floor":18.0,"turns":3.0},{"damage":0.0,"enemies":"3 Byrds","floor":19.0,"turns":2.0},{"damage":20.0,"enemies":"3 Cultists","floor":21.0,"turns":4.0},{"damage":0.0,"enemies":"Masked Bandits","floor":22.0,"turns":2.0},{"damage":16.0,"enemies":"Snake Plant","floor":24.0,"turns":3.0},{"damage":1.0,"enemies":"Sentry and Sphere","floor":25.0,"turns":3.0},{"damage":1.0,"enemies":"Slavers","floor":28.0,"turns":3.0},{"damage":0.0,"enemies":"Centurion and Healer","floor":30.0,"turns":3.0},{"damage":17.0,"enemies":"Snake Plant","floor":31.0,"turns":4.0},{"damage":24.0,"enemies":"Automaton","floor":33.0,"turns":4.0},{"damage":1.0,"enemies":"3 Shapes","floor":35.0,"turns":3.0},{"damage":0.0,"enemies":"Orb Walker","floor":38.0,"turns":4.0},{"damage":39.0,"enemies":"Transient","floor":41.0,"turns":6.0},{"damage":0.0,"enemies":"Spire Growth","floor":44.0,"turns":4.0},{"damage":11.0,"enemies":"Maw","floor":48.0,"turns":5.0},{"damage":34.0,"enemies":"Awakened One","floor":50.0,"turns":9.0},{"damage":53,"enemies":"Donu and Deca","floor":51,"turns":6}],"seed_played":"-4714795696505350945","potions_obtained":[{"floor":0.0,"key":"GamblersBrew"},{"floor":5.0,"key":"DistilledChaos"},{"floor":6.0,"key":"SpeedPotion"},{"floor":13.0,"key":"Fire Potion"},{"floor":18.0,"key":"Energy Potion"},{"floor":21.0,"key":"DistilledChaos"},{"floor":22.0,"key":"PowerPotion"},{"floor":30.0,"key":"Strength Potion"},{"floor":33.0,"key":"Ancient Potion"},{"floor":41.0,"key":"EssenceOfSteel"}],"is_trial":false,"path_per_floor":["M","?","?","M","M","E","R","$","T","E","M","R","E","T","R","B",null,"M","M","?","M","?","R","M","M","T","$","E","R","M","M","R","B",null,"M","?","?","M","?","R","M","R","T","M","$","R","$","M","R","B","B",null],"character_chosen":"WATCHER","items_purchased":["Membership Card","DeceiveReality","FollowUp","Chemical X","Strawberry","BottledMiracle","Strange Spoon","LiquidMemories","PowerPotion","Shuriken","Vajra"],"campfire_rested":5,"item_purchase_floors":[8,8,8,27,27,27,45,45,45,45,47],"current_hp_per_floor":[58,47,47,39,35,26,26,26,26,26,26,47,34,34,34,34,63,48,48,48,28,28,49,33,32,32,39,38,38,38,21,45,26,67,66,66,66,66,66,66,27,49,49,49,49,49,49,38,60,36,38],"gold":32,"neow_bonus":"BOSS_RELIC","is_daily":false,"chose_seed":false,"campfire_upgraded":5,"win_rate":0.0,"timestamp":1610915641,"path_taken":["M","?","?","M","?","E","R","$","T","E","M","R","E","?","R","BOSS","M","M","?","M","?","R","?","M","T","$","E","R","M","M","R","BOSS","M","?","?","M","?","R","M","R","T","M","$","R","?","M","R","BOSS","BOSS"],"items_purchased_type":["Relic","Card","Card","Relic","Relic","Potion","Relic","Potion","Potion","Relic","Relic"],"build_version":"2020-12-18","purchased_purges":3,"victory":true,"max_hp_per_floor":[73,73,73,73,73,73,73,73,73,73,73,73,73,73,73,73,73,73,73,73,73,73,73,73,73,73,80,80,80,80,80,80,80,80,80,80,80,80,76,76,76,76,76,76,76,76,76,76,76,76,76],"card_choices":[{"not_picked":["JustLucky","EmptyBody"],"picked":"Prostrate","floor":0.0},{"not_picked":["ClearTheMind","Consecrate"],"picked":"Prostrate","floor":1.0},{"not_picked":["CrushJoints","Tantrum"],"picked":"JustLucky","floor":4.0},{"not_picked":["ReachHeaven","DeceiveReality"],"picked":"ClearTheMind","floor":5.0},{"not_picked":["WreathOfFlame","FollowUp"],"picked":"Scrawl","floor":6.0},{"not_picked":["ThirdEye","Tantrum"],"picked":"FearNoEvil","floor":10.0},{"not_picked":["Meditate","Pray"],"picked":"CutThroughFate","floor":11.0},{"not_picked":["SashWhip","Tantrum"],"picked":"WindmillStrike","floor":13.0},{"not_picked":["DeusExMachina","Vault"],"picked":"Brilliance","floor":16.0},{"not_picked":["BowlingBash","EmptyMind"],"picked":"WheelKick","floor":18.0},{"not_picked":["Crescendo","LikeWater"],"picked":"WheelKick+1","floor":19.0},{"not_picked":["Indignation","BowlingBash"],"picked":"Halt","floor":21.0},{"not_picked":["FlyingSleeves","Swivel+1"],"picked":"Prostrate","floor":24.0},{"not_picked":["PathToVictory","CrushJoints","BowlingBash"],"picked":"SKIP","floor":25.0},{"not_picked":["CutThroughFate","EmptyMind"],"picked":"ThirdEye+1","floor":28.0},{"not_picked":["BattleHymn","FlyingSleeves"],"picked":"Wallop","floor":30.0},{"not_picked":["CutThroughFate+1","Consecrate"],"picked":"Protect+1","floor":31.0},{"not_picked":["Omniscience","Wish"],"picked":"Brilliance","floor":33.0},{"not_picked":["Consecrate","JustLucky+1","InnerPeace"],"picked":"SKIP","floor":35.0},{"not_picked":["Flash of Steel","Deep Breath"],"picked":"The Bomb","floor":37.0},{"not_picked":["CutThroughFate","Adaptation","Weave"],"picked":"SKIP","floor":38.0},{"not_picked":["SandsOfTime","BowlingBash+1"],"picked":"Crescendo","floor":41.0},{"not_picked":["Weave+1","Indignation","FlurryOfBlows"],"picked":"SKIP","floor":44.0},{"not_picked":["JustLucky","FollowUp","DeusExMachina"],"picked":"SKIP","floor":48.0}],"player_experience":914587,"relics_obtained":[{"floor":6.0,"key":"Ancient Tea Set"},{"floor":9.0,"key":"Potion Belt"},{"floor":10.0,"key":"Bronze Scales"},{"floor":13.0,"key":"CloakClasp"},{"floor":14.0,"key":"StrikeDummy"},{"floor":22.0,"key":"Red Mask"},{"floor":26.0,"key":"Torii"},{"floor":28.0,"key":"Toy Ornithopter"},{"floor":43.0,"key":"Lizard Tail"}],"event_choices":[{"damage_healed":0.0,"max_hp_gain":0.0,"max_hp_loss":0.0,"gold_gain":75.0,"event_name":"World of Goop","player_choice":"Gather Gold","floor":2.0,"gold_loss":0.0,"damage_taken":11.0},{"damage_healed":0.0,"max_hp_gain":0.0,"max_hp_loss":0.0,"gold_gain":0.0,"event_name":"Accursed Blacksmith","player_choice":"Rummage","floor":3.0,"gold_loss":0.0,"damage_taken":0.0,"relics_obtained":["WarpedTongs"],"cards_obtained":["Pain"]},{"damage_healed":0.0,"max_hp_gain":0.0,"max_hp_loss":0.0,"gold_gain":0.0,"event_name":"Addict","player_choice":"Obtained Relic","floor":20.0,"gold_loss":85.0,"damage_taken":0.0,"relics_obtained":["Sundial"]},{"damage_healed":0.0,"max_hp_gain":0.0,"max_hp_loss":0.0,"gold_gain":0.0,"event_name":"Masked Bandits","player_choice":"Fought Bandits","floor":22.0,"gold_loss":0.0,"damage_taken":0.0},{"damage_healed":0.0,"max_hp_gain":0.0,"max_hp_loss":0.0,"gold_gain":222.0,"event_name":"Tomb of Lord Red Mask","player_choice":"Wore Mask","floor":36.0,"gold_loss":0.0,"damage_taken":0.0},{"damage_healed":0.0,"max_hp_gain":0.0,"max_hp_loss":0.0,"gold_gain":0.0,"event_name":"SensoryStone","player_choice":"Memory 1","floor":37.0,"gold_loss":0.0,"damage_taken":0.0},{"damage_healed":0.0,"max_hp_gain":0.0,"max_hp_loss":4.0,"gold_gain":0.0,"event_name":"Winding Halls","player_choice":"Max HP","floor":39.0,"gold_loss":0.0,"damage_taken":0.0}],"is_beta":true,"boss_relics":[{"not_picked":["Sozu","Coffee Dripper"],"picked":"SacredBark"},{"not_picked":["SlaversCollar","Astrolabe"],"picked":"Philosopher\u0027s Stone"}],"items_purged_floors":[8,27,45],"is_endless":false,"potions_floor_spawned":[5,6,13,18,21,22,30,33,41,48],"ascension_level":20}}