{"host":"u7y9frlpoazak2mn","time":1610851165,"event":{"mods":["2.2 Compatiblity","A Magickal Journey","Alarm Clock","Aspiration","Astrologer","Bard","BaseMod","Beaked The Cultist","Better Altar","Better Match","Better Note","Better Sensory Stone","Better Skull","Better Third Choice","Better-Laid Plans","BetterRewards","Chen","Colored Powertips","Conspire","Curses Come First","Dark Map","Displayed Cursed Tome","Downfall","Energized Spire","Fox Events","Friendly Minions","GifTheSpireLib","Glutton Mod","Halation","Hermit","Hubris","Infinite Spire","Jedi Mod","KinomotoSakuraMod(????)","Mad Scientist","Marisa????????","Mimic Mod","Minty Spire (QoL Compilation)","Prisma Mod","Random Character Button","Rare Cards Sparkle","Relic Stats","Retaliation","Robot Space Explorer","Shade Mod","Somnambulant","Spikes Relics","StS++","StSLib","Stuff the Spire","Td1madao Mod","The Administrix","The Blackbeard","The Blue Laboratory","The Construct","The Cursed","The Disciple","The Druid","The Forsaken","The Hierophant","The Judge","The Juggle","The Marked","The Mystic","The Necromancer","The Runesmith","The Servant 0.9.4","The Valiant","The Witch","TheSwordswoman","TheVacant","Transform Curses","Uncapped","Waifu the Spire","Wandering Minibosses","WarShipGirlsR/????R mod","Yohane!","vexMod"],"gold_per_floor":[115,69,69,82,96,96,112,187,187,187,202,214,214,232,232,232,232],"floor_reached":16,"language":"ENG","playtime":860,"items_purged":[],"score":94,"play_id":"346f7258-03fc-44bc-9c05-07368fc9d820","local_time":"20210116213925","is_ascension_mode":false,"campfire_choices":[{"data":"PrismaMod:ChloeExhaustOne","floor":6,"key":"SMITH"},{"data":"PrismaMod:ChloeExhaustOne","floor":10,"key":"SMITH"},{"floor":13,"key":"REST"},{"data":"infinitespire:TheBestDefense","floor":15,"key":"SMITH"}],"circlet_count":0,"master_deck":["PrismaMod:ChloeCommonAttack","PrismaMod:ChloeCommonAttack","PrismaMod:ChloeCommonAttack","PrismaMod:ChloeCommonAttack","PrismaMod:ChloeCommonAttack","PrismaMod:ChloeCommonDefend","PrismaMod:ChloeCommonDefend","PrismaMod:ChloeCommonDefend","PrismaMod:ChloeCommonDefend","PrismaMod:ChloeCommonDefend","PrismaMod:ChloeCheapAttack","PrismaMod:ChloeCheapDefend","PrismaMod:ChloeCheapAttack","PrismaMod:ChloeCheapAttack","infinitespire:TheBestDefense+1","PrismaMod:ChloeEyeOfTheEuryale","PrismaMod:ChloeExhaustOne+1","PrismaMod:ChloeExhaustOne+1","PrismaMod:ChloeRuleBreaker","PrismaMod:ChloeMordred","PrismaMod:ChloeCheapAttackTwo"],"relics":["PrismaMod:PrismaTraceOn","NeowsBlessing","SpikesRelics:ToyHorsey"],"acts_visited":["Exordium"],"potions_floor_usage":[11],"damage_taken":[{"damage":0,"enemies":"Jaw Worm","floor":1,"turns":1},{"damage":0,"enemies":"Cultist","floor":4,"turns":1},{"damage":0,"enemies":"Small Slimes","floor":5,"turns":1},{"damage":0,"enemies":"Blue Slaver","floor":7,"turns":2},{"damage":43,"enemies":"3 Louse","floor":11,"turns":9},{"damage":0,"enemies":"2 Fungi Beasts","floor":12,"turns":3},{"damage":2,"enemies":"Red Slaver","floor":14,"turns":3},{"damage":28,"enemies":"The Guardian","floor":16,"turns":6}],"seed_played":"4069687519546009660","potions_obtained":[{"floor":1,"key":"blueLaboratory:FrostheartPotion"},{"floor":12,"key":"SteroidPotion"},{"floor":14,"key":"blueLaboratory:BottleOfVodka"}],"is_trial":false,"path_per_floor":["M","$","?","M","M","R","M","?","T","R","M","M","R","M","R","B"],"character_chosen":"CHLOE","items_purchased":["PrismaMod:ChloeCheapAttack"],"campfire_rested":1,"item_purchase_floors":[2],"current_hp_per_floor":[75,75,58,58,58,58,58,51,51,51,8,8,30,28,28,0,0],"gold":232,"neow_bonus":"THREE_ENEMY_KILL","is_daily":false,"chose_seed":false,"campfire_upgraded":3,"win_rate":0.0,"timestamp":1610851165,"path_taken":["M","$","?","M","M","R","M","?","T","R","M","?","R","M","R","BOSS"],"items_purchased_type":["Card"],"build_version":"2020-12-22","purchased_purges":0,"victory":false,"max_hp_per_floor":[75,75,75,75,75,75,75,75,75,75,75,75,75,75,75,75,75],"relic_stats":{"counters":[8,26],"obtain_stats":[{"SpikesRelics:ToyHorsey":9,"NeowsBlessing":0,"PrismaMod:PrismaTraceOn":0},{"SpikesRelics:ToyHorsey":4,"NeowsBlessing":0,"PrismaMod:PrismaTraceOn":0},{"SpikesRelics:ToyHorsey":5,"NeowsBlessing":0,"PrismaMod:PrismaTraceOn":0}]},"card_choices":[{"not_picked":["PrismaMod:ChloeCaladbolg","PrismaMod:ChloeCommonAOEAttack"],"picked":"PrismaMod:ChloeCheapAttack","floor":1},{"not_picked":["infinitespire:DeathsTouch","infinitespire:Gouge"],"picked":"infinitespire:TheBestDefense","floor":3},{"not_picked":["PrismaMod:ChloeCheapDefendTwo","PrismaMod:ChloeCaladbolg"],"picked":"PrismaMod:ChloeEyeOfTheEuryale","floor":4},{"not_picked":["PrismaMod:ChloeCarnivalAOEAttack","PrismaMod:ChloeRitsuka"],"picked":"PrismaMod:ChloeExhaustOne","floor":5},{"not_picked":["PrismaMod:ChloeDemonicTutor","PrismaMod:ChloeCheapDefend"],"picked":"PrismaMod:ChloeExhaustOne","floor":7},{"not_picked":["PrismaMod:ChloeDiscardRecovery","PrismaMod:ChloeCheapAttackTwo"],"picked":"PrismaMod:ChloeRuleBreaker","floor":11},{"not_picked":["PrismaMod:ChloeDiscardRecovery","PrismaMod:ChloeCommonAOEAttack"],"picked":"PrismaMod:ChloeMordred","floor":12},{"not_picked":["PrismaMod:ChloeRuleBreaker","PrismaMod:ChloeUncommonAOEAttack"],"picked":"PrismaMod:ChloeCheapAttackTwo","floor":14}],"player_experience":358003,"relics_obtained":[{"floor":9,"key":"SpikesRelics:ToyHorsey"}],"event_choices":[{"damage_healed":0,"gold_gain":75,"player_choice":"Touch","damage_taken":7,"max_hp_gain":0,"max_hp_loss":0,"event_name":"FaceTrader","floor":8,"gold_loss":0}],"is_beta":false,"boss_relics":[],"items_purged_floors":[],"is_endless":false,"potions_floor_spawned":[1,12,14],"killed_by":"The Guardian","ascension_level":0}}