{"host":"1a3cjta80tad0aqj","time":1610886860,"event":{"mods":["2.2 Compatiblity","AchievementEnabler","BaseMod","Colored Map","DeckTracker","KOR Keyword Fix","Keyboard Shortcuts","Minty Spire (QoL Compilation)","Permanent Neow","Quick Restart","Random Character Button","StSLib","SuperFastMode","everything is the same but u backflip on backflip"],"gold_per_floor":[113,113,113,140,161,161,197,217,244,244,244,194,194,230,230,361,424,438,459,374,374,181,224,224,240,240,240,264,287,287,287,287,408,408,421,440,440,29,47,47,47],"floor_reached":40,"language":"KOR","playtime":1820,"items_purged":["Defend_P","Strike_P","Defend_P"],"score":755,"play_id":"64a2832e-06c8-4461-b3d4-1e05791130ab","local_time":"20210117213420","is_ascension_mode":true,"campfire_choices":[{"data":"Vigilance","floor":6.0,"key":"SMITH"},{"data":"ForeignInfluence","floor":11.0,"key":"SMITH"},{"data":"Tantrum","floor":15.0,"key":"SMITH"},{"data":"ClearTheMind","floor":24.0,"key":"SMITH"},{"data":"BowlingBash","floor":27.0,"key":"SMITH"},{"data":"SashWhip","floor":30.0,"key":"SMITH"},{"data":"FlurryOfBlows","floor":32.0,"key":"SMITH"}],"circlet_count":0,"master_deck":["AscendersBane","Strike_P","Strike_P+1","Strike_P+1","Defend_P","Defend_P","Eruption+1","Vigilance+1","InnerPeace+1","Tantrum+1","EmptyBody","ForeignInfluence+1","SashWhip+1","Vault+1","ClearTheMind+1","MentalFortress+1","FlurryOfBlows+1","BowlingBash+1","Blasphemy","Halt","Wallop","TalkToTheHand"],"relics":["PureWater","NeowsBlessing","Golden Idol","Smiling Mask","Torii","MealTicket","CloakClasp","Tiny House","Toy Ornithopter","TheAbacus","Boot","Eternal Feather","Regal Pillow","Sozu","Blood Vial","ClockworkSouvenir"],"acts_visited":["Exordium","TheCity","TheBeyond"],"potions_floor_usage":[40],"damage_taken":[{"damage":0.0,"enemies":"Small Slimes","floor":1.0,"turns":1.0},{"damage":0.0,"enemies":"2 Louse","floor":5.0,"turns":1.0},{"damage":0.0,"enemies":"Gremlin Nob","floor":7.0,"turns":1.0},{"damage":7.0,"enemies":"Jaw Worm","floor":8.0,"turns":4.0},{"damage":10.0,"enemies":"3 Sentries","floor":14.0,"turns":7.0},{"damage":0.0,"enemies":"Slime Boss","floor":16.0,"turns":4.0},{"damage":0.0,"enemies":"Spheric Guardian","floor":18.0,"turns":3.0},{"damage":1.0,"enemies":"Shell Parasite","floor":19.0,"turns":6.0},{"damage":27.0,"enemies":"Slavers","floor":23.0,"turns":9.0},{"damage":0.0,"enemies":"3 Cultists","floor":25.0,"turns":5.0},{"damage":1.0,"enemies":"Snake Plant","floor":28.0,"turns":4.0},{"damage":1.0,"enemies":"Snecko","floor":29.0,"turns":4.0},{"damage":65.0,"enemies":"Automaton","floor":33.0,"turns":10.0},{"damage":7.0,"enemies":"Orb Walker","floor":35.0,"turns":3.0},{"damage":13.0,"enemies":"3 Darklings","floor":36.0,"turns":5.0},{"damage":1.0,"enemies":"Writhing Mass","floor":39.0,"turns":6.0},{"damage":64,"enemies":"Giant Head","floor":40,"turns":9}],"seed_played":"3793141721699457024","potions_obtained":[{"floor":5.0,"key":"Weak Potion"},{"floor":14.0,"key":"PowerPotion"},{"floor":16.0,"key":"BottledMiracle"},{"floor":23.0,"key":"SneckoOil"},{"floor":29.0,"key":"Block Potion"},{"floor":33.0,"key":"StancePotion"}],"is_trial":false,"path_per_floor":["M","?","?","T","M","R","E","M","T","?","R","$","?","E","R","B",null,"M","M","?","?","$","E","R","M","T","R","M","M","R","T","R","B",null,"M","M","?","$","M","E"],"character_chosen":"WATCHER","items_purchased":["TheAbacus","TalkToTheHand","Blood Vial","ClockworkSouvenir"],"campfire_rested":0,"item_purchase_floors":[22,38,38,38],"current_hp_per_floor":[65,65,47,47,47,47,47,40,40,26,26,41,41,31,31,31,67,67,66,66,66,77,55,55,60,60,69,68,67,76,76,77,12,61,54,41,41,56,57,0,0],"gold":47,"neow_bonus":"THREE_ENEMY_KILL","is_daily":false,"chose_seed":false,"campfire_upgraded":7,"win_rate":0.0,"timestamp":1610886860,"path_taken":["M","?","?","?","M","R","E","M","T","?","R","$","?","E","R","BOSS","M","M","?","?","$","E","R","M","T","R","?","M","R","?","R","BOSS","M","M","?","$","M","E"],"items_purchased_type":["Relic","Card","Relic","Relic"],"build_version":"2020-12-22","purchased_purges":3,"victory":false,"max_hp_per_floor":[72,72,72,72,72,72,72,72,72,72,72,72,72,72,72,72,77,77,77,77,77,77,77,77,77,77,77,77,77,77,77,77,77,77,77,77,77,77,77,77,77],"card_choices":[{"not_picked":["Protect","ClearTheMind"],"picked":"InnerPeace","floor":1.0},{"not_picked":["SandsOfTime","Swivel"],"picked":"Tantrum","floor":5.0},{"not_picked":["Devotion","Study"],"picked":"EmptyBody","floor":7.0},{"not_picked":["Evaluate","WheelKick"],"picked":"ForeignInfluence","floor":8.0},{"not_picked":["Consecrate","EmptyFist"],"picked":"SashWhip","floor":14.0},{"not_picked":["MasterReality","Blasphemy"],"picked":"Vault","floor":16.0},{"not_picked":["Perseverance","DeceiveReality"],"picked":"ClearTheMind","floor":17.0},{"not_picked":["Wireheading","CutThroughFate"],"picked":"MentalFortress+1","floor":18.0},{"not_picked":["ClearTheMind","Consecrate","EmptyFist"],"picked":"SKIP","floor":19.0},{"not_picked":["ClearTheMind","Consecrate","EmptyFist"],"picked":"SKIP","floor":19.0},{"not_picked":["JustLucky","Protect"],"picked":"FlurryOfBlows","floor":23.0},{"not_picked":["Pray","MasterReality"],"picked":"BowlingBash","floor":25.0},{"not_picked":["Vengeance+1","CrushJoints","Protect"],"picked":"SKIP","floor":28.0},{"not_picked":["EmptyFist","FlyingSleeves+1","Prostrate"],"picked":"SKIP","floor":29.0},{"not_picked":["Devotion","Alpha"],"picked":"Blasphemy","floor":33.0},{"not_picked":["ClearTheMind+1","Study"],"picked":"Halt","floor":35.0},{"not_picked":["JustLucky+1","Conclude"],"picked":"Wallop","floor":36.0},{"not_picked":["Weave+1","Study","EmptyFist+1"],"picked":"SKIP","floor":39.0}],"player_experience":707837,"relics_obtained":[{"floor":4.0,"key":"Smiling Mask"},{"floor":7.0,"key":"Torii"},{"floor":9.0,"key":"MealTicket"},{"floor":14.0,"key":"CloakClasp"},{"floor":23.0,"key":"Boot"},{"floor":26.0,"key":"Eternal Feather"},{"floor":31.0,"key":"Regal Pillow"}],"event_choices":[{"damage_healed":0.0,"max_hp_gain":0.0,"max_hp_loss":0.0,"gold_gain":0.0,"event_name":"Living Wall","player_choice":"Grow","floor":2.0,"gold_loss":0.0,"damage_taken":0.0,"cards_upgraded":["Eruption"]},{"damage_healed":0.0,"max_hp_gain":0.0,"max_hp_loss":0.0,"gold_gain":0.0,"event_name":"Golden Idol","player_choice":"Take Damage","floor":3.0,"gold_loss":0.0,"damage_taken":18.0,"relics_obtained":["Golden Idol"]},{"damage_healed":0.0,"max_hp_gain":0.0,"max_hp_loss":0.0,"gold_gain":0.0,"event_name":"Shining Light","player_choice":"Entered Light","floor":10.0,"gold_loss":0.0,"damage_taken":14.0,"cards_upgraded":["InnerPeace","Strike_P"]},{"damage_healed":0.0,"max_hp_gain":0.0,"max_hp_loss":0.0,"gold_gain":0.0,"event_name":"Liars Game","player_choice":"Ignored","floor":13.0,"gold_loss":0.0,"damage_taken":0.0},{"damage_healed":0.0,"max_hp_gain":0.0,"max_hp_loss":0.0,"gold_gain":0.0,"event_name":"Addict","player_choice":"Obtained Relic","floor":20.0,"gold_loss":85.0,"damage_taken":0.0,"relics_obtained":["Toy Ornithopter"]},{"damage_healed":0.0,"max_hp_gain":0.0,"max_hp_loss":0.0,"gold_gain":0.0,"event_name":"Upgrade Shrine","player_choice":"Upgraded","floor":21.0,"gold_loss":0.0,"damage_taken":0.0,"cards_upgraded":["Vault"]},{"damage_healed":0.0,"max_hp_gain":0.0,"max_hp_loss":0.0,"gold_gain":0.0,"event_name":"Mysterious Sphere","player_choice":"Ignored","floor":37.0,"gold_loss":0.0,"damage_taken":0.0}],"is_beta":false,"boss_relics":[{"not_picked":["SacredBark","Snecko Eye"],"picked":"Tiny House"},{"not_picked":["Fusion Hammer","SlaversCollar"],"picked":"Sozu"}],"items_purged_floors":[12,22,38],"is_endless":false,"potions_floor_spawned":[5,14,16,19,23,29,33,35,36,39],"killed_by":"Giant Head","ascension_level":11}}