{"host":"i7jfea87xc8lz16p","time":1610926399,"event":{"mods":["AchievementEnabler","BaseMod","Colored Powertips","Minty Spire (QoL Compilation)","Relic Stats"],"gold_per_floor":[110,125,125,144,155,155,26,61,61,61,61,81,156,187,187,259,259,273,291,291,291,291,291],"floor_reached":22,"language":"ENG","playtime":828,"items_purged":["Strike_R"],"score":413,"play_id":"d88d43f5-ad7f-40a9-a87d-90ccf0bc8ed4","local_time":"20210118003319","is_ascension_mode":true,"campfire_choices":[{"data":"Bash","floor":6,"key":"SMITH"},{"data":"Anger","floor":11,"key":"SMITH"},{"floor":15,"key":"REST"}],"circlet_count":0,"master_deck":["AscendersBane","Defend_R","Defend_R","Defend_R","Defend_R","Bash+1","Feel No Pain","Pommel Strike","Anger+1","Ghostly Armor","Shrug It Off","Second Wind","Impervious","Body Slam+1","Clothesline","True Grit","Bite","Bite","Bite","Bite","Bite"],"relics":["Busted Crown","Meat on the Bone","Gambling Chip","Turnip","SlaversCollar"],"acts_visited":["Exordium","TheCity"],"potions_floor_usage":[8,16,22],"damage_taken":[{"damage":5,"enemies":"Small Slimes","floor":1,"turns":3},{"damage":1,"enemies":"Cultist","floor":2,"turns":4},{"damage":0,"enemies":"2 Louse","floor":4,"turns":3},{"damage":6,"enemies":"Blue Slaver","floor":5,"turns":4},{"damage":16,"enemies":"Gremlin Nob","floor":8,"turns":4},{"damage":2,"enemies":"3 Louse","floor":12,"turns":4},{"damage":3,"enemies":"3 Sentries","floor":14,"turns":10},{"damage":35,"enemies":"Slime Boss","floor":16,"turns":11},{"damage":28,"enemies":"3 Byrds","floor":18,"turns":8},{"damage":7,"enemies":"Spheric Guardian","floor":19,"turns":6},{"damage":56,"enemies":"Masked Bandits","floor":22,"turns":4}],"seed_played":"-4231280090191996160","potions_obtained":[{"floor":1,"key":"ElixirPotion"},{"floor":14,"key":"DistilledChaos"},{"floor":16,"key":"PowerPotion"},{"floor":18,"key":"Energy Potion"},{"floor":19,"key":"Block Potion"}],"is_trial":false,"path_per_floor":["M","M","?","M","M","R","$","E","T","?","R","M","?","E","R","B",null,"M","M","?","?","?"],"character_chosen":"IRONCLAD","items_purchased":["Shrug It Off"],"campfire_rested":1,"item_purchase_floors":[7],"current_hp_per_floor":[63,62,62,62,56,56,56,40,40,40,40,38,27,36,58,35,65,49,42,42,42,0,0],"gold":291,"neow_bonus":"BOSS_RELIC","is_daily":false,"chose_seed":false,"campfire_upgraded":2,"win_rate":0.0,"timestamp":1610926399,"path_taken":["M","M","?","M","?","R","$","E","T","?","R","M","?","E","R","BOSS","M","M","?","?","?"],"items_purchased_type":["Card"],"build_version":"2020-12-22","purchased_purges":1,"victory":false,"max_hp_per_floor":[75,75,75,75,75,75,75,75,75,75,75,75,75,75,75,75,75,75,75,75,52,52,52],"relic_stats":{"Busted Crown":20,"counters":[11,61],"Gambling Chip":[14],"Turnip":[8],"obtain_stats":[{"SlaversCollar":17,"Busted Crown":0,"Gambling Chip":9,"Turnip":14,"Burning Blood":0,"Meat on the Bone":8},{"SlaversCollar":8,"Busted Crown":0,"Gambling Chip":5,"Turnip":7,"Burning Blood":0,"Meat on the Bone":5},{"SlaversCollar":43,"Busted Crown":0,"Gambling Chip":18,"Turnip":32,"Burning Blood":0,"Meat on the Bone":18}],"Meat on the Bone":36},"card_choices":[{"not_picked":[],"picked":"Feel No Pain","floor":1},{"not_picked":[],"picked":"Pommel Strike","floor":2},{"not_picked":[],"picked":"Anger","floor":4},{"not_picked":[],"picked":"Ghostly Armor","floor":5},{"not_picked":["Fire Breathing"],"picked":"SKIP","floor":8},{"not_picked":["Sword Boomerang"],"picked":"SKIP","floor":12},{"not_picked":[],"picked":"Second Wind","floor":14},{"not_picked":[],"picked":"Impervious","floor":16},{"not_picked":[],"picked":"Body Slam+1","floor":18},{"not_picked":[],"picked":"Clothesline","floor":19}],"player_experience":1800076,"relics_obtained":[{"floor":8,"key":"Meat on the Bone"},{"floor":9,"key":"Gambling Chip"},{"floor":14,"key":"Turnip"}],"event_choices":[{"cards_removed":["Strike_R"],"damage_healed":0,"gold_gain":0,"player_choice":"Offered Basic","damage_taken":0,"max_hp_gain":0,"max_hp_loss":0,"event_name":"Bonfire Elementals","floor":3,"gold_loss":0},{"damage_healed":0,"gold_gain":0,"player_choice":"Ignored","damage_taken":0,"max_hp_gain":0,"max_hp_loss":0,"event_name":"Shining Light","floor":10,"gold_loss":0},{"damage_healed":0,"gold_gain":75,"player_choice":"Gather Gold","damage_taken":11,"max_hp_gain":0,"max_hp_loss":0,"event_name":"World of Goop","floor":13,"gold_loss":0},{"damage_healed":0,"gold_gain":0,"player_choice":"Read","damage_taken":0,"max_hp_gain":0,"max_hp_loss":0,"event_name":"The Library","floor":20,"gold_loss":0,"cards_obtained":["True Grit"]},{"damage_healed":0,"gold_gain":0,"player_choice":"Became a vampire","damage_taken":0,"max_hp_gain":0,"max_hp_loss":23,"event_name":"Vampires","floor":21,"gold_loss":0,"cards_obtained":["Bite","Bite","Bite","Bite","Bite"]},{"damage_healed":0,"gold_gain":0,"player_choice":"Fought Bandits","damage_taken":0,"max_hp_gain":0,"max_hp_loss":0,"event_name":"Masked Bandits","floor":22,"gold_loss":0}],"is_beta":false,"boss_relics":[{"not_picked":["Fusion Hammer","Tiny House"],"picked":"SlaversCollar"}],"items_purged_floors":[7],"is_endless":false,"potions_floor_spawned":[1,14,16,18,19],"killed_by":"Masked Bandits","ascension_level":20}}