{"host":"Rich","time":1610900899,"event":{"mods":["AchievementEnabler","BaseMod","Highlight Path","Minty Spire (QoL Compilation)","Relic Stats"],"gold_per_floor":[112,187,1,21,21,48,48,48,48],"floor_reached":8,"language":"ENG","playtime":356,"items_purged":["Pain"],"score":108,"play_id":"fa46c269-9012-45d4-853f-f19ec19871e5","local_time":"20210117112819","is_ascension_mode":true,"campfire_choices":[{"floor":7,"key":"REST"}],"circlet_count":0,"master_deck":["AscendersBane","Strike_G","Strike_G","Strike_G","Strike_G","Strike_G","Defend_G","Defend_G","Defend_G","Defend_G","Defend_G","Survivor","Neutralize","Blade Dance","Escape Plan","Leg Sweep","Well Laid Plans","Blade Dance","Storm of Steel+1","Crippling Poison"],"relics":["Ring of the Snake","Prayer Wheel","Bottled Tornado"],"acts_visited":["Exordium"],"potions_floor_usage":[],"damage_taken":[{"damage":12,"enemies":"Small Slimes","floor":1,"turns":5},{"damage":9,"enemies":"Jaw Worm","floor":4,"turns":5},{"damage":20,"enemies":"Lagavulin","floor":6,"turns":8},{"damage":12,"enemies":"3 Sentries","floor":8,"turns":7}],"seed_played":"-848499364300739052","potions_obtained":[],"is_trial":false,"path_per_floor":["M","?","$","M","?","E","R","E"],"character_chosen":"THE_SILENT","items_purchased":["Leg Sweep","Well Laid Plans"],"campfire_rested":1,"item_purchase_floors":[3,3],"current_hp_per_floor":[47,36,36,27,27,7,26,14,14],"gold":48,"neow_bonus":"ONE_RARE_RELIC","is_daily":false,"chose_seed":false,"campfire_upgraded":0,"win_rate":0.0,"timestamp":1610900899,"path_taken":["M","?","$","M","?","E","R","E"],"items_purchased_type":["Card","Card"],"build_version":"2020-12-18","purchased_purges":1,"victory":false,"max_hp_per_floor":[66,66,66,66,66,66,66,66,66],"relic_stats":{"counters":[4,25],"Prayer Wheel":2,"obtain_stats":[{"Prayer Wheel":0,"Bottled Tornado":6,"Ring of the Snake":0},{"Prayer Wheel":0,"Bottled Tornado":3,"Ring of the Snake":0},{"Prayer Wheel":0,"Bottled Tornado":18,"Ring of the Snake":0}],"Ring of the Snake":[8]},"card_choices":[{"not_picked":["Caltrops","Prepared"],"picked":"Blade Dance","floor":1},{"not_picked":["Flying Knee","Prepared"],"picked":"Escape Plan","floor":1},{"not_picked":["Infinite Blades","Outmaneuver"],"picked":"Blade Dance","floor":4},{"not_picked":["Prepared","Dagger Throw"],"picked":"Storm of Steel","floor":4},{"not_picked":["Bane","Slice"],"picked":"Crippling Poison","floor":6}],"player_experience":1994572,"relics_obtained":[{"floor":6,"key":"Bottled Tornado"}],"event_choices":[{"damage_healed":0,"gold_gain":75,"player_choice":"Gather Gold","damage_taken":11,"max_hp_gain":0,"max_hp_loss":0,"event_name":"World of Goop","floor":2,"gold_loss":0},{"damage_healed":0,"gold_gain":0,"player_choice":"Forge","damage_taken":0,"max_hp_gain":0,"max_hp_loss":0,"event_name":"Accursed Blacksmith","floor":5,"gold_loss":0,"cards_upgraded":["Storm of Steel"]}],"is_beta":true,"boss_relics":[],"items_purged_floors":[3],"is_endless":false,"potions_floor_spawned":[],"killed_by":"3 Sentries","ascension_level":20}}