{"host":"yblq3p6acu4d7asa","time":1610906019,"event":{"mods":["AchievementEnabler","Act Like it!","Aspiration","BaseMod","Colored Map","Hermit","Highlight Path","Jedi Mod","Minty Spire (QoL Compilation)","Replay The Spire","Shop Mod","StSLib","The Mystic"],"gold_per_floor":[115,125,125,50,50,50,50,84,110,10,21,33,33,33,33,33,33],"floor_reached":16,"language":"RUS","playtime":1048,"items_purged":["hermit:Defend_Hermit","hermit:Defend_Hermit"],"score":103,"play_id":"d18c6cdc-7b68-4136-9241-e9dd32b879ac","local_time":"20210117205339","is_ascension_mode":true,"campfire_choices":[{"floor":6,"key":"REST"},{"floor":15,"key":"REST"}],"circlet_count":0,"master_deck":["hermit:Strike_Hermit+1","hermit:Strike_Hermit","hermit:Strike_Hermit","hermit:Strike_Hermit+1","hermit:Defend_Hermit","hermit:Defend_Hermit","hermit:Snapshot","hermit:Feint","hermit:Feint","hermit:Quickdraw","Injury"],"relics":["hermit:Momento","Gremlin Food","aspiration:ChemicalBlood","Golden Idol"],"acts_visited":["Exordium"],"potions_floor_usage":[16,16,16],"damage_taken":[{"damage":0,"enemies":"Small Slimes","floor":1,"turns":3},{"damage":1,"enemies":"Jaw Worm","floor":2,"turns":4},{"damage":45,"enemies":"3 Sentries","floor":8,"turns":10},{"damage":0,"enemies":"Cultist","floor":11,"turns":3},{"damage":5,"enemies":"Exordium Wildlife","floor":12,"turns":4},{"damage":73,"enemies":"Fading Forest","floor":16,"turns":7}],"seed_played":"4455185041834382610","potions_obtained":[{"floor":1,"key":"SneckoOil"},{"floor":2,"key":"Block Potion"},{"floor":8,"key":"Toxic Potion"}],"is_trial":false,"path_per_floor":["M","M","?","$","?","R","$","E","T","$","M","M","?","?","R","B"],"character_chosen":"HERMIT","items_purchased":[],"campfire_rested":2,"item_purchase_floors":[],"current_hp_per_floor":[82,81,81,81,81,82,82,37,37,37,37,32,32,37,63,0,0],"gold":33,"neow_bonus":"TEN_PERCENT_HP_BONUS","is_daily":false,"chose_seed":false,"campfire_upgraded":0,"win_rate":0.0,"timestamp":1610906019,"path_taken":["M","M","?","?","?","R","$","E","T","$","?","M","?","?","R","BOSS"],"items_purchased_type":[],"build_version":"2020-12-22","purchased_purges":2,"victory":false,"max_hp_per_floor":[82,82,82,82,82,82,82,82,82,82,82,82,82,87,87,87,87],"card_choices":[{"not_picked":["hermit:Manifest","hermit:Brawl"],"picked":"hermit:Feint","floor":1},{"not_picked":["hermit:BodyArmor","hermit:Manifest","hermit:Brawl"],"picked":"SKIP","floor":2},{"not_picked":["hermit:LoneWolf","hermit:Quickdraw"],"picked":"hermit:Feint","floor":8},{"not_picked":["hermit:SprayPray","hermit:Ricochet"],"picked":"hermit:Quickdraw","floor":11},{"not_picked":["hermit:Coalescence","hermit:FlashPowder","hermit:CalledShot"],"picked":"SKIP","floor":12}],"player_experience":8308,"relics_obtained":[{"floor":8,"key":"Gremlin Food"},{"floor":9,"key":"aspiration:ChemicalBlood"}],"event_choices":[{"cards_removed":["hermit:Covet"],"damage_healed":0,"gold_gain":0,"player_choice":"Offered Basic","damage_taken":0,"max_hp_gain":0,"max_hp_loss":0,"event_name":"Bonfire Elementals","floor":5,"gold_loss":0},{"damage_healed":0,"gold_gain":0,"player_choice":"Take Wound","damage_taken":0,"relics_obtained":["Golden Idol"],"max_hp_gain":0,"max_hp_loss":0,"event_name":"Golden Idol","floor":13,"gold_loss":0,"cards_obtained":["Injury"]},{"damage_healed":0,"gold_gain":0,"player_choice":"Donut","damage_taken":0,"max_hp_gain":5,"max_hp_loss":0,"event_name":"Big Fish","floor":14,"gold_loss":0}],"is_beta":false,"boss_relics":[],"items_purged_floors":[4,10],"is_endless":false,"potions_floor_spawned":[1,2,8],"killed_by":"Fading Forest","ascension_level":1}}