{"host":"dlqyscxstsnu98l1","time":1610898273,"event":{"mods":["AchievementEnabler","BaseMod","Bestiary","Colored Map","Colored Powertips","Conspire","GifTheSpireLib","Highlight Path","Minty Spire (QoL Compilation)","Random Character Button","Replay The Spire","SacredBarkPlus","StSLib"],"gold_per_floor":[118,129,140,90,105,136,136,147,173,173,186,186,221,235,235,235,235],"floor_reached":16,"language":"ENG","playtime":700,"items_purged":[],"score":150,"play_id":"bf34963f-9278-458c-81bb-5a5089fa08bb","local_time":"20210117094433","is_ascension_mode":true,"campfire_choices":[{"data":"Brutality","floor":7,"key":"SMITH"},{"data":"Uppercut","floor":10,"key":"SMITH"},{"data":"Heavy Blade","floor":12,"key":"SMITH"},{"floor":15,"key":"REST"}],"circlet_count":0,"master_deck":["Strike_R","Strike_R","Strike_R","Strike_R","Strike_R","Defend_R","Defend_R","Defend_R","Defend_R","Bash","Pommel Strike","Uppercut+1","Shrug It Off","Entrench","Brutality+1","Inflame","Heavy Blade+1"],"relics":["Burning Blood","ReplayTheSpireMod:Ninjato","Orichalcum","Boot"],"acts_visited":["Exordium"],"potions_floor_usage":[6,6,16,16],"damage_taken":[{"damage":8,"enemies":"2 Louse","floor":1,"turns":3},{"damage":3,"enemies":"Small Slimes","floor":2,"turns":4},{"damage":6,"enemies":"Cultist","floor":3,"turns":3},{"damage":7,"enemies":"2 Fungi Beasts","floor":5,"turns":4},{"damage":43,"enemies":"Lagavulin","floor":6,"turns":7},{"damage":8,"enemies":"Blue Slaver","floor":8,"turns":5},{"damage":36,"enemies":"Gremlin Gang","floor":11,"turns":6},{"damage":12,"enemies":"Gremlin Nob","floor":13,"turns":4},{"damage":9,"enemies":"3 Louse","floor":14,"turns":4},{"damage":28,"enemies":"Slime Boss","floor":16,"turns":7}],"seed_played":"6135875825477130253","potions_obtained":[{"floor":2,"key":"Adrenaline Potion"},{"floor":3,"key":"Block Potion"},{"floor":6,"key":"Weak Potion"},{"floor":11,"key":"FairyPotion"},{"floor":14,"key":"AttackPotion"}],"is_trial":false,"path_per_floor":["M","M","M","?","M","E","R","M","T","R","M","R","E","M","R","B"],"character_chosen":"IRONCLAD","items_purchased":[],"campfire_rested":1,"item_purchase_floors":[],"current_hp_per_floor":[94,96,96,96,95,58,58,56,56,56,26,26,20,17,45,17,17],"gold":235,"neow_bonus":"TWENTY_PERCENT_HP_BONUS","is_daily":false,"chose_seed":false,"campfire_upgraded":3,"win_rate":0.0,"timestamp":1610898273,"path_taken":["M","M","M","?","M","E","R","M","T","R","M","R","E","M","R","BOSS"],"items_purchased_type":[],"build_version":"2020-12-22","purchased_purges":0,"victory":false,"max_hp_per_floor":[96,96,96,96,96,96,96,96,96,96,96,96,96,96,96,96,96],"card_choices":[{"not_picked":["Defy Death","Twin Strike"],"picked":"Pommel Strike","floor":1},{"not_picked":["Clash","Fire Breathing"],"picked":"Uppercut","floor":2},{"not_picked":["Metallicize","True Grit"],"picked":"Shrug It Off","floor":3},{"not_picked":["Clash","Body Slam"],"picked":"Entrench","floor":5},{"not_picked":["Bloodletting","ReplayTheSpireMod:LeadingStrike"],"picked":"Brutality","floor":6},{"not_picked":["Armaments","Life Link"],"picked":"Inflame","floor":8},{"not_picked":["Replay:Undeath\u0027s Touch","ReplayTheSpireMod:LeadingStrike"],"picked":"Heavy Blade","floor":11},{"not_picked":["Armaments","Entrench","Pommel Strike"],"picked":"SKIP","floor":13},{"not_picked":["Wild Strike","Clash","Sever Soul"],"picked":"SKIP","floor":14}],"player_experience":78217,"relics_obtained":[{"floor":6,"key":"ReplayTheSpireMod:Ninjato"},{"floor":9,"key":"Orichalcum"},{"floor":13,"key":"Boot"}],"event_choices":[{"cards_removed":["Voices"],"damage_healed":0,"gold_gain":0,"player_choice":"Card Removal","damage_taken":0,"max_hp_gain":0,"max_hp_loss":0,"event_name":"The Cleric","floor":4,"gold_loss":50}],"is_beta":false,"boss_relics":[],"items_purged_floors":[],"is_endless":false,"potions_floor_spawned":[2,3,6,11,14],"killed_by":"Slime Boss","ascension_level":2}}