{"host":"d3fm6keu3sh33msm","time":1610922501,"event":{"mods":["2.2 Compatiblity","AchievementEnabler","BaseMod","Best Route Mod","Bestiary","Better Note","Better Third Choice","Block Reminder","Colored Map","Colored Powertips","Dark Map","DeckTracker","Displayed Cursed Tome","Filter the Spire","Highlight Path","Minty Spire (QoL Compilation)","Quick Restart","Random Character Button","Rare Cards Sparkle","Relic Stats","Slay-I","Spicy Shops","StSLib"],"gold_per_floor":[110,110,110,126,126,126,156,106,131,151,162,14,14,27,27,132,132,142,158,158,175,188,188,222,222,222,222,238,266,278,320,332,441,453,481,64,0,0,0,0,16,45,92,126,126,139,139,139,139,139,139,139,19,51,51,51],"floor_reached":55,"language":"ENG","playtime":5068,"items_purged":["Bash","Decay"],"score":881,"play_id":"e2401d69-14e9-41d1-99a8-5747b5e685d2","local_time":"20210117222821","is_ascension_mode":false,"campfire_choices":[{"floor":6.0,"key":"REST"},{"data":"Armaments","floor":13.0,"key":"SMITH"},{"data":"Metallicize","floor":15.0,"key":"SMITH"},{"floor":23.0,"key":"REST"},{"floor":25.0,"key":"REST"},{"data":"Limit Break","floor":27.0,"key":"SMITH"},{"floor":30.0,"key":"REST"},{"floor":32.0,"key":"REST"},{"floor":40.0,"key":"RECALL"},{"floor":47.0,"key":"REST"},{"floor":49.0,"key":"REST"},{"floor":52,"key":"REST"}],"circlet_count":0,"master_deck":["Strike_R","Strike_R","Strike_R","Strike_R","Strike_R","Defend_R","Defend_R","Defend_R","Defend_R","Spot Weakness","Anger","Armaments+1","Shrug It Off","Metallicize+1","Limit Break+1","Metallicize+1","Clothesline","Heavy Blade+1","Shockwave+1","Rage+1","Metallicize+1","Twin Strike+1","Inflame","Dramatic Entrance","Shrug It Off+1","Metallicize"],"relics":["Black Star","Orichalcum","Vajra","Darkstone Periapt","Red Skull","Juzu Bracelet","Lantern","Philosopher\u0027s Stone","StrikeDummy","Bag of Marbles","Toxic Egg 2","Mummified Hand","MawBank","Boot","Unceasing Top","Fusion Hammer","DollysMirror","Kunai","Brimstone","Red Mask","Pen Nib","HornCleat","Pear","Turnip","Happy Flower","Akabeko"],"acts_visited":["Exordium","TheCity","TheBeyond","TheEnding"],"potions_floor_usage":[50,54,54,55],"damage_taken":[{"damage":0.0,"enemies":"Small Slimes","floor":1.0,"turns":5.0},{"damage":9.0,"enemies":"Jaw Worm","floor":4.0,"turns":4.0},{"damage":5.0,"enemies":"Gremlin Nob","floor":7.0,"turns":4.0},{"damage":0.0,"enemies":"2 Louse","floor":10.0,"turns":2.0},{"damage":0.0,"enemies":"Blue Slaver","floor":11.0,"turns":3.0},{"damage":0.0,"enemies":"Large Slime","floor":14.0,"turns":6.0},{"damage":17.0,"enemies":"The Guardian","floor":16.0,"turns":9.0},{"damage":12.0,"enemies":"Shell Parasite","floor":18.0,"turns":6.0},{"damage":9.0,"enemies":"Chosen","floor":19.0,"turns":6.0},{"damage":8.0,"enemies":"Shelled Parasite and Fungi","floor":21.0,"turns":5.0},{"damage":19.0,"enemies":"Snake Plant","floor":22.0,"turns":3.0},{"damage":23.0,"enemies":"Slavers","floor":24.0,"turns":7.0},{"damage":4.0,"enemies":"Cultist and Chosen","floor":28.0,"turns":5.0},{"damage":10.0,"enemies":"Book of Stabbing","floor":29.0,"turns":5.0},{"damage":12.0,"enemies":"Slavers","floor":31.0,"turns":5.0},{"damage":59.0,"enemies":"Automaton","floor":33.0,"turns":11.0},{"damage":2.0,"enemies":"Orb Walker","floor":35.0,"turns":3.0},{"damage":5.0,"enemies":"3 Shapes","floor":41.0,"turns":2.0},{"damage":0.0,"enemies":"Giant Head","floor":42.0,"turns":6.0},{"damage":15.0,"enemies":"Reptomancer","floor":44.0,"turns":5.0},{"damage":6.0,"enemies":"Sphere and 2 Shapes","floor":46.0,"turns":3.0},{"damage":28,"enemies":"Donu and Deca","floor":50,"turns":6},{"damage":16,"enemies":"Shield and Spear","floor":54,"turns":5},{"damage":98,"enemies":"The Heart","floor":55,"turns":6}],"seed_played":"-134070338442244905","potions_obtained":[{"floor":1.0,"key":"ColorlessPotion"},{"floor":7.0,"key":"FearPotion"},{"floor":10.0,"key":"DistilledChaos"},{"floor":16.0,"key":"GamblersBrew"},{"floor":19.0,"key":"SteroidPotion"},{"floor":22.0,"key":"BloodPotion"},{"floor":24.0,"key":"FearPotion"},{"floor":28.0,"key":"Fire Potion"},{"floor":35.0,"key":"BloodPotion"},{"floor":41.0,"key":"Fire Potion"},{"floor":44.0,"key":"Dexterity Potion"}],"is_trial":false,"path_per_floor":["M","?","?","M","T","R","E","?","T","M","M","$","R","M","R","B",null,"M","M","?","M","M","R","E","R","T","R","M","E","R","E","R","B",null,"M","$","?","?","?","R","M","E","T","E","?","M","R","$","R","B",null,"R","$","E","B"],"character_chosen":"IRONCLAD","items_purchased":["Metallicize","DollysMirror","Kunai","Brimstone","PowerPotion","Metallicize"],"campfire_rested":8,"item_purchase_floors":[12,36,36,36,53,53],"current_hp_per_floor":[80,73,73,64,64,80,75,75,75,75,75,75,75,75,75,58,80,68,59,59,51,48,72,49,73,73,73,69,59,80,68,80,21,80,78,84,84,86,86,86,81,81,81,76,76,70,96,96,96,68,96,96,96,96,0,0],"gold":51,"neow_bonus":"BOSS_RELIC","is_daily":false,"chose_seed":false,"campfire_upgraded":3,"win_rate":0.0,"timestamp":1610922501,"path_taken":["M","?","?","M","?","R","E","?","T","M","M","$","R","M","R","BOSS","M","M","?","M","M","R","E","R","T","R","M","E","R","E","R","BOSS","M","$","?","?","?","R","M","E","T","E","?","M","R","$","R","BOSS","R","$","E","BOSS"],"items_purchased_type":["Card","Relic","Relic","Relic","Potion","Card"],"build_version":"2020-12-22","purchased_purges":2,"victory":false,"max_hp_per_floor":[80,80,80,80,80,80,80,80,80,80,80,80,80,80,80,80,80,80,80,80,80,80,80,80,80,80,80,80,80,80,80,80,80,80,80,86,86,86,86,86,86,86,86,96,96,96,96,96,96,96,96,96,96,96,96,96],"relic_stats":{"Darkstone Periapt":6,"Happy Flower":[2],"counters":[24,122],"Pen Nib":[5],"Juzu Bracelet":2,"Orichalcum":[168],"MawBank":84,"Boot":[2],"Mummified Hand":[31],"Turnip":[7],"Black Star":7,"Kunai":[12],"obtain_stats":[{"Darkstone Periapt":5,"Lantern":9,"Vajra":3,"Juzu Bracelet":7,"Boot":31,"Burning Blood":0,"HornCleat":42,"Mummified Hand":29,"DollysMirror":36,"Philosopher\u0027s Stone":17,"Fusion Hammer":34,"Red Mask":37,"Kunai":36,"Toxic Egg 2":26,"Red Skull":7,"Pear":44,"Happy Flower":54,"Pen Nib":42,"Orichalcum":2,"MawBank":29,"Akabeko":54,"Brimstone":36,"Turnip":44,"Black Star":0,"Bag of Marbles":24,"StrikeDummy":24,"Unceasing Top":31},{"Darkstone Periapt":2,"Lantern":3,"Vajra":1,"Juzu Bracelet":3,"Boot":15,"Burning Blood":0,"HornCleat":19,"Mummified Hand":14,"DollysMirror":17,"Philosopher\u0027s Stone":7,"Fusion Hammer":16,"Red Mask":17,"Kunai":17,"Toxic Egg 2":12,"Red Skull":3,"Pear":20,"Happy Flower":23,"Pen Nib":19,"Orichalcum":1,"MawBank":14,"Akabeko":23,"Brimstone":17,"Turnip":20,"Black Star":0,"Bag of Marbles":12,"StrikeDummy":12,"Unceasing Top":15},{"Darkstone Periapt":9,"Lantern":13,"Vajra":5,"Juzu Bracelet":13,"Boot":75,"Burning Blood":0,"HornCleat":97,"Mummified Hand":70,"DollysMirror":89,"Philosopher\u0027s Stone":33,"Fusion Hammer":86,"Red Mask":89,"Kunai":89,"Toxic Egg 2":60,"Red Skull":13,"Pear":102,"Happy Flower":116,"Pen Nib":97,"Orichalcum":5,"MawBank":70,"Akabeko":116,"Brimstone":89,"Turnip":102,"Black Star":0,"Bag of Marbles":60,"StrikeDummy":60,"Unceasing Top":75}],"Unceasing Top":[39]},"card_choices":[{"not_picked":["Ghostly Armor","Flex"],"picked":"Spot Weakness","floor":1.0},{"not_picked":["Body Slam","Headbutt"],"picked":"Flex","floor":4.0},{"not_picked":["Infernal Blade","Entrench"],"picked":"Anger","floor":7.0},{"not_picked":["Body Slam","True Grit"],"picked":"Armaments","floor":10.0},{"not_picked":["Power Through","Cleave"],"picked":"Shrug It Off","floor":11.0},{"not_picked":["Bloodletting","Impervious","Pommel Strike"],"picked":"SKIP","floor":14.0},{"not_picked":["Reaper","Bludgeon"],"picked":"Limit Break","floor":16.0},{"not_picked":["Hemokinesis","Armaments","Seeing Red"],"picked":"SKIP","floor":18.0},{"not_picked":["Anger+1","Headbutt","Entrench+1"],"picked":"SKIP","floor":19.0},{"not_picked":["Ghostly Armor+1","Thunderclap+1"],"picked":"Clothesline","floor":21.0},{"not_picked":["Iron Wave","Combust+1","Clash"],"picked":"SKIP","floor":22.0},{"not_picked":["Warcry","Battle Trance"],"picked":"Heavy Blade+1","floor":24.0},{"not_picked":["Demon Form","Heavy Blade","Body Slam"],"picked":"SKIP","floor":28.0},{"not_picked":["Clash","Feel No Pain+1"],"picked":"Shockwave+1","floor":29.0},{"not_picked":["Rampage","Clothesline","Ghostly Armor+1"],"picked":"SKIP","floor":31.0},{"not_picked":["Thunderclap+1","Ghostly Armor+1"],"picked":"Rage+1","floor":35.0},{"not_picked":["Cleave","Evolve+1","Warcry+1"],"picked":"SKIP","floor":41.0},{"not_picked":["Sever Soul+1","Iron Wave","Clash+1"],"picked":"SKIP","floor":42.0},{"not_picked":["Sword Boomerang+1","Clash"],"picked":"Twin Strike+1","floor":44.0},{"not_picked":["Infernal Blade+1","Armaments+1"],"picked":"Shrug It Off+1","floor":46.0},{"not_picked":["Sword Boomerang+1","Armaments+1","Thunderclap+1"],"picked":"SKIP","floor":54}],"player_experience":169924,"relics_obtained":[{"floor":5.0,"key":"Darkstone Periapt"},{"floor":7.0,"key":"Red Skull"},{"floor":7.0,"key":"Juzu Bracelet"},{"floor":9.0,"key":"Lantern"},{"floor":24.0,"key":"StrikeDummy"},{"floor":24.0,"key":"Bag of Marbles"},{"floor":26.0,"key":"Toxic Egg 2"},{"floor":29.0,"key":"Mummified Hand"},{"floor":29.0,"key":"MawBank"},{"floor":31.0,"key":"Boot"},{"floor":31.0,"key":"Unceasing Top"},{"floor":42.0,"key":"Pen Nib"},{"floor":42.0,"key":"HornCleat"},{"floor":44.0,"key":"Pear"},{"floor":44.0,"key":"Turnip"},{"floor":54,"key":"Happy Flower"},{"floor":54,"key":"Akabeko"}],"event_choices":[{"damage_healed":0.0,"max_hp_gain":0.0,"max_hp_loss":0.0,"gold_gain":0.0,"event_name":"betterThird:BetterScrap","player_choice":"Relic ","floor":2.0,"gold_loss":0.0,"damage_taken":7.0,"cards_obtained":["Reprogram"]},{"damage_healed":0.0,"max_hp_gain":0.0,"max_hp_loss":0.0,"gold_gain":0.0,"event_name":"Big Fish","player_choice":"Box","floor":3.0,"gold_loss":0.0,"damage_taken":0.0,"relics_obtained":["Vajra"],"cards_obtained":["Regret"]},{"cards_removed":["Regret"],"damage_healed":0.0,"max_hp_gain":0.0,"max_hp_loss":0.0,"gold_gain":0.0,"event_name":"The Cleric","player_choice":"Card Removal","floor":8.0,"gold_loss":50.0,"damage_taken":0.0},{"damage_healed":0.0,"max_hp_gain":0.0,"max_hp_loss":0.0,"gold_gain":0.0,"event_name":"Duplicator","player_choice":"Copied","floor":20.0,"gold_loss":0.0,"damage_taken":0.0,"cards_obtained":["Metallicize"]},{"damage_healed":0.0,"max_hp_gain":0.0,"max_hp_loss":0.0,"gold_gain":0.0,"event_name":"Tomb of Lord Red Mask","player_choice":"Paid","floor":37.0,"gold_loss":64.0,"damage_taken":0.0,"relics_obtained":["Red Mask"]},{"damage_healed":2.0,"max_hp_gain":0.0,"max_hp_loss":0.0,"gold_gain":0.0,"event_name":"Wheel of Change","player_choice":"Full Heal","floor":38.0,"gold_loss":0.0,"damage_taken":0.0},{"cards_removed":["Flex"],"damage_healed":0.0,"max_hp_gain":0.0,"max_hp_loss":0.0,"gold_gain":0.0,"event_name":"Falling","player_choice":"Removed Skill","floor":39.0,"gold_loss":0.0,"damage_taken":0.0},{"damage_healed":0.0,"max_hp_gain":0.0,"max_hp_loss":0.0,"gold_gain":0.0,"event_name":"Match and Keep!","player_choice":"2 cards matched","floor":45.0,"gold_loss":0.0,"damage_taken":0.0,"cards_obtained":["Inflame","Dramatic Entrance"]}],"is_beta":false,"boss_relics":[{"not_picked":["Mark of Pain","Snecko Eye"],"picked":"Philosopher\u0027s Stone"},{"not_picked":["Pandora\u0027s Box","Coffee Dripper"],"picked":"Fusion Hammer"}],"items_purged_floors":[12,36],"is_endless":false,"potions_floor_spawned":[1,7,10,16,19,22,24,28,35,41,44],"killed_by":"The Heart","ascension_level":0}}