{"host":"w8hyb6r2p1qw4rwx","time":1610874394,"event":{"mods":["Act Like it!","AlwaysNeverKeys","Ascension Reborn","Ascension Unlocker","Aspiration","BaseMod","Better Altar","Better Silent Start","Better Third Choice","Better-Laid Plans","BetterRewards","Block Reminder","Colored Map","Colored Powertips","Conspire","Dark Map","Defuse TimeMaze Blight","Disable Question Mark Monsters","Displayed Cursed Tome","Dota2Spire","Elementarium","Energized Spire","Evolution","Fox Events","GifTheSpireLib","Googly Eyes","Halation","HexUI Lib","Highlight Path","Hubris","Humility","Hyrulean Relics","Infinite Spire","Minty Spire (QoL Compilation)","Permanent Neow","RRrroohrrRGHHhhh!!","Random Character Button","Rare Cards Sparkle","Replay The Spire","Reworked Bosses","SacredBarkPlus","Shop Mod","Small Relic Pack","Spicy Shops","Spikes Relics","StSLib","Stuff the Spire","SuperFastMode","Uncapped","UnlockEverythingMod","slay the spire mod where everything is the same but ironclad has a cowboy hat"],"gold_per_floor":[110,122,122,135,154,154,154,154,154,165,193,193,193,37,37,134,134,150,150,166,166,179,204,223,236,236,48,48,58,58,84,84,186,186,218,218,245,272,305,359,402,444,444,491,558,558,3,19,19,19,19,19,0,25,25],"floor_reached":56,"language":"ENG","playtime":4639,"items_purged":["Dualcast","Strike_B"],"score":1458,"play_id":"6a4b1d18-12b1-4862-8272-1f9cb12b2b07","local_time":"20210117010634","is_ascension_mode":true,"campfire_choices":[{"data":"StuffTheSpire:Synthwave","floor":6.0,"key":"SMITH"},{"data":"Zap","floor":8.0,"key":"SMITH"},{"data":"Genetic Algorithm","floor":12.0,"key":"SMITH"},{"floor":15.0,"key":"REST"},{"data":"Amplify","floor":30.0,"key":"SMITH"},{"data":"Ball Lightning","floor":32.0,"key":"SMITH"},{"data":"Specialist","floor":49,"key":"SMITH"},{"data":"Static Discharge","floor":52,"key":"SMITH"}],"circlet_count":0,"master_deck":["Compile Driver","Compile Driver","Strike_B","Defend_B","Defend_B","Defend_B","Defend_B","Zap+1","StuffTheSpire:Plugnplay+1","StuffTheSpire:Synthwave+1","Genetic Algorithm+1","Self Repair","Amplify+1","StuffTheSpire:Plugnplay+1","FIFO Queue+1","Ball Lightning+1","Echo Form","Static Discharge+1","StuffTheSpire:Synthwave+1","StuffTheSpire:Synthwave+1","Multi-Cast","rorgmod:Storm","Specialist+1","Specialist"],"relics":["Cracked Core","EVO:Axolotl","conspire:DeflatedDodgeball","Dota2Spire:BladeMail","hubris:ScarierMask","aspiration:FrozenJewel","halation:PromiseList","MerchantsRug","hubris:Towel","Lantern","infinitespire:EvilPickle","Nuclear Battery","Ice Cream","Replay:Rubber Ducky","Blue Candle","Lantern","Dota2Spire:MaskOfMadness"],"acts_visited":["Exordium","TheCity","TheBeyond","TheEnding"],"potions_floor_usage":[55,55],"damage_taken":[{"damage":17.0,"enemies":"2 Louse","floor":1.0,"turns":4.0},{"damage":0.0,"enemies":"Small Slimes","floor":2.0,"turns":3.0},{"damage":0.0,"enemies":"Cultist","floor":4.0,"turns":5.0},{"damage":7.0,"enemies":"Blue Slaver","floor":5.0,"turns":3.0},{"damage":19.0,"enemies":"Exordium Wildlife","floor":10.0,"turns":3.0},{"damage":25.0,"enemies":"3 Sentries","floor":11.0,"turns":5.0},{"damage":45.0,"enemies":"Slime Boss","floor":16.0,"turns":13.0},{"damage":41.0,"enemies":"Shell Parasite","floor":18.0,"turns":8.0},{"damage":6.0,"enemies":"Chosen","floor":20.0,"turns":5.0},{"damage":27.0,"enemies":"conspire:HollyBat","floor":22.0,"turns":7.0},{"damage":56.0,"enemies":"Book of Stabbing","floor":23.0,"turns":6.0},{"damage":16.0,"enemies":"Snake Plant","floor":24.0,"turns":4.0},{"damage":17.0,"enemies":"Chosen and Byrds","floor":25.0,"turns":5.0},{"damage":16.0,"enemies":"Snecko","floor":29.0,"turns":5.0},{"damage":91.0,"enemies":"Pondfish","floor":33.0,"turns":13.0},{"damage":6,"enemies":"3 Darklings","floor":35,"turns":5},{"damage":14,"enemies":"Orb Walker","floor":37,"turns":4},{"damage":0,"enemies":"Sphere and 2 Shapes","floor":38,"turns":4},{"damage":9,"enemies":"Transient","floor":39,"turns":6},{"damage":58,"enemies":"Giant Head","floor":40,"turns":7},{"damage":28,"enemies":"Writhing Mass","floor":41,"turns":5},{"damage":24,"enemies":"Sphere and 2 Shapes","floor":42,"turns":2},{"damage":0,"enemies":"4 Shapes","floor":44,"turns":6},{"damage":12,"enemies":"Reptomancer","floor":45,"turns":4},{"damage":4,"enemies":"Maw","floor":48,"turns":5},{"damage":36,"enemies":"hubris:GrandSnecko","floor":50,"turns":9},{"damage":0,"enemies":"Shield and Spear","floor":54,"turns":4},{"damage":145,"enemies":"The Heart","floor":55,"turns":9}],"seed_played":"2598761712630215579","potions_obtained":[{"floor":1.0,"key":"Explosive Potion"},{"floor":4.0,"key":"Fruit Juice"},{"floor":16.0,"key":"DistilledChaos"},{"floor":22.0,"key":"Dota2Spire:Clarity"},{"floor":23.0,"key":"Strength Potion"},{"floor":24.0,"key":"Elixir"},{"floor":33.0,"key":"SpeedPotion"},{"floor":40,"key":"Dexterity Potion"}],"is_trial":false,"path_per_floor":["M","M","?","M","M","R","?","R","T","M","E","R","?","$","R","B",null,"M","AVR","M","?","M","E","M","M","T","$","?","M","R","T","R","B",null,"M","?","M","M","M","E","M","M","T","M","E","?","$","M","R","B",null,"R","$","E","B",null],"character_chosen":"DEFECT","items_purchased":["Self Repair","MerchantsRug","rorgmod:Storm","Blue Candle","Specialist","Specialist"],"campfire_rested":1,"item_purchase_floors":[14,27,47,47,47,53],"current_hp_per_floor":[58,58,58,58,56,56,56,56,56,37,12,12,20,20,44,23,80,53,53,61,90,77,35,33,44,44,44,44,28,28,28,28,90,90,90,90,90,90,90,60,32,36,36,50,66,66,66,90,90,68,90,90,90,90,90],"gold":25,"neow_bonus":"ONE_RANDOM_RARE_CARD","is_daily":false,"chose_seed":false,"campfire_upgraded":7,"win_rate":0.0,"timestamp":1610874394,"path_taken":["M","M","?","M","M","R","?","R","T","M","E","R","?","$","R","BOSS","M","AVR","M","?","M","E","M","?","T","$","?","M","R","?","R","BOSS","M","?","M","M","M","E","?","M","T","M","E","?","$","M","R","BOSS","R","$","E","BOSS"],"items_purchased_type":["Card","Relic","Card","Relic","Card","Card"],"build_version":"2020-12-22","purchased_purges":2,"victory":true,"max_hp_per_floor":[75,75,75,75,80,80,80,80,80,80,80,80,80,80,80,80,80,80,80,80,90,90,90,90,90,90,90,90,90,90,90,90,90,90,90,90,90,90,90,90,90,90,90,90,90,90,90,90,90,90,90,90,90,90,90],"card_choices":[{"not_picked":["Conserve Battery","Blizzard","Turbo"],"picked":"SKIP","floor":1.0},{"not_picked":["Cold Snap","Streamline"],"picked":"StuffTheSpire:Plugnplay","floor":2.0},{"not_picked":["rorgmod:Leap","Ball Lightning"],"picked":"StuffTheSpire:Synthwave","floor":4.0},{"not_picked":["rorgmod:Overcurrent","conspire:Rain","Time Bomb"],"picked":"SKIP","floor":5.0},{"not_picked":["StuffTheSpire:NuclearReactor","Streamline"],"picked":"Genetic Algorithm","floor":10.0},{"not_picked":["rorgmod:Overcurrent","rorgmod:Volatility","Coolheaded"],"picked":"SKIP","floor":11.0},{"not_picked":["rorgmod:Biogeneration","Seek"],"picked":"Amplify","floor":16.0},{"not_picked":["Stack+1","FTL"],"picked":"StuffTheSpire:Plugnplay+1","floor":18.0},{"not_picked":["Melter","StuffTheSpire:CleanHardDrive+1","Cold Snap"],"picked":"SKIP","floor":20.0},{"not_picked":["rorgmod:Hot Sockets","Redo"],"picked":"FIFO Queue+1","floor":22.0},{"not_picked":["rorgmod:Zing-Zap","conspire:SharedLibrary","rorgmod:Centralize+1"],"picked":"SKIP","floor":23.0},{"not_picked":["Coolheaded","Cold Snap","Streamline"],"picked":"SKIP","floor":24.0},{"not_picked":["Rebound","Coolheaded","rorgmod:Steady Aim+1"],"picked":"SKIP","floor":25.0},{"not_picked":["Streamline","StuffTheSpire:EventHorizon"],"picked":"Ball Lightning","floor":29.0},{"not_picked":["Rainbow","rorgmod:Loose Screws"],"picked":"Echo Form","floor":33.0},{"not_picked":["rorgmod:Fragmentation","rorgmod:SQL Injection"],"picked":"Static Discharge","floor":35},{"not_picked":["DiskWipe","Stack+1","ReplayTheSpireMod:Omega Cannon"],"picked":"SKIP","floor":37},{"not_picked":["rorgmod:Centralize","Turbo","Cold Snap+1"],"picked":"SKIP","floor":38},{"not_picked":["Redo","Steam Power+1","rorgmod:Steady Aim"],"picked":"SKIP","floor":39},{"not_picked":["Redo","Steam Power+1","rorgmod:Steady Aim"],"picked":"SKIP","floor":39},{"not_picked":["Conserve Battery","Skim"],"picked":"StuffTheSpire:Synthwave+1","floor":40},{"not_picked":["BasicCrystalCard","Hologram+1","rorgmod:Fuse Blower"],"picked":"SKIP","floor":41},{"not_picked":["Redo","rorgmod:LRU Cache","rorgmod:Overcurrent"],"picked":"SKIP","floor":42},{"not_picked":["ReplayTheSpireMod:System Scan","rorgmod:Fragmentation","Turbo"],"picked":"SKIP","floor":44},{"not_picked":["Hyperbeam","ReplayTheSpireMod:Omega Cannon"],"picked":"Multi-Cast","floor":45},{"not_picked":["Core Surge","Darkness","Coolheaded+1"],"picked":"SKIP","floor":45},{"not_picked":["Core Surge","Darkness","Coolheaded+1"],"picked":"SKIP","floor":45},{"not_picked":["Conserve Battery+1","Rebound+1","ReplayTheSpireMod:GoodbyeWorld+1"],"picked":"SKIP","floor":48},{"not_picked":["Hyperbeam","Streamline","Steam Power"],"picked":"SKIP","floor":54}],"player_experience":56228,"relics_obtained":[{"floor":9.0,"key":"conspire:DeflatedDodgeball"},{"floor":11.0,"key":"Dota2Spire:BladeMail"},{"floor":23.0,"key":"infinitespire:Lucky Rock"},{"floor":26.0,"key":"halation:PromiseList"},{"floor":31.0,"key":"Lantern"},{"floor":40,"key":"Ice Cream"},{"floor":43,"key":"Replay:Rubber Ducky"},{"floor":45,"key":"conspire:GiftBox"},{"floor":54,"key":"Dota2Spire:MaskOfMadness"}],"event_choices":[{"cards_removed":["Buffer"],"damage_healed":19.0,"max_hp_gain":10.0,"max_hp_loss":0.0,"gold_gain":0.0,"event_name":"Bonfire Elementals","player_choice":"Offered Rare","floor":21.0,"gold_loss":0.0,"damage_taken":0.0},{"damage_healed":0,"gold_gain":0,"player_choice":"Copied","damage_taken":0,"max_hp_gain":0,"max_hp_loss":0,"event_name":"Duplicator","floor":36,"gold_loss":0,"cards_obtained":["StuffTheSpire:Synthwave"]}],"is_beta":false,"boss_relics":[{"not_picked":["ChewingGum","aspiration:BursterCore"],"picked":"hubris:ScarierMask"},{"not_picked":["CosmicIsotope","Snecko Eye"],"picked":"Nuclear Battery"}],"items_purged_floors":[27,47],"is_endless":false,"potions_floor_spawned":[1,4,16,22,23,24,33,38,39,40,54],"ascension_level":0}}