{"host":"94qggqh0xz0sp6ai","time":1610862166,"event":{"mods":["100% Spire Juice","Abigail Mod","Act Like it!","BaseMod","CapriCore","Downfall","Friendly Minions","Gensokyo","Hermit","Jorbs\u0027s Wanderer Trilogy","Koishi","Marisa（霧雨　魔理沙）","Minty Spire (QoL Compilation)","Permanent Neow","Reimu（博??梦）","StSLib","The Alterego","The Construct","The Cursed","The Hierophant","The Immortal","The Marked","The Servant 0.9.4","TheBandit","Waifu the Spire"],"gold_per_floor":[113,123,136,24,199,199,226,226,273,289,289,304,304,254,254,353,353,369,388,405,35,45,45,65,94,159,171,100,110,35,35,35,133,133,152,152,162,162,173,199,199,199,222,222,78,78,92,192,192,192],"floor_reached":51,"language":"ENG","playtime":1755,"items_purged":["theMarked:Strike"],"score":760,"play_id":"565e0626-7277-4809-bd33-f8d069e737e1","local_time":"20210116234246","is_ascension_mode":true,"campfire_choices":[{"data":"theMarked:ComboAttacks","floor":6,"key":"SMITH"},{"data":"theMarked:SoldierOfQuellstein","floor":8,"key":"SMITH"},{"data":"theMarked:MysticalArsenal","floor":11,"key":"SMITH"},{"data":"theMarked:SelfDefenseTraining","floor":13,"key":"SMITH"},{"data":"theMarked:MysticalArsenal","floor":15,"key":"SMITH"},{"data":"theMarked:Indomitable","floor":23,"key":"SMITH"},{"floor":27,"key":"REST"},{"data":"theMarked:StartUp","floor":32,"key":"SMITH"},{"floor":41,"key":"REST"},{"data":"theMarked:TwofoldDefense","floor":42,"key":"SMITH"},{"data":"theMarked:BanishingWave","floor":44,"key":"SMITH"},{"data":"theMarked:BindingBlade","floor":46,"key":"SMITH"},{"data":"theMarked:Parkour","floor":49,"key":"SMITH"}],"circlet_count":0,"master_deck":["theMarked:Strike","theMarked:Strike","theMarked:Defend","theMarked:Defend","theMarked:Defend","theMarked:Defend","theMarked:SoldierOfQuellstein+1","theMarked:MysticalArsenal+1","theMarked:ComboAttacks+1","theMarked:SelfDefenseTraining+1","theMarked:DeterminationOfTheMarked","theMarked:MysticalArsenal+1","theMarked:AttractMetal","theMarked:Levitate","theMarked:BanishingStrike","theMarked:BanishingWave+1","theMarked:Indomitable+1","theMarked:StartUp+1","theMarked:MaelstromOfLightning","theMarked:TwofoldDefense+1","theMarked:ResourceFulStrike","Flash of Steel","theMarked:ContemptForTheProud","theMarked:BindingBlade+1","theMarked:HeightenedSenses+1","theMarked:Frustration+1","theMarked:HeritageOfTheMarked+1","theMarked:WardOff+1","theMarked:Parkour+1"],"relics":["theMarked:ArtifactOfAir","Oddly Smooth Stone","MealTicket","Nunchaku","Black Star","Vajra","Lee\u0027s Waffle","Bag of Marbles","MawBank","RuthlessExorcism:ReiMu","RedLine:ReiMu","WingedGreaves","Turnip","Strawberry","Anchor"],"acts_visited":["Exordium","TheCity","TheBeyond"],"potions_floor_usage":[18,19,25,40,50,50,50,50,50,50],"damage_taken":[{"damage":0,"enemies":"2 Louse","floor":1,"turns":3},{"damage":0,"enemies":"Jaw Worm","floor":2,"turns":4},{"damage":0,"enemies":"Small Slimes","floor":3,"turns":3},{"damage":12,"enemies":"Lagavulin","floor":7,"turns":7},{"damage":1,"enemies":"Looter","floor":10,"turns":4},{"damage":12,"enemies":"3 Louse","floor":12,"turns":4},{"damage":2,"enemies":"The Guardian","floor":16,"turns":8},{"damage":23,"enemies":"Spheric Guardian","floor":18,"turns":6},{"damage":38,"enemies":"3 Byrds","floor":19,"turns":5},{"damage":0,"enemies":"Cultist and Chosen","floor":20,"turns":5},{"damage":22,"enemies":"Snake Plant","floor":22,"turns":6},{"damage":25,"enemies":"Snecko","floor":24,"turns":7},{"damage":21,"enemies":"Gremlin Leader","floor":25,"turns":6},{"damage":6,"enemies":"3 Cultists","floor":29,"turns":3},{"damage":29,"enemies":"Automaton","floor":33,"turns":8},{"damage":28,"enemies":"3 Darklings","floor":35,"turns":4},{"damage":8,"enemies":"Orb Walker","floor":37,"turns":3},{"damage":12,"enemies":"3 Darklings","floor":39,"turns":3},{"damage":1,"enemies":"Reptomancer","floor":40,"turns":4},{"damage":4,"enemies":"Spire Growth","floor":47,"turns":4},{"damage":58,"enemies":"Awakened One","floor":50,"turns":12}],"seed_played":"5926167922737545832","potions_obtained":[{"floor":1,"key":"ColorlessPotion"},{"floor":2,"key":"EssenceOfSteel"},{"floor":3,"key":"Slimebound:ThreeZeroPotion"},{"floor":19,"key":"SteroidPotion"},{"floor":22,"key":"PowerPotion"},{"floor":33,"key":"SteroidPotion"},{"floor":39,"key":"DistilledChaos"},{"floor":40,"key":"Weak Potion"},{"floor":47,"key":"EntropicBrew"}],"is_trial":false,"path_per_floor":["M","M","M","$","?","R","E","R","T","M","R","M","R","?","R","B",null,"M","M","M","$","M","R","M","E","T","R","$","M","?","?","R","B",null,"M","?","M","?","M","E","R","R","T","R","$","R","M","?","R","B",null],"character_chosen":"THE_DEFAULT","items_purchased":["theMarked:DeterminationOfTheMarked","Vajra","Lee\u0027s Waffle","theMarked:StartUp","Flash of Steel","Anchor"],"campfire_rested":2,"item_purchase_floors":[4,21,21,21,28,45],"current_hp_per_floor":[70,70,70,70,70,70,58,58,58,57,57,45,45,45,45,43,70,47,9,9,77,55,55,30,9,9,32,47,41,41,41,41,12,77,49,49,41,41,29,28,51,51,58,58,73,73,69,69,69,11],"gold":192,"neow_bonus":"RANDOM_COMMON_RELIC","is_daily":false,"chose_seed":false,"campfire_upgraded":11,"win_rate":0.0,"timestamp":1610862166,"path_taken":["M","M","M","$","?","R","E","R","T","M","R","M","R","?","R","BOSS","M","M","M","$","M","R","M","E","T","R","$","M","?","?","R","BOSS","M","?","M","?","M","E","R","R","T","R","$","R","?","?","R","BOSS"],"items_purchased_type":["Card","Relic","Relic","Card","Card","Relic"],"build_version":"2020-12-22","purchased_purges":1,"victory":true,"max_hp_per_floor":[70,70,70,70,70,70,70,70,70,70,70,70,70,70,70,70,70,70,70,70,77,77,77,77,77,77,77,77,77,77,77,77,77,77,77,77,77,77,77,77,77,77,84,84,84,84,84,84,84,84],"card_choices":[{"not_picked":["theMarked:Seal","theMarked:ResourceFulStrike"],"picked":"theMarked:MysticalArsenal","floor":1},{"not_picked":["theMarked:Parkour","theMarked:RepellingDischarge"],"picked":"theMarked:ComboAttacks","floor":2},{"not_picked":["theMarked:ParalyzingBlade","theMarked:EmpowerWeapon"],"picked":"theMarked:SelfDefenseTraining","floor":3},{"not_picked":["theMarked:SelfDefenseTraining","theMarked:Seal"],"picked":"theMarked:MysticalArsenal","floor":7},{"not_picked":["theMarked:ShockingTouch","theMarked:Aftermath","theMarked:Polarize"],"picked":"SKIP","floor":10},{"not_picked":["theMarked:ElectricStrings","theMarked:Static"],"picked":"theMarked:AttractMetal","floor":12},{"not_picked":["theMarked:EternalStudent","theMarked:MagicAdept"],"picked":"theMarked:Levitate","floor":16},{"not_picked":["theMarked:Improvise+1","theMarked:TwofoldDefense"],"picked":"theMarked:BanishingStrike","floor":18},{"not_picked":["theMarked:Generate","theMarked:WastefulAttack"],"picked":"theMarked:BanishingWave","floor":19},{"not_picked":["theMarked:RepellingDischarge+1","theMarked:TwofoldDefense"],"picked":"theMarked:Indomitable","floor":20},{"not_picked":["theMarked:EmpowerWeapon","theMarked:ChannelForce"],"picked":"theMarked:MaelstromOfLightning","floor":22},{"not_picked":["theMarked:Static+1","theMarked:ResourceFulStrike"],"picked":"theMarked:TwofoldDefense","floor":24},{"not_picked":["theMarked:Aftermath","theMarked:Static+1"],"picked":"theMarked:ResourceFulStrike","floor":25},{"not_picked":["theMarked:Aftermath","theMarked:ElectricStrings+1"],"picked":"theMarked:ContemptForTheProud","floor":29},{"not_picked":["theMarked:TakeOffHeels","theMarked:ChannelForce"],"picked":"theMarked:BindingBlade","floor":33},{"not_picked":["theMarked:SwordAndMagic","theMarked:Aftermath"],"picked":"theMarked:HeightenedSenses+1","floor":35},{"not_picked":["theMarked:BanishingStrike","theMarked:ResourceFulStrike"],"picked":"theMarked:Frustration+1","floor":37},{"not_picked":["theMarked:Frustration","theMarked:MuscleMemory"],"picked":"theMarked:HeritageOfTheMarked+1","floor":39},{"not_picked":["theMarked:ElectricStrings+1","theMarked:PowerFlow"],"picked":"theMarked:WardOff+1","floor":40},{"not_picked":["theMarked:HeightenedSenses","theMarked:SelfDefenseTraining"],"picked":"theMarked:Parkour","floor":47}],"player_experience":1395325,"relics_obtained":[{"floor":7,"key":"MealTicket"},{"floor":9,"key":"Nunchaku"},{"floor":25,"key":"Bag of Marbles"},{"floor":25,"key":"MawBank"},{"floor":26,"key":"RuthlessExorcism:ReiMu"},{"floor":40,"key":"WingedGreaves"},{"floor":40,"key":"Turnip"},{"floor":43,"key":"Strawberry"}],"event_choices":[{"damage_healed":0,"gold_gain":175,"player_choice":"AGREE","damage_taken":0,"max_hp_gain":0,"max_hp_loss":0,"event_name":"Liars Game","floor":5,"gold_loss":0,"cards_obtained":["Doubt"]},{"cards_removed":["Doubt"],"damage_healed":0,"gold_gain":0,"player_choice":"Card Removal","damage_taken":0,"max_hp_gain":0,"max_hp_loss":0,"event_name":"The Cleric","floor":14,"gold_loss":50},{"cards_removed":["theMarked:Strike"],"damage_healed":0,"gold_gain":0,"player_choice":"Gave Gold","damage_taken":0,"max_hp_gain":0,"max_hp_loss":0,"event_name":"Beggar","floor":30,"gold_loss":75},{"damage_healed":0,"gold_gain":0,"player_choice":"Ignored","damage_taken":0,"max_hp_gain":0,"max_hp_loss":0,"event_name":"Vampires","floor":31,"gold_loss":0},{"damage_healed":0,"gold_gain":0,"player_choice":"Ignored","damage_taken":0,"max_hp_gain":0,"max_hp_loss":0,"event_name":"Tomb of Lord Red Mask","floor":36,"gold_loss":0},{"cards_removed":["theMarked:Strike"],"damage_healed":0,"gold_gain":0,"player_choice":"Card Removal","damage_taken":0,"max_hp_gain":0,"max_hp_loss":0,"event_name":"Wheel of Change","floor":38,"gold_loss":0},{"damage_healed":0,"gold_gain":100,"player_choice":"Pray","damage_taken":0,"max_hp_gain":0,"max_hp_loss":0,"event_name":"Golden Shrine","floor":48,"gold_loss":0}],"is_beta":false,"boss_relics":[{"not_picked":["theMarked:Eyepatch","Snecko Eye"],"picked":"Black Star"},{"not_picked":["Tiny House","Runic Pyramid"],"picked":"RedLine:ReiMu"}],"items_purged_floors":[4],"is_endless":false,"potions_floor_spawned":[1,2,3,12,19,22,24,33,37,39,40,47],"ascension_level":2}}