{"host":"7x2w1m5n2ieo4qcj","time":1610859873,"event":{"mods":["Aspiration","BaseMod","Beaked The Cultist","Conspire","Hermit","Hubris","Minty Spire (QoL Compilation)","Replay The Spire","Robot Space Explorer","StSLib","The Cursed","The Juggle","WarShipGirlsR/????R mod"],"gold_per_floor":[115,55,69,69,80,110,110,7,7,42,42,42,42,54,54,158,158,170,181,199,210,225,243,274,274,574,593,604,631,631,663,663,759,759,771,414,414,429,443,443,443,443,469,497,515,515,544,557,557,557],"floor_reached":51,"language":"ENG","playtime":3289,"items_purged":["RobotSpaceExplorer:Strike","RobotSpaceExplorer:Defend"],"score":854,"play_id":"c696b40d-8900-4521-be2f-98cb3671b056","local_time":"20210117160433","is_ascension_mode":false,"campfire_choices":[{"data":"RobotSpaceExplorer:TrailblazerForm","floor":7.0,"key":"SMITH"},{"data":"RobotSpaceExplorer:PowerGlove","floor":12.0,"key":"SMITH"},{"data":"RobotSpaceExplorer:MiniBoosters","floor":15.0,"key":"SMITH"},{"floor":25.0,"key":"REST"},{"data":"RobotSpaceExplorer:Autoloader","floor":30,"key":"SMITH"},{"data":"RobotSpaceExplorer:PowerGlove","floor":32,"key":"SMITH"},{"data":"RobotSpaceExplorer:Accelerator","floor":40,"key":"SMITH"},{"data":"RobotSpaceExplorer:MiniDrones","floor":42,"key":"SMITH"},{"data":"RobotSpaceExplorer:MiniLasers","floor":49,"key":"SMITH"}],"circlet_count":0,"master_deck":["RobotSpaceExplorer:Strike","RobotSpaceExplorer:Strike","RobotSpaceExplorer:Defend","RobotSpaceExplorer:Defend","RobotSpaceExplorer:Defend","RobotSpaceExplorer:Scan","RobotSpaceExplorer:MiniLasers+1","RobotSpaceExplorer:Probe","RobotSpaceExplorer:PowerGlove+1","RobotSpaceExplorer:PowerGlove+1","RobotSpaceExplorer:MiniDrones+1","RobotSpaceExplorer:TrailblazerForm+1","RobotSpaceExplorer:Probe+1","RobotSpaceExplorer:MiniBoosters+1","RobotSpaceExplorer:Autoloader+1","RobotSpaceExplorer:SurgingShield+1","RobotSpaceExplorer:ToxicBomb+1","RobotSpaceExplorer:SurgingShield+1","RobotSpaceExplorer:MetalStrike","RobotSpaceExplorer:SurgingShield+1","RobotSpaceExplorer:LuckyStrike","RobotSpaceExplorer:Accelerator+1","RobotSpaceExplorer:Jetpack+1","RobotSpaceExplorer:ScrapMissile+1","RobotSpaceExplorer:FreezeRay+1","RobotSpaceExplorer:RigExplosive+1"],"relics":["RobotSpaceExplorer:RoboCore","aspiration:Nostalgia","beaked:MendingPlumage","Blue Doll","aspiration:StickyExplosives_weak","Bag of Preparation","hubris:Spice","Pet Ghost","Old Coin","Regal Pillow","SlaversCollar","RobotSpaceExplorer:PlasmaHourglass","Replay:Bottled Snecko","RobotSpaceExplorer:ClockworkSextant","Pondfish Scales","hubris:Icosahedron"],"acts_visited":["Exordium","TheCity","TheBeyond"],"potions_floor_usage":[31,47,50,50],"damage_taken":[{"damage":0.0,"enemies":"conspire:RoseBush","floor":1.0,"turns":4.0},{"damage":0.0,"enemies":"Cultist","floor":3.0,"turns":3.0},{"damage":6.0,"enemies":"Jaw Worm","floor":5.0,"turns":3.0},{"damage":10.0,"enemies":"Replay:BlueRogue","floor":6.0,"turns":6.0},{"damage":12.0,"enemies":"Gremlin Nob","floor":10.0,"turns":4.0},{"damage":17.0,"enemies":"3 Louse","floor":14.0,"turns":3.0},{"damage":0.0,"enemies":"Slime Boss","floor":16.0,"turns":7.0},{"damage":2.0,"enemies":"Shell Parasite","floor":18.0,"turns":7.0},{"damage":39.0,"enemies":"Spheric Guardian","floor":19.0,"turns":6.0},{"damage":6.0,"enemies":"conspire:HollyBat","floor":20.0,"turns":6.0},{"damage":0.0,"enemies":"Snecko","floor":21.0,"turns":5.0},{"damage":30.0,"enemies":"Snake Plant","floor":22.0,"turns":4.0},{"damage":40.0,"enemies":"Cultist and Chosen","floor":23.0,"turns":5.0},{"damage":26.0,"enemies":"conspire:Head Lice","floor":24.0,"turns":6.0},{"damage":0.0,"enemies":"Snecko","floor":27.0,"turns":4.0},{"damage":0.0,"enemies":"Centurion and Healer","floor":28.0,"turns":5.0},{"damage":21.0,"enemies":"Book of Stabbing","floor":29.0,"turns":5.0},{"damage":22,"enemies":"Gremlin Leader","floor":31,"turns":6},{"damage":19,"enemies":"conspire:MysteriousRune","floor":33,"turns":8},{"damage":7,"enemies":"3 Shapes","floor":35,"turns":7},{"damage":11,"enemies":"Orb Walker","floor":38,"turns":4},{"damage":25,"enemies":"Jaw Worm Horde","floor":39,"turns":6},{"damage":0,"enemies":"Giant Head","floor":44,"turns":7},{"damage":5,"enemies":"4 Shapes","floor":45,"turns":3},{"damage":2,"enemies":"Reptomancer","floor":47,"turns":5},{"damage":4,"enemies":"3 Darklings","floor":48,"turns":5},{"damage":35,"enemies":"Time Eater","floor":50,"turns":11}],"seed_played":"5500247922554287874","potions_obtained":[{"floor":3.0,"key":"FearPotion"},{"floor":5.0,"key":"Block Potion"},{"floor":10.0,"key":"PowerPotion"},{"floor":18.0,"key":"Regen Potion"},{"floor":20.0,"key":"SteroidPotion"},{"floor":21.0,"key":"Elixir"},{"floor":23.0,"key":"Swift Potion"},{"floor":27.0,"key":"SpeedPotion"},{"floor":35,"key":"Fire Potion"}],"is_trial":false,"path_per_floor":["M","$","M","?","M","E","R","$","T","E","?","R","$","M","R","B",null,"M","M","M","M","M","M","E","R","T","M","M","E","R","E","R","B",null,"M","$","?","M","M","R","T","R","T","E","M","?","E","M","R","B",null],"character_chosen":"RobotSpaceExplorer","items_purchased":["RobotSpaceExplorer:PowerGlove","RobotSpaceExplorer:Probe+1","RobotSpaceExplorer:PlasmaHourglass"],"campfire_rested":1,"item_purchase_floors":[2,8,36],"current_hp_per_floor":[75,75,75,75,75,74,74,74,74,68,76,76,76,72,72,83,91,91,71,88,91,75,68,62,89,89,91,91,89,89,79,79,91,91,91,91,91,91,90,90,90,90,90,91,86,86,91,91,91,89],"gold":557,"neow_bonus":"NOSTALGIA","is_daily":false,"chose_seed":false,"campfire_upgraded":8,"win_rate":0.0,"timestamp":1610859873,"path_taken":["M","$","M","?","M","E","R","$","T","E","?","R","$","M","R","BOSS","M","M","?","M","M","?","E","R","T","M","M","E","R","E","R","BOSS","M","$","?","M","M","R","?","R","T","E","M","?","E","M","R","BOSS"],"items_purchased_type":["Card","Card","Relic"],"build_version":"2020-12-22","purchased_purges":2,"victory":true,"max_hp_per_floor":[75,75,75,75,75,75,75,75,75,75,83,83,83,83,83,83,91,91,91,91,91,91,91,91,91,91,91,91,91,91,91,91,91,91,91,91,91,91,91,91,91,91,91,91,91,91,91,91,91,91],"card_choices":[{"not_picked":["RobotSpaceExplorer:JunkDive","RobotSpaceExplorer:ScrapMissile"],"picked":"RobotSpaceExplorer:Probe","floor":1.0},{"not_picked":["RobotSpaceExplorer:SwiftStep","RobotSpaceExplorer:PlasmaMissile"],"picked":"RobotSpaceExplorer:MiniDrones","floor":3.0},{"not_picked":["RobotSpaceExplorer:SlimeMissile","RobotSpaceExplorer:Jetpack","RobotSpaceExplorer:FrostMissile"],"picked":"SKIP","floor":5.0},{"not_picked":["RobotSpaceExplorer:SlimeMissile","RobotSpaceExplorer:Counterblock"],"picked":"RobotSpaceExplorer:TrailblazerForm","floor":6.0},{"not_picked":["RobotSpaceExplorer:DualCore","RobotSpaceExplorer:ScrapToss"],"picked":"RobotSpaceExplorer:MiniBoosters","floor":10.0},{"not_picked":["RobotSpaceExplorer:ScrapMissile","RobotSpaceExplorer:FranticSearch","RobotSpaceExplorer:StunGrenade"],"picked":"SKIP","floor":14.0},{"not_picked":["RobotSpaceExplorer:Scanner","RobotSpaceExplorer:Comet"],"picked":"RobotSpaceExplorer:Autoloader","floor":16.0},{"not_picked":["RobotSpaceExplorer:ShovelStrike","RobotSpaceExplorer:ImprovisedAttack","hubris:SpiceAddiction"],"picked":"SKIP","floor":18.0},{"not_picked":["hubris:SpiceAddiction","RobotSpaceExplorer:ImprovisedAttack","RobotSpaceExplorer:SwiftStep"],"picked":"SKIP","floor":19.0},{"not_picked":["RobotSpaceExplorer:GearShield","RobotSpaceExplorer:StunGrenade","RobotSpaceExplorer:SwiftStep"],"picked":"SKIP","floor":20.0},{"not_picked":["RobotSpaceExplorer:ImprovisedAttack+1","hubris:SpiceAddiction","RobotSpaceExplorer:BigMissile"],"picked":"SKIP","floor":21.0},{"not_picked":["hubris:SpiceAddiction","RobotSpaceExplorer:Wormhole"],"picked":"RobotSpaceExplorer:SurgingShield+1","floor":22.0},{"not_picked":["RobotSpaceExplorer:FranticSearch","RobotSpaceExplorer:JunkDive","RobotSpaceExplorer:BigMissile"],"picked":"SKIP","floor":23.0},{"not_picked":["hubris:SpiceAddiction","RobotSpaceExplorer:LaserBurst"],"picked":"RobotSpaceExplorer:ToxicBomb+1","floor":24.0},{"not_picked":["RobotSpaceExplorer:StarDust","RobotSpaceExplorer:SlimeMissile"],"picked":"RobotSpaceExplorer:SurgingShield+1","floor":27.0},{"not_picked":["RobotSpaceExplorer:Calculate","hubris:SpiceAddiction"],"picked":"RobotSpaceExplorer:MetalStrike","floor":28.0},{"not_picked":["RobotSpaceExplorer:FrostMissile+1","RobotSpaceExplorer:JunkDive+1"],"picked":"RobotSpaceExplorer:SurgingShield+1","floor":29},{"not_picked":["RobotSpaceExplorer:MiniDrones","RobotSpaceExplorer:ShockKick+1"],"picked":"RobotSpaceExplorer:LuckyStrike","floor":31},{"not_picked":["RobotSpaceExplorer:Exploration","RobotSpaceExplorer:BlastShield"],"picked":"RobotSpaceExplorer:Accelerator","floor":33},{"not_picked":["RobotSpaceExplorer:SlimeMissile+1","RobotSpaceExplorer:SurgingStrike+1"],"picked":"RobotSpaceExplorer:Jetpack+1","floor":35},{"not_picked":["RobotSpaceExplorer:Ammunition+1","RobotSpaceExplorer:Reload+1","RobotSpaceExplorer:Calculate"],"picked":"SKIP","floor":38},{"not_picked":["hubris:SpiceAddiction","hubris:SpiceAddiction"],"picked":"RobotSpaceExplorer:ScrapMissile+1","floor":39},{"not_picked":["RobotSpaceExplorer:StunGrenade","hubris:SpiceAddiction","RobotSpaceExplorer:ScrapShield"],"picked":"SKIP","floor":44},{"not_picked":["RobotSpaceExplorer:SurgingStrike+1","RobotSpaceExplorer:MetalStrike"],"picked":"RobotSpaceExplorer:FreezeRay+1","floor":45},{"not_picked":["RobotSpaceExplorer:SwiftStep+1","RobotSpaceExplorer:HighVoltage","RobotSpaceExplorer:ImprovisedAttack"],"picked":"SKIP","floor":47},{"not_picked":["RobotSpaceExplorer:ImprovisedAttack+1","RobotSpaceExplorer:Ammunition"],"picked":"RobotSpaceExplorer:RigExplosive+1","floor":48}],"player_experience":985634,"relics_obtained":[{"floor":6.0,"key":"Blue Doll"},{"floor":9.0,"key":"aspiration:StickyExplosives_weak"},{"floor":10.0,"key":"Bag of Preparation"},{"floor":24.0,"key":"Pet Ghost"},{"floor":26.0,"key":"Old Coin"},{"floor":29,"key":"Regal Pillow"},{"floor":41,"key":"Replay:Bottled Snecko"},{"floor":43,"key":"RobotSpaceExplorer:ClockworkSextant"},{"floor":44,"key":"Pondfish Scales"}],"event_choices":[{"damage_healed":0.0,"max_hp_gain":0.0,"max_hp_loss":0.0,"gold_gain":0.0,"event_name":"conspire:Investor","player_choice":"Leave","floor":4.0,"gold_loss":0.0,"damage_taken":0.0},{"damage_healed":0.0,"max_hp_gain":0.0,"max_hp_loss":0.0,"gold_gain":0.0,"event_name":"WeMeetAgain","player_choice":"Gave Potion","floor":11.0,"gold_loss":0.0,"damage_taken":0.0,"relics_obtained":["hubris:Spice"]},{"cards_removed":["RobotSpaceExplorer:Strike"],"damage_healed":0,"gold_gain":0,"player_choice":"Removed Attack","damage_taken":0,"max_hp_gain":0,"max_hp_loss":0,"event_name":"Falling","floor":37,"gold_loss":0}],"is_beta":false,"boss_relics":[{"not_picked":["Runic Dome","hubris:Spice"],"picked":"hubris:Spice"},{"not_picked":["hubris:Spice","hubris:Spice"],"picked":"SlaversCollar"}],"items_purged_floors":[8,36],"is_endless":false,"potions_floor_spawned":[3,5,10,18,20,21,23,27,29,35,39,44,45],"ascension_level":0}}