{"host":"ied4ms9juizrl48v","time":1610858534,"event":{"mods":["BaseMod","Block Reminder","Colored Map","Colored Powertips","DeckTracker","Highlight Path","Minty Spire (QoL Compilation)","Quick Restart","Random Character Button","StSLib","SuperFastMode"],"gold_per_floor":[112,37,37,48,65,65,96,112,112,140,157,157,183,52,52,123,123,139,139,39,54,65,91,91,61,84,84,112,124,124,152,152,152,152],"floor_reached":33,"language":"JPN","playtime":4499,"items_purged":["Pain","Strike_B"],"score":696,"play_id":"99ff0ed6-7424-4f39-b0b6-24965906709f","local_time":"20210117134214","is_ascension_mode":true,"campfire_choices":[{"data":"Sunder","floor":6.0,"key":"SMITH"},{"data":"Beam Cell","floor":12,"key":"SMITH"},{"data":"Ball Lightning","floor":15,"key":"SMITH"},{"data":"Biased Cognition","floor":24,"key":"SMITH"},{"data":"Undo","floor":27,"key":"SMITH"},{"floor":30,"key":"REST"},{"data":"Scrape","floor":32,"key":"SMITH"}],"circlet_count":0,"master_deck":["AscendersBane","Strike_B","Strike_B","Defend_B","Defend_B","Defend_B","Defend_B","Zap","Dualcast","Sunder+1","Beam Cell+1","Undo+1","Reboot","Go for the Eyes","Conserve Battery+1","Fusion+1","Conserve Battery+1","Ball Lightning+1","Biased Cognition+1","Tempest+1","Scrape+1","Creative AI","Consume+1","Undo+1","Sunder","Conserve Battery+1"],"relics":["Cracked Core","NeowsBlessing","WarpedTongs","Cables","Toxic Egg 2","Sundial","Matryoshka","Snecko Eye","Letter Opener","Singing Bowl","Strawberry","Bottled Lightning","Boot"],"acts_visited":["Exordium","TheCity"],"potions_floor_usage":[7,16,18,23,23,25,31,33],"damage_taken":[{"damage":0.0,"enemies":"2 Louse","floor":1.0,"turns":1.0},{"damage":0.0,"enemies":"Small Slimes","floor":4.0,"turns":1.0},{"damage":0.0,"enemies":"Cultist","floor":5.0,"turns":1.0},{"damage":2,"enemies":"Gremlin Nob","floor":7,"turns":2},{"damage":5,"enemies":"2 Fungi Beasts","floor":8,"turns":3},{"damage":17,"enemies":"3 Sentries","floor":10,"turns":6},{"damage":1,"enemies":"Lots of Slimes","floor":11,"turns":3},{"damage":14,"enemies":"Gremlin Nob","floor":13,"turns":3},{"damage":5,"enemies":"Hexaghost","floor":16,"turns":8},{"damage":2,"enemies":"3 Byrds","floor":18,"turns":3},{"damage":0,"enemies":"Chosen","floor":21,"turns":3},{"damage":16,"enemies":"3 Cultists","floor":22,"turns":4},{"damage":5,"enemies":"Gremlin Leader","floor":23,"turns":4},{"damage":11,"enemies":"Book of Stabbing","floor":28,"turns":3},{"damage":11,"enemies":"Centurion and Healer","floor":29,"turns":8},{"damage":5,"enemies":"Slavers","floor":31,"turns":3},{"damage":66,"enemies":"Automaton","floor":33,"turns":6}],"seed_played":"9021680936218097568","potions_obtained":[{"floor":1.0,"key":"Fire Potion"},{"floor":11,"key":"PotionOfCapacity"},{"floor":13,"key":"PowerPotion"},{"floor":16,"key":"ColorlessPotion"},{"floor":18,"key":"FocusPotion"},{"floor":22,"key":"Regen Potion"},{"floor":25,"key":"PotionOfCapacity"},{"floor":25,"key":"Fruit Juice"},{"floor":28,"key":"Weak Potion"},{"floor":31,"key":"FearPotion"}],"is_trial":false,"path_per_floor":["M","?","?","M","M","R","E","M","T","E","M","R","E","$","R","B",null,"M","?","$","M","M","E","R","?","T","R","E","M","R","E","R","B"],"character_chosen":"DEFECT","items_purchased":["Ball Lightning"],"campfire_rested":1,"item_purchase_floors":[14],"current_hp_per_floor":[64,64,64,64,64,64,62,57,57,40,39,39,25,25,25,20,58,56,56,56,56,40,47,47,52,59,59,48,37,61,56,56,0,0],"gold":152,"neow_bonus":"THREE_ENEMY_KILL","is_daily":false,"chose_seed":false,"campfire_upgraded":6,"win_rate":0.0,"timestamp":1610858534,"path_taken":["M","?","?","?","M","R","E","M","T","E","M","R","E","$","R","BOSS","M","?","$","?","M","E","R","?","T","R","E","?","R","E","R","BOSS"],"items_purchased_type":["Card"],"build_version":"2020-12-22","purchased_purges":2,"victory":false,"max_hp_per_floor":[71,71,71,71,71,71,71,71,71,71,71,71,71,71,71,71,71,71,71,71,71,71,71,71,76,83,83,83,83,83,83,83,83,83],"card_choices":[{"not_picked":["Gash","Compile Driver"],"picked":"Sunder","floor":1.0},{"not_picked":["Stack","Melter"],"picked":"Beam Cell","floor":4.0},{"not_picked":["Cold Snap","Rebound"],"picked":"Undo","floor":5.0},{"not_picked":["Conserve Battery","Undo"],"picked":"Reboot","floor":7},{"not_picked":["Redo","Hologram"],"picked":"Go for the Eyes","floor":8},{"not_picked":["Blizzard","Amplify+1"],"picked":"Conserve Battery+1","floor":10},{"not_picked":["Rebound","Sweeping Beam"],"picked":"Fusion+1","floor":11},{"not_picked":["Turbo+1","Fusion+1"],"picked":"Conserve Battery+1","floor":13},{"not_picked":["Core Surge","Buffer"],"picked":"Biased Cognition","floor":16},{"not_picked":["Beam Cell","Turbo+1"],"picked":"Tempest+1","floor":18},{"not_picked":["Barrage","Streamline"],"picked":"Scrape","floor":21},{"not_picked":["Static Discharge","Darkness+1"],"picked":"Creative AI","floor":22},{"not_picked":["Doom and Gloom","Rebound"],"picked":"Consume+1","floor":23},{"not_picked":["Cold Snap","Buffer"],"picked":"Undo+1","floor":28},{"not_picked":["Auto Shields+1","Streamline"],"picked":"Sunder","floor":29},{"not_picked":["FTL","Leap+1"],"picked":"Conserve Battery+1","floor":31}],"player_experience":33554,"relics_obtained":[{"floor":7,"key":"Cables"},{"floor":9,"key":"Toxic Egg 2"},{"floor":10,"key":"Sundial"},{"floor":13,"key":"Matryoshka"},{"floor":23,"key":"Singing Bowl"},{"floor":26,"key":"Strawberry"},{"floor":28,"key":"Bottled Lightning"},{"floor":31,"key":"Boot"}],"event_choices":[{"cards_removed":["Strike_B"],"damage_healed":0.0,"max_hp_gain":0.0,"max_hp_loss":0.0,"gold_gain":0.0,"event_name":"The Cleric","player_choice":"Card Removal","floor":2.0,"gold_loss":75.0,"damage_taken":0.0},{"damage_healed":0.0,"max_hp_gain":0.0,"max_hp_loss":0.0,"gold_gain":0.0,"event_name":"Accursed Blacksmith","player_choice":"Rummage","floor":3.0,"gold_loss":0.0,"damage_taken":0.0,"relics_obtained":["WarpedTongs"],"cards_obtained":["Pain"]},{"damage_healed":0,"gold_gain":0,"player_choice":"Gave Potion","damage_taken":0,"relics_obtained":["Letter Opener"],"max_hp_gain":0,"max_hp_loss":0,"event_name":"WeMeetAgain","floor":19,"gold_loss":0},{"damage_healed":0,"gold_gain":0,"player_choice":"Bought 2 Potions","damage_taken":0,"max_hp_gain":0,"max_hp_loss":0,"event_name":"The Woman in Blue","floor":25,"gold_loss":0}],"is_beta":false,"boss_relics":[{"not_picked":["Empty Cage","Tiny House"],"picked":"Snecko Eye"}],"items_purged_floors":[14,20],"is_endless":false,"potions_floor_spawned":[1,11,13,16,18,22,28,31],"killed_by":"Automaton","ascension_level":20}}