{"host":"67w4bo1ws77yotej","time":1610847894,"event":{"mods":["AchievementEnabler","Arknights The Spire","Aspiration","BaseMod","Beaked The Cultist","BetterRewards","Colored Map","Conspire","Downfall","Ekko","Energized Spire","Friendly Minions","Gremlin Mod","Halation","Hero for Fun","Hubris","Infinite Spire","Kiyohime????","Minty Spire (QoL Compilation)","READ ME - Guardian Mod","READ ME - Snecko Mod","Spicy Shops","StSLib","The Forsaken","The Jungle","The Wild Card","TheHero","vexMod"],"gold_per_floor":[110,124,124,124,124,152,152,152,199,234,155,166,43,56,56,159,159,172,205,205,205,205],"floor_reached":21,"language":"ENG","playtime":1272,"items_purged":[],"score":194,"play_id":"d625c54a-74b0-4203-8f20-76a7b133709d","local_time":"20210117024454","is_ascension_mode":true,"campfire_choices":[{"data":"Zap","floor":8,"key":"SMITH"},{"floor":15,"key":"REST"}],"circlet_count":0,"master_deck":["Strike_B","Strike_B","Strike_B","Defend_B","Defend_B","Defend_B","Defend_B","Zap+1","Dualcast","Dramatic Entrance","Conserve Battery","Lockon","Sunder","White Noise","Heatsinks+1","Capacitor+1","Multi-Cast","Thunder Strike","Capacitor+1"],"relics":["Cracked Core","halation:EternalFortune","Frozen Egg 2","Turnip","infinitespire:PuzzleCube","hubris:DeckOfHolding","aspiration:ChemicalBlood","vexMod:CursedCompass","Red Mask"],"acts_visited":["Exordium","TheCity"],"potions_floor_usage":[14,16,16,18,19,21],"damage_taken":[{"damage":1,"enemies":"Jaw Worm","floor":1,"turns":2},{"damage":0,"enemies":"2 Louse","floor":2,"turns":1},{"damage":24,"enemies":"Lagavulin","floor":6,"turns":6},{"damage":29,"enemies":"Gremlin Nob","floor":10,"turns":4},{"damage":10,"enemies":"Small Slimes","floor":12,"turns":2},{"damage":6,"enemies":"conspire:2 RoseBushes","floor":14,"turns":3},{"damage":37,"enemies":"Hexaghost","floor":16,"turns":8},{"damage":24,"enemies":"conspire:FuzzyDice","floor":18,"turns":4},{"damage":39,"enemies":"Masked Bandits","floor":19,"turns":4},{"damage":17,"enemies":"3 Byrds","floor":21,"turns":3}],"seed_played":"-4126017569852245893","potions_obtained":[{"floor":6,"key":"PotionOfCapacity"},{"floor":12,"key":"Ancient Potion"},{"floor":14,"key":"Ancient Potion"},{"floor":19,"key":"infinitespire:BlackPotion"},{"floor":19,"key":"SkillPotion"}],"is_trial":false,"path_per_floor":["M","M","?","?","?","E","?","R","T","E","$","M","$","M","R","B",null,"M","?","?","M"],"character_chosen":"DEFECT","items_purchased":["Heatsinks+1","aspiration:ChemicalBlood","ColorlessPotion"],"campfire_rested":1,"item_purchase_floors":[11,13,13],"current_hp_per_floor":[74,74,77,77,77,53,53,53,53,24,24,14,14,8,31,9,78,54,15,15,0,0],"gold":205,"neow_bonus":"RANDOM_COLORLESS","is_daily":false,"chose_seed":false,"campfire_upgraded":1,"win_rate":0.0,"timestamp":1610847894,"path_taken":["M","M","?","?","?","E","?","R","T","E","$","?","?","M","R","BOSS","M","?","?","M"],"items_purchased_type":["Card","Relic","Potion"],"build_version":"2020-12-22","purchased_purges":0,"victory":false,"max_hp_per_floor":[75,75,78,78,78,78,78,78,78,78,78,78,78,78,78,78,78,78,78,78,78,78],"card_choices":[{"not_picked":["Enlightenment","Impatience"],"picked":"Dramatic Entrance","floor":0},{"not_picked":["Hologram","Reinforced Body","Tempest"],"picked":"SKIP","floor":1},{"not_picked":["FTL","Scrape"],"picked":"Conserve Battery","floor":2},{"not_picked":["Compile Driver","Undo"],"picked":"Sunder","floor":6},{"not_picked":["Scrape","Fusion"],"picked":"White Noise","floor":10},{"not_picked":["Ball Lightning","Sunder"],"picked":"Capacitor+1","floor":12},{"not_picked":["Redo","Tempest"],"picked":"Multi-Cast","floor":14},{"not_picked":["Buffer+1","Meteor Strike"],"picked":"Thunder Strike","floor":16},{"not_picked":["Fusion","Leap"],"picked":"Capacitor+1","floor":18}],"player_experience":185924,"relics_obtained":[{"floor":6,"key":"Turnip"},{"floor":9,"key":"infinitespire:PuzzleCube"},{"floor":10,"key":"hubris:DeckOfHolding"},{"floor":19,"key":"Red Mask"}],"event_choices":[{"damage_healed":0,"gold_gain":0,"cards_transformed":["Strike_B"],"player_choice":"Change","damage_taken":0,"max_hp_gain":0,"max_hp_loss":0,"event_name":"Living Wall","floor":4,"gold_loss":0,"cards_obtained":["Lockon"]},{"damage_healed":0,"gold_gain":0,"player_choice":"Fought Bandits","damage_taken":0,"max_hp_gain":0,"max_hp_loss":0,"event_name":"Masked Bandits","floor":19,"gold_loss":0},{"cards_removed":["Injury"],"damage_healed":0,"gold_gain":0,"player_choice":"Purged","damage_taken":0,"max_hp_gain":0,"max_hp_loss":0,"event_name":"Purifier","floor":20,"gold_loss":0}],"is_beta":false,"boss_relics":[{"not_picked":["halation:PlatinumPhoenix","halation:PinkAlligatorPlush"],"picked":"vexMod:CursedCompass"}],"items_purged_floors":[],"is_endless":false,"potions_floor_spawned":[6,12,14,19],"killed_by":"3 Byrds","ascension_level":1}}