{"host":"dh1tbiqbqeskd4n8","time":1610894537,"event":{"mods":["BaseMod","Colored Map","Minty Spire (QoL Compilation)","Shop Mod","StSLib"],"gold_per_floor":[368,387,337,337,142,142,142,142,216,230,230,78,94,112,112,190,190,205,205,304,321,321,352,352,227,227,261,111,136,153,165,165,243,243,256,267,92,109,128,128,147,147,199,199,229,229,254,66,66,66],"floor_reached":51,"language":"ZHS","playtime":1744,"items_purged":["Strike_R","Strike_R","Strike_R","Defend_R","Defend_R","Doubt"],"score":1405,"play_id":"39b97c71-83d4-4974-b12c-1b424ead92ff","local_time":"20210117224217","is_ascension_mode":true,"campfire_choices":[{"data":"Body Slam","floor":6.0,"key":"SMITH"},{"data":"Uppercut","floor":8.0,"key":"SMITH"},{"data":"Cleave","floor":11.0,"key":"SMITH"},{"data":"Body Slam","floor":15.0,"key":"SMITH"},{"data":"Bash","floor":24.0,"key":"SMITH"},{"data":"Defend_R","floor":32.0,"key":"SMITH"},{"floor":40.0,"key":"REST"},{"floor":46.0,"key":"REST"},{"floor":49,"key":"REST"}],"circlet_count":0,"master_deck":["AscendersBane","Defend_R+1","Defend_R+1","Bash+1","Uppercut+1","Body Slam+1","Ghostly Armor+1","Cleave+1","Shrug It Off+1","Flame Barrier+1","Body Slam+1","Shrug It Off+1","True Grit+1","Dual Wield+1","Pain"],"relics":["Burning Blood","War Paint","Toxic Egg 2","Black Star","Centennial Puzzle","Gremlin Horn","Letter Opener","Darkstone Periapt","Vajra","Ancient Tea Set","Pantograph","Pen Nib","WarpedTongs","Whetstone","Bag of Marbles","Ice Cream","MawBank"],"acts_visited":["Exordium","TheCity","TheBeyond"],"potions_floor_usage":[50],"damage_taken":[{"damage":7.0,"enemies":"Jaw Worm","floor":1.0,"turns":3.0},{"damage":8.0,"enemies":"2 Louse","floor":2.0,"turns":2.0},{"damage":0.0,"enemies":"Small Slimes","floor":10.0,"turns":3.0},{"damage":3.0,"enemies":"Red Slaver","floor":13.0,"turns":3.0},{"damage":0.0,"enemies":"Blue Slaver","floor":14.0,"turns":3.0},{"damage":12.0,"enemies":"The Guardian","floor":16.0,"turns":11.0},{"damage":13.0,"enemies":"3 Byrds","floor":18.0,"turns":5.0},{"damage":0.0,"enemies":"Chosen","floor":21.0,"turns":5.0},{"damage":13.0,"enemies":"Slavers","floor":23.0,"turns":7.0},{"damage":0.0,"enemies":"Gremlin Leader","floor":27.0,"turns":6.0},{"damage":5.0,"enemies":"Book of Stabbing","floor":29.0,"turns":4.0},{"damage":0.0,"enemies":"Snake Plant","floor":30.0,"turns":4.0},{"damage":0.0,"enemies":"Snecko","floor":31.0,"turns":4.0},{"damage":41.0,"enemies":"Automaton","floor":33.0,"turns":7.0},{"damage":0.0,"enemies":"3 Shapes","floor":35.0,"turns":2.0},{"damage":3.0,"enemies":"Orb Walker","floor":36.0,"turns":3.0},{"damage":49.0,"enemies":"4 Shapes","floor":38.0,"turns":6.0},{"damage":17.0,"enemies":"3 Darklings","floor":39.0,"turns":3.0},{"damage":26.0,"enemies":"Maw","floor":41.0,"turns":7.0},{"damage":54.0,"enemies":"Nemesis","floor":45.0,"turns":9.0},{"damage":12,"enemies":"Reptomancer","floor":47,"turns":2},{"damage":48,"enemies":"Awakened One","floor":50,"turns":8}],"seed_played":"-7753420858056020407","potions_obtained":[{"floor":2.0,"key":"CultistPotion"},{"floor":16.0,"key":"LiquidMemories"},{"floor":21.0,"key":"BlessingOfTheForge"},{"floor":30.0,"key":"AttackPotion"},{"floor":45.0,"key":"Fire Potion"}],"is_trial":false,"path_per_floor":["M","M","?","?","$","R","?","R","T","M","R","$","M","M","R","B",null,"M","?","?","M","?","E","R","$","T","E","$","E","M","M","R","B",null,"M","M","$","M","M","R","M","?","T","?","E","R","E","$","R","B",null],"character_chosen":"IRONCLAD","items_purchased":["Ghostly Armor","Cleave","Shrug It Off+1"],"campfire_rested":3,"item_purchase_floors":[5,5,12],"current_hp_per_floor":[67,65,65,58,58,58,58,58,58,64,64,64,67,68,68,62,67,60,60,60,66,66,59,59,59,59,65,65,66,68,68,68,33,59,65,68,68,25,14,34,14,74,74,80,32,56,50,50,74,38],"gold":66,"neow_bonus":"TWO_FIFTY_GOLD","is_daily":false,"chose_seed":false,"campfire_upgraded":6,"win_rate":0.0,"timestamp":1610894537,"path_taken":["M","M","?","?","$","R","?","R","T","M","R","$","M","?","R","BOSS","M","?","?","M","?","E","R","$","T","E","?","E","?","M","R","BOSS","M","M","$","M","?","R","M","?","T","?","E","R","E","$","R","BOSS"],"items_purchased_type":["Card","Card","Card"],"build_version":"2020-12-22","purchased_purges":6,"victory":true,"max_hp_per_floor":[68,68,68,68,68,68,68,68,68,68,68,68,68,68,68,68,68,68,68,68,68,68,68,68,68,68,68,68,68,68,68,68,68,68,68,68,68,68,68,68,68,74,74,80,80,80,80,80,80,80],"card_choices":[{"not_picked":["Iron Wave","True Grit"],"picked":"Uppercut","floor":1.0},{"not_picked":["Hemokinesis","Evolve"],"picked":"Body Slam","floor":2.0},{"not_picked":["Twin Strike","Bloodletting+1","Perfected Strike"],"picked":"SKIP","floor":10.0},{"not_picked":["Infernal Blade+1","Dual Wield+1"],"picked":"Flame Barrier+1","floor":13.0},{"not_picked":["Infernal Blade+1","Flex+1"],"picked":"Body Slam","floor":14.0},{"not_picked":["Heavy Blade","Clash","Perfected Strike"],"picked":"SKIP","floor":18.0},{"not_picked":["Wild Strike","Anger","Clothesline"],"picked":"SKIP","floor":21.0},{"not_picked":["Warcry+1","Headbutt","Flex+1"],"picked":"SKIP","floor":23.0},{"not_picked":["Reaper","Berserk","Second Wind+1"],"picked":"SKIP","floor":27.0},{"not_picked":["Reaper","Berserk","Second Wind+1"],"picked":"SKIP","floor":27.0},{"not_picked":["Pommel Strike","Anger","Iron Wave+1"],"picked":"SKIP","floor":29.0},{"not_picked":["Wild Strike","Sword Boomerang"],"picked":"True Grit+1","floor":30.0},{"not_picked":["Iron Wave","Uppercut"],"picked":"Dual Wield+1","floor":31.0},{"not_picked":["Thunderclap","Body Slam","Pummel"],"picked":"SKIP","floor":35.0},{"not_picked":["Wild Strike+1","Warcry+1","Twin Strike"],"picked":"SKIP","floor":36.0},{"not_picked":["Flex+1","Rage+1","Spot Weakness+1"],"picked":"SKIP","floor":38.0},{"not_picked":["Reckless Charge","Iron Wave","Warcry+1"],"picked":"SKIP","floor":39.0},{"not_picked":["Twin Strike","Shrug It Off+1","Juggernaut"],"picked":"SKIP","floor":41.0},{"not_picked":["Clash","Wild Strike","Searing Blow"],"picked":"SKIP","floor":45.0},{"not_picked":["Bloodletting+1","Sword Boomerang","Anger"],"picked":"SKIP","floor":47}],"player_experience":446624,"relics_obtained":[{"floor":9.0,"key":"Toxic Egg 2"},{"floor":23.0,"key":"Centennial Puzzle"},{"floor":23.0,"key":"Gremlin Horn"},{"floor":26.0,"key":"Letter Opener"},{"floor":27.0,"key":"Darkstone Periapt"},{"floor":27.0,"key":"Vajra"},{"floor":29.0,"key":"Ancient Tea Set"},{"floor":29.0,"key":"Pantograph"},{"floor":43.0,"key":"Pen Nib"},{"floor":45.0,"key":"Whetstone"},{"floor":45.0,"key":"Bag of Marbles"},{"floor":47,"key":"Ice Cream"},{"floor":47,"key":"MawBank"}],"event_choices":[{"cards_removed":["Strike_R"],"damage_healed":0.0,"max_hp_gain":0.0,"max_hp_loss":0.0,"gold_gain":0.0,"event_name":"The Cleric","player_choice":"Card Removal","floor":3.0,"gold_loss":50.0,"damage_taken":0.0},{"cards_removed":["Strike_R"],"damage_healed":0.0,"max_hp_gain":0.0,"max_hp_loss":0.0,"gold_gain":0.0,"event_name":"Golden Wing","player_choice":"Card Removal","floor":4.0,"gold_loss":0.0,"damage_taken":7.0},{"damage_healed":0.0,"max_hp_gain":0.0,"max_hp_loss":0.0,"gold_gain":0.0,"event_name":"WeMeetAgain","player_choice":"Gave Potion","floor":7.0,"gold_loss":0.0,"damage_taken":0.0,"relics_obtained":["War Paint"]},{"damage_healed":0.0,"max_hp_gain":0.0,"max_hp_loss":0.0,"gold_gain":0.0,"event_name":"The Library","player_choice":"Read","floor":19.0,"gold_loss":0.0,"damage_taken":0.0,"cards_obtained":["Shrug It Off"]},{"damage_healed":0.0,"max_hp_gain":0.0,"max_hp_loss":0.0,"gold_gain":99.0,"event_name":"Nest","player_choice":"Stole From Cult","floor":20.0,"gold_loss":0.0,"damage_taken":0.0},{"damage_healed":0.0,"max_hp_gain":0.0,"max_hp_loss":0.0,"gold_gain":0.0,"event_name":"Ghosts","player_choice":"Ignored","floor":22.0,"gold_loss":0.0,"damage_taken":0.0},{"damage_healed":54.0,"max_hp_gain":0.0,"max_hp_loss":0.0,"gold_gain":0.0,"event_name":"MindBloom","player_choice":"Heal","floor":42.0,"gold_loss":0.0,"damage_taken":0.0,"cards_obtained":["Doubt"]},{"damage_healed":0.0,"max_hp_gain":0.0,"max_hp_loss":0.0,"gold_gain":0.0,"event_name":"Accursed Blacksmith","player_choice":"Rummage","floor":44.0,"gold_loss":0.0,"damage_taken":0.0,"relics_obtained":["WarpedTongs"],"cards_obtained":["Pain"]}],"is_beta":false,"boss_relics":[{"not_picked":["Snecko Eye","Pandora\u0027s Box"],"picked":"Black Star"},{"not_picked":["Fusion Hammer","Velvet Choker","Tiny House"]}],"items_purged_floors":[5,12,25,28,37,48],"is_endless":false,"potions_floor_spawned":[2,16,21,30,31,33,38,39,45,47],"ascension_level":14}}