{"host":"75t5dw8c2tyw3fa7","time":1610879323,"event":{"mods":["BaseMod","Minty Spire (QoL Compilation)","Replay The Spire","StSLib"],"gold_per_floor":[117,117,117,133,12,12,22,36,60,75,92,103,5,18,18,18,18],"floor_reached":16,"language":"ENG","playtime":769,"items_purged":["Strike_G"],"score":144,"play_id":"56b4ac99-3a20-4a16-b8bd-a79e1754f852","local_time":"20210117022843","is_ascension_mode":true,"campfire_choices":[{"data":"Deadly Poison","floor":6,"key":"SMITH"},{"floor":15,"key":"REST"}],"circlet_count":0,"master_deck":["AscendersBane","Strike_G","Strike_G","Strike_G","Strike_G","Defend_G","Defend_G","Defend_G","Defend_G","Defend_G","Survivor","Neutralize","Backflip","Deadly Poison+1","Catalyst","Footwork","ReplayTheSpireMod:Necrosis","PiercingWail"],"relics":["Ring of the Snake","The Specimen","Replay:Baseball"],"acts_visited":["Exordium"],"potions_floor_usage":[8,12,16],"damage_taken":[{"damage":10,"enemies":"Small Slimes","floor":1,"turns":5},{"damage":6,"enemies":"Jaw Worm","floor":4,"turns":5},{"damage":0,"enemies":"Cultist","floor":7,"turns":4},{"damage":9,"enemies":"Gremlin Gang","floor":8,"turns":5},{"damage":1,"enemies":"Looter","floor":10,"turns":4},{"damage":10,"enemies":"Lots of Slimes","floor":11,"turns":5},{"damage":14,"enemies":"Exordium Thugs","floor":12,"turns":5},{"damage":5,"enemies":"Large Slime","floor":14,"turns":7},{"damage":34,"enemies":"Fading Forest","floor":16,"turns":7}],"seed_played":"-1325488709393658571","potions_obtained":[{"floor":1,"key":"SneckoOil"},{"floor":7,"key":"Poison Potion"},{"floor":11,"key":"BlessingOfTheForge"},{"floor":14,"key":"CunningPotion"}],"is_trial":false,"path_per_floor":["M","?","?","M","$","R","M","M","T","M","M","M","$","M","R","B"],"character_chosen":"THE_SILENT","items_purchased":["Deadly Poison","PiercingWail","Block Potion"],"campfire_rested":1,"item_purchase_floors":[5,13,13],"current_hp_per_floor":[53,46,46,40,40,40,40,31,31,30,20,6,6,1,22,0,0],"gold":18,"neow_bonus":"ONE_RARE_RELIC","is_daily":false,"chose_seed":false,"campfire_upgraded":1,"win_rate":0.0,"timestamp":1610879323,"path_taken":["M","?","?","M","$","R","M","M","T","M","M","M","$","M","R","BOSS"],"items_purchased_type":["Card","Card","Potion"],"build_version":"2020-12-22","purchased_purges":1,"victory":false,"max_hp_per_floor":[70,70,70,70,70,70,70,70,70,70,70,70,70,70,70,70,70],"card_choices":[{"not_picked":["Heel Hook","Hidden Blade","Reflex"],"picked":"SKIP","floor":1},{"not_picked":["Heel Hook","Prepared"],"picked":"Backflip","floor":4},{"not_picked":["Endless Agony","Quick Slash","Dodge and Roll"],"picked":"SKIP","floor":7},{"not_picked":["Flying Knee","Bane"],"picked":"Catalyst","floor":8},{"not_picked":["Prepared","Endless Agony"],"picked":"Footwork","floor":10},{"not_picked":["Calculated Gamble","Finisher","Cloak And Dagger"],"picked":"SKIP","floor":11},{"not_picked":["Sucker Punch","Fluid Movement"],"picked":"ReplayTheSpireMod:Necrosis","floor":12},{"not_picked":["Cloak And Dagger","Deadly Poison","Tactician"],"picked":"SKIP","floor":14}],"player_experience":449402,"relics_obtained":[{"floor":9,"key":"Replay:Baseball"}],"event_choices":[{"cards_removed":["Strike_P"],"damage_healed":0,"gold_gain":0,"player_choice":"Card Removal","damage_taken":7,"max_hp_gain":0,"max_hp_loss":0,"event_name":"Golden Wing","floor":2,"gold_loss":0},{"cards_removed":["Strike_R"],"damage_healed":0,"gold_gain":0,"player_choice":"Purged","damage_taken":0,"max_hp_gain":0,"max_hp_loss":0,"event_name":"Purifier","floor":3,"gold_loss":0}],"is_beta":false,"boss_relics":[],"items_purged_floors":[5],"is_endless":false,"potions_floor_spawned":[1,7,11,14],"killed_by":"Fading Forest","ascension_level":10}}