{"host":"h4qgcirtxz6qax9j","time":1610865105,"event":{"mods":["AchievementEnabler","Astrologer","BaseMod","Colored Powertips","Lobotomy","Minty Spire (QoL Compilation)","StSLib","SuperFastMode","The Cursed"],"gold_per_floor":[271,285,285,308,327,327,327],"floor_reached":6,"language":"KOR","playtime":107,"items_purged":[],"score":38,"play_id":"217e9e37-82ae-4492-89e2-18970a54cb3d","local_time":"20210117153145","is_ascension_mode":false,"campfire_choices":[],"circlet_count":0,"master_deck":["SpecialBullet","SpecialBullet","SpecialBullet","SpecialBullet","SpecialBullet","SpecialBullet","SpecialBullet","SpecialBullet","OSAHOGD","WristCuter","PunishingBird","LaLuna","Hornet"],"relics":["CogitoBucket","NeowsBlessing","Golden Idol"],"acts_visited":[],"potions_floor_usage":[6],"damage_taken":[{"damage":0,"enemies":"Cultist","floor":1,"turns":1},{"damage":0,"enemies":"Jaw Worm","floor":2,"turns":1},{"damage":0,"enemies":"2 Louse","floor":4,"turns":1},{"damage":16,"enemies":"2 Fungi Beasts","floor":5,"turns":3},{"damage":40,"enemies":"3 Sentries","floor":6,"turns":4}],"seed_played":"6048700363434798094","potions_obtained":[{"floor":4,"key":"LiquidMemories"}],"is_trial":false,"path_per_floor":["M","M","?","M","M","E"],"character_chosen":"Angela","items_purchased":[],"campfire_rested":0,"item_purchase_floors":[],"current_hp_per_floor":[70,70,53,53,39,0,0],"gold":327,"neow_bonus":"THREE_ENEMY_KILL","is_daily":false,"chose_seed":false,"campfire_upgraded":0,"win_rate":0.0,"timestamp":1610865105,"path_taken":["M","M","?","M","M","E"],"items_purchased_type":[],"build_version":"2020-12-22","purchased_purges":0,"victory":false,"max_hp_per_floor":[70,70,70,70,70,70,70],"card_choices":[{"not_picked":["GalaxyChild","Freischutz"],"picked":"OSAHOGD","floor":1},{"not_picked":["Noise"],"picked":"WristCuter","floor":1},{"not_picked":["UniverseFragment","ShyLook"],"picked":"PunishingBird","floor":2},{"not_picked":["FeatherOfHonor","RapturousDream"],"picked":"SKIP","floor":2},{"not_picked":["Scorched","CrumblingArmor"],"picked":"LaLuna","floor":4},{"not_picked":["Regret_ego"],"picked":"Hornet","floor":4},{"not_picked":["BloodyDesire","Pleasure"],"picked":"SKIP","floor":5}],"player_experience":163472,"relics_obtained":[],"event_choices":[{"damage_healed":0,"gold_gain":0,"player_choice":"Take Damage","damage_taken":17,"relics_obtained":["Golden Idol"],"max_hp_gain":0,"max_hp_loss":0,"event_name":"Golden Idol","floor":3,"gold_loss":0}],"is_beta":false,"boss_relics":[],"items_purged_floors":[],"is_endless":false,"potions_floor_spawned":[4],"killed_by":"3 Sentries","ascension_level":0}}