{"host":"9tdk3zzhmpo6o3dg","time":1610902030,"event":{"mods":["AchievementEnabler","BaseMod","Downfall","Hermit","Hunter 猎人","Koishi","Marisa（F雨　魔理沙）","Minty Spire (QoL Compilation)","SOS（斯巴达之子）","Shop Mod","StSLib","The Alterego","The Animator","The Cursed","The Hierophant","The Marked","The Servant 0.9.4","WarShipGirlsR/战舰少女R mod","Yuri Mod"],"gold_per_floor":[116,2,177,195,210,235,235,310,310,326,353,353,353,37,37,136,136,155,165,96,113,63,63,98,112,112,143,155,155,173,98,98,194,194,207,1206,1217,203,303,303,303],"floor_reached":40,"language":"ZHS","playtime":2195,"items_purged":["Doubt","Normality"],"score":506,"play_id":"bbe74672-b348-4e17-98dc-7d84cd1faf78","local_time":"20210118004710","is_ascension_mode":true,"campfire_choices":[{"data":"Noxious Fumes","floor":7,"key":"SMITH"},{"floor":13,"key":"REST"},{"floor":15,"key":"REST"},{"floor":23,"key":"REST"},{"floor":29,"key":"REST"},{"data":"Tactician","floor":32,"key":"SMITH"}],"circlet_count":0,"master_deck":["Strike_G","Strike_G","Defend_G","Defend_G","Defend_G","Defend_G","Defend_G","Survivor","Neutralize","Escape Plan","Noxious Fumes+1","Crippling Poison","Dagger Throw","Bouncing Flask","Deadly Poison","PiercingWail","Tactician+1","Deflect","Slice","Outmaneuver","Poisoned Stab","Bane","Envenom","Reflex+1","Burst+1","Crippling Poison+1","Acrobatics","Predator","Escape Plan","Reflex+1","Prepared+1","Dagger Throw","Acrobatics","Dagger Throw+1","Malaise","PiercingWail","Normality","Footwork+1","PiercingWail"],"relics":["Ring of the Snake","Happy Flower","Ninja Scroll","Vajra","Dream Catcher","yuri:PortableGlitches","Astrolabe","Pen Nib","White Beast Statue","HoveringKite","Frozen Egg 2","TwistedFunnel","The Specimen","MerchantsRug"],"acts_visited":["Exordium","TheCity","TheBeyond"],"potions_floor_usage":[27,27,33,33,33,40,40,40],"damage_taken":[{"damage":0,"enemies":"Cultist","floor":1,"turns":4},{"damage":1,"enemies":"2 Louse","floor":4,"turns":3},{"damage":0,"enemies":"Small Slimes","floor":5,"turns":5},{"damage":10,"enemies":"Lagavulin","floor":6,"turns":5},{"damage":2,"enemies":"Looter","floor":10,"turns":2},{"damage":22,"enemies":"Gremlin Nob","floor":11,"turns":4},{"damage":26,"enemies":"Hexaghost","floor":16,"turns":6},{"damage":0,"enemies":"Chosen","floor":18,"turns":4},{"damage":10,"enemies":"Shell Parasite","floor":19,"turns":4},{"damage":9,"enemies":"Sentry and Sphere","floor":21,"turns":4},{"damage":23,"enemies":"Slavers","floor":24,"turns":5},{"damage":14,"enemies":"Centurion and Healer","floor":25,"turns":4},{"damage":9,"enemies":"Gremlin Leader","floor":27,"turns":4},{"damage":11,"enemies":"Snecko","floor":28,"turns":4},{"damage":2,"enemies":"Chosen and Byrds","floor":30,"turns":4},{"damage":45,"enemies":"Automaton","floor":33,"turns":9},{"damage":2,"enemies":"3 Shapes","floor":35,"turns":3},{"damage":24,"enemies":"3 Darklings","floor":37,"turns":5},{"damage":72,"enemies":"Giant Head","floor":40,"turns":9}],"seed_played":"-8116726742408938978","potions_obtained":[{"floor":1,"key":"Strength Potion"},{"floor":5,"key":"SpeedPotion"},{"floor":6,"key":"LiquidBronze"},{"floor":11,"key":"Regen Potion"},{"floor":24,"key":"EssenceOfSteel"},{"floor":27,"key":"champ:CounterPotion"},{"floor":28,"key":"EssenceOfSteel"},{"floor":33,"key":"Dexterity Potion"},{"floor":35,"key":"Regen Potion"},{"floor":37,"key":"FearPotion"}],"is_trial":false,"path_per_floor":["M","$","?","M","M","E","R","?","T","M","E","?","R","$","R","B",null,"M","M","$","M","?","R","E","M","T","E","M","R","M","?","R","B",null,"M","?","M","$","?","E"],"character_chosen":"THE_SILENT","items_purchased":["Noxious Fumes","Crippling Poison","yuri:PortableGlitches","Escape Plan","Frozen Egg 2","TwistedFunnel","The Specimen","Footwork+1","PiercingWail","MerchantsRug"],"campfire_rested":4,"item_purchase_floors":[2,2,14,20,38,38,38,38,38,38],"current_hp_per_floor":[70,70,70,69,69,59,59,48,48,46,24,24,45,45,66,40,70,70,60,60,51,51,70,47,33,33,38,27,48,46,46,46,1,70,68,68,44,44,44,0,0],"gold":303,"neow_bonus":"RANDOM_COMMON_RELIC","is_daily":false,"chose_seed":false,"campfire_upgraded":2,"win_rate":0.0,"timestamp":1610902030,"path_taken":["M","$","?","M","M","E","R","?","T","M","E","?","R","$","R","BOSS","M","M","$","M","?","R","E","M","T","E","?","R","M","?","R","BOSS","M","?","M","$","?","E"],"items_purchased_type":["Card","Card","Relic","Card","Relic","Relic","Relic","Card","Card","Relic"],"build_version":"2020-12-22","purchased_purges":2,"victory":false,"max_hp_per_floor":[70,70,70,70,70,70,70,70,70,70,70,70,70,70,70,70,70,70,70,70,70,70,70,70,70,70,70,70,70,70,70,70,70,70,70,70,70,70,70,70,70],"card_choices":[{"not_picked":["PiercingWail","Deflect"],"picked":"Escape Plan","floor":1},{"not_picked":["Reflex","Sucker Punch"],"picked":"Dagger Throw","floor":4},{"not_picked":["Backstab","Cloak And Dagger"],"picked":"Bouncing Flask","floor":5},{"not_picked":["Blade Dance","Expertise"],"picked":"Deadly Poison","floor":6},{"not_picked":["Dagger Throw","Sucker Punch"],"picked":"PiercingWail","floor":10},{"not_picked":["Phantasmal Killer","Terror"],"picked":"Tactician","floor":11},{"not_picked":["Skewer","Flechettes"],"picked":"Bane","floor":15},{"not_picked":["Venomology","Bullet Time"],"picked":"Envenom","floor":16},{"not_picked":["Dagger Throw","Predator"],"picked":"Acrobatics","floor":18},{"not_picked":["Deflect","Dagger Spray"],"picked":"Predator","floor":19},{"not_picked":["Well Laid Plans","Deadly Poison"],"picked":"Reflex+1","floor":21},{"not_picked":["Bouncing Flask","Riddle With Holes"],"picked":"Prepared+1","floor":24},{"not_picked":["Choke","Flying Knee","Deflect"],"picked":"SKIP","floor":25},{"not_picked":["Skewer","A Thousand Cuts"],"picked":"Dagger Throw","floor":27},{"not_picked":["Slice","Footwork"],"picked":"Acrobatics","floor":28},{"not_picked":["Deadly Poison","Sucker Punch+1"],"picked":"Dagger Throw+1","floor":30},{"not_picked":["Doppelganger","Storm of Steel"],"picked":"Malaise","floor":33},{"not_picked":["Acrobatics+1","Sucker Punch+1"],"picked":"PiercingWail","floor":35},{"not_picked":["Bane+1","Cloak And Dagger","Flying Knee"],"picked":"SKIP","floor":37}],"player_experience":170987,"relics_obtained":[{"floor":6,"key":"Ninja Scroll"},{"floor":9,"key":"Vajra"},{"floor":11,"key":"Dream Catcher"},{"floor":24,"key":"Pen Nib"},{"floor":26,"key":"White Beast Statue"},{"floor":27,"key":"Girya"}],"event_choices":[{"damage_healed":0,"gold_gain":175,"player_choice":"AGREE","damage_taken":0,"max_hp_gain":0,"max_hp_loss":0,"event_name":"Liars Game","floor":3,"gold_loss":0,"cards_obtained":["Doubt"]},{"damage_healed":0,"gold_gain":75,"player_choice":"Gather Gold","damage_taken":11,"max_hp_gain":0,"max_hp_loss":0,"event_name":"World of Goop","floor":8,"gold_loss":0},{"damage_healed":0,"gold_gain":0,"player_choice":"Bet on Murderer","damage_taken":0,"max_hp_gain":0,"max_hp_loss":0,"event_name":"The Joust","floor":22,"gold_loss":50},{"cards_removed":["Slice"],"damage_healed":0,"gold_gain":0,"player_choice":"Gave Gold","damage_taken":0,"max_hp_gain":0,"max_hp_loss":0,"event_name":"Beggar","floor":31,"gold_loss":75},{"damage_healed":0,"gold_gain":999,"player_choice":"Gold","damage_taken":0,"max_hp_gain":0,"max_hp_loss":0,"event_name":"MindBloom","floor":36,"gold_loss":0,"cards_obtained":["Normality","Normality"]},{"damage_healed":0,"gold_gain":100,"player_choice":"Pray","damage_taken":0,"max_hp_gain":0,"max_hp_loss":0,"event_name":"Golden Shrine","floor":39,"gold_loss":0}],"is_beta":false,"boss_relics":[{"not_picked":["Fusion Hammer","Pandora\u0027s Box"],"picked":"Astrolabe"},{"not_picked":["Cursed Key","Runic Pyramid"],"picked":"HoveringKite"}],"items_purged_floors":[14,38],"is_endless":false,"potions_floor_spawned":[1,5,6,11,19,24,27,28,30,33,35,37],"killed_by":"Giant Head","ascension_level":1}}