{"host":"5dk97cf2ubw2v967","time":1610854206,"event":{"mods":["AlwaysNeverKeys","BaseMod","Better Altar","Better Vampires","Block Reminder","Colored Powertips","Downfall","Googly Eyes","Highlight Path","Minty Spire (QoL Compilation)","Permanent Neow","Potion Indicator Mod","Quick Restart","Relic Filter","Relic Stats","Say the Spire","Spicy Shops","StSLib","Waifu the Spire","everything is the same but u backflip on backflip"],"gold_per_floor":[99,117,137,154,0,0,127,149,184,84,119,136,171,186,202,299,299,199,217,217,227,246,21,99,117,17,50,69,102,121,29,41,137,137,137,148,160,145,160,12,12,12,41,61,61,90,90,190,210,210,210,244,44,44,44,44],"floor_reached":57,"language":"ENG","playtime":5775,"items_purged":["Guardian:Strike_Guardian","Parasite","Guardian:Strike_Guardian"],"score":1589,"play_id":"156c11ce-0d26-4ff1-b34a-91785f3bf9d7","local_time":"20210117033006","is_ascension_mode":true,"campfire_choices":[{"floor":1.0,"key":"RECALL"},{"floor":6.0,"key":"REST"},{"floor":10.0,"key":"REST"},{"floor":18.0,"key":"REST"},{"floor":26.0,"key":"REST"},{"floor":35.0,"key":"REST"},{"floor":47.0,"key":"REST"},{"floor":54.0,"key":"REST"}],"circlet_count":0,"master_deck":["Guardian:Strike_Guardian","Guardian:Defend_Guardian","Guardian:Defend_Guardian","Guardian:Defend_Guardian+1","Guardian:Defend_Guardian","Guardian:CurlUp","Guardian:TwinSlam","Guardian:PrimingBeam","Guardian:PiercingHide","Guardian:BronzeOrb","Guardian:ShieldCharger","Guardian:Preprogram","Guardian:SentryBeam","Guardian:StasisEngine","Guardian:BronzeOrb","Guardian:ShieldCharger","Guardian:TemporalStrike","Guardian:ChargeCore","Guardian:StasisField","Guardian:BronzeOrb","Guardian:ChargeUp+1","Guardian:FloatingOrbs","Guardian:StasisField","Guardian:FuturePlans","Guardian:Orbwalk","Guardian:GatlingBeam","Guardian:DonusPower","Guardian:Harden+1","Guardian:BronzeArmor","Guardian:StasisEngine","Guardian:ShieldCharger","Guardian:FloatingOrbs","Guardian:AncientConstruct","Guardian:SentryBeam+1","Guardian:FuturePlans+1","Guardian:FastForward","Guardian:TimeSifter","Guardian:Orbwalk","Guardian:ShieldSpikes+1","Guardian:TimeCapacitor","Guardian:BronzeArmor","Guardian:ShieldCharger","Guardian:BronzeOrb+1","Guardian:PolyBeam+1","Guardian:FloatingOrbs","Guardian:SpikerProtocol","Guardian:ArmoredProtocol"],"relics":["Fusion Hammer","Tiny House","Odd Mushroom","Bronze Scales","downfall:HeartBlessingRed","Turnip","Omamori","Calling Bell","Guardian:DefensiveModeMoreBlock","Guardian:StasisCodex","Prayer Wheel","downfall:HeartBlessingGreen","Guardian:StasisUpgradeRelic","downfall:HeartBlessingBlue","Pantograph","Juzu Bracelet","DollysMirror","Sozu","Kunai","Ice Cream","Gambling Chip","Oddly Smooth Stone","Toy Ornithopter","Unceasing Top"],"acts_visited":["Exordium","TheCity","TheBeyond","TheEnding"],"potions_floor_usage":[],"damage_taken":[{"damage":3.0,"enemies":"Jaw Worm","floor":2.0,"turns":4.0},{"damage":0.0,"enemies":"Cultist","floor":3.0,"turns":3.0},{"damage":4.0,"enemies":"2 Louse","floor":4.0,"turns":2.0},{"damage":0.0,"enemies":"downfall:FleeingMerchant","floor":5.0,"turns":4.0},{"damage":5.0,"enemies":"The Mushroom Lair","floor":8.0,"turns":4.0},{"damage":0.0,"enemies":"Lagavulin","floor":9.0,"turns":6.0},{"damage":6.0,"enemies":"Gremlin Nob","floor":11.0,"turns":3.0},{"damage":8.0,"enemies":"Large Slime","floor":12.0,"turns":5.0},{"damage":7.0,"enemies":"3 Sentries","floor":13.0,"turns":8.0},{"damage":0.0,"enemies":"2 Fungi Beasts","floor":14.0,"turns":2.0},{"damage":5.0,"enemies":"Exordium Thugs","floor":15.0,"turns":3.0},{"damage":16.0,"enemies":"WA_ARCHETYPE_RETAIN","floor":16.0,"turns":9.0},{"damage":2.0,"enemies":"Shell Parasite","floor":19.0,"turns":4.0},{"damage":5.0,"enemies":"Spheric Guardian","floor":21.0,"turns":4.0},{"damage":10.0,"enemies":"Snake Plant","floor":22.0,"turns":4.0},{"damage":0.0,"enemies":"downfall:FleeingMerchant","floor":23.0,"turns":4.0},{"damage":2.0,"enemies":"Shelled Parasite and Fungi","floor":25.0,"turns":5.0},{"damage":0.0,"enemies":"Gremlin Leader","floor":27.0,"turns":7.0},{"damage":0.0,"enemies":"Centurion and Healer","floor":28.0,"turns":6.0},{"damage":14.0,"enemies":"Slavers","floor":29.0,"turns":7.0},{"damage":0.0,"enemies":"Cultist and Chosen","floor":30.0,"turns":6.0},{"damage":0.0,"enemies":"downfall:FleeingMerchant","floor":31.0,"turns":4.0},{"damage":0.0,"enemies":"Snecko","floor":32.0,"turns":5.0},{"damage":12.0,"enemies":"DF_ARCHETYPE_CLAW","floor":33.0,"turns":8.0},{"damage":15.0,"enemies":"3 Darklings","floor":36.0,"turns":5.0},{"damage":0.0,"enemies":"3 Shapes","floor":37.0,"turns":7.0},{"damage":3.0,"enemies":"downfall:FleeingMerchant","floor":38.0,"turns":4.0},{"damage":15.0,"enemies":"Writhing Mass","floor":39.0,"turns":3.0},{"damage":1.0,"enemies":"downfall:FleeingMerchant","floor":40.0,"turns":3.0},{"damage":29.0,"enemies":"Nemesis","floor":43.0,"turns":5.0},{"damage":15.0,"enemies":"4 Shapes","floor":44.0,"turns":6.0},{"damage":0.0,"enemies":"Giant Head","floor":46.0,"turns":7.0},{"damage":0.0,"enemies":"downfall:LadyInBlue","floor":48.0,"turns":6.0},{"damage":1.0,"enemies":"Sphere and 2 Shapes","floor":49.0,"turns":4.0},{"damage":58.0,"enemies":"IC_BLOCK_ARCHETYPE","floor":50.0,"turns":10.0},{"damage":0.0,"enemies":"downfall:CharBossMerchant","floor":52.0,"turns":9.0},{"damage":3,"enemies":"downfall:NeowBoss","floor":55,"turns":11},{"damage":0,"enemies":"downfall:NeowBossFinal","floor":56,"turns":11}],"seed_played":"-268271684254841535","potions_obtained":[{"floor":8.0,"key":"ColorlessPotion"},{"floor":9.0,"key":"SteroidPotion"},{"floor":11.0,"key":"SkillPotion"},{"floor":12.0,"key":"Weak Potion"},{"floor":13.0,"key":"SpeedPotion"},{"floor":22.0,"key":"SpeedPotion"},{"floor":25.0,"key":"Guardian:DefensiveModePotion"},{"floor":28.0,"key":"Guardian:BlockOnCardUsePotion"},{"floor":29.0,"key":"Guardian:DefensiveModePotion"}],"is_trial":false,"path_per_floor":["R","M","M","M","$","R","T","?","E","R","E","M","E","M","M","B",null,"R","M","?","M","M","$","T","M","R","E","M","E","M","$","M","B",null,"R","M","M","?","M","$","T","?","E","M","?","E","R","?","M","B",null,"E","$","R","B","B",null],"character_chosen":"GUARDIAN","items_purchased":["Guardian:Gem_Synthetic","Guardian:Orbwalk","Guardian:StasisUpgradeRelic","DollysMirror","Kunai","Guardian:Orbwalk","Guardian:ArmoredProtocol"],"campfire_rested":7,"item_purchase_floors":[5,23,23,31,40,40,53],"current_hp_per_floor":[80,77,77,73,73,80,85,80,80,85,79,71,64,64,59,43,85,85,83,83,78,68,68,68,66,95,95,95,81,81,81,81,83,95,95,80,80,77,62,61,61,61,32,17,80,80,80,80,79,27,80,80,80,80,77,80],"gold":44,"neow_bonus":"BOSS_RELIC","is_daily":false,"chose_seed":false,"campfire_upgraded":0,"win_rate":0.0,"timestamp":1610854206,"path_taken":["R","M","M","M","$","R","T","?","E","R","E","M","E","M","M","BOSS","R","M","?","?","M","$","T","M","R","E","?","E","M","$","M","BOSS","R","M","M","?","M","$","T","?","E","M","?","E","R","?","M","BOSS","E","$","R","BOSS","BOSS"],"items_purchased_type":["Card","Card","Relic","Relic","Relic","Card","Card"],"build_version":"2020-12-22","purchased_purges":3,"victory":true,"max_hp_per_floor":[80,80,80,80,80,80,85,85,85,85,85,85,85,85,85,85,85,85,85,85,85,85,85,85,85,95,95,95,95,95,95,95,95,95,95,95,95,95,95,92,92,92,92,92,80,80,80,80,80,80,80,80,80,80,80,80],"relic_stats":{"Sozu":9,"counters":[38,207],"Bronze Scales":[449],"Pantograph":18,"Gambling Chip":[1],"Prayer Wheel":12,"Turnip":[24],"Juzu Bracelet":1,"Kunai":[57],"obtain_stats":[{"Ice Cream":41,"Tiny House":7,"Guardian:StasisCodex":17,"downfall:HeartBlessingGreen":18,"Juzu Bracelet":29,"Sozu":34,"downfall:HeartBlessingBlue":26,"DollysMirror":31,"Pantograph":27,"Gambling Chip":43,"Prayer Wheel":17,"Fusion Hammer":0,"Kunai":40,"Guardian:DefensiveModeMoreBlock":17,"downfall:HeartBlessingRed":10,"Guardian:ModeShifter":0,"Oddly Smooth Stone":46,"Omamori":13,"Odd Mushroom":8,"Calling Bell":17,"Guardian:StasisUpgradeRelic":23,"Bronze Scales":9,"Turnip":11,"Toy Ornithopter":48,"Unceasing Top":52},{"Ice Cream":29,"Tiny House":4,"Guardian:StasisCodex":12,"downfall:HeartBlessingGreen":12,"Juzu Bracelet":20,"Sozu":24,"downfall:HeartBlessingBlue":17,"DollysMirror":22,"Pantograph":18,"Gambling Chip":30,"Prayer Wheel":12,"Fusion Hammer":0,"Kunai":29,"Guardian:DefensiveModeMoreBlock":12,"downfall:HeartBlessingRed":6,"Guardian:ModeShifter":0,"Oddly Smooth Stone":32,"Omamori":9,"Odd Mushroom":5,"Calling Bell":12,"Guardian:StasisUpgradeRelic":16,"Bronze Scales":6,"Turnip":7,"Toy Ornithopter":33,"Unceasing Top":36},{"Ice Cream":139,"Tiny House":13,"Guardian:StasisCodex":53,"downfall:HeartBlessingGreen":53,"Juzu Bracelet":94,"Sozu":117,"downfall:HeartBlessingBlue":74,"DollysMirror":104,"Pantograph":81,"Gambling Chip":144,"Prayer Wheel":53,"Fusion Hammer":0,"Kunai":139,"Guardian:DefensiveModeMoreBlock":53,"downfall:HeartBlessingRed":23,"Guardian:ModeShifter":0,"Oddly Smooth Stone":156,"Omamori":39,"Odd Mushroom":17,"Calling Bell":53,"Guardian:StasisUpgradeRelic":69,"Bronze Scales":23,"Turnip":26,"Toy Ornithopter":162,"Unceasing Top":185}],"Toy Ornithopter":5,"Unceasing Top":[24]},"card_choices":[{"not_picked":["Guardian:CrystalBeam","Guardian:Suspension"],"picked":"Guardian:PrimingBeam","floor":2.0},{"not_picked":["Guardian:RollAttack","Guardian:CrystalBeam"],"picked":"Guardian:PiercingHide","floor":3.0},{"not_picked":["Guardian:TemporalStrike","Guardian:ShieldCharger"],"picked":"Guardian:BronzeOrb","floor":4.0},{"not_picked":["Guardian:Gem_Cyan","Guardian:Gem_Lightblue"],"picked":"Guardian:ShieldCharger","floor":5.0},{"not_picked":["Guardian:BodySlam","Guardian:RollAttack"],"picked":"Guardian:Preprogram","floor":8.0},{"not_picked":["Guardian:Suspension","Guardian:PolyBeam"],"picked":"Guardian:SentryBeam","floor":9.0},{"not_picked":["Guardian:Recover","Guardian:TemporalStrike"],"picked":"Guardian:StasisEngine","floor":11.0},{"not_picked":["Guardian:Recover","Guardian:RollAttack"],"picked":"Guardian:BronzeOrb","floor":12.0},{"not_picked":["Guardian:PrimingBeam","Guardian:Gem_Green"],"picked":"Guardian:ShieldCharger","floor":13.0},{"not_picked":["Guardian:PrimingBeam","Guardian:Reroute"],"picked":"Guardian:TemporalStrike","floor":14.0},{"not_picked":["Guardian:TemporalStrike","Guardian:TemporalShield"],"picked":"Guardian:ChargeCore","floor":15.0},{"not_picked":["Guardian:ConstructionForm","Guardian:SphericShield"],"picked":"Guardian:StasisField","floor":16.0},{"not_picked":["Guardian:ChargeCore","Guardian:Suspension"],"picked":"Guardian:Gem_Fragmented","floor":19.0},{"not_picked":["Guardian:TemporalStrike+1","Guardian:TimeCapacitor"],"picked":"Guardian:Gem_Purple","floor":19.0},{"not_picked":["Guardian:GuardianWhirl+1","Guardian:Gem_Crimson"],"picked":"Guardian:BronzeOrb","floor":21.0},{"not_picked":["Guardian:Planning","Guardian:VentSteam+1"],"picked":"Guardian:ChargeUp+1","floor":21.0},{"not_picked":["Guardian:VentSteam","Guardian:RollAttack"],"picked":"Guardian:FloatingOrbs","floor":22.0},{"not_picked":["Guardian:WalkerClaw","Guardian:Recover"],"picked":"Guardian:StasisField","floor":22.0},{"not_picked":["Guardian:RollAttack","Guardian:Planning"],"picked":"Guardian:FuturePlans","floor":23.0},{"not_picked":["Guardian:VentSteam","Guardian:Gem_Crimson"],"picked":"Guardian:Gem_Red","floor":25.0},{"not_picked":["Guardian:Planning","Guardian:TemporalShield","Guardian:TemporalStrike"],"picked":"SKIP","floor":25.0},{"not_picked":["Guardian:Recover","Guardian:BronzeArmor"],"picked":"Guardian:Gem_Cyan","floor":27.0},{"not_picked":["Guardian:TemporalStrike","Guardian:EvasiveProtocol"],"picked":"Guardian:Gem_Purple","floor":28.0},{"not_picked":["Guardian:PiercingHide","Guardian:TemporalShield","Guardian:Gem_Green"],"picked":"SKIP","floor":28.0},{"not_picked":["Guardian:PiercingHide","Guardian:TemporalShield","Guardian:Gem_Green"],"picked":"SKIP","floor":28.0},{"not_picked":["Guardian:ShieldSpikes","Guardian:PolyBeam"],"picked":"Guardian:GatlingBeam","floor":29.0},{"not_picked":["Guardian:Gem_Purple","Guardian:ArmoredProtocol"],"picked":"Guardian:DonusPower","floor":30.0},{"not_picked":["Guardian:Incinerate","Guardian:Gem_Lightblue"],"picked":"Guardian:Harden+1","floor":30.0},{"not_picked":["Guardian:FloatingOrbs+1","Guardian:Gem_Red"],"picked":"Guardian:BronzeArmor","floor":31.0},{"not_picked":["Guardian:Gem_Cyan","Guardian:RollAttack"],"picked":"Guardian:ShieldCharger","floor":32.0},{"not_picked":["Guardian:PrimingBeam","Guardian:PiercingHide"],"picked":"Guardian:FloatingOrbs","floor":32.0},{"not_picked":["Guardian:FastForward","Guardian:StasisField"],"picked":"Guardian:AncientConstruct","floor":33.0},{"not_picked":["Guardian:TemporalStrike+1","Guardian:VentSteam"],"picked":"Guardian:Gem_Fragmented","floor":36.0},{"not_picked":["Guardian:RollAttack","Guardian:Harden"],"picked":"Guardian:Gem_Lightblue","floor":36.0},{"not_picked":["Guardian:Recover","Guardian:Gem_Green"],"picked":"Guardian:SentryBeam+1","floor":37.0},{"not_picked":["Guardian:Preprogram","Guardian:Gem_Green","Guardian:BodySlam"],"picked":"SKIP","floor":37.0},{"not_picked":["Guardian:Planning+1","Guardian:Preprogram+1"],"picked":"Guardian:FuturePlans+1","floor":38.0},{"not_picked":["Guardian:Planning","Guardian:Gem_Purple"],"picked":"Guardian:FastForward","floor":39.0},{"not_picked":["Guardian:CrystalBeam","Guardian:Gem_Blue","Guardian:Planning"],"picked":"SKIP","floor":39.0},{"not_picked":["Guardian:Incinerate","Guardian:TemporalStrike"],"picked":"Guardian:TimeSifter","floor":40.0},{"not_picked":["Guardian:Suspension+1","Guardian:Incinerate"],"picked":"Guardian:ShieldSpikes+1","floor":43.0},{"not_picked":["Guardian:WalkerClaw","Guardian:Preprogram+1"],"picked":"Guardian:TimeCapacitor","floor":44.0},{"not_picked":["Guardian:ShieldSpikes+1","Guardian:Gem_Green"],"picked":"Guardian:BronzeArmor","floor":44.0},{"not_picked":["Guardian:TimeCapacitor+1","Guardian:Gem_Cyan"],"picked":"Guardian:ShieldCharger","floor":46.0},{"not_picked":["Guardian:Planning","Guardian:Repulse"],"picked":"Guardian:BronzeOrb+1","floor":48.0},{"not_picked":["Guardian:RollAttack","Guardian:Preprogram+1"],"picked":"Guardian:PolyBeam+1","floor":49.0},{"not_picked":["Guardian:BodySlam","Guardian:Planning"],"picked":"Guardian:FloatingOrbs","floor":49.0},{"not_picked":["Guardian:ChargeCore","Guardian:TimeBomb"],"picked":"Guardian:SpikerProtocol","floor":52.0}],"player_experience":1185762,"relics_obtained":[{"floor":7.0,"key":"Tiny House"},{"floor":8.0,"key":"Odd Mushroom"},{"floor":9.0,"key":"Bronze Scales"},{"floor":11.0,"key":"Turnip"},{"floor":13.0,"key":"Omamori"},{"floor":17.0,"key":"Guardian:DefensiveModeMoreBlock"},{"floor":17.0,"key":"Guardian:StasisCodex"},{"floor":17.0,"key":"Prayer Wheel"},{"floor":27.0,"key":"Pantograph"},{"floor":29.0,"key":"Juzu Bracelet"},{"floor":41.0,"key":"Ice Cream"},{"floor":43.0,"key":"Gambling Chip"},{"floor":46.0,"key":"Oddly Smooth Stone"},{"floor":48.0,"key":"Toy Ornithopter"},{"floor":52.0,"key":"Unceasing Top"}],"event_choices":[{"damage_healed":0.0,"max_hp_gain":0.0,"max_hp_loss":0.0,"gold_gain":0.0,"event_name":"Mushrooms","player_choice":"Fought Mushrooms","floor":8.0,"gold_loss":0.0,"damage_taken":0.0},{"cards_removed":["Guardian:Strike_Guardian"],"damage_healed":0.0,"max_hp_gain":0.0,"max_hp_loss":0.0,"gold_gain":0.0,"event_name":"Bonfire Elementals","player_choice":"Offered Basic","floor":20.0,"gold_loss":0.0,"damage_taken":0.0},{"cards_removed":["Guardian:Gem_Lightblue"],"damage_healed":0.0,"max_hp_gain":0.0,"max_hp_loss":0.0,"gold_gain":0.0,"event_name":"Falling","player_choice":"Removed Skill","floor":42.0,"gold_loss":0.0,"damage_taken":0.0}],"is_beta":false,"boss_relics":[{"not_picked":["Guardian:StasisSlotReductionRelic","Astrolabe"],"picked":"Calling Bell"},{"not_picked":["Runic Dome","Busted Crown"],"picked":"Sozu"}],"items_purged_floors":[23,40,53],"is_endless":false,"potions_floor_spawned":[8,9,11,12,13,22,25,28,29,30,36,43,46,48,49,52],"ascension_level":2}}