{"host":"x3qmax6e7jj3tga5","time":1610859582,"event":{"mods":["BaseMod","Custom Start","Minty Spire (QoL Compilation)","StSLib"],"gold_per_floor":[114,132,132,132,82,82,113,133,156,156,191,191,191,0,0,121,121,140,160,13,33,33,68,68,68,92,92,92],"floor_reached":27,"language":"ENG","playtime":871,"items_purged":[],"score":249,"play_id":"c3d793ce-1338-4638-9b7e-66f5337a46bd","local_time":"20210116225942","is_ascension_mode":true,"campfire_choices":[{"data":"Zap","floor":6,"key":"SMITH"},{"floor":10,"key":"REST"},{"floor":12,"key":"REST"},{"data":"Defragment","floor":15,"key":"SMITH"},{"floor":24,"key":"REST"}],"circlet_count":0,"master_deck":["Strike_B+1","Defend_B","Defend_B","Defend_B","Defend_B","Zap+1","Dualcast","Compile Driver","Self Repair","Capacitor","Melter+1","Lockon","Sweeping Beam","Defragment+1","Seek","Static Discharge","Consume+1","Ball Lightning"],"relics":["Cracked Core","Juzu Bracelet","Golden Idol","MealTicket","Potion Belt","Dream Catcher","OrangePellets","Busted Crown","Anchor","Whetstone","Lantern"],"acts_visited":["Exordium","TheCity"],"potions_floor_usage":[11,16,27],"damage_taken":[{"damage":0,"enemies":"2 Louse","floor":1,"turns":3},{"damage":5,"enemies":"Small Slimes","floor":2,"turns":3},{"damage":31,"enemies":"3 Sentries","floor":7,"turns":8},{"damage":6,"enemies":"Jaw Worm","floor":8,"turns":3},{"damage":24,"enemies":"Gremlin Nob","floor":11,"turns":4},{"damage":38,"enemies":"Hexaghost","floor":16,"turns":9},{"damage":22,"enemies":"3 Byrds","floor":18,"turns":5},{"damage":0,"enemies":"Spheric Guardian","floor":19,"turns":1},{"damage":19,"enemies":"Centurion and Healer","floor":21,"turns":4},{"damage":37,"enemies":"Gremlin Leader","floor":23,"turns":6},{"damage":29,"enemies":"Slavers","floor":27,"turns":2}],"seed_played":"999433000156668915","potions_obtained":[{"floor":2,"key":"GamblersBrew"},{"floor":7,"key":"Block Potion"},{"floor":21,"key":"Fire Potion"},{"floor":23,"key":"PowerPotion"}],"is_trial":false,"path_per_floor":["M","M","?","?","?","R","E","M","T","R","E","R","?","$","R","B",null,"M","M","$","M","?","E","R","?","T","E"],"character_chosen":"DEFECT","items_purchased":["OrangePellets","Defragment","Anchor"],"campfire_rested":3,"item_purchase_floors":[14,14,20],"current_hp_per_floor":[75,70,45,45,45,45,21,15,15,35,18,38,31,46,46,15,69,47,47,62,43,43,6,26,26,26,0,0],"gold":92,"neow_bonus":"RANDOM_COMMON_RELIC","is_daily":false,"chose_seed":false,"campfire_upgraded":2,"win_rate":0.0,"timestamp":1610859582,"path_taken":["M","M","?","?","?","R","E","M","T","R","E","R","?","?","R","BOSS","M","M","$","M","?","E","R","?","T","E"],"items_purchased_type":["Relic","Card","Relic"],"build_version":"2020-12-22","purchased_purges":0,"victory":false,"max_hp_per_floor":[75,75,75,69,69,69,69,69,69,69,69,69,69,69,69,69,69,69,69,69,69,69,69,69,69,69,69,69],"card_choices":[{"not_picked":["Go for the Eyes","Blizzard"],"picked":"Compile Driver","floor":1},{"not_picked":["Leap","Storm"],"picked":"Self Repair","floor":2},{"not_picked":["Loop","Hologram"],"picked":"Capacitor","floor":7},{"not_picked":["Redo","Stack"],"picked":"Melter","floor":8},{"not_picked":["Steam","Self Repair"],"picked":"Lockon","floor":11},{"not_picked":["Gash","Storm"],"picked":"Sweeping Beam","floor":12},{"not_picked":["All For One","Core Surge"],"picked":"Seek","floor":16},{"not_picked":["Streamline"],"picked":"SKIP","floor":18},{"not_picked":[],"picked":"Static Discharge","floor":19},{"not_picked":[],"picked":"Consume+1","floor":21},{"not_picked":["Turbo+1"],"picked":"SKIP","floor":23}],"player_experience":319051,"relics_obtained":[{"floor":7,"key":"MealTicket"},{"floor":9,"key":"Potion Belt"},{"floor":11,"key":"Dream Catcher"},{"floor":23,"key":"Whetstone"},{"floor":26,"key":"Lantern"}],"event_choices":[{"damage_healed":0,"gold_gain":0,"player_choice":"Fled","damage_taken":25,"max_hp_gain":0,"max_hp_loss":0,"event_name":"Scrap Ooze","floor":3,"gold_loss":0},{"damage_healed":0,"gold_gain":0,"player_choice":"Lose Max HP","damage_taken":0,"relics_obtained":["Golden Idol"],"max_hp_gain":0,"max_hp_loss":6,"event_name":"Golden Idol","floor":4,"gold_loss":0},{"cards_removed":["Strike_B"],"damage_healed":0,"gold_gain":0,"player_choice":"Card Removal","damage_taken":0,"max_hp_gain":0,"max_hp_loss":0,"event_name":"The Cleric","floor":5,"gold_loss":50},{"cards_removed":["Strike_B"],"damage_healed":0,"gold_gain":0,"player_choice":"Card Removal","damage_taken":7,"max_hp_gain":0,"max_hp_loss":0,"event_name":"Golden Wing","floor":13,"gold_loss":0},{"damage_healed":0,"gold_gain":0,"cards_transformed":["Strike_B"],"player_choice":"Transformed","damage_taken":0,"max_hp_gain":0,"max_hp_loss":0,"event_name":"Transmorgrifier","floor":22,"gold_loss":0,"cards_obtained":["Ball Lightning"]},{"damage_healed":0,"gold_gain":0,"player_choice":"Ignored","damage_taken":0,"max_hp_gain":0,"max_hp_loss":0,"event_name":"Ghosts","floor":25,"gold_loss":0}],"is_beta":false,"boss_relics":[{"not_picked":["SacredBark","SlaversCollar"],"picked":"Busted Crown"}],"items_purged_floors":[],"is_endless":false,"potions_floor_spawned":[2,7,21,23],"killed_by":"Slavers","ascension_level":1}}