{"host":"qxeepl7ydvsgmfdb","time":1610895561,"event":{"mods":["AchievementEnabler","BaseMod","Colored Powertips","Minty Spire (QoL Compilation)","Quick Restart","slay the spire mod where everything is the same but ironclad has a cowboy hat"],"gold_per_floor":[109,109,109,129,147,176,176,202,226,252,252,36,53,84,84,189,189,202,202,220,220,220],"floor_reached":21,"language":"ENG","playtime":1125,"items_purged":[],"score":300,"play_id":"c0eb3ca8-ce9f-4c09-b1d0-1f77c8fb9db9","local_time":"20210117095921","is_ascension_mode":true,"campfire_choices":[{"floor":7,"key":"REST"},{"floor":11,"key":"REST"},{"floor":15,"key":"REST"}],"circlet_count":0,"master_deck":["Strike_G","Strike_G","Strike_G","Strike_G","Defend_G","Defend_G","Defend_G","Defend_G","Defend_G","Survivor","Neutralize","Poisoned Stab","Regret","Dodge and Roll","Poisoned Stab","Cloak And Dagger","Phantasmal Killer","Deflect","Noxious Fumes","Deadly Poison","Envenom","Poisoned Stab","Deadly Poison+1"],"relics":["Ring of the Snake","NeowsBlessing","Centennial Puzzle","Tiny Chest","White Beast Statue","Dream Catcher","Pen Nib","MealTicket","Strawberry","Black Star","Question Card"],"acts_visited":["Exordium","TheCity"],"potions_floor_usage":[6,8,16,20,20],"damage_taken":[{"damage":0,"enemies":"Small Slimes","floor":1,"turns":1},{"damage":0,"enemies":"Jaw Worm","floor":4,"turns":1},{"damage":0,"enemies":"Cultist","floor":5,"turns":1},{"damage":31,"enemies":"Gremlin Nob","floor":6,"turns":5},{"damage":24,"enemies":"3 Sentries","floor":8,"turns":11},{"damage":17,"enemies":"Gremlin Nob","floor":10,"turns":4},{"damage":5,"enemies":"Red Slaver","floor":13,"turns":2},{"damage":20,"enemies":"Lagavulin","floor":14,"turns":5},{"damage":36,"enemies":"Hexaghost","floor":16,"turns":10},{"damage":31,"enemies":"Shell Parasite","floor":18,"turns":6},{"damage":10,"enemies":"3 Byrds","floor":20,"turns":5},{"damage":24,"enemies":"Cultist and Chosen","floor":21,"turns":4}],"seed_played":"7428498644403665195","potions_obtained":[{"floor":5,"key":"CunningPotion"},{"floor":6,"key":"Energy Potion"},{"floor":8,"key":"Explosive Potion"},{"floor":10,"key":"GhostInAJar"},{"floor":16,"key":"GamblersBrew"},{"floor":20,"key":"FairyPotion"}],"is_trial":false,"path_per_floor":["M","?","?","M","M","E","R","E","T","E","R","$","M","E","R","B",null,"M","T","M","M"],"character_chosen":"THE_SILENT","items_purchased":["MealTicket","CunningPotion"],"campfire_rested":3,"item_purchase_floors":[12,12],"current_hp_per_floor":[63,63,63,63,63,32,53,29,29,12,33,33,28,15,38,2,58,27,27,17,23,23],"gold":220,"neow_bonus":"THREE_ENEMY_KILL","is_daily":false,"chose_seed":false,"campfire_upgraded":0,"win_rate":0.0,"timestamp":1610895561,"path_taken":["M","?","?","M","?","E","R","E","T","E","R","$","M","E","R","BOSS","M","?","M","?"],"items_purchased_type":["Relic","Potion"],"build_version":"2020-12-22","purchased_purges":0,"victory":false,"max_hp_per_floor":[70,70,70,70,70,70,70,70,70,70,70,70,70,77,77,77,77,77,77,77,77,77],"card_choices":[{"not_picked":["Backflip","Well Laid Plans"],"picked":"Poisoned Stab","floor":1},{"not_picked":["Caltrops","Bane"],"picked":"Poisoned Stab","floor":4},{"not_picked":["Well Laid Plans","Flying Knee"],"picked":"Cloak And Dagger","floor":5},{"not_picked":["Flying Knee","Well Laid Plans"],"picked":"Phantasmal Killer","floor":6},{"not_picked":["Deflect","Endless Agony","Dagger Throw"],"picked":"SKIP","floor":8},{"not_picked":["Quick Slash","Sucker Punch","Predator"],"picked":"SKIP","floor":10},{"not_picked":["Acrobatics","Sucker Punch"],"picked":"Deflect","floor":11},{"not_picked":["Backflip","After Image"],"picked":"Noxious Fumes","floor":13},{"not_picked":["Prepared","PiercingWail"],"picked":"Deadly Poison","floor":14},{"not_picked":["Glass Knife","Grand Finale"],"picked":"Envenom","floor":16},{"not_picked":["Catalyst","Bane"],"picked":"Poisoned Stab","floor":18},{"not_picked":["Deflect","Flechettes","Poisoned Stab"],"picked":"Deadly Poison+1","floor":20}],"player_experience":167262,"relics_obtained":[{"floor":6,"key":"Tiny Chest"},{"floor":8,"key":"White Beast Statue"},{"floor":9,"key":"Dream Catcher"},{"floor":10,"key":"Pen Nib"},{"floor":14,"key":"Strawberry"},{"floor":19,"key":"Question Card"}],"event_choices":[{"damage_healed":0,"gold_gain":0,"player_choice":"Box","damage_taken":0,"relics_obtained":["Centennial Puzzle"],"max_hp_gain":0,"max_hp_loss":0,"event_name":"Big Fish","floor":2,"gold_loss":0,"cards_obtained":["Regret"]},{"damage_healed":0,"gold_gain":0,"cards_transformed":["Strike_G"],"player_choice":"Transformed","damage_taken":0,"max_hp_gain":0,"max_hp_loss":0,"event_name":"Transmorgrifier","floor":3,"gold_loss":0,"cards_obtained":["Dodge and Roll"]}],"is_beta":false,"boss_relics":[{"not_picked":["Philosopher\u0027s Stone","Runic Dome"],"picked":"Black Star"}],"items_purged_floors":[],"is_endless":false,"potions_floor_spawned":[5,6,8,10,13,14,16,18,20],"killed_by":"Cultist and Chosen","ascension_level":9}}