{"host":"fxjo6tp1j0b638k6","time":1610886420,"event":{"mods":["BaseMod","Minty Spire (QoL Compilation)","Permanent Neow","Quick Restart","Relic Stats"],"gold_per_floor":[115,115,140,21,48,48,67,91,116,153,153,176,217,240,240,240,240],"floor_reached":16,"language":"ENG","playtime":1521,"items_purged":["Pain"],"score":137,"play_id":"fa75ccc4-76d5-4ed2-b6d3-eabfb193de90","local_time":"20210117132700","is_ascension_mode":true,"campfire_choices":[{"data":"Dodge and Roll","floor":6.0,"key":"SMITH"},{"data":"Dash","floor":11.0,"key":"SMITH"},{"floor":15,"key":"REST"}],"circlet_count":0,"master_deck":["Strike_G","Strike_G","Strike_G","Strike_G","Strike_G","Defend_G","Defend_G","Defend_G","Defend_G","Defend_G","Survivor","Neutralize","Dodge and Roll+1","Expertise","Backflip","Quick Slash","Well Laid Plans","Dash+1","Deflect","Dagger Spray","Noxious Fumes"],"relics":["Ring of the Snake","FossilizedHelix","CeramicFish","Akabeko","Bag of Preparation","CaptainsWheel"],"acts_visited":["Exordium"],"potions_floor_usage":[16],"damage_taken":[{"damage":0.0,"enemies":"Jaw Worm","floor":1.0,"turns":4.0},{"damage":9.0,"enemies":"Cultist","floor":3.0,"turns":5.0},{"damage":0.0,"enemies":"Small Slimes","floor":5.0,"turns":4.0},{"damage":0.0,"enemies":"Red Slaver","floor":7.0,"turns":6.0},{"damage":0.0,"enemies":"Looter","floor":8.0,"turns":4.0},{"damage":16.0,"enemies":"3 Sentries","floor":10.0,"turns":11.0},{"damage":9,"enemies":"Gremlin Gang","floor":12,"turns":6},{"damage":16,"enemies":"Lagavulin","floor":13,"turns":9},{"damage":0,"enemies":"Blue Slaver","floor":14,"turns":3},{"damage":46,"enemies":"Slime Boss","floor":16,"turns":9}],"seed_played":"-7761978799840137372","potions_obtained":[{"floor":1.0,"key":"SmokeBomb"},{"floor":7.0,"key":"Dexterity Potion"},{"floor":8.0,"key":"Swift Potion"}],"is_trial":false,"path_per_floor":["M","?","M","$","M","R","M","M","T","E","R","M","E","M","R","B"],"character_chosen":"THE_SILENT","items_purchased":["Backflip"],"campfire_rested":1,"item_purchase_floors":[4],"current_hp_per_floor":[70,70,61,61,61,61,61,61,61,45,45,36,20,20,41,0,0],"gold":240,"neow_bonus":"ONE_RARE_RELIC","is_daily":false,"chose_seed":false,"campfire_upgraded":2,"win_rate":0.0,"timestamp":1610886420,"path_taken":["M","?","M","$","M","R","M","?","T","E","R","M","E","?","R","BOSS"],"items_purchased_type":["Card"],"build_version":"2020-12-22","purchased_purges":1,"victory":false,"max_hp_per_floor":[70,70,70,70,70,70,70,70,70,70,70,70,70,70,70,70,70],"relic_stats":{"counters":[10,61],"CeramicFish":72,"Bag of Preparation":[8],"obtain_stats":[{"CaptainsWheel":13,"CeramicFish":2,"Bag of Preparation":10,"FossilizedHelix":0,"Akabeko":9,"Ring of the Snake":0},{"CaptainsWheel":8,"CeramicFish":1,"Bag of Preparation":6,"FossilizedHelix":0,"Akabeko":5,"Ring of the Snake":0},{"CaptainsWheel":49,"CeramicFish":4,"Bag of Preparation":34,"FossilizedHelix":0,"Akabeko":23,"Ring of the Snake":0}],"Ring of the Snake":[20]},"card_choices":[{"not_picked":["Deadly Poison","Predator"],"picked":"Dodge and Roll","floor":1.0},{"not_picked":["Concentrate","Outmaneuver"],"picked":"Expertise","floor":3.0},{"not_picked":["Eviscerate","Blade Dance"],"picked":"Quick Slash","floor":5.0},{"not_picked":["Prepared","All Out Attack","Dodge and Roll"],"picked":"SKIP","floor":7.0},{"not_picked":["PiercingWail","Terror"],"picked":"Well Laid Plans","floor":8.0},{"not_picked":["Infinite Blades","After Image"],"picked":"Dash","floor":10.0},{"not_picked":["Dodge and Roll","Outmaneuver"],"picked":"Deflect","floor":12},{"not_picked":["Dagger Throw","Reflex"],"picked":"Dagger Spray","floor":13},{"not_picked":["Dodge and Roll","Dagger Throw"],"picked":"Noxious Fumes","floor":14}],"player_experience":164298,"relics_obtained":[{"floor":9.0,"key":"Akabeko"},{"floor":10.0,"key":"Bag of Preparation"},{"floor":13,"key":"CaptainsWheel"}],"event_choices":[{"damage_healed":0.0,"max_hp_gain":0.0,"max_hp_loss":0.0,"gold_gain":0.0,"event_name":"WeMeetAgain","player_choice":"Gave Potion","floor":2.0,"gold_loss":0.0,"damage_taken":0.0,"relics_obtained":["CeramicFish"]}],"is_beta":false,"boss_relics":[],"items_purged_floors":[4],"is_endless":false,"potions_floor_spawned":[1,7,8],"killed_by":"Slime Boss","ascension_level":4}}