{"host":"cv77zuuuekizn3ic","time":1610859442,"event":{"mods":["AchievementEnabler","Act Like it!","BaseMod","Gensokyo","Marisa£®ÏF”Í°°ƒß¿Ì…≥£©","Minty Spire (QoL Compilation)","StSLib","Waifu the Spire","everything is the same but u backflip on backflip","slay the spire mod where everything is the same but ironclad has a cowboy hat"],"gold_per_floor":[114,127,52,63,73,73,84,84,84,84,34,34,68,78,78,181,181,201,220,40,52,70,70,120,120,120,120,135,151,167,182,182,286,286,298,317,192,205,222,222,222,222,222,232,282,299,299,309,309,309],"floor_reached":51,"language":"ZHS","playtime":2307,"items_purged":["Strike_R","Strike_R","Strike_R"],"score":757,"play_id":"66c54494-7794-440a-98a0-259473895dac","local_time":"20210117125722","is_ascension_mode":false,"campfire_choices":[{"data":"Immolate","floor":6.0,"key":"SMITH"},{"data":"Body Slam","floor":8.0,"key":"SMITH"},{"data":"Battle Trance","floor":10.0,"key":"SMITH"},{"data":"Pommel Strike","floor":15.0,"key":"SMITH"},{"data":"Offering","floor":23.0,"key":"SMITH"},{"data":"Dark Embrace","floor":25.0,"key":"SMITH"},{"data":"Searing Blow+1","floor":32.0,"key":"SMITH"},{"data":"Pommel Strike","floor":40.0,"key":"SMITH"},{"data":"Corruption","floor":42.0,"key":"SMITH"},{"data":"Impervious","floor":49,"key":"SMITH"}],"circlet_count":0,"master_deck":["Strike_R","Defend_R","Defend_R","Defend_R","Defend_R","Bash","Immolate+1","Body Slam+1","Battle Trance+1","True Grit","Corruption+1","Pommel Strike+1","Offering+1","Whirlwind+1","Dark Embrace+1","Armaments+1","Searing Blow+2","Pommel Strike+1","Burning Pact+1","Impervious+1","Feel No Pain","Madness","Madness","Burning Pact+1","Warcry+1","Flame Barrier+1"],"relics":["Burning Blood"],"acts_visited":["Exordium","TheCity","TheBeyond"],"potions_floor_usage":[],"damage_taken":[{"damage":0.0,"enemies":"Small Slimes","floor":1.0,"turns":2.0},{"damage":6.0,"enemies":"Jaw Worm","floor":2.0,"turns":4.0},{"damage":1.0,"enemies":"Cultist","floor":4.0,"turns":3.0},{"damage":10.0,"enemies":"Looter","floor":5.0,"turns":2.0},{"damage":25.0,"enemies":"Exordium Thugs","floor":7.0,"turns":4.0},{"damage":40.0,"enemies":"Lagavulin","floor":13.0,"turns":7.0},{"damage":0.0,"enemies":"Gremlin Gang","floor":14.0,"turns":1.0},{"damage":48.0,"enemies":"Hexaghost","floor":16.0,"turns":10.0},{"damage":6.0,"enemies":"Shell Parasite","floor":18.0,"turns":2.0},{"damage":16.0,"enemies":"Spheric Guardian","floor":19.0,"turns":3.0},{"damage":27.0,"enemies":"Snake Plant","floor":21.0,"turns":3.0},{"damage":6.0,"enemies":"Sentry and Sphere","floor":22.0,"turns":3.0},{"damage":11.0,"enemies":"Cultist and Chosen","floor":28.0,"turns":4.0},{"damage":0.0,"enemies":"3 Cultists","floor":29.0,"turns":2.0},{"damage":6.0,"enemies":"Sentry and Sphere","floor":30.0,"turns":3.0},{"damage":20.0,"enemies":"Shelled Parasite and Fungi","floor":31.0,"turns":4.0},{"damage":31.0,"enemies":"Champ","floor":33.0,"turns":8.0},{"damage":6.0,"enemies":"3 Shapes","floor":35.0,"turns":1.0},{"damage":8.0,"enemies":"Orb Walker","floor":36.0,"turns":2.0},{"damage":16.0,"enemies":"Jaw Worm Horde","floor":38.0,"turns":3.0},{"damage":11.0,"enemies":"3 Darklings","floor":39.0,"turns":3.0},{"damage":16.0,"enemies":"Writhing Mass","floor":44.0,"turns":3.0},{"damage":19.0,"enemies":"Mind Bloom Boss Battle","floor":45.0,"turns":7.0},{"damage":0,"enemies":"Jaw Worm Horde","floor":46,"turns":3},{"damage":0,"enemies":"Spire Growth","floor":48,"turns":1},{"damage":6,"enemies":"Donu and Deca","floor":50,"turns":1}],"seed_played":"2252888916132931514","potions_obtained":[{"floor":1.0,"key":"ColorlessPotion"},{"floor":7.0,"key":"PowerPotion"},{"floor":21.0,"key":"DuplicationPotion"},{"floor":22.0,"key":"AttackPotion"},{"floor":29.0,"key":"SteroidPotion"},{"floor":38.0,"key":"Ancient Potion"},{"floor":44.0,"key":"SkillPotion"},{"floor":46,"key":"LiquidMemories"}],"is_trial":false,"path_per_floor":["M","M","$","M","M","R","M","R","T","R","?","?","E","M","R","B",null,"M","M","$","M","M","R","?","R","T","$","M","M","M","M","R","B",null,"M","M","$","M","M","R","?","R","T","M","?","M","?","M","R","B",null],"character_chosen":"IRONCLAD","items_purchased":["Dark Embrace"],"campfire_rested":0,"item_purchase_floors":[20],"current_hp_per_floor":[80,80,80,80,76,76,57,57,57,57,57,80,46,52,52,10,80,80,70,70,49,49,49,49,49,49,49,44,50,50,36,36,11,80,80,78,78,68,63,63,53,53,53,43,30,36,36,42,42,42],"gold":309,"neow_bonus":"ONE_RANDOM_RARE_CARD","is_daily":false,"chose_seed":false,"campfire_upgraded":10,"win_rate":0.0,"timestamp":1610859442,"path_taken":["M","M","$","M","M","R","M","R","T","R","?","?","E","M","R","BOSS","M","?","$","M","M","R","?","R","T","?","?","M","M","M","R","BOSS","M","M","$","M","M","R","?","R","T","M","?","M","?","M","R","BOSS"],"items_purchased_type":["Card"],"build_version":"2020-12-22","purchased_purges":3,"victory":true,"max_hp_per_floor":[80,80,80,80,80,80,80,80,80,80,80,80,80,80,80,80,80,80,80,80,80,80,80,80,80,80,80,80,80,80,80,80,80,80,80,80,80,80,80,80,80,80,80,80,80,80,80,80,80,80],"card_choices":[{"not_picked":["Sword Boomerang","Heavy Blade"],"picked":"Body Slam","floor":1.0},{"not_picked":["Whirlwind","Hemokinesis"],"picked":"Spot Weakness","floor":2.0},{"not_picked":["Pommel Strike","Thunderclap"],"picked":"Battle Trance","floor":4.0},{"not_picked":["Anger","Perfected Strike"],"picked":"True Grit","floor":5.0},{"not_picked":["Perfected Strike","Clash"],"picked":"Dual Wield","floor":7.0},{"not_picked":["Clothesline","Rampage"],"picked":"Corruption","floor":13.0},{"not_picked":["Clash","Perfected Strike"],"picked":"Pommel Strike","floor":14.0},{"not_picked":["Exhume","Juggernaut"],"picked":"Offering","floor":16.0},{"not_picked":["Hemokinesis","Flex"],"picked":"Whirlwind+1","floor":18.0},{"not_picked":["Shrug It Off","Warcry","Headbutt"],"picked":"SKIP","floor":19.0},{"not_picked":["Reckless Charge","Thunderclap+1","Iron Wave"],"picked":"SKIP","floor":21.0},{"not_picked":["Intimidate","Sword Boomerang"],"picked":"Armaments+1","floor":22.0},{"not_picked":["Wild Strike","Carnage"],"picked":"Searing Blow+1","floor":28.0},{"not_picked":["Flame Barrier","Clash+1"],"picked":"Pommel Strike","floor":29.0},{"not_picked":["Perfected Strike","Headbutt+1"],"picked":"Burning Pact+1","floor":30.0},{"not_picked":["True Grit+1","Perfected Strike","Searing Blow"],"picked":"SKIP","floor":31.0},{"not_picked":["Barricade","Immolate"],"picked":"Impervious","floor":33.0},{"not_picked":["Battle Trance+1","Clash+1"],"picked":"Feel No Pain","floor":35.0},{"not_picked":["Thunderclap","Pommel Strike","Shrug It Off"],"picked":"SKIP","floor":36.0},{"not_picked":["Sword Boomerang","Thunderclap+1","Body Slam+1"],"picked":"SKIP","floor":38.0},{"not_picked":["Infernal Blade","Combust+1","Sever Soul"],"picked":"SKIP","floor":39.0},{"not_picked":["Heavy Blade+1","Rupture","Burning Pact+1"],"picked":"SKIP","floor":44.0},{"not_picked":["Heavy Blade+1","Rupture"],"picked":"Burning Pact+1","floor":44.0},{"not_picked":["Spot Weakness+1","Flame Barrier"],"picked":"Warcry+1","floor":45.0},{"not_picked":["Clothesline","Flex"],"picked":"Flame Barrier+1","floor":46},{"not_picked":["Thunderclap+1","Bludgeon","Perfected Strike+1"],"picked":"SKIP","floor":48}],"player_experience":933477,"relics_obtained":[],"event_choices":[{"cards_removed":["Strike_R"],"damage_healed":0.0,"max_hp_gain":0.0,"max_hp_loss":0.0,"gold_gain":0.0,"event_name":"The Cleric","player_choice":"Card Removal","floor":11.0,"gold_loss":50.0,"damage_taken":0.0},{"cards_removed":["Dual Wield"],"damage_healed":23.0,"max_hp_gain":0.0,"max_hp_loss":0.0,"gold_gain":0.0,"event_name":"Bonfire Elementals","player_choice":"Offered Uncommon","floor":12.0,"gold_loss":0.0,"damage_taken":0.0},{"damage_healed":0.0,"max_hp_gain":0.0,"max_hp_loss":0.0,"gold_gain":100.0,"event_name":"The Joust","player_choice":"Bet on Murderer","floor":24.0,"gold_loss":50.0,"damage_taken":0.0},{"damage_healed":0.0,"max_hp_gain":0.0,"max_hp_loss":0.0,"gold_gain":0.0,"event_name":"Winding Halls","player_choice":"Embrace Madness","floor":41.0,"gold_loss":0.0,"damage_taken":10.0,"cards_obtained":["Madness","Madness"]},{"damage_healed":0.0,"max_hp_gain":0.0,"max_hp_loss":0.0,"gold_gain":0.0,"event_name":"MindBloom","player_choice":"Fight","floor":45.0,"gold_loss":0.0,"damage_taken":0.0},{"cards_removed":["Spot Weakness"],"damage_healed":0,"gold_gain":0,"player_choice":"Removed Skill","damage_taken":0,"max_hp_gain":0,"max_hp_loss":0,"event_name":"Falling","floor":47,"gold_loss":0}],"is_beta":false,"boss_relics":[{"not_picked":["Calling Bell","Empty Cage","SlaversCollar"]},{"not_picked":["Calling Bell","Empty Cage","SlaversCollar"]}],"items_purged_floors":[3,20,37],"is_endless":false,"potions_floor_spawned":[1,7,21,22,29,30,38,44,45,46,48],"ascension_level":0}}