{"host":"dn6kke80v5f7isus","time":1610921452,"event":{"mods":["AchievementEnabler","Act Like it!","BaseMod","Colored Powertips","Custom Start","Defuse TimeMaze Blight","Duelist Mod","Gremlin Skip","Highlight Path","Hubris","Infinite Spire","Minty Spire (QoL Compilation)","Rare Cards Sparkle","Replay The Spire","StSLib","Uncapped"],"gold_per_floor":[135,135,202,277,294,326,326,361,385,385,401,413,413,190,190,288,288,300,318,318,328,338,372,372,397,397,397,58,58,71,82,82,178,178,178],"floor_reached":34,"language":"ENG","playtime":1190,"items_purged":["theDuelist:Sparks","theDuelist:Sparks"],"score":575,"play_id":"aa024335-9076-4cd6-ba4d-2190674ef618","local_time":"20210117171052","is_ascension_mode":true,"campfire_choices":[{"data":"theDuelist:DoomShaman","floor":13.0,"key":"SMITH"},{"floor":15.0,"key":"REST"},{"data":"theDuelist:SilentDoom+1","floor":24.0,"key":"SMITH"},{"data":"theDuelist:SilentDoom+2","floor":27.0,"key":"SMITH"},{"data":"Secret Weapon","floor":32.0,"key":"SMITH"}],"circlet_count":0,"master_deck":["theDuelist:CastleWalls","theDuelist:DarkMagician","theDuelist:MysticalElf","theDuelist:MysticalElf","theDuelist:NeoMagic","theDuelist:NeoMagic","theDuelist:Sparks","theDuelist:InariFire+1","theDuelist:PowerKaishin","theDuelist:InjectionFairy","theDuelist:DoomShaman+1","theDuelist:SilentDoom+3","theDuelist:InjectionFairy","Secret Weapon+1","Master of Strategy+1"],"relics":["theDuelist:MillenniumPuzzle","theDuelist:CardPoolRelic","theDuelist:CardPoolBasicRelic","theDuelist:BoosterPackPoolRelic","theDuelist:CardPoolAddRelic","theDuelist:CardPoolMinusRelic","theDuelist:CardPoolSaveRelic","theDuelist:CardPoolOptionsRelic","hubris:Icosahedron","Matryoshka","Juzu Bracelet","theDuelist:SpellcasterOrb","infinitespire:SolderingIron","infinitespire:Satchel","Runic Capacitor","Electric Blood","hubris:Towel","theDuelist:ElectricBurst","ReplayTheSpireMod:Shallot","theDuelist:SpellcasterToken","theDuelist:SpellMaxHPRelic","Garlic"],"acts_visited":["Exordium","TheCity"],"potions_floor_usage":[],"damage_taken":[{"damage":0.0,"enemies":"Small Slimes","floor":1.0,"turns":3.0},{"damage":0.0,"enemies":"2 Louse","floor":5.0,"turns":2.0},{"damage":12.0,"enemies":"Gremlin Nob","floor":6.0,"turns":5.0},{"damage":0.0,"enemies":"3 Sentries","floor":8.0,"turns":8.0},{"damage":11.0,"enemies":"Jaw Worm","floor":11.0,"turns":2.0},{"damage":0.0,"enemies":"3 Louse","floor":12.0,"turns":3.0},{"damage":0.0,"enemies":"Fading Forest","floor":16.0,"turns":11.0},{"damage":18.0,"enemies":"2 Thieves","floor":18.0,"turns":3.0},{"damage":4.0,"enemies":"Shell Parasite","floor":21.0,"turns":3.0},{"damage":7.0,"enemies":"Sentry and Sphere","floor":22.0,"turns":4.0},{"damage":6.0,"enemies":"Nightmare","floor":23.0,"turns":6.0},{"damage":10.0,"enemies":"theDuelist:KaibaA2","floor":25.0,"turns":3.0},{"damage":2.0,"enemies":"Chosen and Byrds","floor":30.0,"turns":2.0},{"damage":2.0,"enemies":"Shelled Parasite and Fungi","floor":31.0,"turns":2.0},{"damage":7.0,"enemies":"hubris:MusketHawk","floor":33.0,"turns":3.0}],"seed_played":"-444258495069828574","potions_obtained":[{"floor":3.0,"key":"theDuelist:MegaupgradePotion"},{"floor":6.0,"key":"theDuelist:TokenPotion"},{"floor":8.0,"key":"theDuelist:FireBottle"},{"floor":22.0,"key":"Elixir"},{"floor":30.0,"key":"theDuelist:TributeBottle"},{"floor":31.0,"key":"theDuelist:TokenPotion"}],"is_trial":false,"path_per_floor":["M","?","?","?","M","E","?","E","T","?","M","M","R","$","R","B",null,"M","?","?","M","M","NM","R","E","T","R","$","?","M","M","R","B",null],"character_chosen":"THE_DUELIST","items_purchased":["Runic Capacitor","Garlic"],"campfire_rested":1,"item_purchase_floors":[14,28],"current_hp_per_floor":[85,85,51,40,40,28,53,61,61,61,50,54,54,54,79,85,85,67,67,67,67,68,82,82,81,81,81,81,81,79,83,83,79,79,79],"gold":178,"neow_bonus":"RANDOM_EVENT","is_daily":false,"chose_seed":false,"campfire_upgraded":4,"win_rate":0.0,"timestamp":1610921452,"path_taken":["M","?","?","?","M","E","?","E","T","?","M","M","R","$","R","BOSS","M","?","?","M","M","NM","R","E","T","R","$","?","M","M","R","BOSS"],"items_purchased_type":["Relic","Relic"],"build_version":"2020-12-22","purchased_purges":2,"victory":false,"max_hp_per_floor":[85,85,85,85,85,85,85,85,85,85,85,85,85,85,85,85,85,85,85,85,85,85,85,85,85,85,85,85,85,85,85,85,85,85,85],"card_choices":[{"not_picked":["theDuelist:ExodiaNecross","theDuelist:LegendaryExodia","theDuelist:ExodiaRA","theDuelist:ExodiaLL","theDuelist:ExodiaHead"],"picked":"SKIP","floor":1.0},{"not_picked":["theDuelist:StatueAnguishPattern","theDuelist:TimeWizard","theDuelist:WonderWand","theDuelist:VoidExpansion"],"picked":"theDuelist:InariFire","floor":3.0},{"not_picked":["theDuelist:SpellShatteringArrow","theDuelist:WhiteMagicalHat","theDuelist:ExodiaRL","theDuelist:FairyBox"],"picked":"theDuelist:PowerKaishin","floor":5.0},{"not_picked":["theDuelist:SangaThunder","theDuelist:NeoMagic","theDuelist:DarkMagician","theDuelist:FogKing"],"picked":"theDuelist:InjectionFairy","floor":6.0},{"not_picked":["theDuelist:ExodiaLA","theDuelist:GateGuardian","theDuelist:ExodiaHead","theDuelist:CharcoalInpachi","theDuelist:RainbowDarkDragon"],"picked":"SKIP","floor":8.0},{"not_picked":["theDuelist:ClearKuriboh","theDuelist:DestroyerGolem","theDuelist:GolemSentry","theDuelist:PurplePainOni","theDuelist:DarkFactory"],"picked":"SKIP","floor":11.0},{"not_picked":["theDuelist:LegendaryExodia","theDuelist:WitchBlackRose","theDuelist:Illusionist","theDuelist:DarkHorizon"],"picked":"theDuelist:DoomShaman","floor":12.0},{"not_picked":["theDuelist:InfernoFireBlast","theDuelist:MagicalBlast","theDuelist:OnslaughtFireKings","theDuelist:CallAtlanteans"],"picked":"theDuelist:SilentDoom+1","floor":18.0},{"not_picked":["theDuelist:SpellShatteringArrow+1","theDuelist:SangaThunder","theDuelist:DarkMagician","theDuelist:LegendaryFlameLord+1"],"picked":"theDuelist:InjectionFairy","floor":21.0},{"not_picked":["theDuelist:DarkMagician","theDuelist:SpiritHarp+1","theDuelist:FlyingSaucer","theDuelist:BlueDragonSummoner","theDuelist:SangaEarth"],"picked":"SKIP","floor":22.0},{"not_picked":["theDuelist:GaiaMidNightSun","theDuelist:ForbiddenChalice+1","theDuelist:Mudora","theDuelist:CatapultZone","theDuelist:Cloning"],"picked":"SKIP","floor":23.0},{"not_picked":["theDuelist:SpellShatteringArrow+1","theDuelist:CallAtlanteans","theDuelist:BlizzardWarrior","theDuelist:AncientElf","theDuelist:Relinquished"],"picked":"SKIP","floor":25.0},{"not_picked":["Enlightenment","Mind Blast","Swift Strike"],"picked":"Secret Weapon","floor":30.0},{"not_picked":["Discovery","Forethought","Secret Weapon"],"picked":"Master of Strategy+1","floor":31.0}],"player_experience":561440,"relics_obtained":[{"floor":3.0,"key":"Matryoshka"},{"floor":6.0,"key":"Juzu Bracelet"},{"floor":8.0,"key":"theDuelist:SpellcasterOrb"},{"floor":9.0,"key":"infinitespire:SolderingIron"},{"floor":9.0,"key":"infinitespire:Satchel"},{"floor":23.0,"key":"theDuelist:ElectricBurst"},{"floor":25.0,"key":"ReplayTheSpireMod:Shallot"},{"floor":26.0,"key":"theDuelist:SpellcasterToken"},{"floor":26.0,"key":"theDuelist:SpellMaxHPRelic"}],"event_choices":[{"damage_healed":0.0,"max_hp_gain":5.0,"max_hp_loss":0.0,"gold_gain":0.0,"event_name":"Big Fish","player_choice":"Donut","floor":0.0,"gold_loss":0.0,"damage_taken":0.0},{"damage_healed":0.0,"max_hp_gain":0.0,"max_hp_loss":0.0,"gold_gain":75.0,"event_name":"World of Goop","player_choice":"Gather Gold","floor":4.0,"gold_loss":0.0,"damage_taken":11.0},{"damage_healed":0.0,"max_hp_gain":0.0,"max_hp_loss":0.0,"gold_gain":0.0,"event_name":"Card Trader","player_choice":"Sold Castle Walls for 18 Gold.","duelist":true,"floor":19.0,"gold_loss":0.0,"damage_taken":0.0},{"damage_healed":0.0,"max_hp_gain":0.0,"max_hp_loss":0.0,"gold_gain":0.0,"event_name":"Tomb of the Nameless","player_choice":"Leave","duelist":true,"floor":29.0,"gold_loss":0.0,"damage_taken":0.0}],"is_beta":false,"boss_relics":[{"not_picked":["theDuelist:MillenniumKey","hubris:RunicObelisk"],"picked":"Electric Blood"}],"items_purged_floors":[14,28],"is_endless":true,"potions_floor_spawned":[6,8,22,30,31,33],"ascension_level":1}}