{"host":"1a3cjta80tad0aqj","time":1610891073,"event":{"mods":["2.2 Compatiblity","AchievementEnabler","BaseMod","Colored Map","DeckTracker","KOR Keyword Fix","Keyboard Shortcuts","Minty Spire (QoL Compilation)","Permanent Neow","Quick Restart","Random Character Button","StSLib","SuperFastMode","everything is the same but u backflip on backflip"],"gold_per_floor":[119,119,219,144,154,154,188,188,188,224,224,245,245,261,261,261,261],"floor_reached":16,"language":"KOR","playtime":311,"items_purged":["Regret"],"score":206,"play_id":"f2f7d956-cf7a-45af-874b-5592528741f0","local_time":"20210117224433","is_ascension_mode":true,"campfire_choices":[{"data":"Eruption","floor":6,"key":"SMITH"},{"data":"BowlingBash","floor":11,"key":"SMITH"},{"data":"FearNoEvil","floor":13,"key":"SMITH"},{"data":"Halt","floor":15,"key":"SMITH"}],"circlet_count":0,"master_deck":["AscendersBane","Strike_P","Strike_P","Strike_P","Strike_P","Defend_P","Defend_P","Defend_P","Defend_P","Eruption+1","Vigilance","BowlingBash+1","FearNoEvil+1","Injury","Halt+1","EmptyBody"],"relics":["PureWater","NeowsBlessing","Gremlin Horn","Art of War","Golden Idol","Pantograph","FossilizedHelix"],"acts_visited":["Exordium"],"potions_floor_usage":[10],"damage_taken":[{"damage":0,"enemies":"Jaw Worm","floor":1,"turns":1},{"damage":0,"enemies":"Cultist","floor":5,"turns":1},{"damage":0,"enemies":"3 Sentries","floor":7,"turns":1},{"damage":24,"enemies":"Lagavulin","floor":10,"turns":8},{"damage":0,"enemies":"2 Louse","floor":12,"turns":1},{"damage":0,"enemies":"Exordium Wildlife","floor":14,"turns":3},{"damage":66,"enemies":"Hexaghost","floor":16,"turns":9}],"seed_played":"4947033742020850528","potions_obtained":[{"floor":5,"key":"Dexterity Potion"},{"floor":12,"key":"SneckoOil"}],"is_trial":false,"path_per_floor":["M","?","?","$","M","R","E","?","T","E","R","M","R","M","R","B"],"character_chosen":"WATCHER","items_purchased":[],"campfire_rested":0,"item_purchase_floors":[],"current_hp_per_floor":[65,65,65,65,65,65,65,65,65,41,41,41,41,41,41,0,0],"gold":261,"neow_bonus":"THREE_ENEMY_KILL","is_daily":false,"chose_seed":false,"campfire_upgraded":4,"win_rate":0.0,"timestamp":1610891073,"path_taken":["M","?","?","$","?","R","E","?","T","E","R","M","R","M","R","BOSS"],"items_purchased_type":[],"build_version":"2020-12-22","purchased_purges":1,"victory":false,"max_hp_per_floor":[72,72,72,72,72,72,72,72,72,72,72,72,72,72,72,72,72],"card_choices":[{"not_picked":["PathToVictory","EmptyBody"],"picked":"BowlingBash","floor":1},{"not_picked":["Meditate","Consecrate"],"picked":"FearNoEvil","floor":5},{"not_picked":["SandsOfTime","EmptyFist","MasterReality"],"picked":"SKIP","floor":7},{"not_picked":["EmptyBody","Evaluate"],"picked":"Halt","floor":10},{"not_picked":["FlyingSleeves","WreathOfFlame","PathToVictory"],"picked":"SKIP","floor":12},{"not_picked":["FlyingSleeves","WreathOfFlame","PathToVictory"],"picked":"SKIP","floor":12},{"not_picked":["EmptyFist","ForeignInfluence"],"picked":"EmptyBody","floor":14}],"player_experience":709657,"relics_obtained":[{"floor":7,"key":"Art of War"},{"floor":9,"key":"Pantograph"},{"floor":10,"key":"FossilizedHelix"}],"event_choices":[{"damage_healed":0,"gold_gain":0,"player_choice":"Box","damage_taken":0,"relics_obtained":["Gremlin Horn"],"max_hp_gain":0,"max_hp_loss":0,"event_name":"Big Fish","floor":2,"gold_loss":0,"cards_obtained":["Regret"]},{"damage_healed":0,"gold_gain":100,"player_choice":"Pray","damage_taken":0,"max_hp_gain":0,"max_hp_loss":0,"event_name":"Golden Shrine","floor":3,"gold_loss":0},{"damage_healed":0,"gold_gain":0,"player_choice":"Take Wound","damage_taken":0,"relics_obtained":["Golden Idol"],"max_hp_gain":0,"max_hp_loss":0,"event_name":"Golden Idol","floor":8,"gold_loss":0,"cards_obtained":["Injury"]}],"is_beta":false,"boss_relics":[],"items_purged_floors":[4],"is_endless":false,"potions_floor_spawned":[5,12],"killed_by":"Hexaghost","ascension_level":11}}