{"host":"0ueeacaatm8t6jyh","time":1610867045,"event":{"mods":["AchievementEnabler","BaseMod","Colored Powertips","Minty Spire (QoL Compilation)","Quick Restart","Rare Cards Sparkle","Shop Mod","StSLib"],"gold_per_floor":[111,123,48,66,83,83,102,102,176,176,191,191,5,5,5,5,5],"floor_reached":16,"language":"ZHS","playtime":312,"items_purged":["Defend_P"],"score":129,"play_id":"862b3b1f-9f89-42fe-b57d-ddbae7477c8b","local_time":"20210117150405","is_ascension_mode":true,"campfire_choices":[{"data":"Eruption","floor":6.0,"key":"SMITH"},{"floor":10.0,"key":"REST"},{"floor":15,"key":"REST"}],"circlet_count":0,"master_deck":["Strike_P","Strike_P","Strike_P","Defend_P","Defend_P","Defend_P","Eruption+1","Vigilance","MentalFortress","Scrawl","EmptyMind"],"relics":["SacredBark","Frozen Egg 2","WingedGreaves","PrismaticShard","Golden Idol"],"acts_visited":["Exordium"],"potions_floor_usage":[11,16],"damage_taken":[{"damage":7.0,"enemies":"Jaw Worm","floor":1.0,"turns":5.0},{"damage":2.0,"enemies":"Cultist","floor":2.0,"turns":3.0},{"damage":0.0,"enemies":"2 Louse","floor":4.0,"turns":2.0},{"damage":19.0,"enemies":"Looter","floor":5.0,"turns":3.0},{"damage":11.0,"enemies":"Blue Slaver","floor":7.0,"turns":3.0},{"damage":17,"enemies":"Exordium Thugs","floor":11,"turns":4},{"damage":54,"enemies":"Slime Boss","floor":16,"turns":6}],"seed_played":"1237230135361378522","potions_obtained":[{"floor":7.0,"key":"Fire Potion"},{"floor":11,"key":"LiquidBronze"}],"is_trial":false,"path_per_floor":["M","M","$","M","M","R","M","?","T","R","M","?","$","?","R","B"],"character_chosen":"WATCHER","items_purchased":["PrismaticShard","EmptyMind"],"campfire_rested":2,"item_purchase_floors":[13,13],"current_hp_per_floor":[58,56,56,56,37,37,26,26,26,47,30,18,18,18,38,0,0],"gold":5,"neow_bonus":"BOSS_RELIC","is_daily":false,"chose_seed":false,"campfire_upgraded":1,"win_rate":0.0,"timestamp":1610867045,"path_taken":["M","M","$","M","M","R","M","?","T","R","?","?","$","?","R","BOSS"],"items_purchased_type":["Relic","Card"],"build_version":"2020-12-22","purchased_purges":1,"victory":false,"max_hp_per_floor":[72,72,72,72,72,72,72,72,72,72,72,72,72,67,67,67,67],"card_choices":[{"not_picked":["ClearTheMind","Study","FlurryOfBlows"],"picked":"SKIP","floor":1.0},{"not_picked":["Halt","PathToVictory"],"picked":"MentalFortress","floor":2.0},{"not_picked":["CrushJoints","EmptyBody","PathToVictory"],"picked":"SKIP","floor":4.0},{"not_picked":["PathToVictory","Prostrate","CrushJoints"],"picked":"SKIP","floor":5.0},{"not_picked":["BattleHymn","Evaluate","EmptyFist"],"picked":"SKIP","floor":7.0},{"not_picked":["BowlingBash","JustLucky"],"picked":"Scrawl","floor":11}],"player_experience":383168,"relics_obtained":[{"floor":9.0,"key":"Frozen Egg 2"}],"event_choices":[{"cards_removed":["Strike_P"],"damage_healed":0.0,"max_hp_gain":0.0,"max_hp_loss":0.0,"gold_gain":0.0,"event_name":"Purifier","player_choice":"Purged","floor":8.0,"gold_loss":0.0,"damage_taken":0.0},{"damage_healed":0,"gold_gain":0,"player_choice":"Success","damage_taken":12,"relics_obtained":["WingedGreaves"],"max_hp_gain":0,"max_hp_loss":0,"event_name":"Scrap Ooze","floor":12,"gold_loss":0},{"damage_healed":0,"gold_gain":0,"player_choice":"Lose Max HP","damage_taken":0,"relics_obtained":["Golden Idol"],"max_hp_gain":0,"max_hp_loss":5,"event_name":"Golden Idol","floor":14,"gold_loss":0}],"is_beta":false,"boss_relics":[],"items_purged_floors":[3],"is_endless":false,"potions_floor_spawned":[7,11],"killed_by":"Slime Boss","ascension_level":8}}