{"host":"z0tqw7lu1gwakzxm","time":1610849875,"event":{"mods":["BaseMod","DeckTracker","Lobotomy","Minty Spire (QoL Compilation)","StSLib","slay the spire mod where everything is the same but ironclad has a cowboy hat"],"gold_per_floor":[114,289,239,254,254,293,293,326,394,409,409,409,430,455,455,455,455],"floor_reached":16,"language":"ENG","playtime":579,"items_purged":[],"score":110,"play_id":"bba64f27-ba35-4f82-a711-3e7c0628e534","local_time":"20210116211755","is_ascension_mode":false,"campfire_choices":[{"floor":7,"key":"REST"},{"data":"Armaments","floor":11,"key":"SMITH"},{"floor":15,"key":"REST"}],"circlet_count":0,"master_deck":["Strike_R","Strike_R","Strike_R","Strike_R","Strike_R","Defend_R","Defend_R","Defend_R","Defend_R","Bash","CherryBlossoms","Cleave","SpiderBud","Cleave","VoidDream","Clash","Scarecrow","GalaxyChild","Dark Embrace","CrumblingArmor","Shrug It Off","UniverseFragment"],"relics":["Burning Blood","CogitoBucket","Golden Idol","Art of War","Centennial Puzzle","Meat on the Bone","SkinProphecy"],"acts_visited":["Exordium"],"potions_floor_usage":[6,6,13,16],"damage_taken":[{"damage":5,"enemies":"2 Louse","floor":1,"turns":3},{"damage":8,"enemies":"Small Slimes","floor":4,"turns":3},{"damage":52,"enemies":"Lagavulin","floor":6,"turns":7},{"damage":30,"enemies":"3 Sentries","floor":8,"turns":6},{"damage":1,"enemies":"Jaw Worm","floor":10,"turns":3},{"damage":42,"enemies":"Blue Slaver","floor":13,"turns":4},{"damage":27,"enemies":"Gremlin Gang","floor":14,"turns":4},{"damage":65,"enemies":"Slime Boss","floor":16,"turns":6}],"seed_played":"-5336044584718314896","potions_obtained":[{"floor":1,"key":"DistilledChaos"},{"floor":4,"key":"Fire Potion"},{"floor":8,"key":"SteroidPotion"},{"floor":14,"key":"Dexterity Potion"}],"is_trial":false,"path_per_floor":["M","?","?","M","?","E","R","E","T","M","R","?","M","M","R","B"],"character_chosen":"IRONCLAD","items_purchased":[],"campfire_rested":2,"item_purchase_floors":[],"current_hp_per_floor":[80,80,80,78,74,28,50,26,26,43,43,67,43,30,52,0,0],"gold":455,"neow_bonus":"","is_daily":false,"chose_seed":false,"campfire_upgraded":1,"win_rate":0.0,"timestamp":1610849875,"path_taken":["M","?","?","M","?","E","R","E","T","M","R","?","M","?","R","BOSS"],"items_purchased_type":[],"build_version":"2020-12-22","purchased_purges":0,"victory":false,"max_hp_per_floor":[80,80,80,80,74,74,74,74,74,74,74,74,74,76,76,78,78],"card_choices":[{"not_picked":["Bloodbath","VoidDream"],"picked":"CherryBlossoms","floor":1},{"not_picked":["Hemokinesis","Twin Strike"],"picked":"Cleave","floor":1},{"not_picked":["WhitesApple","Scorched"],"picked":"SpiderBud","floor":4},{"not_picked":["Rage","Warcry"],"picked":"Cleave","floor":4},{"not_picked":["Laetitia","MeatLantern"],"picked":"VoidDream","floor":6},{"not_picked":["Body Slam","Sever Soul"],"picked":"Clash","floor":6},{"not_picked":["PunishingBird","GalaxyChild"],"picked":"Scarecrow","floor":8},{"not_picked":["Blood for Blood","Reckless Charge"],"picked":"Armaments","floor":8},{"not_picked":["PunishingBird","Scorched"],"picked":"GalaxyChild","floor":10},{"not_picked":["Bloodletting","Warcry"],"picked":"Dark Embrace","floor":10},{"not_picked":["Scorched","OldLady"],"picked":"CrumblingArmor","floor":13},{"not_picked":["Perfected Strike","Impervious"],"picked":"Shrug It Off","floor":13},{"not_picked":["Scorched","BeautyBeast"],"picked":"UniverseFragment","floor":14},{"not_picked":["Body Slam","Hemokinesis","Blood for Blood"],"picked":"SKIP","floor":14}],"player_experience":331377,"relics_obtained":[{"floor":6,"key":"Art of War"},{"floor":8,"key":"Centennial Puzzle"},{"floor":9,"key":"Meat on the Bone"}],"event_choices":[{"damage_healed":0,"gold_gain":175,"player_choice":"AGREE","damage_taken":0,"max_hp_gain":0,"max_hp_loss":0,"event_name":"Liars Game","floor":2,"gold_loss":0,"cards_obtained":["Doubt"]},{"cards_removed":["Doubt"],"damage_healed":0,"gold_gain":0,"player_choice":"Card Removal","damage_taken":0,"max_hp_gain":0,"max_hp_loss":0,"event_name":"The Cleric","floor":3,"gold_loss":50},{"damage_healed":0,"gold_gain":0,"player_choice":"Lose Max HP","damage_taken":0,"relics_obtained":["Golden Idol"],"max_hp_gain":0,"max_hp_loss":6,"event_name":"Golden Idol","floor":5,"gold_loss":0},{"damage_healed":24,"gold_gain":0,"player_choice":"Banana","damage_taken":0,"max_hp_gain":0,"max_hp_loss":0,"event_name":"Big Fish","floor":12,"gold_loss":0}],"is_beta":false,"boss_relics":[],"items_purged_floors":[],"is_endless":false,"potions_floor_spawned":[1,4,8,14],"killed_by":"Slime Boss","ascension_level":0}}