{"host":"1a3cjta80tad0aqj","time":1610894792,"event":{"mods":["2.2 Compatiblity","AchievementEnabler","BaseMod","Colored Map","DeckTracker","KOR Keyword Fix","Keyboard Shortcuts","Minty Spire (QoL Compilation)","Permanent Neow","Quick Restart","Random Character Button","StSLib","SuperFastMode","everything is the same but u backflip on backflip"],"gold_per_floor":[117,127,127,227,246,246,276,276],"floor_reached":7,"language":"KOR","playtime":209,"items_purged":[],"score":82,"play_id":"555d6649-8494-4681-97cb-4b71b27a2947","local_time":"20210117234632","is_ascension_mode":true,"campfire_choices":[{"data":"Eruption","floor":6,"key":"SMITH"}],"circlet_count":0,"master_deck":["AscendersBane","Strike_P","Strike_P","Strike_P","Strike_P","Defend_P","Defend_P","Defend_P","Eruption+1","Vigilance","ClearTheMind","InnerPeace","TalkToTheHand","FollowUp","Adaptation"],"relics":["PureWater","Potion Belt","PreservedInsect"],"acts_visited":["Exordium"],"potions_floor_usage":[7],"damage_taken":[{"damage":0.0,"enemies":"Cultist","floor":1.0,"turns":2.0},{"damage":1.0,"enemies":"2 Louse","floor":2.0,"turns":4.0},{"damage":3,"enemies":"Jaw Worm","floor":5,"turns":3},{"damage":44,"enemies":"Lagavulin","floor":7,"turns":4}],"seed_played":"-340544844542130348","potions_obtained":[{"floor":1.0,"key":"SteroidPotion"},{"floor":2.0,"key":"BottledMiracle"},{"floor":7,"key":"AttackPotion"}],"is_trial":false,"path_per_floor":["M","M","?","?","M","R","E"],"character_chosen":"WATCHER","items_purchased":[],"campfire_rested":0,"item_purchase_floors":[],"current_hp_per_floor":[65,64,52,52,49,49,5,5],"gold":276,"neow_bonus":"TRANSFORM_CARD","is_daily":false,"chose_seed":false,"campfire_upgraded":1,"win_rate":0.0,"timestamp":1610894792,"path_taken":["M","M","?","?","M","R","E"],"items_purchased_type":[],"build_version":"2020-12-22","purchased_purges":0,"victory":false,"max_hp_per_floor":[72,72,72,72,72,72,72,72],"card_choices":[{"not_picked":["Collect","Conclude"],"picked":"InnerPeace","floor":1.0},{"not_picked":["FlurryOfBlows","Halt"],"picked":"TalkToTheHand","floor":2.0},{"not_picked":["CarveReality","ThirdEye"],"picked":"FollowUp","floor":5},{"not_picked":["Halt","Wallop"],"picked":"Adaptation","floor":7}],"player_experience":715887,"relics_obtained":[{"floor":7,"key":"PreservedInsect"}],"event_choices":[{"damage_healed":0.0,"max_hp_gain":0.0,"max_hp_loss":0.0,"gold_gain":0.0,"event_name":"Scrap Ooze","player_choice":"Success","floor":3.0,"gold_loss":0.0,"damage_taken":12.0,"relics_obtained":["Potion Belt"]},{"damage_healed":0.0,"max_hp_gain":0.0,"max_hp_loss":0.0,"gold_gain":100.0,"event_name":"Golden Shrine","player_choice":"Pray","floor":4.0,"gold_loss":0.0,"damage_taken":0.0}],"is_beta":false,"boss_relics":[],"items_purged_floors":[],"is_endless":false,"potions_floor_spawned":[1,2,7],"killed_by":"Lagavulin","ascension_level":12}}