{"host":"b7j598ve05halrwk","time":1610865484,"event":{"mods":["2.2 Compatiblity","BaseMod","Block Reminder","DeckTracker","Minty Spire (QoL Compilation)","Relic Stats","Slay the Relics Exporter","StSLib","ojb\u0027s Better Paths Mod","ojb\u0027s Info Mod"],"gold_per_floor":[11,24,24,41,41,41,74,74,126,145,145,145],"floor_reached":11,"language":"ENG","playtime":570,"items_purged":[],"score":146,"play_id":"be1c755a-8016-4398-a5f3-2c816d50389c","local_time":"20210117013804","is_ascension_mode":true,"campfire_choices":[{"data":"Coolheaded","floor":6,"key":"SMITH"},{"floor":8,"key":"REST"}],"circlet_count":0,"master_deck":["AscendersBane","Strike_B","Strike_B","Defend_B","Defend_B","Defend_B","Zap","Dualcast","Beam Cell","Beam Cell","Gash","Coolheaded+1","Hologram","Reinforced Body","Sweeping Beam"],"relics":["Cracked Core","NlothsMask","Dream Catcher"],"acts_visited":["Exordium"],"potions_floor_usage":[7,7,11],"damage_taken":[{"damage":1,"enemies":"Small Slimes","floor":1,"turns":3},{"damage":6,"enemies":"2 Louse","floor":2,"turns":3},{"damage":1,"enemies":"Cultist","floor":4,"turns":3},{"damage":34,"enemies":"Gremlin Nob","floor":7,"turns":4},{"damage":13,"enemies":"Large Slime","floor":10,"turns":9},{"damage":43,"enemies":"3 Sentries","floor":11,"turns":6}],"seed_played":"7728512834033784267","potions_obtained":[{"floor":1,"key":"Regen Potion"},{"floor":4,"key":"Swift Potion"},{"floor":7,"key":"LiquidMemories"}],"is_trial":false,"path_per_floor":["M","M","?","M","?","R","E","R","T","M","E"],"character_chosen":"DEFECT","items_purchased":[],"campfire_rested":1,"item_purchase_floors":[],"current_hp_per_floor":[63,57,57,56,56,56,34,55,55,42,0,0],"gold":145,"neow_bonus":"REMOVE_TWO","is_daily":false,"chose_seed":false,"campfire_upgraded":1,"win_rate":0.0,"timestamp":1610865484,"path_taken":["M","M","?","M","?","R","E","R","T","M","E"],"items_purchased_type":[],"build_version":"2020-12-22","purchased_purges":0,"victory":false,"max_hp_per_floor":[71,71,71,71,71,71,71,71,71,71,71,71],"relic_stats":{"Dream Catcher":1,"counters":[6,28],"obtain_stats":[{"Dream Catcher":7,"Cracked Core":0,"NlothsMask":5},{"Dream Catcher":4,"Cracked Core":0,"NlothsMask":3},{"Dream Catcher":13,"Cracked Core":0,"NlothsMask":9}]},"card_choices":[{"not_picked":["Defragment","Reinforced Body"],"picked":"Beam Cell","floor":1},{"not_picked":["Conserve Battery","Recycle"],"picked":"Beam Cell","floor":2},{"not_picked":["Go for the Eyes","Steam Power"],"picked":"Coolheaded","floor":4},{"not_picked":["Conserve Battery","Heatsinks"],"picked":"Hologram","floor":7},{"not_picked":["Redo","Chill"],"picked":"Reinforced Body","floor":8},{"not_picked":["Steam","Steam Power"],"picked":"Sweeping Beam","floor":10}],"player_experience":993854,"relics_obtained":[{"floor":7,"key":"Dream Catcher"}],"event_choices":[{"damage_healed":0,"gold_gain":0,"cards_transformed":["Defend_B"],"player_choice":"Change","damage_taken":0,"max_hp_gain":0,"max_hp_loss":0,"event_name":"Living Wall","floor":3,"gold_loss":0,"cards_obtained":["Gash"]},{"damage_healed":0,"gold_gain":0,"player_choice":"Trade","damage_taken":0,"relics_obtained":["NlothsMask"],"max_hp_gain":0,"max_hp_loss":0,"event_name":"FaceTrader","floor":5,"gold_loss":0}],"is_beta":false,"boss_relics":[],"items_purged_floors":[],"is_endless":false,"potions_floor_spawned":[1,4,7],"killed_by":"3 Sentries","ascension_level":20}}