{"host":"0bqebwv4xgw84x98","time":1610870196,"event":{"mods":["2.2 Compatiblity","Act Like it!","Aspiration","BaseMod","Conspire","Gold Saver","Googly Eyes","GungeonMod","Minty Spire (QoL Compilation)","Pale of the Ancients","Quick Restart","Rare Cards Sparkle","Relic Stats","Replay The Spire","Shop Mod","StSLib","Synergy Search","TestMod","The IronCluck","[IsaacMod]ÒÔÈö¼âËþ","thorton","óô»ðÖ¸ÄÏ"],"gold_per_floor":[404,457,457,532,546,571,286,318,318,318,318],"floor_reached":10,"language":"ZHS","playtime":347,"items_purged":["Pain"],"score":198,"play_id":"f2e2776d-448b-46b9-b40c-a1fdd2b56a2d","local_time":"20210117155636","is_ascension_mode":true,"campfire_choices":[],"circlet_count":0,"master_deck":["AscendersBane","Strike_B","Strike_B","Strike_B","Strike_B","Defend_B","Defend_B","Defend_B","Defend_B","Zap","Dualcast","EpicFetus","Machine Learning","Conserve Battery","testmod-Dream","ElectricPowerLearning"],"relics":["Cracked Core","testmod-TestBox","HushsDoor","PillsDrop","testmod-BatchProcessingSystem","NeowsBlessing","DemoMod:ClearGuonStone","Snack Pack","Juzu Bracelet","Gremlin Food"],"acts_visited":["Exordium"],"potions_floor_usage":[8,10],"damage_taken":[{"damage":0.0,"enemies":"Cultist","floor":1.0,"turns":1.0},{"damage":1,"enemies":"Small Slimes","floor":5,"turns":1},{"damage":0,"enemies":"Lagavulin","floor":6,"turns":1},{"damage":39,"enemies":"3 Sentries","floor":8,"turns":11},{"damage":23,"enemies":"Lagavulin","floor":10,"turns":9}],"seed_played":"2352021139204753107","potions_obtained":[{"floor":2,"key":"EssenceOfSteel"},{"floor":2,"key":"Flashbang"},{"floor":5,"key":"Block Potion"}],"is_trial":false,"path_per_floor":["M","?","?","?","M","E","R","E","T","E"],"character_chosen":"DEFECT","items_purchased":["testmod-Dream"],"campfire_rested":0,"item_purchase_floors":[7],"current_hp_per_floor":[64,64,69,58,57,57,57,21,21,0,0],"gold":318,"neow_bonus":"THREE_ENEMY_KILL","is_daily":false,"chose_seed":false,"campfire_upgraded":0,"win_rate":0.0,"timestamp":1610870196,"path_taken":["M","?","?","?","?","E","R","E","T","E"],"items_purchased_type":["Card"],"build_version":"2020-12-22","purchased_purges":1,"victory":false,"max_hp_per_floor":[71,71,76,76,76,76,76,79,79,79,79],"relic_stats":{"counters":[5,23],"Juzu Bracelet":0,"obtain_stats":[{"KeepersGift":0,"Gremlin Food":9,"testmod-TestBox":0,"NeowsBlessing":0,"PillsDrop":0,"testmod-BatchProcessingSystem":0,"DemoMod:GlassGuonStoneRelic":6,"Snack Pack":6,"Juzu Bracelet":8,"DemoMod:ClearGuonStone":2,"Cracked Core":0,"HushsDoor":0},{"KeepersGift":0,"Gremlin Food":4,"testmod-TestBox":0,"NeowsBlessing":0,"PillsDrop":0,"testmod-BatchProcessingSystem":0,"DemoMod:GlassGuonStoneRelic":3,"Snack Pack":3,"Juzu Bracelet":4,"DemoMod:ClearGuonStone":1,"Cracked Core":0,"HushsDoor":0},{"KeepersGift":0,"Gremlin Food":14,"testmod-TestBox":0,"NeowsBlessing":0,"PillsDrop":0,"testmod-BatchProcessingSystem":0,"DemoMod:GlassGuonStoneRelic":3,"Snack Pack":3,"Juzu Bracelet":14,"DemoMod:ClearGuonStone":1,"Cracked Core":0,"HushsDoor":0}]},"card_choices":[{"not_picked":[],"picked":"EpicFetus","floor":0.0},{"not_picked":["Conserve Battery","Steam"],"picked":"Machine Learning","floor":1.0},{"not_picked":["Coolheaded","Beam Cell"],"picked":"Conserve Battery","floor":5},{"not_picked":["Go for the Eyes","ReplaySolidLightProjector","Panic Button"],"picked":"SKIP","floor":6},{"not_picked":["FTL","Rebound"],"picked":"ElectricPowerLearning","floor":8}],"player_experience":903493,"relics_obtained":[{"floor":2,"key":"DemoMod:ClearGuonStone"},{"floor":6,"key":"Snack Pack"},{"floor":8,"key":"Juzu Bracelet"},{"floor":9,"key":"Gremlin Food"}],"event_choices":[{"damage_healed":0,"gold_gain":0,"player_choice":"Donut","damage_taken":0,"max_hp_gain":5,"max_hp_loss":0,"event_name":"Big Fish","floor":3,"gold_loss":0},{"damage_healed":0,"gold_gain":75,"player_choice":"Gather Gold","damage_taken":11,"max_hp_gain":0,"max_hp_loss":0,"event_name":"World of Goop","floor":4,"gold_loss":0}],"is_beta":false,"boss_relics":[],"items_purged_floors":[7],"is_endless":false,"potions_floor_spawned":[5,6],"killed_by":"Lagavulin","ascension_level":20}}