{"host":"i7jfea87xc8lz16p","time":1610906744,"event":{"mods":["AchievementEnabler","BaseMod","Colored Powertips","Minty Spire (QoL Compilation)","Relic Stats"],"gold_per_floor":[115,132,32,50,10,10,44,56,56,56,56,56,56,56,56,127,127,146,160,20,20,20,47,47,47,47],"floor_reached":25,"language":"ENG","playtime":864,"items_purged":["Strike_G"],"score":434,"play_id":"bf5a38ef-e36c-49b0-92ec-80c6d9eb5dc4","local_time":"20210117190544","is_ascension_mode":true,"campfire_choices":[{"data":"Quick Slash","floor":6,"key":"SMITH"},{"floor":12,"key":"REST"},{"data":"Noxious Fumes","floor":15,"key":"SMITH"},{"floor":24,"key":"REST"}],"circlet_count":0,"master_deck":["AscendersBane","Strike_G","Strike_G","Defend_G","Defend_G","Defend_G","Defend_G","Defend_G","Survivor","Neutralize","Prepared","Terror","Dagger Spray","Predator","Quick Slash+1","Noxious Fumes+1","Dagger Throw","Glass Knife+1","Escape Plan","Well Laid Plans","Ghostly","Ghostly","Ghostly","Eviscerate+1"],"relics":["HoveringKite","Tiny Chest","Juzu Bracelet","Molten Egg 2","StrikeDummy","SacredBark","Art of War"],"acts_visited":["Exordium","TheCity"],"potions_floor_usage":[8,18,19,23,25],"damage_taken":[{"damage":4,"enemies":"Small Slimes","floor":1,"turns":4},{"damage":1,"enemies":"Cultist","floor":2,"turns":5},{"damage":0,"enemies":"Jaw Worm","floor":4,"turns":5},{"damage":1,"enemies":"Looter","floor":5,"turns":4},{"damage":37,"enemies":"3 Sentries","floor":7,"turns":11},{"damage":0,"enemies":"Large Slime","floor":8,"turns":5},{"damage":14,"enemies":"Hexaghost","floor":16,"turns":9},{"damage":6,"enemies":"2 Thieves","floor":18,"turns":4},{"damage":4,"enemies":"Chosen","floor":19,"turns":4},{"damage":29,"enemies":"Slavers","floor":23,"turns":6},{"damage":16,"enemies":"Book of Stabbing","floor":25,"turns":3}],"seed_played":"-6406456343276466885","potions_obtained":[{"floor":7,"key":"Swift Potion"},{"floor":8,"key":"Ancient Potion"},{"floor":16,"key":"Block Potion"},{"floor":18,"key":"CunningPotion"}],"is_trial":false,"path_per_floor":["M","M","$","M","M","R","E","M","T","?","?","R","?","T","R","B",null,"M","M","$","?","?","E","R","E"],"character_chosen":"THE_SILENT","items_purchased":["Dagger Spray","Well Laid Plans","Fire Potion"],"campfire_rested":2,"item_purchase_floors":[3,20,20],"current_hp_per_floor":[55,54,54,54,53,53,16,16,16,16,5,24,29,29,29,15,57,51,47,47,47,35,6,16,0,0],"gold":47,"neow_bonus":"BOSS_RELIC","is_daily":false,"chose_seed":false,"campfire_upgraded":2,"win_rate":0.0,"timestamp":1610906744,"path_taken":["M","M","$","M","M","R","E","M","T","?","?","R","?","?","R","BOSS","M","M","$","?","?","E","R","E"],"items_purchased_type":["Card","Card","Potion"],"build_version":"2020-12-22","purchased_purges":1,"victory":false,"max_hp_per_floor":[66,66,66,66,66,66,66,66,66,66,66,66,71,71,71,71,71,71,71,71,71,35,35,35,35,35],"relic_stats":{"counters":[11,60],"HoveringKite":[25],"Tiny Chest":1,"Juzu Bracelet":2,"Art of War":[1],"obtain_stats":[{"SacredBark":17,"HoveringKite":0,"Tiny Chest":7,"Molten Egg 2":11,"Juzu Bracelet":9,"Art of War":23,"StrikeDummy":14,"Ring of the Snake":0},{"SacredBark":7,"HoveringKite":0,"Tiny Chest":5,"Molten Egg 2":6,"Juzu Bracelet":6,"Art of War":10,"StrikeDummy":6,"Ring of the Snake":0},{"SacredBark":43,"HoveringKite":0,"Tiny Chest":29,"Molten Egg 2":34,"Juzu Bracelet":34,"Art of War":57,"StrikeDummy":34,"Ring of the Snake":0}]},"card_choices":[{"not_picked":["Quick Slash","Expertise"],"picked":"Prepared","floor":1},{"not_picked":["Flechettes","Dodge and Roll"],"picked":"Terror","floor":2},{"not_picked":["Underhanded Strike","Dagger Spray"],"picked":"Predator","floor":4},{"not_picked":["Backstab","Deflect"],"picked":"Quick Slash","floor":5},{"not_picked":["Flechettes","Acrobatics"],"picked":"Noxious Fumes","floor":7},{"not_picked":["Flying Knee","Blur"],"picked":"Dagger Throw","floor":8},{"not_picked":["Grand Finale+1","After Image"],"picked":"Glass Knife+1","floor":16},{"not_picked":["Deflect","Outmaneuver"],"picked":"Escape Plan","floor":18},{"not_picked":["Choke+1","Underhanded Strike+1","Quick Slash+1"],"picked":"SKIP","floor":19},{"not_picked":["Masterful Stab+1","Backflip+1"],"picked":"Eviscerate+1","floor":23}],"player_experience":1796221,"relics_obtained":[{"floor":7,"key":"Tiny Chest"},{"floor":9,"key":"Juzu Bracelet"},{"floor":14,"key":"StrikeDummy"},{"floor":23,"key":"Art of War"}],"event_choices":[{"cards_removed":["Strike_G"],"damage_healed":0,"gold_gain":0,"player_choice":"Offered Basic","damage_taken":0,"max_hp_gain":0,"max_hp_loss":0,"event_name":"Bonfire Elementals","floor":10,"gold_loss":0},{"damage_healed":0,"gold_gain":0,"player_choice":"Success","damage_taken":11,"relics_obtained":["Molten Egg 2"],"max_hp_gain":0,"max_hp_loss":0,"event_name":"Scrap Ooze","floor":11,"gold_loss":0},{"damage_healed":0,"gold_gain":0,"player_choice":"Donut","damage_taken":0,"max_hp_gain":5,"max_hp_loss":0,"event_name":"Big Fish","floor":13,"gold_loss":0},{"cards_removed":["Strike_G"],"damage_healed":0,"gold_gain":0,"player_choice":"Purged","damage_taken":0,"max_hp_gain":0,"max_hp_loss":0,"event_name":"Purifier","floor":21,"gold_loss":0},{"damage_healed":0,"gold_gain":0,"player_choice":"Became a Ghost","damage_taken":0,"max_hp_gain":0,"max_hp_loss":36,"event_name":"Ghosts","floor":22,"gold_loss":0,"cards_obtained":["Ghostly","Ghostly","Ghostly"]}],"is_beta":false,"boss_relics":[{"not_picked":["Calling Bell","Coffee Dripper"],"picked":"SacredBark"}],"items_purged_floors":[3],"is_endless":false,"potions_floor_spawned":[7,8,16,18],"killed_by":"Book of Stabbing","ascension_level":20}}