{"host":"irc1izoeqqttpzsx","time":1610866577,"event":{"mods":["2.2 Compatiblity","Aspiration","BaseMod","Better Note","BetterRewards","Colored Map","Colored Powertips","Conspire","DeckTracker","GifTheSpireLib","Highlight Path","Hubris","Infinite Spire","Mad Scientist","Mimic Mod","Minty Spire (QoL Compilation)","Quick Restart","Rare Cards Sparkle","Relic Sorter","Replay The Spire","Shop Mod","Spikes Relics","StSLib","SuperFastMode","The Servant 0.9.4","Trackpad","Uncapped"],"gold_per_floor":[112,112,138,153,172,172,200,212,212,212,244,13,13,45,45,154,154,191,191,191,191,661,661,661,661,684,681,714,768,798,842,842,951,951,985,338,338,406,406,406,456,490,535,584,584,621,621,645,645,657,657],"floor_reached":50,"language":"ENG","playtime":1723,"items_purged":["Regret","Strike_G","Strike_G"],"score":699,"play_id":"814b58b7-5dfc-4ff7-ab0b-87eddc106971","local_time":"20210117015617","is_ascension_mode":true,"campfire_choices":[{"data":"Dagger Throw","floor":6,"key":"SMITH"},{"data":"conspire:PoisonWeapons","floor":13,"key":"SMITH"},{"data":"Burst","floor":15,"key":"SMITH"},{"data":"Accuracy","floor":23,"key":"SMITH"},{"floor":25,"key":"REST"},{"data":"Replay:Bag of Tricks","floor":40,"key":"SMITH"},{"data":"Storm of Steel","floor":45,"key":"SMITH"},{"floor":47,"key":"RECALL"},{"floor":49,"key":"REST"},{"data":"Strike_G","floor":49,"key":"PURGE"}],"circlet_count":0,"master_deck":["Strike_G","Strike_G","Defend_G","Defend_G","Defend_G","Defend_G","Defend_G","Survivor","Neutralize","PiercingWail+1","Quick Slash","Dagger Throw+1","PiercingWail+1","conspire:PoisonWeapons+1","Burst+1","Concentrate","Replay:Bootleg Shield Generator","Poisoned Stab","Replay:Bag of Tricks+1","Adrenaline+1","infinitespire:TheBestDefense","Accuracy+1","Cloak And Dagger","Adrenaline+1","Spreading Infection","Terror","Catalyst+1","InfectiousVector","Storm of Steel+1","Catalyst","Catalyst","Caltrops","Accuracy+1","Caltrops+1"],"relics":["Ring of the Snake","NeowsBlessing","trackpad:CultistFigurine","Replay:WaspNest","Blue Doll","Replay:Bandana","infinitespire:Beetle Shell","HoveringKite","MerchantsRug","DollysMirror","ReplayTheSpireMod:Ring of Addiction","Chameleon Ring","SacredBark","Snake Skull","infinitespire:Magic Flask","infinitespire:Joker Card","aspiration:SecretTechniqueScroll","Ninja Scroll","ToxicTincture","hubris:CuriousFeather","aspiration:HummingbirdHeart"],"acts_visited":["Exordium","TheCity","TheBeyond"],"potions_floor_usage":[16,16,18,27,29,33],"damage_taken":[{"damage":0,"enemies":"2 Louse","floor":1,"turns":1},{"damage":0,"enemies":"Jaw Worm","floor":4,"turns":1},{"damage":0,"enemies":"Small Slimes","floor":5,"turns":1},{"damage":20,"enemies":"Replay:BlueRogue","floor":7,"turns":7},{"damage":0,"enemies":"3 Louse","floor":8,"turns":4},{"damage":30,"enemies":"Lagavulin","floor":11,"turns":9},{"damage":2,"enemies":"2 Fungi Beasts","floor":14,"turns":4},{"damage":17,"enemies":"The Guardian","floor":16,"turns":8},{"damage":26,"enemies":"Shell Parasite","floor":18,"turns":5},{"damage":0,"enemies":"2 Thieves","floor":27,"turns":4},{"damage":0,"enemies":"Chosen and Byrds","floor":28,"turns":4},{"damage":11,"enemies":"Replay:Snechameleon","floor":29,"turns":4},{"damage":16,"enemies":"Sentry and Sphere","floor":30,"turns":8},{"damage":0,"enemies":"conspire:Head Lice","floor":31,"turns":6},{"damage":0,"enemies":"Collector","floor":33,"turns":3},{"damage":0,"enemies":"3 Darklings","floor":35,"turns":5},{"damage":8,"enemies":"Mind Bloom Boss Battle","floor":38,"turns":3},{"damage":3,"enemies":"Giant Head","floor":41,"turns":3},{"damage":0,"enemies":"Orb Walker","floor":42,"turns":1},{"damage":0,"enemies":"Maw","floor":43,"turns":4},{"damage":0,"enemies":"Maw","floor":44,"turns":3},{"damage":8,"enemies":"4 Shapes","floor":46,"turns":3},{"damage":0,"enemies":"Transient","floor":48,"turns":5},{"damage":59,"enemies":"conspire:OrnateMirror","floor":50,"turns":2}],"seed_played":"-3760922946714098968","potions_obtained":[{"floor":4,"key":"Swift Potion"},{"floor":7,"key":"Explosive Potion"},{"floor":11,"key":"Poison Potion"},{"floor":24,"key":"ColorlessPotion"},{"floor":24,"key":"LiquidBronze"},{"floor":24,"key":"DuplicationPotion"},{"floor":30,"key":"Adrenaline Potion"},{"floor":32,"key":"Flashbang"},{"floor":33,"key":"conspire:TimeTravelPotion"},{"floor":48,"key":"LiquidMemories"}],"is_trial":false,"path_per_floor":["M","?","T","M","M","R","E","M","T","?","E","$","R","M","R_BF","B",null,"M","?","?","?","$","R","?","R","T","M","M","E","M","E","R_BF","B",null,"M","$","?","?","?","R","E","M","MIM","M","R","M","R","M","R_BF","B"],"character_chosen":"THE_SILENT","items_purchased":["Concentrate","Replay:Bootleg Shield Generator","Accuracy","Cloak And Dagger","MerchantsRug","DollysMirror","Ninja Scroll","Catalyst","ToxicTincture","Caltrops"],"campfire_rested":2,"item_purchase_floors":[12,12,22,22,22,22,36,36,36,36],"current_hp_per_floor":[70,70,70,70,70,70,50,50,50,50,20,20,20,18,18,1,70,44,44,44,26,26,26,26,47,47,47,47,36,20,20,20,20,68,68,68,63,55,55,55,52,52,52,52,52,44,44,44,55,0,0],"gold":657,"neow_bonus":"THREE_ENEMY_KILL","is_daily":false,"chose_seed":false,"campfire_upgraded":6,"win_rate":0.0,"timestamp":1610866577,"path_taken":["M","?","?","M","M","R","E","M","T","?","E","$","R","M","R_BF","BOSS","M","?","?","?","$","R","?","R","T","M","?","E","M","E","R_BF","BOSS","M","$","?","?","?","R","E","M","MIM","?","R","M","R","M","R_BF","BOSS"],"items_purchased_type":["Card","Card","Card","Card","Relic","Relic","Relic","Card","Relic","Card"],"build_version":"2020-12-22","purchased_purges":3,"victory":false,"max_hp_per_floor":[70,70,70,70,70,70,70,70,70,70,70,70,70,70,70,70,70,70,70,70,70,70,70,70,70,70,70,70,70,70,70,70,68,68,68,68,63,63,63,61,61,61,59,59,59,57,57,57,55,55,55],"card_choices":[{"not_picked":["Sneak Up","Slice"],"picked":"PiercingWail","floor":1},{"not_picked":["Cloak And Dagger","Prepared"],"picked":"Quick Slash","floor":4},{"not_picked":["Hidden Blade","Quick Slash"],"picked":"Dagger Throw","floor":5},{"not_picked":["Predator","Slice"],"picked":"PiercingWail","floor":7},{"not_picked":["Flying Knee","Finisher"],"picked":"conspire:PoisonWeapons","floor":8},{"not_picked":["Underhanded Strike","Deflect"],"picked":"Burst","floor":11},{"not_picked":["Blade Dance","Quick Slash"],"picked":"Poisoned Stab","floor":14},{"not_picked":["Bullet Time","Wraith Form v2"],"picked":"Replay:Bag of Tricks","floor":16},{"not_picked":["Setup","Outmaneuver","Deflect"],"picked":"SKIP","floor":18},{"not_picked":["ReplayTheSpireMod:Haul","Replay:Fractal Strike"],"picked":"infinitespire:TheBestDefense","floor":21},{"not_picked":["hubris:SlightOfHand","Bane"],"picked":"Terror","floor":27},{"not_picked":["Deflect","Pace+1","Underhanded Strike+1"],"picked":"SKIP","floor":28},{"not_picked":["Sucker Punch","Bane","All Out Attack+1"],"picked":"SKIP","floor":29},{"not_picked":["Quick Slash","Deflect"],"picked":"Catalyst+1","floor":30},{"not_picked":["Dagger Throw+1","Phantasmal Killer"],"picked":"InfectiousVector","floor":31},{"not_picked":["Poison Darts","Doppelganger"],"picked":"Storm of Steel","floor":33},{"not_picked":["Flying Knee+1","Sucker Punch+1","Deadly Poison"],"picked":"SKIP","floor":35},{"not_picked":["Dagger Throw+1","Acrobatics","conspire:PoisonWeapons"],"picked":"SKIP","floor":41},{"not_picked":["conspire:PoisonWeapons+1","Dagger Throw+1","Choke+1"],"picked":"SKIP","floor":42},{"not_picked":["Outmaneuver","Skewer+1"],"picked":"Accuracy+1","floor":44},{"not_picked":["Underhanded Strike","Accuracy"],"picked":"Caltrops+1","floor":46},{"not_picked":["Concentrate+1","Choke+1","Terror+1"],"picked":"SKIP","floor":48}],"player_experience":512468,"relics_obtained":[{"floor":3,"key":"trackpad:CultistFigurine"},{"floor":7,"key":"Replay:WaspNest"},{"floor":9,"key":"Blue Doll"},{"floor":11,"key":"infinitespire:Beetle Shell"},{"floor":24,"key":"ReplayTheSpireMod:Ring of Addiction"},{"floor":24,"key":"Chameleon Ring"},{"floor":24,"key":"SacredBark"},{"floor":26,"key":"Snake Skull"},{"floor":29,"key":"infinitespire:Magic Flask"},{"floor":31,"key":"infinitespire:Joker Card"},{"floor":38,"key":"hubris:CuriousFeather"},{"floor":41,"key":"aspiration:HummingbirdHeart"}],"event_choices":[{"damage_healed":0,"gold_gain":0,"player_choice":"Box","damage_taken":0,"relics_obtained":["Replay:Bandana"],"max_hp_gain":0,"max_hp_loss":0,"event_name":"Big Fish","floor":10,"gold_loss":0,"cards_obtained":["Regret"]},{"damage_healed":0,"gold_gain":0,"player_choice":"Forge","damage_taken":0,"max_hp_gain":0,"max_hp_loss":0,"event_name":"Accursed Blacksmith","floor":19,"gold_loss":0,"cards_upgraded":["PiercingWail"]},{"cards_removed":["conspire:PoisonWeapons"],"damage_healed":0,"gold_gain":0,"player_choice":"Take \u0026 Give","damage_taken":0,"max_hp_gain":0,"max_hp_loss":0,"event_name":"betterNote:BetterNote","floor":20,"gold_loss":0,"cards_obtained":["Adrenaline"]},{"damage_healed":0,"gold_gain":0,"player_choice":"Max HP","damage_taken":0,"max_hp_gain":0,"max_hp_loss":3,"event_name":"Winding Halls","floor":37,"gold_loss":0},{"damage_healed":0,"gold_gain":0,"player_choice":"Fight","damage_taken":0,"max_hp_gain":0,"max_hp_loss":0,"event_name":"MindBloom","floor":38,"gold_loss":0},{"damage_healed":0,"gold_gain":0,"player_choice":"Memory 1","damage_taken":0,"max_hp_gain":0,"max_hp_loss":0,"event_name":"SensoryStone","floor":39,"gold_loss":0}],"is_beta":false,"boss_relics":[{"not_picked":["Snecko Scales","trackpad:StolenKidneys"],"picked":"HoveringKite"},{"not_picked":["Philosopher\u0027s Stone","Runic Dome"],"picked":"aspiration:SecretTechniqueScroll"}],"items_purged_floors":[12,22,36],"is_endless":false,"potions_floor_spawned":[4,7,11,30,33,38,42,48],"killed_by":"conspire:OrnateMirror","ascension_level":1}}