{"host":"pl1fbpkom0aq337f","time":1610904795,"event":{"mods":["AchievementEnabler","BaseMod","Colored Map","Minty Spire (QoL Compilation)"],"gold_per_floor":[110,35,35,49,64,64,78,78,78,130,405,424,450,460,140,140,140,140,140,140],"floor_reached":19,"language":"ENG","playtime":679,"items_purged":["Strike_R","Regret"],"score":228,"play_id":"aad6d021-c50d-4fd5-af11-8d417c05f9fa","local_time":"20210117183315","is_ascension_mode":true,"campfire_choices":[{"data":"Bash","floor":6,"key":"SMITH"},{"data":"True Grit","floor":8,"key":"SMITH"},{"floor":17,"key":"REST"},{"data":"Clothesline","floor":18,"key":"SMITH"}],"circlet_count":0,"master_deck":["AscendersBane","Strike_R","Strike_R","Strike_R","Strike_R","Defend_R","Defend_R","Defend_R","Defend_R","Bash+1","Clothesline+1","True Grit+1","Battle Trance","Feel No Pain","Thunderclap","Juggernaut","Warcry","Thunderclap"],"relics":["Burning Blood","NeowsBlessing","Gremlin Horn","Akabeko","Boot","Dream Catcher"],"acts_visited":["Exordium"],"potions_floor_usage":[13,13,19],"damage_taken":[{"damage":0,"enemies":"Cultist","floor":1,"turns":1},{"damage":0,"enemies":"Jaw Worm","floor":4,"turns":1},{"damage":0,"enemies":"Small Slimes","floor":5,"turns":1},{"damage":16,"enemies":"Blue Slaver","floor":7,"turns":3},{"damage":4,"enemies":"3 Louse","floor":12,"turns":4},{"damage":46,"enemies":"Lagavulin","floor":13,"turns":8},{"damage":23,"enemies":"Large Slime","floor":14,"turns":7},{"damage":37,"enemies":"Slime Boss","floor":19,"turns":7}],"seed_played":"-5883274354523644463","potions_obtained":[{"floor":4,"key":"Energy Potion"},{"floor":5,"key":"Block Potion"}],"is_trial":false,"path_per_floor":["M","$","?","M","M","R","M","R","T","T","?","M","E","M","$","?","R","R","B"],"character_chosen":"IRONCLAD","items_purchased":["ColorlessPotion","Dream Catcher"],"campfire_rested":1,"item_purchase_floors":[15,15],"current_hp_per_floor":[74,74,74,75,75,75,65,65,65,65,65,67,27,10,10,10,32,32,0,0],"gold":140,"neow_bonus":"THREE_ENEMY_KILL","is_daily":false,"chose_seed":false,"campfire_upgraded":3,"win_rate":0.0,"timestamp":1610904795,"path_taken":["M","$","?","M","?","R","M","R","T","T","?","M","E","?","$","?","R","R","BOSS"],"items_purchased_type":["Potion","Relic"],"build_version":"2020-12-22","purchased_purges":2,"victory":false,"max_hp_per_floor":[75,75,75,75,75,75,75,75,75,75,75,75,75,75,75,75,75,75,75,75],"card_choices":[{"not_picked":["Anger","Sword Boomerang"],"picked":"Clothesline","floor":1},{"not_picked":["Rage","Warcry"],"picked":"True Grit","floor":4},{"not_picked":["Cleave","Rampage"],"picked":"Battle Trance","floor":5},{"not_picked":["Iron Wave","Heavy Blade"],"picked":"Feel No Pain","floor":7},{"not_picked":["Pommel Strike","Wild Strike"],"picked":"Thunderclap","floor":12},{"not_picked":["Wild Strike","Heavy Blade"],"picked":"Juggernaut","floor":13},{"not_picked":["Twin Strike","Second Wind"],"picked":"Warcry","floor":14},{"not_picked":["Searing Blow","Seeing Red"],"picked":"Thunderclap","floor":17}],"player_experience":467150,"relics_obtained":[{"floor":9,"key":"Gremlin Horn"},{"floor":10,"key":"Akabeko"},{"floor":13,"key":"Boot"}],"event_choices":[{"damage_healed":0,"gold_gain":0,"player_choice":"Cursed","damage_taken":0,"max_hp_gain":0,"max_hp_loss":0,"event_name":"Wheel of Change","floor":3,"gold_loss":0,"cards_obtained":["Decay"]},{"damage_healed":0,"gold_gain":275,"player_choice":"Desecrate","damage_taken":0,"max_hp_gain":0,"max_hp_loss":0,"event_name":"Golden Shrine","floor":11,"gold_loss":0,"cards_obtained":["Regret"]},{"cards_removed":["Decay"],"damage_healed":0,"gold_gain":0,"player_choice":"Forget","damage_taken":0,"max_hp_gain":0,"max_hp_loss":0,"event_name":"Living Wall","floor":16,"gold_loss":0}],"is_beta":false,"boss_relics":[],"items_purged_floors":[2,15],"is_endless":false,"potions_floor_spawned":[4,5,12],"killed_by":"Slime Boss","ascension_level":19}}