{"host":"qswkx8hggytna0kc","time":1610883921,"event":{"mods":["Aspiration","BaseMod","BetterRewards","Colored Map","Colored Powertips","Highlight Path","Hubris","Mimic Mod","Minty Spire (QoL Compilation)","MostiFishMod","Quick Restart","Replay The Spire","StSLib","SuperFastMode"],"gold_per_floor":[110,185,185,460,479,511,511,541,568,568,579,589,621,640,640,718,718,733,744,754,754,754,754,754,754],"floor_reached":24,"language":"ZHS","playtime":1010,"items_purged":[],"score":410,"play_id":"8d799cf0-74a7-4ff0-b91c-eee3e3fb216e","local_time":"20210117194521","is_ascension_mode":true,"campfire_choices":[{"data":"Burst","floor":7,"key":"SMITH"},{"floor":10,"key":"REST"},{"data":"MostiFishMod:WinterMarkForm","floor":15,"key":"SMITH"},{"floor":23,"key":"REST"}],"circlet_count":0,"master_deck":["AscendersBane","Strike_G","Strike_G","Strike_G","Strike_G","Strike_G","Defend_G","Defend_G","Defend_G","Defend_G","Defend_G","Survivor","Neutralize","Expertise","Amnesia","Regret","MostiFishMod:ThornCasing","Burst+1","Backflip","Acrobatics","Acrobatics","hubris:TrickCloak","MostiFishMod:WinterMarkForm+1","Crippling Poison","MostiFishMod:GrandStart","Toxin Wave","Deadly Poison+1","Catalyst+1","Unload"],"relics":["Ring of the Snake","DaveBox","GuanYuAspect","aspiration:Nostalgia","Cracked Core","SynthV:TestCard","ReplayTheSpireMod:Ring of Exchange","Ring of Hypnosis","Snake Skull","Tiny Chest","Dream Catcher","Omamori","HaiYi:Twilight","aspiration:RitualStick"],"acts_visited":["Exordium","TheCity"],"potions_floor_usage":[13,13,24],"damage_taken":[{"damage":0,"enemies":"2 Louse","floor":1,"turns":3},{"damage":1,"enemies":"Cultist","floor":5,"turns":4},{"damage":12,"enemies":"Replay:BlueRogue","floor":6,"turns":11},{"damage":52,"enemies":"3 Sentries","floor":8,"turns":12},{"damage":5,"enemies":"Jaw Worm","floor":11,"turns":5},{"damage":0,"enemies":"Blue Slaver","floor":12,"turns":5},{"damage":20,"enemies":"Lagavulin","floor":13,"turns":11},{"damage":1,"enemies":"2 Fungi Beasts","floor":14,"turns":7},{"damage":44,"enemies":"Fading Forest","floor":16,"turns":11},{"damage":22,"enemies":"3 Byrds","floor":18,"turns":4},{"damage":22,"enemies":"Shell Parasite","floor":19,"turns":5},{"damage":8,"enemies":"Snake Plant","floor":20,"turns":4},{"damage":29,"enemies":"Book of Stabbing","floor":24,"turns":5}],"seed_played":"-3068726205985893242","potions_obtained":[{"floor":1,"key":"AttackPotion"},{"floor":5,"key":"FearPotion"},{"floor":14,"key":"Weak Potion"},{"floor":16,"key":"Strength Potion"}],"is_trial":false,"path_per_floor":["M","?","?","?","M","E","R","E","T","R","M","M","E","M","R","B",null,"M","M","M","?","?","R","E"],"character_chosen":"THE_SILENT","items_purchased":[],"campfire_rested":2,"item_purchase_floors":[],"current_hp_per_floor":[33,22,22,22,33,33,33,7,7,12,20,33,24,33,33,26,29,29,21,24,16,7,13,0,0],"gold":754,"neow_bonus":"NOSTALGIA","is_daily":false,"chose_seed":false,"campfire_upgraded":2,"win_rate":0.0,"timestamp":1610883921,"path_taken":["M","?","?","?","M","E","R","E","T","R","?","M","E","M","R","BOSS","M","M","M","?","?","R","E"],"items_purchased_type":[],"build_version":"2020-12-22","purchased_purges":0,"victory":false,"max_hp_per_floor":[33,33,33,33,33,33,33,33,33,33,33,33,33,33,33,33,33,33,33,33,33,38,38,38,38],"card_choices":[{"not_picked":["Dagger Throw","Hidden Blade"],"picked":"Expertise","floor":1},{"not_picked":["Footwork","Cloak And Dagger","Dodge and Roll","ReplayTheSpireMod:Speed Training"],"picked":"MostiFishMod:ThornCasing","floor":5},{"not_picked":["ReplayTheSpireMod:From All Sides","Deflect","All Out Attack","Dodge and Roll"],"picked":"Burst","floor":6},{"not_picked":["Slice","ReplayTheSpireMod:Exploit Weakness","Dagger Throw","Skewer"],"picked":"Backflip","floor":8},{"not_picked":["Deflect","Leg Sweep","Underhanded Strike","PiercingWail"],"picked":"Acrobatics","floor":10},{"not_picked":["Cloak And Dagger","Outmaneuver","Blade Dance","Hidden Blade"],"picked":"Acrobatics","floor":11},{"not_picked":["Flying Knee","PiercingWail","Sucker Punch","Draining Mist"],"picked":"hubris:TrickCloak","floor":12},{"not_picked":["Accuracy","Underhanded Strike","Quick Slash","Slice"],"picked":"MostiFishMod:WinterMarkForm","floor":13},{"not_picked":["Outmaneuver","Bane","Setup","Cloak And Dagger"],"picked":"Crippling Poison","floor":14},{"not_picked":["Burst","MostiFishMod:SpreadingSpore","MostiFishMod:AdrenalineArouse","MostiFishMod:FullyArmed"],"picked":"MostiFishMod:GrandStart","floor":16},{"not_picked":["Escape Plan","Dagger Throw+1","Poisoned Stab","Quick Slash"],"picked":"Toxin Wave","floor":18},{"not_picked":["Cloak And Dagger","Dodge and Roll+1","Fluid Movement","Slice"],"picked":"Deadly Poison+1","floor":19},{"not_picked":["Deflect","Dagger Spray","Outmaneuver","Flying Knee"],"picked":"Catalyst+1","floor":20},{"not_picked":["Caltrops+1","Riddle With Holes","Backstab","hubris:SlightOfHand+1"],"picked":"Unload","floor":23}],"player_experience":339041,"relics_obtained":[{"floor":1,"key":"SynthV:TestCard"},{"floor":3,"key":"ReplayTheSpireMod:Ring of Exchange"},{"floor":3,"key":"Ring of Hypnosis"},{"floor":6,"key":"Snake Skull"},{"floor":8,"key":"Tiny Chest"},{"floor":9,"key":"Dream Catcher"},{"floor":13,"key":"Omamori"}],"event_choices":[{"damage_healed":0,"gold_gain":75,"player_choice":"Gather Gold","damage_taken":11,"max_hp_gain":0,"max_hp_loss":0,"event_name":"World of Goop","floor":2,"gold_loss":0},{"damage_healed":0,"gold_gain":275,"player_choice":"Desecrate","damage_taken":0,"max_hp_gain":0,"max_hp_loss":0,"event_name":"Golden Shrine","floor":4,"gold_loss":0,"cards_obtained":["Regret"]},{"damage_healed":0,"gold_gain":0,"player_choice":"Shed Blood","damage_taken":12,"max_hp_gain":5,"max_hp_loss":0,"event_name":"Forgotten Altar","floor":22,"gold_loss":0}],"is_beta":false,"boss_relics":[{"not_picked":["Fusion Hammer","Cauldron"],"picked":"HaiYi:Twilight"}],"items_purged_floors":[],"is_endless":false,"potions_floor_spawned":[1,5,12,14,16,18],"killed_by":"Book of Stabbing","ascension_level":18}}