{"host":"qgru5siit3fz0wh9","time":1610878467,"event":{"mods":["AchievementEnabler","BaseMod","Highlight Path","Minty Spire (QoL Compilation)"],"gold_per_floor":[113,113,113,113,131,456,472,498,498,498,526,252,282,299,299,401,401,421,43,43,57,57,87,87,115,138,138,138,153,186,198,198,303,303,322,322,27,27,27,53,53,53,53],"floor_reached":42,"language":"ENG","playtime":2511,"items_purged":["Sword Boomerang","Shame"],"score":625,"play_id":"7bc6d719-ff20-4cfc-8e24-2f1718e4acc6","local_time":"20210117111427","is_ascension_mode":true,"campfire_choices":[{"floor":10,"key":"REST"},{"data":"Armaments","floor":15,"key":"SMITH"},{"floor":28,"key":"REST"},{"floor":32,"key":"DIG"},{"floor":41,"key":"REST"}],"circlet_count":0,"master_deck":["Strike_R","Strike_R","Strike_R+1","Strike_R","Strike_R+1","Defend_R","Defend_R+1","Bash+1","Perfected Strike+1","Wild Strike","Shrug It Off","Impervious","Armaments+1","Feel No Pain","Offering","Pommel Strike","Trip","Feed","Rupture+1","Warcry+1","Immolate","Sever Soul+1","Reaper+1","Spot Weakness+1","Thunderclap+1","Shrug It Off+1"],"relics":["Burning Blood","NeowsBlessing","Incense Burner","Old Coin","Lizard Tail","Oddly Smooth Stone","Red Skull","Odd Mushroom","Runic Cube","Tiny Chest","HandDrill","Nloth\u0027s Gift","Turnip","Matryoshka","Whetstone","Ornamental Fan","Lantern","Bag of Preparation","Pear","Shovel","Gambling Chip","Astrolabe","Paper Frog","Bronze Scales","Omamori","Toy Ornithopter"],"acts_visited":["Exordium","TheCity","TheBeyond"],"potions_floor_usage":[16,23,23,25,33,40,42],"damage_taken":[{"damage":0,"enemies":"2 Louse","floor":1,"turns":1},{"damage":0,"enemies":"Jaw Worm","floor":5,"turns":1},{"damage":0,"enemies":"Lagavulin","floor":6,"turns":1},{"damage":3,"enemies":"Small Slimes","floor":7,"turns":3},{"damage":24,"enemies":"Gremlin Nob","floor":8,"turns":4},{"damage":25,"enemies":"3 Sentries","floor":11,"turns":7},{"damage":1,"enemies":"The Mushroom Lair","floor":13,"turns":4},{"damage":6,"enemies":"Exordium Thugs","floor":14,"turns":5},{"damage":21,"enemies":"Slime Boss","floor":16,"turns":10},{"damage":6,"enemies":"2 Thieves","floor":18,"turns":3},{"damage":21,"enemies":"Shell Parasite","floor":21,"turns":4},{"damage":37,"enemies":"Slavers","floor":23,"turns":6},{"damage":8,"enemies":"Gremlin Leader","floor":25,"turns":7},{"damage":9,"enemies":"Snecko","floor":29,"turns":4},{"damage":11,"enemies":"Slavers","floor":30,"turns":6},{"damage":19,"enemies":"Cultist and Chosen","floor":31,"turns":7},{"damage":110,"enemies":"Champ","floor":33,"turns":15},{"damage":19,"enemies":"3 Darklings","floor":35,"turns":3},{"damage":74,"enemies":"Nemesis","floor":40,"turns":7},{"damage":47,"enemies":"Giant Head","floor":42,"turns":6}],"seed_played":"-2137461728076814737","potions_obtained":[{"floor":1,"key":"FearPotion"},{"floor":11,"key":"AttackPotion"},{"floor":14,"key":"SkillPotion"},{"floor":16,"key":"Weak Potion"},{"floor":31,"key":"SteroidPotion"},{"floor":40,"key":"SteroidPotion"}],"is_trial":false,"path_per_floor":["M","?","?","?","M","E","M","E","T","R","E","$","?","M","R","B",null,"M","$","?","M","T","E","T","E","T","?","R","M","E","M","R","B",null,"M","?","$","T","?","E","R","E"],"character_chosen":"IRONCLAD","items_purchased":["Armaments","Red Skull","Tiny Chest","HandDrill","Trip","AttackPotion","Bronze Scales"],"campfire_rested":3,"item_purchase_floors":[12,12,19,19,19,37,37],"current_hp_per_floor":[80,64,46,46,52,58,61,43,43,67,48,63,68,68,68,53,80,80,80,80,65,65,34,34,32,32,42,69,66,64,51,51,8,93,80,80,80,80,80,12,39,0,0],"gold":53,"neow_bonus":"THREE_ENEMY_KILL","is_daily":false,"chose_seed":false,"campfire_upgraded":1,"win_rate":0.0,"timestamp":1610878467,"path_taken":["M","?","?","?","?","E","M","E","T","R","E","$","?","M","R","BOSS","M","$","?","?","?","E","?","E","T","?","R","M","E","M","R","BOSS","M","?","?","?","?","E","R","E"],"items_purchased_type":["Card","Relic","Relic","Relic","Card","Potion","Relic"],"build_version":"2020-12-22","purchased_purges":2,"victory":false,"max_hp_per_floor":[80,80,80,80,80,80,80,80,80,80,80,80,80,80,80,80,80,80,80,80,80,80,80,80,80,80,90,90,90,93,93,93,93,93,93,93,93,93,93,93,93,93,93],"card_choices":[{"not_picked":["Sever Soul","Headbutt"],"picked":"Perfected Strike","floor":1},{"not_picked":["Flex","Clash"],"picked":"Sword Boomerang","floor":5},{"not_picked":["Pummel","Anger"],"picked":"Wild Strike","floor":6},{"not_picked":["Anger","Body Slam"],"picked":"Shrug It Off","floor":7},{"not_picked":["Double Tap","Twin Strike"],"picked":"Warcry","floor":8},{"not_picked":["Fiend Fire","Carnage"],"picked":"Impervious","floor":11},{"not_picked":["Sever Soul","Iron Wave"],"picked":"Feel No Pain","floor":13},{"not_picked":["Anger","Burning Pact"],"picked":"Cleave","floor":14},{"not_picked":["Impervious","Juggernaut"],"picked":"Offering","floor":16},{"not_picked":["Sword Boomerang","Blood for Blood"],"picked":"Pommel Strike","floor":18},{"not_picked":["Havoc","Heavy Blade","Clothesline"],"picked":"SKIP","floor":21},{"not_picked":["Havoc","Heavy Blade","Clothesline"],"picked":"SKIP","floor":21},{"not_picked":["Impervious","Metallicize"],"picked":"Feed","floor":23},{"not_picked":["Dropkick","Burning Pact+1","Flex"],"picked":"SKIP","floor":25},{"not_picked":["Dual Wield","Clothesline"],"picked":"Rupture+1","floor":29},{"not_picked":["Corruption","Pummel"],"picked":"Warcry+1","floor":30},{"not_picked":["Pommel Strike","Sever Soul"],"picked":"Immolate","floor":31},{"not_picked":["Juggernaut","Berserk"],"picked":"Barricade","floor":33},{"not_picked":["Whirlwind+1","True Grit"],"picked":"Thunderclap+1","floor":35},{"not_picked":["Double Tap","Sword Boomerang+1"],"picked":"Shrug It Off+1","floor":40}],"player_experience":391172,"relics_obtained":[{"floor":6,"key":"Old Coin"},{"floor":8,"key":"MealTicket"},{"floor":9,"key":"Lizard Tail"},{"floor":11,"key":"Oddly Smooth Stone"},{"floor":13,"key":"Odd Mushroom"},{"floor":22,"key":"Turnip"},{"floor":23,"key":"Matryoshka"},{"floor":24,"key":"Whetstone"},{"floor":25,"key":"Ornamental Fan"},{"floor":26,"key":"Lantern"},{"floor":26,"key":"Bag of Preparation"},{"floor":30,"key":"Shovel"},{"floor":32,"key":"Gambling Chip"},{"floor":38,"key":"Omamori"},{"floor":40,"key":"Toy Ornithopter"}],"event_choices":[{"damage_healed":0,"gold_gain":0,"player_choice":"Entered Light","damage_taken":16,"max_hp_gain":0,"max_hp_loss":0,"event_name":"Shining Light","floor":2,"gold_loss":0,"cards_upgraded":["Defend_R","Perfected Strike"]},{"damage_healed":0,"gold_gain":0,"player_choice":"Success","damage_taken":18,"relics_obtained":["Incense Burner"],"max_hp_gain":0,"max_hp_loss":0,"event_name":"Scrap Ooze","floor":3,"gold_loss":0},{"damage_healed":0,"gold_gain":0,"player_choice":"Upgraded","damage_taken":0,"max_hp_gain":0,"max_hp_loss":0,"event_name":"Upgrade Shrine","floor":4,"gold_loss":0,"cards_upgraded":["Bash"]},{"damage_healed":0,"gold_gain":0,"player_choice":"Fought Mushrooms","damage_taken":0,"max_hp_gain":0,"max_hp_loss":0,"event_name":"Mushrooms","floor":13,"gold_loss":0},{"damage_healed":0,"gold_gain":0,"player_choice":"Traded Relic","damage_taken":0,"relics_obtained":["Nloth\u0027s Gift"],"max_hp_gain":0,"max_hp_loss":0,"event_name":"N\u0027loth","floor":20,"relics_lost":["MealTicket"],"gold_loss":0},{"damage_healed":0,"gold_gain":0,"player_choice":"Stole Relic","damage_taken":0,"relics_obtained":["Pear"],"max_hp_gain":0,"max_hp_loss":0,"event_name":"Addict","floor":27,"gold_loss":0,"cards_obtained":["Shame"]},{"cards_removed":["Cleave"],"damage_healed":0,"gold_gain":0,"player_choice":"Gave Card","damage_taken":0,"relics_obtained":["Paper Frog"],"max_hp_gain":0,"max_hp_loss":0,"event_name":"WeMeetAgain","floor":36,"gold_loss":0},{"cards_removed":["Barricade"],"damage_healed":0,"gold_gain":0,"player_choice":"Removed Power","damage_taken":0,"max_hp_gain":0,"max_hp_loss":0,"event_name":"Falling","floor":39,"gold_loss":0}],"is_beta":false,"boss_relics":[{"not_picked":["Runic Pyramid","SlaversCollar"],"picked":"Runic Cube"},{"not_picked":["Velvet Choker","Snecko Eye"],"picked":"Astrolabe"}],"items_purged_floors":[12,37],"is_endless":false,"potions_floor_spawned":[1,11,14,16,21,31,40],"killed_by":"Giant Head","ascension_level":2}}