{"host":"9n6i2vl93jt4o42q","time":1610926438,"event":{"mods":["BaseMod","Minty Spire (QoL Compilation)","Relic Stats"],"gold_per_floor":[117,117,137,149,169,169,196,213,213,213,55,55,81,81,81,177,177,198,198,214,164,177,177,177,177,228,228,5,48,48,72,72,72,72],"floor_reached":33,"language":"ENG","playtime":11617,"items_purged":[],"score":542,"play_id":"81b0171d-f1ff-4b41-8963-20984be7d7a0","local_time":"20210118003358","is_ascension_mode":true,"campfire_choices":[{"data":"Dagger Spray","floor":6.0,"key":"SMITH"},{"data":"Neutralize","floor":10.0,"key":"SMITH"},{"floor":12.0,"key":"REST"},{"floor":15.0,"key":"REST"},{"data":"Terror","floor":23.0,"key":"SMITH"},{"data":"Phantasmal Killer","floor":25.0,"key":"SMITH"},{"data":"Crippling Poison","floor":27.0,"key":"SMITH"},{"data":"After Image","floor":30.0,"key":"SMITH"},{"floor":32.0,"key":"REST"}],"circlet_count":0,"master_deck":["AscendersBane","Strike_G","Strike_G","Defend_G","Defend_G","Defend_G+1","Defend_G","Defend_G+1","Survivor","Neutralize+1","Slice","Choke","Infinite Blades","Dagger Spray+1","Crippling Poison+1","Endless Agony","Heel Hook","Flying Knee","Injury","Phantasmal Killer+1","Terror+1","Blade Dance","Dodge and Roll+1","After Image+1","Outmaneuver+1"],"relics":["Ring of the Snake","Strawberry","Bottled Tornado","Pear","War Paint","Ornamental Fan","Golden Idol","Empty Cage","Toxic Egg 2","Juzu Bracelet"],"acts_visited":["Exordium","TheCity"],"potions_floor_usage":[],"damage_taken":[{"damage":6.0,"enemies":"2 Louse","floor":1.0,"turns":6.0},{"damage":2.0,"enemies":"Small Slimes","floor":3.0,"turns":4.0},{"damage":1.0,"enemies":"Cultist","floor":4.0,"turns":4.0},{"damage":2.0,"enemies":"3 Louse","floor":5.0,"turns":3.0},{"damage":35.0,"enemies":"Lagavulin","floor":7.0,"turns":7.0},{"damage":6.0,"enemies":"Exordium Wildlife","floor":8.0,"turns":3.0},{"damage":10.0,"enemies":"3 Sentries","floor":13.0,"turns":8.0},{"damage":32.0,"enemies":"Slime Boss","floor":16.0,"turns":10.0},{"damage":18.0,"enemies":"Chosen","floor":18.0,"turns":5.0},{"damage":0.0,"enemies":"3 Byrds","floor":20.0,"turns":5.0},{"damage":0.0,"enemies":"Centurion and Healer","floor":22.0,"turns":5.0},{"damage":5.0,"enemies":"Gremlin Leader","floor":29.0,"turns":6.0},{"damage":72,"enemies":"Champ","floor":33,"turns":20}],"seed_played":"-4038023805817099516","potions_obtained":[{"floor":1.0,"key":"DuplicationPotion"},{"floor":3.0,"key":"BlessingOfTheForge"},{"floor":29.0,"key":"Poison Potion"}],"is_trial":false,"path_per_floor":["M","?","M","M","M","R","E","M","T","R","$","R","E","?","R","B",null,"M","?","M","?","M","R","?","R","T","R","$","E","R","T","R","B"],"character_chosen":"THE_SILENT","items_purchased":["War Paint","After Image","Block Potion"],"campfire_rested":3,"item_purchase_floors":[11,28,28],"current_hp_per_floor":[60,60,58,57,55,55,20,14,24,24,24,48,38,38,62,30,70,52,52,52,52,52,52,52,52,52,52,52,47,47,47,71,0,0],"gold":72,"neow_bonus":"RANDOM_COMMON_RELIC","is_daily":false,"chose_seed":false,"campfire_upgraded":6,"win_rate":0.0,"timestamp":1610926438,"path_taken":["M","?","M","M","M","R","E","M","T","R","$","R","E","?","R","BOSS","M","?","M","?","?","R","?","R","T","R","$","E","R","?","R","BOSS"],"items_purchased_type":["Relic","Card","Potion"],"build_version":"2020-12-22","purchased_purges":0,"victory":false,"max_hp_per_floor":[73,73,73,73,73,73,73,73,83,83,83,83,83,83,83,83,83,83,83,83,83,83,83,83,83,83,83,83,83,83,83,83,83,83],"relic_stats":{"counters":[13,86],"Ornamental Fan":[132],"Golden Idol":38,"Juzu Bracelet":0,"War Paint":["Defend_G","Defend_G"],"obtain_stats":[{"Pear":9,"Ornamental Fan":13,"Golden Idol":14,"Strawberry":0,"Juzu Bracelet":31,"Bottled Tornado":7,"War Paint":11,"Toxic Egg 2":29,"Empty Cage":17,"Ring of the Snake":0},{"Pear":6,"Ornamental Fan":7,"Golden Idol":7,"Strawberry":0,"Juzu Bracelet":12,"Bottled Tornado":5,"War Paint":6,"Toxic Egg 2":12,"Empty Cage":8,"Ring of the Snake":0},{"Pear":27,"Ornamental Fan":35,"Golden Idol":35,"Strawberry":0,"Juzu Bracelet":66,"Bottled Tornado":24,"War Paint":27,"Toxic Egg 2":66,"Empty Cage":45,"Ring of the Snake":0}],"Ring of the Snake":[26]},"card_choices":[{"not_picked":["Riddle With Holes","Noxious Fumes"],"picked":"Slice","floor":1.0},{"not_picked":["Finisher","Underhanded Strike"],"picked":"Infinite Blades","floor":3.0},{"not_picked":["Poisoned Stab","Blur"],"picked":"Dagger Spray","floor":4.0},{"not_picked":["Dagger Throw","Acrobatics"],"picked":"Crippling Poison","floor":5.0},{"not_picked":["Bane","Dodge and Roll"],"picked":"Endless Agony","floor":7.0},{"not_picked":["Phantasmal Killer","Flying Knee"],"picked":"Heel Hook","floor":8.0},{"not_picked":["Endless Agony","Slice"],"picked":"Flying Knee","floor":13.0},{"not_picked":["Doppelganger","Venomology"],"picked":"Phantasmal Killer","floor":16.0},{"not_picked":["Sucker Punch","Poisoned Stab"],"picked":"Terror","floor":18.0},{"not_picked":["Skewer","Acrobatics"],"picked":"Dodge and Roll+1","floor":20.0},{"not_picked":["Flechettes","Dash","Bouncing Flask"],"picked":"SKIP","floor":22.0},{"not_picked":["Sucker Punch","Dagger Throw"],"picked":"Outmaneuver+1","floor":29.0}],"player_experience":2095402,"relics_obtained":[{"floor":7.0,"key":"Bottled Tornado"},{"floor":9.0,"key":"Pear"},{"floor":13.0,"key":"Ornamental Fan"},{"floor":29.0,"key":"Toxic Egg 2"},{"floor":31.0,"key":"Juzu Bracelet"}],"event_choices":[{"damage_healed":0.0,"max_hp_gain":0.0,"max_hp_loss":0.0,"gold_gain":0.0,"cards_transformed":["Strike_G"],"event_name":"Living Wall","player_choice":"Change","floor":2.0,"gold_loss":0.0,"damage_taken":0.0,"cards_obtained":["Choke"]},{"damage_healed":0.0,"max_hp_gain":0.0,"max_hp_loss":0.0,"gold_gain":0.0,"event_name":"Golden Idol","player_choice":"Take Wound","floor":14.0,"gold_loss":0.0,"damage_taken":0.0,"relics_obtained":["Golden Idol"],"cards_obtained":["Injury"]},{"damage_healed":0.0,"max_hp_gain":0.0,"max_hp_loss":0.0,"gold_gain":0.0,"event_name":"The Library","player_choice":"Read","floor":19.0,"gold_loss":0.0,"damage_taken":0.0,"cards_obtained":["Blade Dance"]},{"damage_healed":0.0,"max_hp_gain":0.0,"max_hp_loss":0.0,"gold_gain":0.0,"event_name":"The Joust","player_choice":"Bet on Owner","floor":21.0,"gold_loss":50.0,"damage_taken":0.0},{"damage_healed":0.0,"max_hp_gain":0.0,"max_hp_loss":0.0,"gold_gain":0.0,"event_name":"Vampires","player_choice":"Ignored","floor":24.0,"gold_loss":0.0,"damage_taken":0.0}],"is_beta":false,"boss_relics":[{"not_picked":["Ectoplasm","Velvet Choker"],"picked":"Empty Cage"}],"items_purged_floors":[],"is_endless":false,"potions_floor_spawned":[1,3,7,16,18,29],"killed_by":"Champ","ascension_level":20}}