{"host":"ywbsnexmk111etbw","time":1610909948,"event":{"mods":["100% Spire Juice","Act Like it!","Arknights The Spire","BaseMod","Beaked The Cultist","Colored Powertips","Conspire","Curses Come First","Fireblade Mod","Fox Events","Hubris","Infinite Spire","Jorbs\u0027s Wanderer Trilogy","Marisa????????","Minty Spire (QoL Compilation)","Pale of the Ancients","Permanent Neow","Replay The Spire","Robot Space Explorer","StSLib","The Blackbeard","The Bladedancer","The Cursed","The Dragon Tamer","The Marked","The Mystic","The Necromancer","The Saiyan","Wandering Minibosses"],"gold_per_floor":[118,118,130,130,130,168,183,183,206,270,293,293,293,293],"floor_reached":12,"language":"ENG","playtime":273,"items_purged":[],"score":78,"play_id":"3c5e95db-2771-4497-9e54-f2b71d93d750","local_time":"20210117135908","is_ascension_mode":false,"metric_token":1875,"campfire_choices":[{"data":"infinitespire:Punishment","floor":8,"key":"SMITH"}],"dtmod_dragon_data":[41,50,-1,-1,0,0],"circlet_count":0,"master_deck":["stsjorbsmod:ForbiddenGrimoire+1","DTMod:Strike","DTMod:Strike","DTMod:Strike","DTMod:Strike","DTMod:DoubleHit","DTMod:TargetDefense","DTMod:TargetDefense","DTMod:TargetDefense","DTMod:TargetDefense","DTMod:SwitchingTactic","DTMod:InvisibleFlame","infinitespire:Punishment+1","DTMod:Punisher","Injury","DTMod:InvisibleFlame","DTMod:ResonanceForm","DTMod:Training","DTMod:QuickFly"],"relics":["DTMod:PactStone","Golden Idol","hubris:Towel","Bag of Marbles","hubris:OldNail","hubris:Reverence"],"acts_visited":["Exordium"],"potions_floor_usage":[10],"damage_taken":[{"damage":0,"enemies":"2 Louse","floor":1,"turns":2},{"damage":0,"enemies":"conspire:RoseBush","floor":3,"turns":1},{"damage":3,"enemies":"Gremlin Nob","floor":6,"turns":4},{"damage":0,"enemies":"Small Slimes","floor":7,"turns":2},{"damage":23,"enemies":"Gremlin Nob","floor":10,"turns":4},{"damage":0,"enemies":"2 Fungi Beasts","floor":11,"turns":1},{"damage":13,"enemies":"Lagavulin","floor":12,"turns":2}],"seed_played":"20277127622995788","potions_obtained":[{"floor":6,"key":"CultistPotion"},{"floor":7,"key":"Strength Potion"},{"floor":11,"key":"SpeedPotion"}],"is_trial":false,"path_per_floor":["M","?","M","?","?","E","M","R","T","?","M","E"],"character_chosen":"THE_DT","items_purchased":[],"campfire_rested":0,"item_purchase_floors":[],"current_hp_per_floor":[49,38,38,38,38,35,35,35,35,12,12,0,0,0],"gold":293,"neow_bonus":"TEN_PERCENT_HP_BONUS","is_daily":false,"chose_seed":false,"campfire_upgraded":1,"win_rate":0.0,"timestamp":1610909948,"path_taken":["M","?","M","?","?","E","M","R","T","?","?","E"],"items_purchased_type":[],"build_version":"2020-12-22","purchased_purges":0,"victory":false,"max_hp_per_floor":[49,49,49,49,49,49,49,49,49,49,49,49,49,49],"card_choices":[{"not_picked":["DTMod:ShieldDrain","DTMod:Weaken"],"picked":"DTMod:InvisibleFlame","floor":1},{"not_picked":["ReplayTheSpireMod:Echoes of Time","infinitespire:Gouge"],"picked":"infinitespire:Punishment","floor":2},{"not_picked":["DTMod:FlameSlash","DTMod:ComboAttack"],"picked":"DTMod:Punisher","floor":3},{"not_picked":["DTMod:Cover","DTMod:LastStand"],"picked":"DTMod:InvisibleFlame","floor":6},{"not_picked":["DTMod:CalculatedDefense","DTMod:Adaptation"],"picked":"DTMod:ResonanceForm","floor":7},{"not_picked":["DTMod:Weaken","DTMod:Observe"],"picked":"DTMod:Training","floor":10},{"not_picked":["DTMod:PurifyingFlame","DTMod:MasterPlan"],"picked":"DTMod:QuickFly","floor":11}],"player_experience":154954,"relics_obtained":[{"floor":6,"key":"Bag of Marbles"},{"floor":9,"key":"hubris:OldNail"},{"floor":10,"key":"hubris:Reverence"}],"event_choices":[{"damage_healed":0,"gold_gain":0,"player_choice":"Take Wound","damage_taken":0,"relics_obtained":["Golden Idol"],"max_hp_gain":0,"max_hp_loss":0,"event_name":"Golden Idol","floor":4,"gold_loss":0,"cards_obtained":["Injury"]},{"damage_healed":0,"gold_gain":30,"player_choice":"Searched \u00272\u0027 times","damage_taken":0,"max_hp_gain":0,"max_hp_loss":0,"event_name":"Dead Adventurer","floor":10,"gold_loss":0}],"is_beta":false,"boss_relics":[],"items_purged_floors":[],"is_endless":false,"potions_floor_spawned":[6,7,11],"killed_by":"Lagavulin","ascension_level":0}}