{"host":"rl5ku05escnl5kxo","time":1610912527,"event":{"mods":["BaseMod","Minty Spire (QoL Compilation)","StSLib","The Bug Knight"],"gold_per_floor":[114,134,134,149,163,163,175,175,175,175,185,185,205,223,223,319,319,333,7,27,43,53,53,70,70,70,80,80,96,123,142,142,243,243,261,156,6,25,44,44,58,58,58,58,58,70,84,103,103,103,103],"floor_reached":50,"language":"ENG","playtime":7949,"items_purged":[],"score":496,"play_id":"d6cbf135-9cc9-487c-8995-f2b667036ed0","local_time":"20210117114207","is_ascension_mode":false,"campfire_choices":[{"data":"HollowMod:PerfectDash","floor":6,"key":"SMITH"},{"data":"HollowMod:SiblingsSouls","floor":8,"key":"SMITH"},{"data":"HollowMod:InfectedCysts","floor":12,"key":"SMITH"},{"data":"HollowMod:QuirrelsAssistance","floor":15,"key":"SMITH"},{"data":"HollowMod:SoulSplash","floor":23,"key":"SMITH"},{"floor":25,"key":"RECALL"},{"data":"HollowMod:DashSlash","floor":28,"key":"SMITH"},{"data":"HollowMod:HuntersJournal","floor":32,"key":"SMITH"},{"data":"HollowMod:PureNailStrike","floor":40,"key":"SMITH"},{"data":"HollowMod:Weaversong","floor":42,"key":"SMITH"},{"floor":45,"key":"REST"},{"data":"HollowMod:SoulEater","floor":49,"key":"SMITH"}],"circlet_count":0,"master_deck":["HollowMod:NailStrikeStart","HollowMod:NailStrikeStart","HollowMod:NailStrikeStart","HollowMod:NailStrikeStart","HollowMod:QuickDashStart","HollowMod:QuickDashStart","HollowMod:QuickDashStart","HollowMod:QuickDashStart","HollowMod:FocusHealStart+1","HollowMod:PogoStrike","HollowMod:QuirrelsAssistance+1","HollowMod:HuntersJournal+1","HollowMod:SoulSplash+1","HollowMod:PerfectDash+1","HollowMod:SiblingsSouls+1","HollowMod:InfectedCysts+1","HollowMod:LuriensSpire+1","HollowMod:SharpenedNail","HollowMod:VoidDash+1","CurseOfTheBell","HollowMod:ChannelNail+1","Apotheosis+1","HollowMod:PerfectDash+1","HollowMod:LuriensSpire+1","HollowMod:LifebloodCocoon+1","HollowMod:CycloneSlash+1","HollowMod:DashSlash+1","HollowMod:GrimmsGift+1","HollowMod:DescendingDark+1","HollowMod:LifebloodCocoon+1","HollowMod:NewJinnsSoul+1","HollowMod:PerfectDash+1","HollowMod:PureNailStrike+1","HollowMod:DungDefenderAura+1","HollowMod:SiblingsSouls+1","Parasite","HollowMod:DoubleDash+1","HollowMod:Weaversong+1","HollowMod:SoulSplash+1","HollowMod:HeavyBlow+1","HollowMod:SoulEater+1"],"relics":["HollowMod:VesselMask","MealTicket","Toxic Egg 2","Calling Bell","Orichalcum","Shuriken","CaptainsWheel","DollysMirror","InkBottle","HollowMod:GreatKnightMask","Velvet Choker","HollowMod:StagPassRelic","Blue Candle"],"acts_visited":["Exordium","TheCity","TheBeyond"],"potions_floor_usage":[7,22,31,35,50,50],"damage_taken":[{"damage":1,"enemies":"Cultist","floor":1,"turns":4},{"damage":1,"enemies":"Jaw Worm","floor":2,"turns":4},{"damage":7,"enemies":"Small Slimes","floor":4,"turns":4},{"damage":6,"enemies":"Exordium Thugs","floor":5,"turns":4},{"damage":14,"enemies":"Gremlin Gang","floor":7,"turns":5},{"damage":2,"enemies":"3 Louse","floor":11,"turns":6},{"damage":0,"enemies":"2 Fungi Beasts","floor":13,"turns":4},{"damage":6,"enemies":"Large Slime","floor":14,"turns":6},{"damage":41,"enemies":"Slime Boss","floor":16,"turns":9},{"damage":14,"enemies":"HollowMod:HuskSentry","floor":18,"turns":4},{"damage":0,"enemies":"2 Thieves","floor":20,"turns":4},{"damage":23,"enemies":"Snecko","floor":21,"turns":7},{"damage":13,"enemies":"Chosen and Byrds","floor":22,"turns":10},{"damage":10,"enemies":"3 Cultists","floor":24,"turns":4},{"damage":2,"enemies":"Snecko","floor":27,"turns":8},{"damage":5,"enemies":"Centurion and Healer","floor":29,"turns":8},{"damage":0,"enemies":"HollowMod:Zote","floor":30,"turns":2},{"damage":6,"enemies":"Cultist and Chosen","floor":31,"turns":8},{"damage":42,"enemies":"Automaton","floor":33,"turns":11},{"damage":15,"enemies":"3 Darklings","floor":35,"turns":6},{"damage":0,"enemies":"3 Shapes","floor":38,"turns":3},{"damage":4,"enemies":"Writhing Mass","floor":39,"turns":10},{"damage":16,"enemies":"Jaw Worm Horde","floor":41,"turns":3},{"damage":12,"enemies":"Spire Growth","floor":46,"turns":6},{"damage":7,"enemies":"Maw","floor":47,"turns":9},{"damage":6,"enemies":"3 Darklings","floor":48,"turns":6},{"damage":104,"enemies":"Donu and Deca","floor":50,"turns":9}],"seed_played":"2429798542272318475","potions_obtained":[{"floor":4,"key":"Explosive Potion"},{"floor":5,"key":"FairyPotion"},{"floor":14,"key":"Strength Potion"},{"floor":18,"key":"Swift Potion"},{"floor":21,"key":"Explosive Potion"},{"floor":29,"key":"Regen Potion"},{"floor":33,"key":"PowerPotion"},{"floor":38,"key":"SteroidPotion"}],"is_trial":false,"path_per_floor":["M","M","?","M","M","R","M","R","T","?","M","R","M","M","R","B",null,"M","$","M","M","M","R","M","R","T","M","R","M","?","M","R","B",null,"M","$","?","M","M","R","M","R","T","?","R","M","M","M","R","B"],"character_chosen":"THE_BUGKNIGHT","items_purchased":["Apotheosis+1","DollysMirror","HollowMod:PureNailStrike","HollowMod:DungDefenderAura+1"],"campfire_rested":1,"item_purchase_floors":[19,19,36,36],"current_hp_per_floor":[74,75,75,73,67,67,59,59,59,59,63,63,69,73,73,38,75,67,75,75,57,50,50,46,46,46,50,50,51,51,64,64,34,75,66,75,75,75,71,71,55,55,55,55,75,63,66,60,60,0,0],"gold":103,"neow_bonus":"RANDOM_COMMON_RELIC","is_daily":false,"chose_seed":false,"campfire_upgraded":10,"win_rate":0.0,"timestamp":1610912527,"path_taken":["M","M","?","M","?","R","M","R","T","?","M","R","M","M","R","BOSS","M","$","M","M","M","R","M","R","T","M","R","M","?","M","R","BOSS","M","$","?","M","M","R","M","R","T","?","R","M","?","M","R","BOSS"],"items_purchased_type":["Card","Relic","Card","Card"],"build_version":"2020-12-22","purchased_purges":0,"victory":false,"max_hp_per_floor":[75,75,75,75,75,75,75,75,75,75,75,75,75,75,75,75,75,75,75,75,75,75,75,75,75,75,75,75,75,75,75,75,75,75,75,75,75,75,75,75,75,75,75,75,75,75,75,75,75,75,75],"card_choices":[{"not_picked":["HollowMod:NewLittleFool","HollowMod:TaintedHusks"],"picked":"HollowMod:QuirrelsAssistance","floor":1},{"not_picked":["HollowMod:NewLittleFool","HollowMod:CornifersMapStart"],"picked":"HollowMod:HuntersJournal","floor":2},{"not_picked":["HollowMod:DoubleDash","HollowMod:TaintedHusks"],"picked":"HollowMod:SoulSplash","floor":4},{"not_picked":["HollowMod:RadiancesLament","HollowMod:WraithStrike"],"picked":"HollowMod:PerfectDash","floor":5},{"not_picked":["HollowMod:VengefulVoid","HollowMod:SoulShaman"],"picked":"HollowMod:SiblingsSouls","floor":7},{"not_picked":["HollowMod:WraithStrike","HollowMod:GoodIntentions+1"],"picked":"HollowMod:InfectedCysts","floor":11},{"not_picked":["HollowMod:CoiledNail","HollowMod:SiblingsSouls+1"],"picked":"HollowMod:LuriensSpire+1","floor":13},{"not_picked":["HollowMod:NewJinnsSoul+1","HollowMod:MothsMistake"],"picked":"HollowMod:SharpenedNail","floor":14},{"not_picked":["HollowMod:RadiancesLament+1","HollowMod:HerrahsAnger+1"],"picked":"HollowMod:VoidDash+1","floor":16},{"not_picked":["HollowMod:FallenFury","HollowMod:InfectedAttack"],"picked":"HollowMod:ChannelNail+1","floor":18},{"not_picked":["HollowMod:VengefulVoid","HollowMod:MawleksShell+1"],"picked":"HollowMod:LuriensSpire+1","floor":20},{"not_picked":["HollowMod:BlackTendrils","HollowMod:BrokenVessel"],"picked":"HollowMod:LifebloodCocoon+1","floor":21},{"not_picked":["HollowMod:Grubsong","HollowMod:InfectedAttack"],"picked":"HollowMod:CycloneSlash+1","floor":22},{"not_picked":["HollowMod:SoulSplash+1","HollowMod:DreamGate+1"],"picked":"HollowMod:DashSlash","floor":24},{"not_picked":["HollowMod:CornifersMapStart+1","HollowMod:InfectionAssault"],"picked":"HollowMod:GrimmsGift+1","floor":27},{"not_picked":["HollowMod:SharpenedNail+1","HollowMod:CycloneSlash"],"picked":"HollowMod:DescendingDark+1","floor":29},{"not_picked":["HollowMod:ShadowDash+1","HollowMod:CloakDash+1"],"picked":"HollowMod:LifebloodCocoon+1","floor":30},{"not_picked":["HollowMod:CycloneSlash","HollowMod:MothsMistake+1"],"picked":"HollowMod:NewJinnsSoul+1","floor":31},{"not_picked":["HollowMod:PaleKingsBlessing+1","HollowMod:theNailsmith+1"],"picked":"HollowMod:PureVessel","floor":33},{"not_picked":["HollowMod:VengefulVoid","HollowMod:GoodIntentions+1"],"picked":"HollowMod:PerfectDash+1","floor":35},{"not_picked":["HollowMod:DungDefenderAura+1","HollowMod:InfectionAssault"],"picked":"HollowMod:SiblingsSouls+1","floor":38},{"not_picked":["HollowMod:NewJinnsSoul+1","HollowMod:NewLittleFool"],"picked":"HollowMod:DoubleDash+1","floor":39},{"not_picked":["HollowMod:SiblingsShadow+1","HollowMod:BlackTendrils"],"picked":"HollowMod:Weaversong","floor":41},{"not_picked":["HollowMod:ShadowDash+1","HollowMod:CornifersMapStart+1"],"picked":"HollowMod:SoulSplash+1","floor":46},{"not_picked":["HollowMod:SharpenedNail","HollowMod:DashSlash"],"picked":"HollowMod:HeavyBlow+1","floor":47},{"not_picked":["HollowMod:InfectedAttack+1","HollowMod:BlackTendrils"],"picked":"HollowMod:SoulEater","floor":48}],"player_experience":427890,"relics_obtained":[{"floor":9,"key":"Toxic Egg 2"},{"floor":17,"key":"Orichalcum"},{"floor":17,"key":"Shuriken"},{"floor":17,"key":"CaptainsWheel"},{"floor":26,"key":"InkBottle"},{"floor":30,"key":"HollowMod:GreatKnightMask"},{"floor":43,"key":"Blue Candle"}],"event_choices":[{"damage_healed":0,"gold_gain":0,"player_choice":"Upgraded","damage_taken":0,"max_hp_gain":0,"max_hp_loss":0,"event_name":"Upgrade Shrine","floor":3,"gold_loss":0,"cards_upgraded":["HollowMod:FocusHealStart"]},{"damage_healed":0,"gold_gain":0,"player_choice":"Searched \u00270\u0027 times","damage_taken":0,"max_hp_gain":0,"max_hp_loss":0,"event_name":"Dead Adventurer","floor":10,"gold_loss":0},{"cards_removed":["HollowMod:PureVessel"],"damage_healed":0,"gold_gain":0,"player_choice":"Removed Power","damage_taken":0,"max_hp_gain":0,"max_hp_loss":0,"event_name":"Falling","floor":44,"gold_loss":0}],"is_beta":false,"boss_relics":[{"not_picked":["Runic Dome","Black Star"],"picked":"Calling Bell"},{"not_picked":["Pandora\u0027s Box","HollowMod:VoidIdolRelic"],"picked":"Velvet Choker"}],"items_purged_floors":[],"is_endless":false,"potions_floor_spawned":[4,5,14,18,21,29,30,33,38,46,48],"killed_by":"Donu and Deca","ascension_level":0}}