{"host":"vyjryxuuuxkt43k4","time":1610894313,"event":{"mods":["AchievementEnabler","BaseMod","Colored Map","DeckTracker","Keyboard Shortcuts","Minty Spire (QoL Compilation)","Permanent Neow","Quick Restart","StSLib","SuperFastMode","everything is the same but u backflip on backflip"],"gold_per_floor":[109,109,71,91,91,116,135,160,160,173,51,68,98,173,173,273,273,290,290,66,85,85,85,116,116,116,145,165,165,264,264,264],"floor_reached":31,"language":"KOR","playtime":1045,"items_purged":["Strike_R"],"score":474,"play_id":"b5cea126-4fa6-41cb-a9a3-d3754f0c5a9e","local_time":"20210117233833","is_ascension_mode":true,"campfire_choices":[{"data":"Demon Form","floor":15.0,"key":"SMITH"},{"data":"Barricade","floor":23.0,"key":"SMITH"},{"floor":29.0,"key":"REST"}],"circlet_count":0,"master_deck":["AscendersBane","Strike_R","Strike_R","Strike_R","Strike_R","Defend_R","Defend_R","Defend_R","Defend_R","Bash","Armaments+1","Fire Breathing","Hemokinesis","Pommel Strike","Inflame","Barricade+1","Demon Form+1","Body Slam","Shrug It Off","Berserk","Blood for Blood","Entrench+1","Heavy Blade+1","Feel No Pain","Pain","Rage+1"],"relics":["Burning Blood","NeowsBlessing","StrikeDummy","Vajra","Blood Vial","Mercury Hourglass","Pear","Cursed Key","Molten Egg 2","OrangePellets","PreservedInsect","Bag of Marbles"],"acts_visited":["Exordium","TheCity"],"potions_floor_usage":[],"damage_taken":[{"damage":0.0,"enemies":"Jaw Worm","floor":1.0,"turns":1.0},{"damage":0.0,"enemies":"Cultist","floor":4.0,"turns":1.0},{"damage":0.0,"enemies":"Gremlin Nob","floor":6.0,"turns":1.0},{"damage":2.0,"enemies":"2 Louse","floor":7.0,"turns":2.0},{"damage":39.0,"enemies":"Lagavulin","floor":8.0,"turns":4.0},{"damage":13.0,"enemies":"Exordium Thugs","floor":10.0,"turns":2.0},{"damage":9.0,"enemies":"3 Louse","floor":12.0,"turns":2.0},{"damage":17.0,"enemies":"3 Sentries","floor":13.0,"turns":5.0},{"damage":35.0,"enemies":"Hexaghost","floor":16.0,"turns":9.0},{"damage":19.0,"enemies":"Spheric Guardian","floor":18.0,"turns":4.0},{"damage":18.0,"enemies":"Shell Parasite","floor":21.0,"turns":4.0},{"damage":16.0,"enemies":"Gremlin Leader","floor":24.0,"turns":6.0},{"damage":37.0,"enemies":"Book of Stabbing","floor":27.0,"turns":4.0},{"damage":15.0,"enemies":"Centurion and Healer","floor":28.0,"turns":6.0},{"damage":38,"enemies":"Gremlin Leader","floor":31,"turns":5}],"seed_played":"-212186762406978862","potions_obtained":[{"floor":1.0,"key":"Ancient Potion"},{"floor":10.0,"key":"Ancient Potion"},{"floor":12.0,"key":"AttackPotion"},{"floor":13.0,"key":"BlessingOfTheForge"},{"floor":16.0,"key":"Strength Potion"},{"floor":18.0,"key":"Explosive Potion"},{"floor":24.0,"key":"GamblersBrew"}],"is_trial":false,"path_per_floor":["M","?","$","M","?","E","M","E","T","M","$","M","E","?","R","B",null,"M","?","$","M","$","R","E","?","T","E","M","R","?","E"],"character_chosen":"IRONCLAD","items_purchased":["Fire Breathing","Demon Form","BloodPotion","OrangePellets"],"campfire_rested":1,"item_purchase_floors":[3,11,11,20],"current_hp_per_floor":[78,78,78,80,73,79,80,47,47,42,58,57,58,47,47,20,73,62,62,62,52,52,52,44,44,44,15,8,35,35,0,0],"gold":264,"neow_bonus":"THREE_ENEMY_KILL","is_daily":false,"chose_seed":false,"campfire_upgraded":2,"win_rate":0.0,"timestamp":1610894313,"path_taken":["M","?","$","M","?","E","?","E","T","M","$","?","E","?","R","BOSS","M","?","?","M","$","R","E","?","T","E","?","R","?","E"],"items_purchased_type":["Card","Card","Potion","Relic"],"build_version":"2020-12-22","purchased_purges":1,"victory":false,"max_hp_per_floor":[80,80,80,80,80,80,80,80,80,80,80,80,90,90,90,90,90,90,90,90,90,90,90,90,90,90,90,90,90,90,90,90],"card_choices":[{"not_picked":["Flex","Warcry"],"picked":"Armaments","floor":1.0},{"not_picked":["Combust","Clash"],"picked":"Hemokinesis","floor":4.0},{"not_picked":["Intimidate","Bloodletting","Twin Strike"],"picked":"SKIP","floor":6.0},{"not_picked":["Twin Strike","Sentinel"],"picked":"Pommel Strike","floor":7.0},{"not_picked":["Spot Weakness","Havoc"],"picked":"Inflame","floor":8.0},{"not_picked":["Pommel Strike","Thunderclap"],"picked":"Barricade","floor":10.0},{"not_picked":["Sever Soul","Havoc"],"picked":"Body Slam","floor":12.0},{"not_picked":["Anger","Disarm"],"picked":"Shrug It Off","floor":13.0},{"not_picked":["Double Tap","Exhume"],"picked":"Berserk","floor":16.0},{"not_picked":["Warcry","Pummel"],"picked":"Blood for Blood","floor":18.0},{"not_picked":["Warcry","Reckless Charge+1"],"picked":"Entrench+1","floor":21.0},{"not_picked":["Iron Wave+1","Clash+1"],"picked":"Heavy Blade+1","floor":24.0},{"not_picked":["Armaments","Sword Boomerang+1","Warcry"],"picked":"SKIP","floor":27.0},{"not_picked":["Flex","Power Through"],"picked":"Rage+1","floor":28.0}],"player_experience":419348,"relics_obtained":[{"floor":6.0,"key":"Vajra"},{"floor":8.0,"key":"Blood Vial"},{"floor":9.0,"key":"Mercury Hourglass"},{"floor":13.0,"key":"Pear"},{"floor":24.0,"key":"PreservedInsect"},{"floor":27.0,"key":"Bag of Marbles"}],"event_choices":[{"damage_healed":0.0,"max_hp_gain":0.0,"max_hp_loss":0.0,"gold_gain":0.0,"event_name":"Living Wall","player_choice":"Grow","floor":2.0,"gold_loss":0.0,"damage_taken":0.0,"cards_upgraded":["Armaments"]},{"damage_healed":0.0,"max_hp_gain":0.0,"max_hp_loss":0.0,"gold_gain":0.0,"event_name":"Scrap Ooze","player_choice":"Success","floor":5.0,"gold_loss":0.0,"damage_taken":7.0,"relics_obtained":["StrikeDummy"]},{"damage_healed":0.0,"max_hp_gain":0.0,"max_hp_loss":0.0,"gold_gain":75.0,"event_name":"World of Goop","player_choice":"Gather Gold","floor":14.0,"gold_loss":0.0,"damage_taken":11.0},{"damage_healed":0.0,"max_hp_gain":0.0,"max_hp_loss":0.0,"gold_gain":0.0,"event_name":"WeMeetAgain","player_choice":"Gave Potion","floor":19.0,"gold_loss":0.0,"damage_taken":0.0,"relics_obtained":["Molten Egg 2"]},{"damage_healed":0.0,"max_hp_gain":0.0,"max_hp_loss":0.0,"gold_gain":0.0,"event_name":"The Library","player_choice":"Read","floor":25.0,"gold_loss":0.0,"damage_taken":0.0,"cards_obtained":["Feel No Pain"]},{"damage_healed":0.0,"max_hp_gain":0.0,"max_hp_loss":0.0,"gold_gain":99.0,"event_name":"Nest","player_choice":"Stole From Cult","floor":30.0,"gold_loss":0.0,"damage_taken":0.0}],"is_beta":false,"boss_relics":[{"not_picked":["Runic Dome","Velvet Choker"],"picked":"Cursed Key"}],"items_purged_floors":[20],"is_endless":false,"potions_floor_spawned":[1,10,12,13,16,18,24],"killed_by":"Gremlin Leader","ascension_level":10}}