{"host":"y89x8uui45kcjy42","time":1610891410,"event":{"mods":["2.2 Compatiblity","BaseMod","CapriCore","Colored Map","Colored Powertips","Custom Start","Friendly Minions","Keyboard Shortcuts","Minty Spire (QoL Compilation)","Relic Stats","Replay The Spire","Slay the Relics Exporter","StSLib","SuperFastMode","Uncapped"],"gold_per_floor":[116,128,128,138,148,148,148,148,175,175,207,207,207,232,232,306,306,326,193,193,108,108,133,133,167,244,244,136,136,171,2390,2390,2390,2390],"floor_reached":33,"language":"KOR","playtime":970,"items_purged":["Leap","Chaos+1"],"score":760,"play_id":"4a7980ec-a14f-4808-9873-1c4ece343961","local_time":"20210117225010","is_ascension_mode":true,"campfire_choices":[{"data":"Defragment","floor":6,"key":"SMITH"},{"data":"ReplayTheSpireMod:Calculation Training","floor":7,"key":"SMITH"},{"data":"Zap","floor":8,"key":"SMITH"},{"data":"Dualcast","floor":10,"key":"SMITH"},{"data":"Chaos","floor":12,"key":"SMITH"},{"data":"BootSequence","floor":13,"key":"SMITH"},{"data":"BasicCrystalCard","floor":15,"key":"SMITH"},{"data":"Defragment","floor":24,"key":"SMITH"},{"data":"Seek","floor":27,"key":"SMITH"},{"data":"Defragment","floor":29,"key":"SMITH"},{"floor":32,"key":"RECALL"}],"circlet_count":0,"master_deck":["Zap+1","Dualcast+1","BootSequence+1","Defragment+1","ReplayTheSpireMod:Calculation Training+1","BasicCrystalCard+1","Seek+1","Defragment+1","Glacier","Defragment","Defragment+1","Core Surge","Electrodynamics","Machine Learning"],"relics":["Cracked Core","ReplayFunnel","Bronze Scales","Omamori","Bag of Marbles","Black Star","Potion Belt","WingedGreaves","Pondfish Scales","Ancient Tea Set","Regal Pillow","Tiny Chest","Calipers","Replay:PocketPolymizer","Bottled Lightning","Replay:WaspNest","ClockworkSouvenir","Orichalcum","DataDisk","Pet Ghost","Quantum Egg","Orrery"],"acts_visited":["Exordium","TheCity"],"potions_floor_usage":[],"damage_taken":[{"damage":0,"enemies":"Jaw Worm","floor":1,"turns":3},{"damage":0,"enemies":"Cultist","floor":2,"turns":3},{"damage":1,"enemies":"2 Louse","floor":4,"turns":2},{"damage":0,"enemies":"Large Slime","floor":5,"turns":4},{"damage":13,"enemies":"Replay:BlueRogue","floor":11,"turns":5},{"damage":1,"enemies":"3 Sentries","floor":14,"turns":7},{"damage":17,"enemies":"Hexaghost","floor":16,"turns":7},{"damage":7,"enemies":"Chosen","floor":18,"turns":5},{"damage":48,"enemies":"Gremlin Leader","floor":23,"turns":6},{"damage":55,"enemies":"Slavers","floor":25,"turns":4},{"damage":0,"enemies":"Replay:Snechameleon","floor":30,"turns":6},{"damage":19,"enemies":"Collector","floor":33,"turns":2}],"seed_played":"-4670542289717227454","potions_obtained":[{"floor":1,"key":"PotionOfCapacity"},{"floor":4,"key":"Energy Potion"},{"floor":14,"key":"CultistPotion"},{"floor":18,"key":"LifebloodPotion"},{"floor":25,"key":"SteroidPotion"},{"floor":30,"key":"Regen Potion"}],"is_trial":false,"path_per_floor":["M","M","?","M","M","R","R","R","T","R","E","R","R","E","R","B",null,"M","$","?","?","$","E","R","E","T","R","$","R","E","$","R","B"],"character_chosen":"DEFECT","items_purchased":["Pondfish Scales","Defragment","Replay:WaspNest","Defragment","ClockworkSouvenir","Pet Ghost","Quantum Egg","Electrodynamics","Orrery"],"campfire_rested":0,"item_purchase_floors":[19,19,28,28,28,31,31,31,31],"current_hp_per_floor":[64,64,64,63,63,63,63,63,63,63,50,50,50,49,49,32,61,54,54,54,54,54,71,71,16,16,16,16,16,16,16,16,0,0],"gold":2390,"neow_bonus":"TRANSFORM_CARD","is_daily":false,"chose_seed":false,"campfire_upgraded":10,"win_rate":0.0,"timestamp":1610891410,"path_taken":["M","M","?","M","?","R","R","R","T","R","E","R","R","E","R","BOSS","M","$","?","?","$","E","R","E","T","R","$","R","E","?","R","BOSS"],"items_purchased_type":["Relic","Card","Relic","Card","Relic","Relic","Relic","Card","Relic"],"build_version":"2020-12-22","purchased_purges":2,"victory":false,"max_hp_per_floor":[71,71,71,71,71,71,71,71,71,71,71,71,71,71,71,71,71,71,71,71,71,71,71,71,71,71,71,71,71,71,71,71,71,71],"relic_stats":{"Regal Pillow":0,"counters":[12,54],"Bronze Scales":[163],"Tiny Chest":0,"Black Star":3,"Orichalcum":[0],"obtain_stats":[{"ReplayFunnel":3,"Potion Belt":18,"Regal Pillow":23,"Calipers":25,"Replay:PocketPolymizer":25,"Quantum Egg":31,"Replay:WaspNest":28,"Omamori":11,"Orichalcum":30,"Ancient Tea Set":21,"Pet Ghost":31,"ClockworkSouvenir":28,"Pondfish Scales":19,"DataDisk":30,"Bronze Scales":9,"Orrery":31,"Tiny Chest":23,"WingedGreaves":6,"Bag of Marbles":14,"Black Star":17,"Bottled Lightning":26,"Cracked Core":0},{"ReplayFunnel":2,"Potion Belt":8,"Regal Pillow":9,"Calipers":10,"Replay:PocketPolymizer":10,"Quantum Egg":11,"Replay:WaspNest":10,"Omamori":5,"Orichalcum":11,"Ancient Tea Set":8,"Pet Ghost":11,"ClockworkSouvenir":10,"Pondfish Scales":8,"DataDisk":11,"Bronze Scales":4,"Orrery":11,"Tiny Chest":9,"WingedGreaves":4,"Bag of Marbles":6,"Black Star":7,"Bottled Lightning":10,"Cracked Core":0},{"ReplayFunnel":6,"Potion Belt":36,"Regal Pillow":42,"Calipers":46,"Replay:PocketPolymizer":46,"Quantum Egg":52,"Replay:WaspNest":46,"Omamori":17,"Orichalcum":52,"Ancient Tea Set":36,"Pet Ghost":52,"ClockworkSouvenir":46,"Pondfish Scales":36,"DataDisk":52,"Bronze Scales":12,"Orrery":52,"Tiny Chest":42,"WingedGreaves":12,"Bag of Marbles":24,"Black Star":31,"Bottled Lightning":46,"Cracked Core":0}]},"card_choices":[{"not_picked":["Self Repair","Hello World"],"picked":"Defragment","floor":1},{"not_picked":["Force Field","Gash"],"picked":"ReplayTheSpireMod:Calculation Training","floor":2},{"not_picked":["Panic Button","Conserve Battery","ReplaySort"],"picked":"SKIP","floor":4},{"not_picked":["Scrape","Gash"],"picked":"Leap","floor":5},{"not_picked":["Skim","Cold Snap"],"picked":"Chaos","floor":11},{"not_picked":["Meteor Strike","Compile Driver"],"picked":"BasicCrystalCard","floor":14},{"not_picked":["ReplayTheSpireMod:Omega Cannon","Fission"],"picked":"Seek","floor":16},{"not_picked":["Redo","Ball Lightning","Blizzard"],"picked":"SKIP","floor":18},{"not_picked":["Capacitor","ReplayTheSpireMod:Omega Cannon","Chill"],"picked":"SKIP","floor":23},{"not_picked":["Meteor Strike","Barrage+1"],"picked":"ReplayTheSpireMod:Reroute Power","floor":25},{"not_picked":["Barrage","Coolheaded"],"picked":"Core Surge","floor":30},{"not_picked":["ReplayTheSpireMod:GoodbyeWorld","Panic Button"],"picked":"Machine Learning","floor":31}],"player_experience":621824,"relics_obtained":[{"floor":9,"key":"Bronze Scales"},{"floor":11,"key":"Omamori"},{"floor":14,"key":"Bag of Marbles"},{"floor":23,"key":"Regal Pillow"},{"floor":23,"key":"Tiny Chest"},{"floor":25,"key":"Calipers"},{"floor":25,"key":"Replay:PocketPolymizer"},{"floor":26,"key":"Bottled Lightning"},{"floor":30,"key":"Orichalcum"},{"floor":30,"key":"DataDisk"}],"event_choices":[{"damage_healed":0,"gold_gain":0,"player_choice":"Gave Potion","damage_taken":0,"relics_obtained":["ReplayFunnel"],"max_hp_gain":0,"max_hp_loss":0,"event_name":"WeMeetAgain","floor":3,"gold_loss":0},{"damage_healed":0,"gold_gain":0,"player_choice":"Simplicity","damage_taken":0,"max_hp_gain":0,"max_hp_loss":0,"event_name":"Back to Basics","floor":20,"gold_loss":0,"cards_upgraded":[]},{"damage_healed":0,"gold_gain":0,"player_choice":"Obtained Relic","damage_taken":0,"relics_obtained":["Ancient Tea Set"],"max_hp_gain":0,"max_hp_loss":0,"event_name":"Addict","floor":21,"gold_loss":85}],"is_beta":false,"boss_relics":[{"not_picked":["Astrolabe","Calling Bell"],"picked":"Black Star"}],"items_purged_floors":[19,31],"is_endless":false,"potions_floor_spawned":[1,4,14,18,25,30],"killed_by":"Collector","ascension_level":20}}