{"host":"Jedit","time":1610903618,"event":{"mods":["BaseMod","Downfall","Minty Spire (QoL Compilation)","Relic Stats","StSLib"],"gold_per_floor":[113,73,92,92,107,136,136,150,150,176,29,29,29,62,62,157,157,168,168,25,25,25,25,52,52,76,1,1,1,36,36,36,137,137,154,154,154,154,1,35,35,52,52,52,62,62,77,92,92,92,92],"floor_reached":50,"language":"ENG","playtime":2230,"items_purged":["bronze:Strike","bronze:Repulsor"],"score":570,"play_id":"d69d7db4-1a42-47fc-bf27-ea55fcf88dff","local_time":"20210117171338","is_ascension_mode":false,"campfire_choices":[{"data":"bronze:FineTuning","floor":7,"key":"SMITH"},{"floor":13,"key":"REST"},{"data":"bronze:GetLatest","floor":15,"key":"SMITH"},{"data":"bronze:Mutator","floor":23,"key":"SMITH"},{"floor":25,"key":"REST"},{"data":"bronze:Optimize","floor":28,"key":"SMITH"},{"floor":32,"key":"REST"},{"floor":41,"key":"REST"},{"floor":44,"key":"RECALL"},{"data":"bronze:CloningBeam","floor":49,"key":"SMITH"}],"circlet_count":0,"master_deck":["bronze:Replicate","bronze:Goto","bronze:OilSpill","bronze:WhirlingStrike","bronze:Overload","bronze:FineTuning+1","bronze:BronzeOrb","bronze:GetLatest+1","bronze:Verify","bronze:Mutator+1","bronze:FollowUp","bronze:ChosenStrike","bronze:Allocate","bronze:Optimize+1","bronze:Fortify","bronze:DelayedSlice","bronze:Fortify+1","bronze:DelayedSlice","Necronomicurse","bronze:Shield","bronze:Turbo","bronze:CloningBeam+1","bronze:Philosophize+1","bronze:FineTuning+1","bronze:Frontload+1","bronze:Branch+1"],"relics":["bronze:BronzeCore","NeowsBlessing","PreservedInsect","Ornamental Fan","Juzu Bracelet","Pandora\u0027s Box","Oddly Smooth Stone","Calipers","Regal Pillow","Lantern","Necronomicon","sneckomod:SneckoTalon","Centennial Puzzle","Letter Opener"],"acts_visited":["Exordium","TheCity","TheBeyond"],"potions_floor_usage":[6,8,16,24,30,45,50,50],"damage_taken":[{"damage":0,"enemies":"Jaw Worm","floor":1,"turns":1},{"damage":0,"enemies":"Cultist","floor":3,"turns":1},{"damage":0,"enemies":"Small Slimes","floor":5,"turns":1},{"damage":16,"enemies":"Lagavulin","floor":6,"turns":4},{"damage":9,"enemies":"Exordium Thugs","floor":8,"turns":3},{"damage":5,"enemies":"3 Sentries","floor":10,"turns":4},{"damage":0,"enemies":"Gremlin Nob","floor":14,"turns":2},{"damage":24,"enemies":"The Guardian","floor":16,"turns":9},{"damage":10,"enemies":"Chosen","floor":18,"turns":3},{"damage":35,"enemies":"Book of Stabbing","floor":24,"turns":4},{"damage":36,"enemies":"Gremlin Leader","floor":30,"turns":5},{"damage":67,"enemies":"Collector","floor":33,"turns":8},{"damage":69,"enemies":"3 Darklings","floor":35,"turns":5},{"damage":52,"enemies":"Reptomancer","floor":40,"turns":7},{"damage":24,"enemies":"Orb Walker","floor":42,"turns":3},{"damage":29,"enemies":"Jaw Worm Horde","floor":45,"turns":3},{"damage":0,"enemies":"3 Darklings","floor":47,"turns":3},{"damage":6,"enemies":"Transient","floor":48,"turns":5},{"damage":75,"enemies":"Time Eater","floor":50,"turns":9}],"seed_played":"-3593706881691030715","potions_obtained":[{"floor":2,"key":"ColorlessPotion"},{"floor":2,"key":"Fruit Juice"},{"floor":2,"key":"Guardian:BlockOnCardUsePotion"},{"floor":8,"key":"Swift Potion"},{"floor":14,"key":"bronze:FreeFunctionsPotion"},{"floor":19,"key":"Slimebound:ThreeZeroPotion"},{"floor":33,"key":"SteroidPotion"},{"floor":35,"key":"Fruit Juice"},{"floor":42,"key":"Guardian:BlockOnCardUsePotion"},{"floor":47,"key":"SteroidPotion"}],"is_trial":false,"path_per_floor":["M","?","M","?","M","E","R","M","T","E","$","?","R","E","R","B",null,"M","?","$","?","?","R","E","R","T","$","R","?","E","?","R","B",null,"M","?","?","?","$","E","R","M","T","R","M","?","M","M","R","B"],"character_chosen":"THE_AUTOMATON","items_purchased":["bronze:GetLatest","Oddly Smooth Stone","bronze:Repulsor","bronze:Turbo"],"campfire_rested":4,"item_purchase_floors":[11,20,27,39],"current_hp_per_floor":[70,70,70,56,56,40,40,31,31,26,26,19,40,40,40,16,70,60,60,60,60,60,60,30,52,52,52,52,85,49,33,73,6,85,16,74,74,74,74,22,59,35,35,35,11,89,89,83,83,8,8],"gold":92,"neow_bonus":"THREE_ENEMY_KILL","is_daily":false,"chose_seed":false,"campfire_upgraded":5,"win_rate":0.0,"timestamp":1610903618,"path_taken":["M","?","?","?","M","E","R","M","T","E","$","?","R","E","R","BOSS","M","?","$","?","?","R","E","R","T","$","R","?","E","?","R","BOSS","M","?","?","?","$","E","R","M","T","R","M","?","M","M","R","BOSS"],"items_purchased_type":["Card","Relic","Card","Card"],"build_version":"2020-12-18","purchased_purges":2,"victory":false,"max_hp_per_floor":[70,70,70,70,70,70,70,70,70,70,70,70,70,70,70,70,70,70,70,70,70,70,70,75,75,75,75,75,85,85,85,85,85,85,85,74,74,74,74,74,74,74,74,74,79,89,89,89,89,89,89],"relic_stats":{"Regal Pillow":30,"Centennial Puzzle":[12],"counters":[19,80],"Ornamental Fan":[172],"Pandora\u0027s Box":["bronze:FollowUp","bronze:AlphaBuild","bronze:ChosenStrike","bronze:Allocate","bronze:Optimize","bronze:Fortify"],"PreservedInsect":198,"Juzu Bracelet":3,"Necronomicon":[17],"Letter Opener":[50],"obtain_stats":[{"Regal Pillow":26,"Lantern":30,"bronze:BronzeCore":0,"Calipers":24,"NeowsBlessing":0,"Oddly Smooth Stone":20,"PreservedInsect":6,"Juzu Bracelet":14,"Letter Opener":43,"sneckomod:SneckoTalon":34,"Centennial Puzzle":40,"Ornamental Fan":10,"Pandora\u0027s Box":17,"Necronomicon":31},{"Regal Pillow":10,"Lantern":11,"bronze:BronzeCore":0,"Calipers":10,"NeowsBlessing":0,"Oddly Smooth Stone":9,"PreservedInsect":4,"Juzu Bracelet":7,"Letter Opener":15,"sneckomod:SneckoTalon":12,"Centennial Puzzle":14,"Ornamental Fan":6,"Pandora\u0027s Box":8,"Necronomicon":11},{"Regal Pillow":32,"Lantern":37,"bronze:BronzeCore":0,"Calipers":32,"NeowsBlessing":0,"Oddly Smooth Stone":28,"PreservedInsect":7,"Juzu Bracelet":16,"Letter Opener":60,"sneckomod:SneckoTalon":45,"Centennial Puzzle":57,"Ornamental Fan":14,"Pandora\u0027s Box":25,"Necronomicon":37}]},"card_choices":[{"not_picked":["bronze:Iterate","bronze:BronzeArmor"],"picked":"bronze:OilSpill","floor":1},{"not_picked":["bronze:Repair","bronze:Invalidate"],"picked":"bronze:WhirlingStrike","floor":3},{"not_picked":["bronze:WhirlingStrike","bronze:Invalidate"],"picked":"bronze:Overload","floor":5},{"not_picked":["bronze:Frontload","bronze:Shield"],"picked":"bronze:FineTuning","floor":6},{"not_picked":["bronze:Branch","bronze:Deprecate"],"picked":"bronze:BronzeOrb","floor":8},{"not_picked":["bronze:Turbo","bronze:ItsAFeature"],"picked":"bronze:OilSpill","floor":10},{"not_picked":["bronze:BronzeArmor","bronze:MaxOutput"],"picked":"bronze:Verify","floor":14},{"not_picked":["bronze:Virus","bronze:RecursiveStrike"],"picked":"bronze:Mutator","floor":16},{"not_picked":["bronze:BugBarrage","bronze:Shell"],"picked":"bronze:DelayedSlice","floor":18},{"not_picked":["bronze:BuggyMess","bronze:Flail"],"picked":"bronze:Fortify+1","floor":24},{"not_picked":["bronze:DelayedGuard","bronze:FineTuning"],"picked":"bronze:DelayedSlice","floor":30},{"not_picked":["bronze:RecursiveStrike","bronze:Mutator"],"picked":"bronze:Verify","floor":33},{"not_picked":["bronze:Overheat","bronze:BuggyMess"],"picked":"bronze:Shield","floor":35},{"not_picked":["bronze:DelayedGuard","bronze:BugBarrage"],"picked":"bronze:CloningBeam","floor":40},{"not_picked":["bronze:BugBarrage+1","bronze:Overheat"],"picked":"bronze:Philosophize+1","floor":42},{"not_picked":["bronze:Repulsor+1","bronze:MaxOutput"],"picked":"bronze:FineTuning+1","floor":45},{"not_picked":["bronze:Turbo","bronze:ForceShield"],"picked":"bronze:Frontload+1","floor":47},{"not_picked":["bronze:Invalidate+1","bronze:BugBarrage"],"picked":"bronze:Branch+1","floor":48}],"player_experience":3660185,"relics_obtained":[{"floor":6,"key":"PreservedInsect"},{"floor":10,"key":"Ornamental Fan"},{"floor":14,"key":"Juzu Bracelet"},{"floor":24,"key":"Calipers"},{"floor":26,"key":"Regal Pillow"},{"floor":30,"key":"Lantern"},{"floor":31,"key":"Necronomicon"},{"floor":40,"key":"Centennial Puzzle"},{"floor":43,"key":"Letter Opener"}],"event_choices":[{"damage_healed":0,"gold_gain":0,"player_choice":"Bought 3 Potions","damage_taken":0,"max_hp_gain":0,"max_hp_loss":0,"event_name":"The Woman in Blue","floor":2,"gold_loss":0},{"damage_healed":0,"gold_gain":0,"player_choice":"Entered Light","damage_taken":14,"max_hp_gain":0,"max_hp_loss":0,"event_name":"Shining Light","floor":4,"gold_loss":0,"cards_upgraded":["bronze:Defend","bronze:Strike"]},{"cards_removed":["bronze:Strike"],"damage_healed":0,"gold_gain":0,"player_choice":"Card Removal","damage_taken":7,"max_hp_gain":0,"max_hp_loss":0,"event_name":"Golden Wing","floor":12,"gold_loss":0},{"damage_healed":0,"gold_gain":0,"player_choice":"Got Potions","damage_taken":0,"max_hp_gain":0,"max_hp_loss":0,"event_name":"Lab","floor":19,"gold_loss":0},{"damage_healed":0,"gold_gain":0,"player_choice":"Ignored","damage_taken":0,"max_hp_gain":0,"max_hp_loss":0,"event_name":"Ghosts","floor":21,"gold_loss":0},{"cards_removed":["bronze:AlphaBuild"],"damage_healed":23,"gold_gain":0,"player_choice":"Offered Rare","damage_taken":0,"max_hp_gain":10,"max_hp_loss":0,"event_name":"Bonfire Elementals","floor":29,"gold_loss":0},{"damage_healed":0,"gold_gain":0,"player_choice":"Obtained Book","damage_taken":16,"max_hp_gain":0,"max_hp_loss":0,"event_name":"Cursed Tome","floor":31,"gold_loss":0},{"damage_healed":74,"gold_gain":0,"player_choice":"Heal","damage_taken":0,"max_hp_gain":0,"max_hp_loss":11,"event_name":"The Moai Head","floor":36,"gold_loss":0},{"cards_removed":["bronze:OilSpill"],"damage_healed":0,"gold_gain":0,"player_choice":"Removed Attack","damage_taken":0,"max_hp_gain":0,"max_hp_loss":0,"event_name":"Falling","floor":37,"gold_loss":0},{"damage_healed":0,"gold_gain":0,"player_choice":"Ignored","damage_taken":0,"max_hp_gain":0,"max_hp_loss":0,"event_name":"Mysterious Sphere","floor":38,"gold_loss":0}],"is_beta":true,"boss_relics":[{"not_picked":["Runic Pyramid","Snecko Eye"],"picked":"Pandora\u0027s Box"},{"not_picked":["Fusion Hammer","Coffee Dripper"],"picked":"sneckomod:SneckoTalon"}],"items_purged_floors":[11,39],"is_endless":false,"potions_floor_spawned":[3,5,8,14,33,35,42,47],"killed_by":"Time Eater","ascension_level":0}}