{"host":"ldsuendt1u5dwthu","time":1610863452,"event":{"mods":["Act Like it!","Arknights The Spire","BaseMod","Hallownest","Minty Spire (QoL Compilation)","Shop Mod","StSLib","The Animator","The Bug Knight"],"gold_per_floor":[116,116,291,291,132,132,132],"floor_reached":6,"language":"ZHS","playtime":229,"items_purged":["Regret"],"score":32,"play_id":"38c6ff11-8896-4f74-9174-3cf77e56a28d","local_time":"20210117140412","is_ascension_mode":false,"campfire_choices":[],"circlet_count":0,"master_deck":["ats:Strike C","ats:Strike G","ats:Strike S","ats:Armor Crushing Shot","ats:Defend","ats:Defend","ats:Defend","ats:Defend","ats:Emotion Absorption","ats:Consecutive Shot Auto","ats:Revitalization","Doubt","Forethought"],"relics":["ats:Sanity","Eternal Feather","ats:Gyao"],"acts_visited":["Exordium"],"potions_floor_usage":[],"damage_taken":[{"damage":1.0,"enemies":"Jaw Worm","floor":1.0,"turns":5.0},{"damage":78,"enemies":"Gremlin Nob","floor":6,"turns":5}],"seed_played":"-3687183346603263394","potions_obtained":[{"floor":1.0,"key":"ats:Emergency Sanity Potion"}],"is_trial":false,"path_per_floor":["M","?","?","?","$","E"],"character_chosen":"DOCTOR_CLASS","items_purchased":["Forethought"],"campfire_rested":0,"item_purchase_floors":[5],"current_hp_per_floor":[71,46,46,46,46,0,0],"gold":132,"neow_bonus":"TRANSFORM_CARD","is_daily":false,"chose_seed":false,"campfire_upgraded":0,"win_rate":0.0,"timestamp":1610863452,"path_taken":["M","?","?","?","$","E"],"items_purchased_type":["Card"],"build_version":"2020-12-22","purchased_purges":1,"victory":false,"max_hp_per_floor":[72,72,72,72,72,72,72],"card_choices":[{"not_picked":["ats:Curse Doll","ats:Cat Scratch"],"picked":"ats:Revitalization","floor":1.0}],"player_experience":149670,"relics_obtained":[],"event_choices":[{"damage_healed":0.0,"max_hp_gain":0.0,"max_hp_loss":0.0,"gold_gain":0.0,"event_name":"Scrap Ooze","player_choice":"Success","floor":2.0,"gold_loss":0.0,"damage_taken":25.0,"relics_obtained":["Eternal Feather"]},{"damage_healed":0.0,"max_hp_gain":0.0,"max_hp_loss":0.0,"gold_gain":175.0,"event_name":"Liars Game","player_choice":"AGREE","floor":3.0,"gold_loss":0.0,"damage_taken":0.0,"cards_obtained":["Doubt"]},{"damage_healed":0.0,"max_hp_gain":0.0,"max_hp_loss":0.0,"gold_gain":0.0,"event_name":"Big Fish","player_choice":"Box","floor":4.0,"gold_loss":0.0,"damage_taken":0.0,"relics_obtained":["ats:Gyao"],"cards_obtained":["Regret"]}],"is_beta":false,"boss_relics":[],"items_purged_floors":[5],"is_endless":false,"potions_floor_spawned":[1],"killed_by":"Gremlin Nob","ascension_level":0}}