{"host":"r9v0g0iwbsx9dzwu","time":1610874859,"event":{"mods":["ATMod(阿瑾Mod)","Aspiration","BaseMod","Minty Spire (QoL Compilation)","MostiFishMod","Replay The Spire","RumiaBox-露米娅的神秘盒子","StSLib","TestMod","[IsaacMod]以撒尖塔","vexMod","【功能Mod】聪明的最终Boss","【遗物卡牌】REMEMod"],"gold_per_floor":[118,118,129,147,147,172,182,208,208,243,243,643,656,687,687,762,762,776,789,330,344,372,405,408,408],"floor_reached":24,"language":"ZHS","playtime":749,"items_purged":["Strike_B"],"score":967,"play_id":"7b9e01b1-7562-4f8f-bdc2-b54d6b556948","local_time":"20210117171419","is_ascension_mode":true,"campfire_choices":[{"data":"Defragment","floor":11,"key":"SMITH"},{"data":"Coolheaded","floor":15,"key":"SMITH"}],"circlet_count":0,"master_deck":["AscendersBane","Strike_B","Strike_B","Strike_B","Defend_B","Defend_B","Defend_B","Zap","Dualcast","Pride","testmod-Lust","testmod-Wrath","testmod-Sloth","testmod-Envy","testmod-Greed","testmod-Gluttony","testmod-Gluttony","AT_FamilyPortrait","Streamline","Coolheaded+1","Defragment+1","Dramatic Entrance","Seek","Defragment+1","AT_ThreeBodyProblem+1","Defragment+1"],"relics":["Cracked Core","DaveBox","testmod-TestBox","HushsDoor","REME_ComplimentaryCards","SatanicBible","testmod-SevenDeadlySins","Du-Vu Doll","Darkstone Periapt","Blue Candle","PatriotShield","NeowsBlessing","Baka2","aspiration:BabyByrd","testmod-CyclicPeriapt","AT_SpeedBoots","REME_HourglassOfDeath","Boot","Regal Pillow","testmod-TimeTraveler","ChewingGum","AT_LudenTempest","Red Mask","testmod-Acrobat"],"acts_visited":["Exordium","TheCity"],"potions_floor_usage":[16],"damage_taken":[{"damage":0,"enemies":"2 Louse","floor":1,"turns":1},{"damage":0,"enemies":"Cultist","floor":3,"turns":1},{"damage":0,"enemies":"Small Slimes","floor":4,"turns":1},{"damage":0,"enemies":"Gremlin Nob","floor":6,"turns":1},{"damage":0,"enemies":"Looter","floor":7,"turns":2},{"damage":0,"enemies":"3 Sentries","floor":8,"turns":1},{"damage":0,"enemies":"Lagavulin","floor":10,"turns":5},{"damage":0,"enemies":"Large Slime","floor":13,"turns":1},{"damage":0,"enemies":"3 Sentries","floor":14,"turns":1},{"damage":2,"enemies":"Hexaghost","floor":16,"turns":11},{"damage":5,"enemies":"Spheric Guardian","floor":18,"turns":1},{"damage":1,"enemies":"3 Byrds","floor":19,"turns":2},{"damage":0,"enemies":"Centurion and Healer","floor":21,"turns":2},{"damage":6,"enemies":"Masked Bandits","floor":22,"turns":2},{"damage":2,"enemies":"REME_1_Revenger","floor":23,"turns":2},{"damage":0,"enemies":"Snake Plant","floor":24,"turns":1}],"seed_played":"-6033785359131885003","potions_obtained":[{"floor":4,"key":"Elixir"},{"floor":6,"key":"Dexterity Potion"},{"floor":16,"key":"FearPotion"},{"floor":18,"key":"LiquidBronze"},{"floor":21,"key":"GamblersBrew"}],"is_trial":false,"path_per_floor":["M","?","M","M","?","E","M","E","T","E","R","?","M","E","R","B",null,"M","M","$","M","?","E","M"],"character_chosen":"DEFECT","items_purchased":["AT_LudenTempest","Defragment+1"],"campfire_rested":0,"item_purchase_floors":[20,20],"current_hp_per_floor":[112,112,112,112,112,112,112,112,112,112,112,112,112,112,112,110,117,112,111,111,111,105,103,0,0],"gold":408,"neow_bonus":"THREE_ENEMY_KILL","is_daily":false,"chose_seed":false,"campfire_upgraded":2,"win_rate":0.0,"timestamp":1610874859,"path_taken":["M","?","?","M","?","E","M","E","T","E","R","?","?","E","R","BOSS","M","M","$","M","?","E","M"],"items_purchased_type":["Relic","Card"],"build_version":"2020-12-22","purchased_purges":1,"victory":false,"max_hp_per_floor":[119,119,119,119,119,119,119,119,119,119,119,119,119,119,119,119,119,119,119,119,119,119,119,119,119],"card_choices":[{"not_picked":[],"picked":"SuicideKing","floor":0},{"not_picked":["AT_ThunderBolt","Scrape"],"picked":"Streamline","floor":1},{"not_picked":["ReplayTheSpireMod:Reroute Power","White Noise"],"picked":"Bomb","floor":3},{"not_picked":["Steam","AT_DarkMatter"],"picked":"Coolheaded","floor":4},{"not_picked":["Capacitor","Coolheaded"],"picked":"Defragment","floor":6},{"not_picked":["Panic Button","Stack","Time Bomb"],"picked":"SKIP","floor":7},{"not_picked":["AT_EMC2","FTL","Blizzard"],"picked":"SKIP","floor":8},{"not_picked":["AT_StudyProgram","Steam","Compile Driver"],"picked":"SKIP","floor":10},{"not_picked":["Consume","MostiFishMod:DeathFromBelow","MostiFishMod:LinkProtocol"],"picked":"SKIP","floor":13},{"not_picked":["BasicCrystalCard","Genetic Algorithm"],"picked":"Seek","floor":14},{"not_picked":["Sweeping Beam+1","Go for the Eyes"],"picked":"AT_ThreeBodyProblem+1","floor":18},{"not_picked":["Redo","Cold Snap","Genetic Algorithm"],"picked":"SKIP","floor":19},{"not_picked":["MostiFishMod:FluxCapactior","Cold Snap","MostiFishMod:PushDownKick"],"picked":"SKIP","floor":21},{"not_picked":["Redo","Rebound","Fan+1"],"picked":"SKIP","floor":23},{"not_picked":["Redo","Rebound","Fan+1"],"picked":"SKIP","floor":23}],"player_experience":27528,"relics_obtained":[{"floor":1,"key":"Baka"},{"floor":3,"key":"Baka2"},{"floor":6,"key":"testmod-CyclicPeriapt"},{"floor":8,"key":"AT_SpeedBoots"},{"floor":9,"key":"REME_HourglassOfDeath"},{"floor":10,"key":"Boot"},{"floor":14,"key":"Regal Pillow"},{"floor":22,"key":"Red Mask"},{"floor":23,"key":"testmod-Acrobat"}],"event_choices":[{"damage_healed":0,"gold_gain":400,"player_choice":"Sell","damage_taken":0,"max_hp_gain":0,"max_hp_loss":0,"event_name":"恩洛斯的盘子","floor":12,"relics_lost":["AT_ATBox"],"gold_loss":0},{"damage_healed":0,"gold_gain":0,"player_choice":"Fought Bandits","damage_taken":0,"max_hp_gain":0,"max_hp_loss":0,"event_name":"Masked Bandits","floor":22,"gold_loss":0}],"is_beta":false,"boss_relics":[{"not_picked":["REME_LowDesire","RhineCircuit"],"picked":"ChewingGum"},{"not_picked":[]}],"items_purged_floors":[20],"is_endless":false,"potions_floor_spawned":[4,6,7,10,16,18,21,22],"killed_by":"Snake Plant","ascension_level":20}}