{"host":"2ulm0pyp8jok7fk5","time":1610888615,"event":{"mods":["100% Spire Juice","Act Like it!","Arknights The Spire","BaseMod","Decade(Õı–°√˜)","Gensokyo","KinomotoSakuraMod(ƒæ÷Æ±æ”£)","Koishi","Lobotomy","LobotomyExtend","Marisa£®ÏF”Í°°ƒß¿Ì…≥£©","Minty Spire (QoL Compilation)","Reimu£®≤©¿ˆ¡È√Œ£©","Replay The Spire","SIMod","Shop Mod","Spicy Shops","StSLib","The Hierophant","The Servant 0.9.4","Waifu the Spire","vexMod","°æ“≈ŒÔø®≈∆°øREMEMod"],"gold_per_floor":[114,114,68,68,81,81,81],"floor_reached":6,"language":"ZHS","playtime":354,"items_purged":[],"score":36,"play_id":"3be380fb-ae77-43e5-9152-830777bd1fad","local_time":"20210117210335","is_ascension_mode":false,"campfire_choices":[],"circlet_count":0,"master_deck":["Decade_Attack","Decade_Attack","Decade_Attack","Decade_Attack","KamenRide","Decade_SpecialSkill","Decade_Defend","Decade_Defend","Decade_Defend","Decade_Defend","Kuuga_GouramAttack","PunishingBird","UnarmedAttack7","UnarmedAttack1","UnarmedAttack3"],"relics":["Decadriver","TOEIDeficitBill","REME_ComplimentaryCards","CogitoBucket","LetterFromLob"],"acts_visited":["Exordium"],"potions_floor_usage":[2],"damage_taken":[{"damage":0,"enemies":"Small Slimes","floor":1,"turns":4},{"damage":1,"enemies":"Cultist","floor":4,"turns":2},{"damage":2,"enemies":"2 Louse","floor":5,"turns":3},{"damage":100,"enemies":"Gremlin Nob","floor":6,"turns":1}],"seed_played":"-8944770529221950285","potions_obtained":[{"floor":1,"key":"Fire Potion"},{"floor":2,"key":"Energy Potion"},{"floor":2,"key":"Fruit Juice"},{"floor":5,"key":"Adrenaline Potion"}],"is_trial":false,"path_per_floor":["M","?","$","M","M","E"],"character_chosen":"Decade","items_purchased":["UnarmedAttack7"],"campfire_rested":0,"item_purchase_floors":[3],"current_hp_per_floor":[70,75,75,75,75,0,0],"gold":81,"neow_bonus":"","is_daily":false,"chose_seed":false,"campfire_upgraded":0,"win_rate":0.0,"timestamp":1610888615,"path_taken":["M","?","$","M","?","E"],"items_purchased_type":["Card"],"build_version":"2020-12-22","purchased_purges":0,"victory":false,"max_hp_per_floor":[70,75,75,75,75,75,75],"card_choices":[{"not_picked":["FormRideFlame","Blade_Mach"],"picked":"Kuuga_GouramAttack","floor":1},{"not_picked":["Scorched","SpiderBud"],"picked":"PunishingBird","floor":1},{"not_picked":["Decade_Dash2","Decade_Defend2","FormRideDogga"],"picked":"SKIP","floor":1},{"not_picked":["Decade_Dash2","Decade_Defend2","FormRideDogga"],"picked":"SKIP","floor":1},{"not_picked":["Decade_Dash2","Decade_Defend2","FormRideDogga"],"picked":"SKIP","floor":1},{"not_picked":["KamenRideDecade","FormRideStorm"],"picked":"UnarmedAttack1","floor":4},{"not_picked":["Decade_Dash2","Hibiki_FEVER"],"picked":"UnarmedAttack3","floor":5},{"not_picked":["FormRideFlame","KamenRideKabuto","RideBooker_Skill_3"],"picked":"SKIP","floor":5},{"not_picked":["FormRideFlame","KamenRideKabuto","RideBooker_Skill_3"],"picked":"SKIP","floor":5}],"player_experience":95348,"relics_obtained":[{"floor":1,"key":"LetterFromLob"}],"event_choices":[{"damage_healed":0,"gold_gain":0,"player_choice":"Got Potions","damage_taken":0,"max_hp_gain":0,"max_hp_loss":0,"event_name":"Lab","floor":2,"gold_loss":0}],"is_beta":false,"boss_relics":[],"items_purged_floors":[],"is_endless":false,"potions_floor_spawned":[1,5],"killed_by":"Gremlin Nob","ascension_level":0}}