{"host":"ekyl8r8j8fco3zlk","time":1610910713,"event":{"mods":["ATMod(∞¢Ë™Mod)","Act Like it!","Arknights The Spire","BaseMod","CapriCore","Decade(Õı–°√˜)","Friendly Minions","Gensokyo","Lobotomy","LobotomyExtend","Marisa£®ÏF”Í°°ƒß¿Ì…≥£©","Minty Spire (QoL Compilation)","READ ME - Guardian Mod","Rare Cards Sparkle","Reimu£®≤©¿ˆ¡È√Œ£©","StSLib","The Alterego","The Immortal","The Jungle","Waifu the Spire","WarShipGirlsR/’ΩΩ¢…Ÿ≈ÆR mod","°æ“≈ŒÔø®≈∆°øREMEMod"],"gold_per_floor":[117,134,234,251,17,17,52,52,52,62,72,72,98,110,122,235,247,279,307,234,246,275,287,312,343,401,413,425,437,449,471,483,593,605,637,217,227,227,246,246,279,279,328,378,378,408,408,426,426,426,426],"floor_reached":52,"language":"ZHS","playtime":2009,"items_purged":["alterego_mod:SakuraPetals"],"score":920,"play_id":"9f38f04c-80e6-4f78-aad2-8bfd185f14fc","local_time":"20210118031153","is_ascension_mode":false,"campfire_choices":[{"data":"ats:Flexible Camouflage","floor":6.0,"key":"SMITH"},{"data":"ats:Fractured Body","floor":8.0,"key":"SMITH"},{"data":"AT_TearsDenial","floor":12.0,"key":"SMITH"},{"data":"ats:Part Time Job","floor":15.0,"key":"SMITH"},{"data":"ats:Neurotoxin","floor":23.0,"key":"SMITH"},{"data":"ats:Magnetic Hammer","floor":27.0,"key":"SMITH"},{"data":"ats:Calcification","floor":30.0,"key":"SMITH"},{"floor":32.0,"key":"REST"},{"data":"ats:Powerful Strike","floor":40.0,"key":"SMITH"},{"data":"ats:Shadow Assault","floor":42.0,"key":"SMITH"},{"data":"ats:Explosion Area Strengthen","floor":45.0,"key":"SMITH"},{"floor":49,"key":"REST"}],"circlet_count":0,"master_deck":["ats:Strike C","ats:Strike G","ats:Strike S","ats:Strike V","ats:Armor Crushing Shot","ats:Defend","ats:Defend","ats:Defend","ats:Defend","ats:Emotion Absorption","ats:Fractured Body+1","AT_TearsDenial+1","ats:Explosion Area Strengthen+1","ats:Magnetic Hammer+1","ats:Flexible Camouflage+1","ats:Song Of Battle","ats:Neurotoxin+1","ats:Powerful Strike+1","ats:Part Time Job+1","ats:Calcification+1","ats:Consecutive Shot Auto+1","ats:Beaten Up+1","ats:Childhood Dance+1","ats:Assault Order","ats:Charging Defense+1","ats:Revitalization+1","ats:Shadow Assault+1","ats:Cat Scratch+1","ats:Spore Proliferation+1"],"relics":["ats:Sanity","AT_ATBox","REME_ComplimentaryCards","LetterFromLob","AT_BellDemon","ats:Originium","ats:Emergency Defibrillator","AT_RabadonDeathcap","ats:Hidden Killer","Toy Ornithopter","PreservedInsect","MawBank","AT_TrinityForce","AT_Kusabimaru","ats:Lavender","REME_PuzzleBoxRelic","Vajra","Centennial Puzzle","SacredBark","Sundial","AT_ForceNature","AT_SpeedBoots","PureWhite:ReiMu","ats:Ability Aura"],"acts_visited":["Exordium","TheCity","TheBeyond"],"potions_floor_usage":[50,50],"damage_taken":[{"damage":11.0,"enemies":"Jaw Worm","floor":1.0,"turns":6.0},{"damage":5.0,"enemies":"Cultist","floor":2.0,"turns":4.0},{"damage":2.0,"enemies":"Small Slimes","floor":4.0,"turns":2.0},{"damage":22.0,"enemies":"3 Sentries","floor":7.0,"turns":5.0},{"damage":30.0,"enemies":"Looter","floor":10.0,"turns":3.0},{"damage":1.0,"enemies":"3 Louse","floor":11.0,"turns":2.0},{"damage":23.0,"enemies":"Lagavulin","floor":13.0,"turns":7.0},{"damage":60.0,"enemies":"Slime Boss","floor":16.0,"turns":11.0},{"damage":48.0,"enemies":"Spheric Guardian","floor":18.0,"turns":4.0},{"damage":29.0,"enemies":"3 Byrds","floor":19.0,"turns":5.0},{"damage":0.0,"enemies":"3 Cultists","floor":22.0,"turns":3.0},{"damage":6.0,"enemies":"Cultist and Chosen","floor":24.0,"turns":3.0},{"damage":10.0,"enemies":"Snecko","floor":25.0,"turns":4.0},{"damage":42.0,"enemies":"Snake Plant","floor":31.0,"turns":2.0},{"damage":18.0,"enemies":"Automaton","floor":33.0,"turns":9.0},{"damage":0.0,"enemies":"3 Shapes","floor":35.0,"turns":2.0},{"damage":0.0,"enemies":"3 Darklings","floor":37.0,"turns":1.0},{"damage":10.0,"enemies":"Spire Growth","floor":39.0,"turns":3.0},{"damage":0.0,"enemies":"Reptomancer","floor":41.0,"turns":3.0},{"damage":0.0,"enemies":"Mind Bloom Boss Battle","floor":44.0,"turns":4.0},{"damage":0.0,"enemies":"Giant Head","floor":46.0,"turns":4.0},{"damage":46,"enemies":"Writhing Mass","floor":48,"turns":6},{"damage":57,"enemies":"Awakened One","floor":50,"turns":6}],"seed_played":"-6686962999972299324","potions_obtained":[{"floor":7.0,"key":"DuplicationPotion"},{"floor":16.0,"key":"ColorlessPotion"},{"floor":19.0,"key":"AttackPotion"},{"floor":25.0,"key":"DuplicationPotion"},{"floor":37.0,"key":"Explosive Potion"},{"floor":48,"key":"CultistPotion"}],"is_trial":false,"path_per_floor":["M","M","?","M","$","R","E","R","T","M","M","R","E","$","R","B",null,"M","M","?","?","M","R","M","M","T","R","$","M","R","M","R","B",null,"M","$","M","?","M","R","E","R","T","?","R","E","?","M","R","B",null,null],"character_chosen":"DOCTOR_CLASS","items_purchased":["ats:Song Of Battle","AT_BellDemon","Sundial","Strength Potion","Strength Potion"],"campfire_rested":2,"item_purchase_floors":[5,5,36,36,36],"current_hp_per_floor":[61,56,56,54,54,54,32,32,32,2,1,1,14,14,14,14,72,27,1,1,1,72,72,66,62,62,62,62,62,62,23,44,56,72,72,72,72,72,62,62,71,71,71,72,72,72,72,36,57,21,21],"gold":426,"neow_bonus":"ONE_RANDOM_RARE_CARD","is_daily":false,"chose_seed":false,"campfire_upgraded":10,"win_rate":0.0,"timestamp":1610910713,"path_taken":["M","M","?","M","?","R","E","R","T","M","M","R","E","$","R","BOSS","M","M","?","?","M","R","M","M","T","R","$","M","R","M","R","BOSS","M","$","M","?","M","R","E","R","T","?","R","E","?","M","R","BOSS"],"items_purchased_type":["Card","Relic","Relic","Potion","Potion"],"build_version":"2020-12-22","purchased_purges":1,"victory":true,"max_hp_per_floor":[72,72,72,72,72,72,72,72,72,72,72,72,72,72,72,72,72,72,72,72,72,72,72,72,72,72,72,72,72,72,72,72,72,72,72,72,72,72,72,72,72,72,72,72,72,72,72,72,72,72,72],"card_choices":[{"not_picked":["ats:Chain Hook","ats:Hammer On"],"picked":"ats:Explosion Area Strengthen","floor":1.0},{"not_picked":["ats:Powerful Strike","ats:Defend Order"],"picked":"ats:Magnetic Hammer","floor":2.0},{"not_picked":["ats:Childhood Dance","ats:Sunburst"],"picked":"ats:Flexible Camouflage","floor":4.0},{"not_picked":["ats:LN2 Cannon","ats:Fractured Body"],"picked":"ats:Neurotoxin","floor":7.0},{"not_picked":["ats:Guardian Obelisk","ats:Hammer On"],"picked":"ats:Powerful Strike","floor":10.0},{"not_picked":["ats:Mental Burst","ats:Childhood Dance","ats:Directed Diagnosis"],"picked":"SKIP","floor":11.0},{"not_picked":["ats:Soul Absorption","ats:Consecutive Shot Auto"],"picked":"ats:Part Time Job","floor":13.0},{"not_picked":["ats:Roar Of Ursus","ats:Disruption Kick"],"picked":"ats:Calcification","floor":16.0},{"not_picked":["ats:Apocalypse","ats:Revitalization+1"],"picked":"ats:Consecutive Shot Auto+1","floor":18.0},{"not_picked":["ats:Cat Scratch","ats:Automatic Cover"],"picked":"ats:Beaten Up+1","floor":19.0},{"not_picked":["ats:Powerful Strike","ats:Flexible Camouflage"],"picked":"ats:Childhood Dance+1","floor":22.0},{"not_picked":["ats:Directed Diagnosis","ats:Shadow Raid"],"picked":"ats:Assault Order","floor":24.0},{"not_picked":["ats:Shell Defense+1","ats:Directed Diagnosis"],"picked":"ats:Charging Defense+1","floor":25.0},{"not_picked":["ats:Powerful Strike","ats:Leaping Hammer"],"picked":"ats:Revitalization+1","floor":31.0},{"not_picked":["ats:Soul Rend","ats:Wolf Pack"],"picked":"ats:Shadow Assault","floor":33.0},{"not_picked":["ats:Ignite+1","ats:Leaping Hammer+1","ats:Song Of Battle+1"],"picked":"SKIP","floor":35.0},{"not_picked":["ats:Explosion Area Strengthen","ats:Hammer On+1","ats:Burning Ground+1"],"picked":"SKIP","floor":37.0},{"not_picked":["ats:Ignite+1","ats:Shell Defense","ats:Consecutive Shot Auto"],"picked":"SKIP","floor":39.0},{"not_picked":["ats:Childhood Dance+1","ats:Hammer On+1"],"picked":"ats:Cat Scratch+1","floor":41.0},{"not_picked":["ats:Beaten Up+1","ats:Apocalypse"],"picked":"ats:Spore Proliferation+1","floor":44.0},{"not_picked":["ats:Neurotoxin+1","ats:Apocalypse","ats:Fractured Body"],"picked":"SKIP","floor":46.0},{"not_picked":["ats:Hammer On+1","ats:Childhood Dance","ats:Sunburst"],"picked":"SKIP","floor":48}],"player_experience":675671,"relics_obtained":[{"floor":1.0,"key":"LetterFromLob"},{"floor":7.0,"key":"ats:Originium"},{"floor":7.0,"key":"ats:Emergency Defibrillator"},{"floor":9.0,"key":"AT_RabadonDeathcap"},{"floor":10.0,"key":"ats:Hidden Killer"},{"floor":11.0,"key":"Toy Ornithopter"},{"floor":13.0,"key":"PreservedInsect"},{"floor":13.0,"key":"ats:Originium"},{"floor":13.0,"key":"MawBank"},{"floor":18.0,"key":"AT_Kusabimaru"},{"floor":19.0,"key":"ats:Lavender"},{"floor":26.0,"key":"Vajra"},{"floor":31.0,"key":"Centennial Puzzle"},{"floor":41.0,"key":"ats:Originium"},{"floor":41.0,"key":"AT_ForceNature"},{"floor":43.0,"key":"AT_SpeedBoots"},{"floor":44.0,"key":"PureWhite:ReiMu"},{"floor":46.0,"key":"ats:Ability Aura"}],"event_choices":[{"damage_healed":0.0,"max_hp_gain":0.0,"max_hp_loss":0.0,"gold_gain":100.0,"event_name":"Golden Shrine","player_choice":"Pray","floor":3.0,"gold_loss":0.0,"damage_taken":0.0},{"damage_healed":0.0,"max_hp_gain":0.0,"max_hp_loss":0.0,"gold_gain":0.0,"event_name":"Addict","player_choice":"Obtained Relic","floor":20.0,"gold_loss":85.0,"damage_taken":0.0,"relics_obtained":["REME_PuzzleBoxRelic"]},{"damage_healed":0.0,"max_hp_gain":0.0,"max_hp_loss":0.0,"gold_gain":0.0,"event_name":"Cursed Tome","player_choice":"Ignored","floor":21.0,"gold_loss":0.0,"damage_taken":0.0},{"damage_healed":0.0,"max_hp_gain":0.0,"max_hp_loss":0.0,"gold_gain":0.0,"event_name":"MindBloom","player_choice":"Fight","floor":44.0,"gold_loss":0.0,"damage_taken":0.0}],"is_beta":false,"boss_relics":[{"not_picked":["Snecko Eye","RedLine:ReiMu"],"picked":"AT_TrinityForce"},{"not_picked":["Runic Dome","REME_DemonsWealth"],"picked":"SacredBark"}],"items_purged_floors":[36],"is_endless":false,"potions_floor_spawned":[7,16,19,25,37,48],"ascension_level":0}}