{"host":"1zjc08c6hob33401","time":1610922000,"event":{"mods":["AchievementEnabler","Act Like it!","Aspiration","BaseMod","Downfall","Energized Spire","Evolution","Friendly Minions","Gensokyo","GifTheSpireLib","Hubris","Infinite Spire","Jedi Mod","Minty Spire (QoL Compilation)","Pale of the Ancients","Quick Restart","Retaliation","Shop Mod","StS++","StSLib","Stuff the Spire","The Blue Laboratory","Wandering Minibosses","vexMod","??????REMEMod"],"gold_per_floor":[113,113,113,127,61,94,113,113,140,272,283,300,300,300,300,402,402,421,437,437,50,64,204,204,204,204,204],"floor_reached":25,"language":"RUS","playtime":2861,"items_purged":["Guardian:Defend_Guardian"],"score":267,"play_id":"13948170-6a59-4ec7-b497-99c3234478cc","local_time":"20210118002000","is_ascension_mode":true,"campfire_choices":[{"floor":8.0,"key":"REST"},{"data":"Guardian:Clone","floor":15.0,"key":"SMITH"},{"floor":24,"key":"REST"}],"circlet_count":0,"master_deck":["Guardian:TemporalStrike","Guardian:TemporalStrike","Guardian:Strike_Guardian","Guardian:Strike_Guardian","Guardian:Defend_Guardian","Guardian:Defend_Guardian","Guardian:Defend_Guardian","Guardian:CurlUp","Guardian:TwinSlam","Madness+1","infinitespire:Starlight+1","Guardian:Planning","Guardian:Clone","Guardian:Clone+1","Guardian:GatlingBeam","Guardian:Suspension+1","Guardian:PolyBeam","Guardian:Preprogram+1","Guardian:ShieldCharger+1"],"relics":["Guardian:ModeShifter","EVO:Axolotl","REME_ComplimentaryCards","StuffTheSpire:TintedRock","vexMod:MemoryStick","infinitespire:FocusingShard","Gensokyo:Companionship","Sozu","hubris:Zylophone","vexMod:BarristanHead","Frozen Eye"],"acts_visited":["Gensokyo:Gensokyo","Gensokyo:Gensokyoer"],"potions_floor_usage":[],"damage_taken":[{"damage":9.0,"enemies":"Gensokyo:Python","floor":1.0,"turns":4.0},{"damage":4.0,"enemies":"Gensokyo:3_Fairies","floor":4.0,"turns":5.0},{"damage":58.0,"enemies":"Gensokyo:Mamizou","floor":6.0,"turns":11.0},{"damage":7.0,"enemies":"Gensokyo:Gryphon","floor":7.0,"turns":4.0},{"damage":0.0,"enemies":"Gensokyo:Aya","floor":10.0,"turns":7.0},{"damage":11.0,"enemies":"Gensokyo:CorruptedTreant","floor":11.0,"turns":5.0},{"damage":2.0,"enemies":"Gensokyo:VengefulSpirit","floor":12.0,"turns":5.0},{"damage":44.0,"enemies":"Gensokyo:Reimu","floor":16.0,"turns":12.0},{"damage":20.0,"enemies":"Gensokyo:AngelMirror","floor":18.0,"turns":3.0},{"damage":13.0,"enemies":"Gensokyo:2_Gloops","floor":19.0,"turns":6.0},{"damage":20.0,"enemies":"Gensokyo:Slime_Group","floor":22.0,"turns":4.0},{"damage":98,"enemies":"Gensokyo:Reisen","floor":23,"turns":12},{"damage":90,"enemies":"Gensokyo:Koishi","floor":25,"turns":10}],"seed_played":"-6060598447577414953","potions_obtained":[{"floor":4.0,"key":"LiquidBronze"},{"floor":7.0,"key":"blueLaboratory:ImpenetrablePotion"},{"floor":11.0,"key":"blueLaboratory:RecallPotion"},{"floor":12.0,"key":"StSpp:SecondWindPotion"}],"is_trial":false,"path_per_floor":["M","?","?","M","COS","E","M","R","T","E","M","M","?","?","R","B",null,"M","M","?","$","M","E","R","E"],"character_chosen":"GUARDIAN","items_purchased":["hubris:Zylophone"],"campfire_rested":2,"item_purchase_floors":[21],"current_hp_per_floor":[71,71,50,56,56,8,11,35,35,45,44,52,52,60,60,31,88,83,77,77,77,83,29,55,0,0,0],"gold":204,"neow_bonus":"UPGRADE_CARD","is_daily":false,"chose_seed":false,"campfire_upgraded":1,"win_rate":0.0,"timestamp":1610922000,"path_taken":["M","?","?","?","COS","E","M","R","T","E","?","M","?","?","R","BOSS","M","M","?","$","?","E","R","E"],"items_purchased_type":["Relic"],"build_version":"2020-12-22","purchased_purges":1,"victory":false,"max_hp_per_floor":[80,80,80,80,80,80,80,80,80,80,80,80,80,88,88,88,88,88,88,88,88,88,88,88,88,88,88],"card_choices":[{"not_picked":["Guardian:Preprogram","Guardian:TemporalShield"],"picked":"Guardian:Gem_Purple","floor":1.0},{"not_picked":["infinitespire:DeathsTouch","infinitespire:SevenWalls"],"picked":"infinitespire:Starlight","floor":3.0},{"not_picked":["Guardian:PiercingHide","Guardian:Incinerate"],"picked":"Guardian:Planning","floor":4.0},{"not_picked":["Guardian:Gem_Red","Guardian:Planning"],"picked":"Guardian:Gem_Fragmented","floor":6.0},{"not_picked":["Guardian:WalkerClaw","Guardian:Planning"],"picked":"Guardian:Clone","floor":7.0},{"not_picked":["Guardian:Recover","Guardian:RollAttack"],"picked":"Guardian:Clone","floor":10.0},{"not_picked":["Guardian:TemporalShield","Guardian:Incinerate"],"picked":"Guardian:Gem_Blue","floor":11.0},{"not_picked":["Guardian:SpikerProtocol","Guardian:Reroute"],"picked":"Guardian:Gem_Yellow","floor":12.0},{"not_picked":["Guardian:Gem_Orange","Guardian:StasisStrike"],"picked":"Guardian:GatlingBeam","floor":16.0},{"not_picked":["Guardian:DonusPower","Guardian:PrismaticBarrier"],"picked":"Guardian:Suspension+1","floor":18.0},{"not_picked":["Guardian:Gem_Lightblue","Guardian:Incinerate"],"picked":"Guardian:PolyBeam","floor":19.0},{"not_picked":["Guardian:PrismaticBarrier","Guardian:WalkerClaw"],"picked":"Guardian:Preprogram+1","floor":22.0},{"not_picked":["Guardian:CrystalBeam","Guardian:WalkerClaw"],"picked":"Guardian:ShieldCharger+1","floor":23}],"player_experience":602394,"relics_obtained":[{"floor":6.0,"key":"StuffTheSpire:TintedRock"},{"floor":9.0,"key":"vexMod:MemoryStick"},{"floor":10.0,"key":"infinitespire:FocusingShard"},{"floor":23,"key":"vexMod:BarristanHead"}],"event_choices":[],"is_beta":false,"boss_relics":[{"not_picked":["vexMod:ImprovementManual","infinitespire:Cupcake"],"picked":"Sozu"}],"items_purged_floors":[21],"is_endless":false,"potions_floor_spawned":[4,7,11,12,18],"killed_by":"Gensokyo:Koishi","ascension_level":1}}