{"host":"3a1ypf1irl30q4k8","time":1610894618,"event":{"mods":["AchievementEnabler","BaseMod","Bestiary","Colored Map","Minty Spire (QoL Compilation)","Relic Stats"],"gold_per_floor":[361,70,83,99,115,141,141,157,180,180,195,223,223,236,236,236,236],"floor_reached":16,"language":"ENG","playtime":802,"items_purged":["Strike_B"],"score":137,"play_id":"964afeb9-bc21-47cc-8cea-170cee661345","local_time":"20210117144338","is_ascension_mode":true,"campfire_choices":[{"data":"Fusion","floor":7,"key":"SMITH"},{"data":"Streamline","floor":10,"key":"SMITH"},{"floor":15,"key":"REST"}],"circlet_count":0,"master_deck":["Strike_B","Strike_B","Strike_B","Defend_B","Defend_B","Defend_B","Defend_B","Zap","Dualcast","Cold Snap","Streamline+1","Conserve Battery","Leap","Undo","Fusion+1","Core Surge","Chill","Defragment","Coolheaded"],"relics":["Cracked Core","Sling","InkBottle","Anchor","Potion Belt"],"acts_visited":["Exordium"],"potions_floor_usage":[6],"damage_taken":[{"damage":1,"enemies":"Cultist","floor":1,"turns":3},{"damage":0,"enemies":"2 Louse","floor":3,"turns":2},{"damage":0,"enemies":"Small Slimes","floor":4,"turns":3},{"damage":0,"enemies":"3 Louse","floor":5,"turns":5},{"damage":10,"enemies":"3 Sentries","floor":6,"turns":8},{"damage":1,"enemies":"2 Fungi Beasts","floor":8,"turns":5},{"damage":10,"enemies":"Lots of Slimes","floor":11,"turns":4},{"damage":17,"enemies":"Gremlin Nob","floor":12,"turns":4},{"damage":0,"enemies":"Red Slaver","floor":14,"turns":4},{"damage":39,"enemies":"Hexaghost","floor":16,"turns":16}],"seed_played":"-8477103036509810394","potions_obtained":[{"floor":4,"key":"Explosive Potion"},{"floor":12,"key":"Block Potion"},{"floor":14,"key":"Energy Potion"}],"is_trial":false,"path_per_floor":["M","$","M","M","M","E","R","M","T","R","M","E","?","M","R","B"],"character_chosen":"DEFECT","items_purchased":["Streamline","Sling","Conserve Battery"],"campfire_rested":1,"item_purchase_floors":[2,2,2],"current_hp_per_floor":[53,53,53,53,53,43,43,42,42,42,32,15,15,15,37,0,0],"gold":236,"neow_bonus":"TWO_FIFTY_GOLD","is_daily":false,"chose_seed":false,"campfire_upgraded":2,"win_rate":0.0,"timestamp":1610894618,"path_taken":["M","$","M","M","M","E","R","M","T","R","?","E","?","M","R","BOSS"],"items_purchased_type":["Card","Relic","Card"],"build_version":"2020-12-22","purchased_purges":1,"victory":false,"max_hp_per_floor":[75,75,75,75,75,75,75,75,75,75,75,75,75,75,75,75,75],"relic_stats":{"counters":[10,54],"obtain_stats":[{"Potion Belt":12,"Anchor":9,"Cracked Core":0,"Sling":2,"InkBottle":6},{"Potion Belt":8,"Anchor":6,"Cracked Core":0,"Sling":1,"InkBottle":5},{"Potion Belt":34,"Anchor":26,"Cracked Core":0,"Sling":3,"InkBottle":21}],"InkBottle":[10]},"card_choices":[{"not_picked":["Self Repair","Turbo"],"picked":"Cold Snap","floor":1},{"not_picked":["Loop","Aggregate"],"picked":"Leap","floor":3},{"not_picked":["Stack","Redo"],"picked":"Undo","floor":4},{"not_picked":["Rip and Tear","Barrage"],"picked":"Fusion","floor":5},{"not_picked":["Reboot","Ball Lightning"],"picked":"Core Surge","floor":6},{"not_picked":["Streamline","Tempest"],"picked":"Chill","floor":8},{"not_picked":["Barrage","Rip and Tear","Streamline"],"picked":"SKIP","floor":11},{"not_picked":["Leap","Streamline"],"picked":"Defragment","floor":12},{"not_picked":["Ball Lightning","Stack"],"picked":"Coolheaded","floor":14}],"player_experience":1095956,"relics_obtained":[{"floor":6,"key":"InkBottle"},{"floor":9,"key":"Anchor"},{"floor":12,"key":"Potion Belt"}],"event_choices":[{"damage_healed":0,"gold_gain":0,"player_choice":"Leave","damage_taken":0,"max_hp_gain":0,"max_hp_loss":0,"event_name":"FaceTrader","floor":13,"gold_loss":0}],"is_beta":false,"boss_relics":[],"items_purged_floors":[2],"is_endless":false,"potions_floor_spawned":[4,12,14],"killed_by":"Hexaghost","ascension_level":4}}