{"host":"emhkbx8w48tb1pjr","time":1610916121,"event":{"mods":["AchievementEnabler","BaseMod","Better Note","Colored Map","Colored Powertips","DeckTracker","Downfall","Googly Eyes","Hermit","Marisa????????","Minty Spire (QoL Compilation)","Quick Restart","Rare Cards Sparkle","StSLib","The Bug Knight","The Cursed","The Jungle","The Servant 0.9.4","everything is the same but u backflip on backflip"],"gold_per_floor":[112,124,135,153,173,203,278,278,350,381,381,53,53,76,76,206,206,230,230,230,251,270,313,336,336,336],"floor_reached":25,"language":"ENG","playtime":1763,"items_purged":["hermit:Strike_Hermit"],"score":285,"play_id":"0fd43847-42f1-4b3b-8d26-61e06d21f15d","local_time":"20210117214201","is_ascension_mode":false,"campfire_choices":[{"floor":8,"key":"REST"},{"data":"hermit:FromBeyond","floor":11,"key":"SMITH"},{"floor":15,"key":"REST"}],"circlet_count":0,"master_deck":["hermit:Strike_Hermit","hermit:Strike_Hermit","hermit:Strike_Hermit","hermit:Defend_Hermit","hermit:Defend_Hermit","hermit:Defend_Hermit","hermit:Defend_Hermit","hermit:Snapshot","hermit:Covet","hermit:BodyArmor","hermit:Gestalt","hermit:FromBeyond+1","hermit:NoHoldsBarred","hermit:Malice","hermit:GhostlyPresence","hermit:Vantage","hermit:RoundhouseKick","hermit:Brawl+1","hermit:Scavenge+1","hermit:FlashPowder+1"],"relics":["hermit:Momento","Letter Opener","Meat on the Bone","TungstenRod","hermit:Horseshoe","Golden Idol","Snecko Eye","HollowMod:StagPassRelic","Nunchaku"],"acts_visited":["Exordium","TheCity"],"potions_floor_usage":[10,23],"damage_taken":[{"damage":1,"enemies":"Cultist","floor":1,"turns":3},{"damage":0,"enemies":"Jaw Worm","floor":2,"turns":4},{"damage":1,"enemies":"2 Louse","floor":3,"turns":3},{"damage":18,"enemies":"Exordium Wildlife","floor":4,"turns":6},{"damage":1,"enemies":"Large Slime","floor":5,"turns":4},{"damage":9,"enemies":"3 Sentries","floor":6,"turns":5},{"damage":6,"enemies":"Gremlin Nob","floor":10,"turns":3},{"damage":9,"enemies":"Exordium Thugs","floor":14,"turns":5},{"damage":0,"enemies":"Slime Boss","floor":16,"turns":10},{"damage":0,"enemies":"Spheric Guardian","floor":18,"turns":4},{"damage":0,"enemies":"Chosen","floor":21,"turns":5},{"damage":8,"enemies":"Snake Plant","floor":22,"turns":5},{"damage":40,"enemies":"Slavers","floor":23,"turns":5},{"damage":4,"enemies":"Shelled Parasite and Fungi","floor":24,"turns":4},{"damage":57,"enemies":"Gremlin Leader","floor":25,"turns":5}],"seed_played":"1481301545099162782","potions_obtained":[{"floor":4,"key":"Strength Potion"},{"floor":5,"key":"bronze:BurnAndBuffPotion"},{"floor":6,"key":"SpeedPotion"},{"floor":14,"key":"Energy Potion"},{"floor":24,"key":"Swift Potion"}],"is_trial":false,"path_per_floor":["M","M","M","M","M","E","?","R","T","E","R","$","?","M","R","B",null,"M","?","T","M","M","E","M","E"],"character_chosen":"HERMIT","items_purchased":["hermit:Horseshoe"],"campfire_rested":2,"item_purchase_floors":[12],"current_hp_per_floor":[67,67,66,48,47,38,27,53,53,47,47,47,26,29,55,55,89,89,89,89,89,81,53,49,0,0],"gold":336,"neow_bonus":"TWENTY_PERCENT_HP_BONUS","is_daily":false,"chose_seed":false,"campfire_upgraded":1,"win_rate":0.0,"timestamp":1610916121,"path_taken":["M","M","M","M","?","E","?","R","T","E","R","$","?","M","R","BOSS","M","?","?","M","M","E","M","E"],"items_purchased_type":["Relic"],"build_version":"2020-12-22","purchased_purges":1,"victory":false,"max_hp_per_floor":[89,89,89,89,89,89,89,89,89,89,89,89,89,89,89,89,89,89,89,89,89,89,89,89,89,89],"card_choices":[{"not_picked":["hermit:Glare","hermit:Roulette"],"picked":"hermit:BodyArmor","floor":1},{"not_picked":["hermit:LoneWolf","hermit:Feint"],"picked":"hermit:Gestalt","floor":2},{"not_picked":["hermit:SprayPray","hermit:BigShot"],"picked":"hermit:FromBeyond","floor":3},{"not_picked":["hermit:TrackingShot","hermit:Snipe"],"picked":"hermit:NoHoldsBarred","floor":4},{"not_picked":["hermit:PistolWhip","hermit:Glare"],"picked":"hermit:Malice","floor":5},{"not_picked":["hermit:Grudge","hermit:WideOpen","hermit:LowProfile"],"picked":"SKIP","floor":6},{"not_picked":["hermit:Roulette","hermit:TrackingShot"],"picked":"hermit:GhostlyPresence","floor":10},{"not_picked":["hermit:Combo","hermit:Ricochet"],"picked":"hermit:Vantage","floor":14},{"not_picked":["hermit:FatalDesire","hermit:BlackWind"],"picked":"hermit:RoundhouseKick","floor":16},{"not_picked":["hermit:Desperado","hermit:Glare","hermit:Brawl+1"],"picked":"SKIP","floor":18},{"not_picked":["hermit:Desperado","hermit:Glare"],"picked":"hermit:Brawl+1","floor":18},{"not_picked":["hermit:TrackingShot","hermit:LowProfile","hermit:Horror"],"picked":"SKIP","floor":21},{"not_picked":["hermit:Coalescence","hermit:Feint"],"picked":"hermit:Scavenge+1","floor":22},{"not_picked":["hermit:LoneWolf","hermit:CalledShot","hermit:Ricochet"],"picked":"SKIP","floor":23},{"not_picked":["hermit:Snipe","hermit:ItchyTrigger+1"],"picked":"hermit:FlashPowder+1","floor":24}],"player_experience":28928,"relics_obtained":[{"floor":6,"key":"Letter Opener"},{"floor":9,"key":"Meat on the Bone"},{"floor":10,"key":"TungstenRod"},{"floor":20,"key":"HollowMod:StagPassRelic"},{"floor":23,"key":"Nunchaku"}],"event_choices":[{"damage_healed":0,"gold_gain":75,"player_choice":"Gather Gold","damage_taken":11,"max_hp_gain":0,"max_hp_loss":0,"event_name":"World of Goop","floor":7,"gold_loss":0},{"damage_healed":0,"gold_gain":0,"player_choice":"Take Damage","damage_taken":22,"relics_obtained":["Golden Idol"],"max_hp_gain":0,"max_hp_loss":0,"event_name":"Golden Idol","floor":13,"gold_loss":0},{"damage_healed":0,"gold_gain":0,"player_choice":"Bought 0 Potions","damage_taken":0,"max_hp_gain":0,"max_hp_loss":0,"event_name":"The Woman in Blue","floor":19,"gold_loss":0}],"is_beta":false,"boss_relics":[{"not_picked":["Empty Cage","bronze:MakeshiftBattery"],"picked":"Snecko Eye"}],"items_purged_floors":[12],"is_endless":false,"potions_floor_spawned":[4,5,6,14,21,24],"killed_by":"Gremlin Leader","ascension_level":0}}