{"host":"baymyijz6sxaqj5s","time":1610874974,"event":{"mods":["AchievementEnabler","BaseMod","Colored Map","Colored Powertips","DeckTracker","Highlight Path","KOR Keyword Fix","Keyboard Shortcuts","Minty Spire (QoL Compilation)","StSLib","SuperFastMode","everything is the same but u backflip on backflip"],"gold_per_floor":[113,113,130,130,149,149,159,159,185,185,260,274,274,287,287,388,388,403,413,413,430,448,448,373,373,373],"floor_reached":25,"language":"KOR","playtime":779,"items_purged":["Strike_G"],"score":205,"play_id":"039c31dd-05af-4fc0-b2bb-6118fbc09cca","local_time":"20210117181614","is_ascension_mode":true,"campfire_choices":[{"data":"Survivor","floor":6,"key":"SMITH"},{"data":"Noxious Fumes","floor":8,"key":"SMITH"},{"data":"Heel Hook","floor":10,"key":"SMITH"},{"floor":13,"key":"REST"},{"floor":15,"key":"REST"},{"floor":23,"key":"REST"}],"circlet_count":0,"master_deck":["Strike_G","Strike_G","Strike_G","Strike_G","Defend_G","Defend_G","Defend_G+1","Defend_G+1","Defend_G","Survivor+1","Neutralize","Noxious Fumes+1","Dagger Spray","Heel Hook+1","Blur","After Image","CurseOfTheBell","Catalyst","Deadly Poison","Tactician"],"relics":["Ring of the Snake","Centennial Puzzle","War Paint","Calling Bell","Pen Nib","Ornamental Fan","Shovel","Enchiridion"],"acts_visited":["Exordium","TheCity"],"potions_floor_usage":[14,16,22],"damage_taken":[{"damage":3,"enemies":"Jaw Worm","floor":1,"turns":9},{"damage":6,"enemies":"2 Louse","floor":3,"turns":3},{"damage":0,"enemies":"Small Slimes","floor":5,"turns":4},{"damage":4,"enemies":"2 Fungi Beasts","floor":7,"turns":3},{"damage":5,"enemies":"Red Slaver","floor":12,"turns":5},{"damage":4,"enemies":"Large Slime","floor":14,"turns":5},{"damage":38,"enemies":"Hexaghost","floor":16,"turns":12},{"damage":1,"enemies":"Shell Parasite","floor":18,"turns":8},{"damage":8,"enemies":"Chosen","floor":19,"turns":7},{"damage":36,"enemies":"Snecko","floor":21,"turns":9},{"damage":1,"enemies":"Chosen and Byrds","floor":22,"turns":6},{"damage":39,"enemies":"Gremlin Leader","floor":25,"turns":6}],"seed_played":"-4651945576257235161","potions_obtained":[{"floor":1,"key":"FearPotion"},{"floor":3,"key":"AttackPotion"},{"floor":5,"key":"LiquidMemories"},{"floor":18,"key":"Explosive Potion"},{"floor":21,"key":"DuplicationPotion"}],"is_trial":false,"path_per_floor":["M","?","M","?","M","R","M","R","T","R","?","M","R","M","R","B",null,"M","M","?","M","M","R","$","E"],"character_chosen":"THE_SILENT","items_purchased":[],"campfire_rested":3,"item_purchase_floors":[],"current_hp_per_floor":[74,62,56,56,56,56,52,52,52,52,41,36,59,55,77,39,77,76,68,52,16,15,38,38,0,0],"gold":373,"neow_bonus":"TEN_PERCENT_HP_BONUS","is_daily":false,"chose_seed":false,"campfire_upgraded":3,"win_rate":0.0,"timestamp":1610874974,"path_taken":["M","?","M","?","M","R","M","R","T","R","?","M","R","M","R","BOSS","M","M","?","M","M","R","$","E"],"items_purchased_type":[],"build_version":"2020-12-22","purchased_purges":1,"victory":false,"max_hp_per_floor":[77,77,77,77,77,77,77,77,77,77,77,77,77,77,77,77,77,77,77,77,77,77,77,77,77,77],"card_choices":[{"not_picked":["Skewer","Tactician"],"picked":"Noxious Fumes","floor":1},{"not_picked":["Skewer","Blade Dance"],"picked":"Dagger Spray","floor":3},{"not_picked":["Distraction","Quick Slash","Slice"],"picked":"SKIP","floor":5},{"not_picked":["Bouncing Flask","Concentrate"],"picked":"Heel Hook","floor":7},{"not_picked":["Quick Slash","Dodge and Roll"],"picked":"Blur","floor":12},{"not_picked":["Bane","Dagger Spray","Choke"],"picked":"SKIP","floor":14},{"not_picked":["A Thousand Cuts","Grand Finale"],"picked":"After Image","floor":16},{"not_picked":["Underhanded Strike+1","Prepared"],"picked":"Catalyst","floor":18},{"not_picked":["Sucker Punch+1","Blade Dance","Heel Hook"],"picked":"SKIP","floor":19},{"not_picked":["Footwork","Expertise+1"],"picked":"Deadly Poison","floor":21},{"not_picked":["Heel Hook","Dagger Throw"],"picked":"Tactician","floor":22}],"player_experience":41319,"relics_obtained":[{"floor":9,"key":"War Paint"},{"floor":17,"key":"Pen Nib"},{"floor":17,"key":"Ornamental Fan"},{"floor":17,"key":"Shovel"},{"floor":20,"key":"Enchiridion"}],"event_choices":[{"damage_healed":0,"gold_gain":0,"player_choice":"Success","damage_taken":12,"relics_obtained":["Centennial Puzzle"],"max_hp_gain":0,"max_hp_loss":0,"event_name":"Scrap Ooze","floor":2,"gold_loss":0},{"damage_healed":0,"gold_gain":0,"player_choice":"Ignored","damage_taken":0,"max_hp_gain":0,"max_hp_loss":0,"event_name":"Golden Idol","floor":4,"gold_loss":0},{"damage_healed":0,"gold_gain":75,"player_choice":"Gather Gold","damage_taken":11,"max_hp_gain":0,"max_hp_loss":0,"event_name":"World of Goop","floor":11,"gold_loss":0},{"damage_healed":0,"gold_gain":0,"player_choice":"Obtained Book","damage_taken":16,"max_hp_gain":0,"max_hp_loss":0,"event_name":"Cursed Tome","floor":20,"gold_loss":0}],"is_beta":false,"boss_relics":[{"not_picked":["SlaversCollar","Ectoplasm"],"picked":"Calling Bell"}],"items_purged_floors":[24],"is_endless":false,"potions_floor_spawned":[1,3,5,18,21],"killed_by":"Gremlin Leader","ascension_level":1}}