{"host":"i7jfea87xc8lz16p","time":1610903349,"event":{"mods":["AchievementEnabler","BaseMod","Colored Powertips","Minty Spire (QoL Compilation)","Relic Stats"],"gold_per_floor":[163,9,22,35,35,35,61,61,87,87,115,170,184,204,204,204,204],"floor_reached":16,"language":"ENG","playtime":566,"items_purged":["Strike_B"],"score":220,"play_id":"e7b8a66e-4d29-49d8-a05f-5b748e86dd0f","local_time":"20210117180909","is_ascension_mode":true,"campfire_choices":[{"data":"Static Discharge","floor":6,"key":"SMITH"},{"floor":10,"key":"REST"},{"floor":15,"key":"REST"}],"circlet_count":0,"master_deck":["AscendersBane","Strike_B","Strike_B","Strike_B","Defend_B+1","Defend_B","Defend_B","Defend_B","Zap","Dualcast","Doom and Gloom","Static Discharge+1","Ball Lightning","Cold Snap","Undo","Cold Snap","Ball Lightning"],"relics":["Tiny House","Toy Ornithopter","DataDisk","Pen Nib","Bag of Marbles","Blue Candle"],"acts_visited":["Exordium"],"potions_floor_usage":[7,12],"damage_taken":[{"damage":0,"enemies":"Cultist","floor":1,"turns":2},{"damage":4,"enemies":"2 Louse","floor":3,"turns":3},{"damage":9,"enemies":"Small Slimes","floor":4,"turns":2},{"damage":15,"enemies":"3 Sentries","floor":7,"turns":2},{"damage":7,"enemies":"Lagavulin","floor":11,"turns":7},{"damage":22,"enemies":"Lagavulin Event","floor":12,"turns":4},{"damage":4,"enemies":"Exordium Wildlife","floor":13,"turns":4},{"damage":7,"enemies":"Large Slime","floor":14,"turns":5},{"damage":40,"enemies":"The Guardian","floor":16,"turns":8}],"seed_played":"-3034750101383285468","potions_obtained":[{"floor":0,"key":"PowerPotion"},{"floor":1,"key":"PowerPotion"},{"floor":13,"key":"SmokeBomb"},{"floor":14,"key":"Strength Potion"}],"is_trial":false,"path_per_floor":["M","$","M","M","?","R","E","?","T","R","E","?","M","M","R","B"],"character_chosen":"DEFECT","items_purchased":["Ball Lightning","Cold Snap"],"campfire_rested":2,"item_purchase_floors":[2,2],"current_hp_per_floor":[69,69,65,56,56,56,41,30,30,52,45,28,24,17,39,0,0],"gold":204,"neow_bonus":"BOSS_RELIC","is_daily":false,"chose_seed":false,"campfire_upgraded":1,"win_rate":0.0,"timestamp":1610903349,"path_taken":["M","$","M","M","?","R","E","?","T","R","E","?","M","M","R","BOSS"],"items_purchased_type":["Card","Card"],"build_version":"2020-12-22","purchased_purges":1,"victory":false,"max_hp_per_floor":[76,76,76,76,76,76,76,76,76,76,76,76,76,76,76,76,76],"relic_stats":{"counters":[9,37],"Blue Candle":[0],"Pen Nib":[3],"obtain_stats":[{"DataDisk":8,"Tiny House":0,"Blue Candle":12,"Pen Nib":9,"Bag of Marbles":11,"Cracked Core":0,"Toy Ornithopter":7},{"DataDisk":4,"Tiny House":0,"Blue Candle":5,"Pen Nib":4,"Bag of Marbles":5,"Cracked Core":0,"Toy Ornithopter":4},{"DataDisk":9,"Tiny House":0,"Blue Candle":16,"Pen Nib":9,"Bag of Marbles":16,"Cracked Core":0,"Toy Ornithopter":9}],"Toy Ornithopter":5},"card_choices":[{"not_picked":["Aggregate","Rebound"],"picked":"Doom and Gloom","floor":0},{"not_picked":["Conserve Battery","Hologram"],"picked":"Static Discharge","floor":1},{"not_picked":["Aggregate","Force Field","Steam"],"picked":"SKIP","floor":3},{"not_picked":["Beam Cell","Skim"],"picked":"Undo","floor":4},{"not_picked":["Redo","Streamline"],"picked":"Cold Snap","floor":7},{"not_picked":["Skim","Beam Cell","Cold Snap"],"picked":"SKIP","floor":11},{"not_picked":["Sweeping Beam","Redo"],"picked":"Ball Lightning","floor":13},{"not_picked":["Go for the Eyes","Machine Learning","Rebound"],"picked":"SKIP","floor":14}],"player_experience":1793188,"relics_obtained":[{"floor":7,"key":"Toy Ornithopter"},{"floor":9,"key":"Pen Nib"},{"floor":11,"key":"Bag of Marbles"}],"event_choices":[{"damage_healed":0,"gold_gain":0,"player_choice":"Ignored","damage_taken":0,"max_hp_gain":0,"max_hp_loss":0,"event_name":"Shining Light","floor":5,"gold_loss":0},{"damage_healed":0,"gold_gain":0,"player_choice":"Success","damage_taken":11,"relics_obtained":["DataDisk"],"max_hp_gain":0,"max_hp_loss":0,"event_name":"Scrap Ooze","floor":8,"gold_loss":0},{"damage_healed":0,"gold_gain":0,"player_choice":"Searched \u00273\u0027 times","damage_taken":0,"relics_obtained":["Blue Candle"],"max_hp_gain":0,"max_hp_loss":0,"event_name":"Dead Adventurer","floor":12,"gold_loss":0}],"is_beta":false,"boss_relics":[],"items_purged_floors":[2],"is_endless":false,"potions_floor_spawned":[1,13,14],"killed_by":"The Guardian","ascension_level":20}}