{"host":"c5slkkw8hp42e20v","time":1610882500,"event":{"mods":["AchievementEnabler","BaseMod","Better Note","BetterRewards","Clawfect","Colored Powertips","DeckTracker","Friendly Minions","GifTheSpireLib","Hermit","Highlight Path","Minty Spire (QoL Compilation)","Quick Restart","Rare Cards Sparkle","Replay The Spire","Spicy Shops","StSLib","The Animator","The Hierophant","The Poker Player","????"],"gold_per_floor":[111,123,123,139,149,184,184,202,202,202,202,202,214,245,245,343,343,362,412,412,431,431,431,431,431,431],"floor_reached":25,"language":"ENG","playtime":1023,"items_purged":["Hallucinations","Pain"],"score":386,"play_id":"7cd1160d-635f-4bd1-8a65-b6f66887ae15","local_time":"20210117052140","is_ascension_mode":false,"campfire_choices":[{"floor":10,"key":"REST"},{"floor":12,"key":"REST"},{"floor":15,"key":"REST"},{"floor":24,"key":"REST"}],"circlet_count":0,"master_deck":["Gash+1","Gash","Gash","Gash","Gash","Defend_B","Defend_B","Defend_B+1","Defend_B","Clawfect:Clawline","Hologram","Clawfect:Clawline","Clawfect:ClawpileDriver","Clawfect:Clawter+1","Clawfect:ClawSnap","Clawfect:ClawAndGloom","Clawfect:Clawter+1","ReplayGash","Clawfect:ClawSnap","Hologram","Clawfect:ClawingBeam","Clawfect:ClawForTheEyes","ReplayGash","Rainbow","ReplayGash+1","Enlightenment","Swift Strike+1","ReplaySort","Slice+1","Gash"],"relics":["Clawfect:DRClaw","Dream Catcher","Gremlin Food","Replay:Kaleidoscope","Replay:PocketPolymizer","Quantum Egg","Replay:Grab Bag","ChewingGum","Sozu","Snecko Eye","ReplayTheSpireMod:CursedCoin"],"acts_visited":["Exordium","TheCity"],"potions_floor_usage":[],"damage_taken":[{"damage":0,"enemies":"Cultist","floor":1,"turns":4},{"damage":7,"enemies":"Jaw Worm","floor":2,"turns":5},{"damage":3,"enemies":"Small Slimes","floor":4,"turns":4},{"damage":14,"enemies":"Exordium Wildlife","floor":5,"turns":4},{"damage":19,"enemies":"3 Sentries","floor":6,"turns":6},{"damage":8,"enemies":"Looter","floor":8,"turns":3},{"damage":8,"enemies":"Large Slime","floor":13,"turns":4},{"damage":21,"enemies":"Gremlin Nob","floor":14,"turns":4},{"damage":0,"enemies":"Slime Boss","floor":16,"turns":4},{"damage":29,"enemies":"Shell Parasite","floor":18,"turns":4},{"damage":24,"enemies":"3 Byrds","floor":21,"turns":6},{"damage":25,"enemies":"Snake Plant","floor":25,"turns":2}],"seed_played":"-1181313718422100326","potions_obtained":[{"floor":2,"key":"BlessingOfTheForge"},{"floor":5,"key":"Elixir"},{"floor":6,"key":"SpeedPotion"}],"is_trial":false,"path_per_floor":["M","M","?","M","M","E","?","M","T","R","?","R","M","E","R","B",null,"M","$","?","M","?","?","R","M"],"character_chosen":"DEFECT","items_purchased":["Dream Catcher","Gremlin Food","Clawfect:Clawline","Hologram","ReplayTheSpireMod:CursedCoin"],"campfire_rested":4,"item_purchase_floors":[0,0,0,0,19],"current_hp_per_floor":[75,68,68,65,51,32,32,24,24,46,46,68,60,39,61,61,75,46,46,27,3,3,3,25,0,0],"gold":431,"neow_bonus":"","is_daily":false,"chose_seed":false,"campfire_upgraded":0,"win_rate":0.0,"timestamp":1610882500,"path_taken":["M","M","?","M","M","E","?","?","T","R","?","R","M","E","R","BOSS","M","$","?","M","?","?","R","?"],"items_purchased_type":["Relic","Relic","Card","Card","Relic"],"build_version":"2020-12-22","purchased_purges":2,"victory":false,"max_hp_per_floor":[75,75,75,75,75,75,75,75,75,75,75,75,75,75,75,75,75,75,75,75,75,75,75,75,75,75],"card_choices":[{"not_picked":["Panic Button","Rebound"],"picked":"Clawfect:Clawline","floor":1},{"not_picked":["Coolheaded","Clawfect:Clawline"],"picked":"Clawfect:ClawpileDriver","floor":2},{"not_picked":["Clawfect:Clawline","Leap"],"picked":"Clawfect:ClawSnap","floor":4},{"not_picked":["Clawfect:ClawpileDriver","Conserve Battery"],"picked":"Clawfect:ClawAndGloom","floor":5},{"not_picked":["Clawfect:Clawline","Redo"],"picked":"Clawfect:Clawter","floor":6},{"not_picked":["Clawfect:Clawter","Redo"],"picked":"ReplayGash","floor":8},{"not_picked":["ReplayTheSpireMod:Calculation Training","Conserve Battery"],"picked":"Clawfect:ClawSnap","floor":10},{"not_picked":["Loop","Multi-Cast"],"picked":"Hologram","floor":12},{"not_picked":["Darkness","Steam"],"picked":"Clawfect:ClawingBeam","floor":13},{"not_picked":["Force Field","Genetic Algorithm"],"picked":"Clawfect:ClawForTheEyes","floor":14},{"not_picked":["ReplayTheSpireMod:Repulse","Clawfect:ClawpileDriver"],"picked":"ReplayGash","floor":15},{"not_picked":["Echo Form","Creative AI"],"picked":"Rainbow","floor":16},{"not_picked":["Redo","Conserve Battery"],"picked":"ReplayGash+1","floor":18},{"not_picked":["Redo+1","Steam"],"picked":"ReplaySort","floor":21},{"not_picked":["ReplayGash+1","Steam Power+1"],"picked":"Gash","floor":24}],"player_experience":81143,"relics_obtained":[{"floor":6,"key":"Replay:Kaleidoscope"},{"floor":9,"key":"Replay:PocketPolymizer"},{"floor":14,"key":"Quantum Egg"}],"event_choices":[{"damage_healed":0,"gold_gain":0,"cards_transformed":["Defend_B"],"player_choice":"Change","damage_taken":0,"max_hp_gain":0,"max_hp_loss":0,"event_name":"Living Wall","floor":3,"gold_loss":0,"cards_obtained":["Clawfect:Clawter"]},{"damage_healed":0,"gold_gain":0,"player_choice":"Got Potions","damage_taken":0,"max_hp_gain":0,"max_hp_loss":0,"event_name":"Lab","floor":7,"gold_loss":0},{"damage_healed":0,"gold_gain":0,"player_choice":"CARD CARD ","damage_taken":19,"max_hp_gain":0,"max_hp_loss":0,"event_name":"Knowing Skull","floor":20,"potions_obtained":[],"gold_loss":0,"cards_obtained":["Enlightenment","Swift Strike"]},{"cards_removed":["Slice"],"damage_healed":0,"gold_gain":0,"player_choice":"Take \u0026 Give","damage_taken":0,"max_hp_gain":0,"max_hp_loss":0,"event_name":"betterNote:BetterNote","floor":22,"gold_loss":0,"cards_obtained":["Slice"]}],"is_beta":false,"boss_relics":[{"not_picked":["Empty Cage","Honey Jar"],"picked":"Replay:Grab Bag"},{"not_picked":["ReplayTheSpireMod:DimensionalGlitch","Philosopher\u0027s Stone"],"picked":"ChewingGum"},{"not_picked":["ReplayTheSpireMod:Onyx Gauntlets","Velvet Choker"],"picked":"Sozu"},{"not_picked":["Pandora\u0027s Box","SacredBark"],"picked":"Snecko Eye"}],"items_purged_floors":[0,19],"is_endless":false,"potions_floor_spawned":[2,5,6,14],"killed_by":"Snake Plant","ascension_level":0}}