{"host":"0997y4wz57mwz0jp","time":1610905647,"event":{"mods":["2.2 Compatiblity","AchievementEnabler","BaseMod","CapriCore","Hermit","Koishi","Marisa£¨Ùöéë¡¡Øª×âÞÞ£©","Minty Spire (QoL Compilation)","StSLib","The Cursed","The Dragon Tamer","The Gatherer","The Hierophant","The Immortal"],"gold_per_floor":[116,116,116,136,136,166,166,181,181,210,225,241,256,266,266,369,369,379,16,16,34,52,82,82,96,120,120,138,138,164,183,183,281,281,301,351,365,416,416,416,138,0,0,0,18,32,32,47,47,47],"floor_reached":51,"language":"KOR","playtime":5321,"items_purged":["Regret"],"score":726,"play_id":"a2efd4e5-6c5d-4786-b1a2-29f2dd5a1e7c","local_time":"20210118024727","is_ascension_mode":false,"campfire_choices":[{"data":"Koishi:Prune","floor":7,"key":"SMITH"},{"data":"Koishi:Possession","floor":15,"key":"SMITH"},{"floor":24,"key":"DIG"},{"floor":27,"key":"DIG"},{"floor":29,"key":"DIG"},{"floor":32,"key":"DIG"},{"floor":40,"key":"DIG"},{"floor":44,"key":"DIG"},{"floor":47,"key":"DIG"},{"floor":49,"key":"DIG"}],"circlet_count":0,"master_deck":["Koishi:BasicStrike","Koishi:BasicStrike+1","Koishi:BasicStrike","Koishi:BasicDefend","Koishi:BasicDefend","Koishi:BasicDefend","Koishi:BasicDefend","Koishi:Provoke","Koishi:HauntingSlash","Koishi:CatchAndRose","Koishi:Prune+1","Koishi:FreudianInstinct","Koishi:PredatoryInstincts","Koishi:SubterraneanRose","Koishi:Possession+1","Koishi:Jaunt","Koishi:PhantomBarrier","Koishi:RacingHeart","Koishi:MentalBreakdown","Koishi:UnconsciousUprising","Koishi:DreadfulBlow","Koishi:DNAsFlaw+1","Koishi:JumpScare+1","Koishi:SubconsciousSweep+1","Koishi:LastRemote","Koishi:RoseHell","Koishi:SubconsciousSweep+1","Koishi:IdleWhim","Koishi:PerfectMindControl","Koishi:SubterraneanRose","Koishi:DanmakuParanoia","Koishi:VengefulSpirit","Panacea"],"relics":["Koishi:ImaginaryFriend","NeowsBlessing","Centennial Puzzle","Toy Ornithopter","Eternal Feather","Matryoshka","Art of War","Gremlin Horn","Letter Opener","Koishi:ColorfulDays","Shovel","Boot","White Beast Statue","Ancient Tea Set","The Courier","Happy Flower","Girya","Pantograph","Koishi:AHoleWhereASisterShouldBe","Juzu Bracelet","Busted Crown","Calipers","CatCart","Orichalcum","Lantern","Red Mask","Blue Candle","Bag of Marbles","Whetstone","Bag of Preparation"],"acts_visited":["Exordium","TheCity","TheBeyond"],"potions_floor_usage":[13,13,16,16,18,23,30,30,36,38,45,50,50],"damage_taken":[{"damage":0,"enemies":"2 Louse","floor":1,"turns":1},{"damage":2,"enemies":"Small Slimes","floor":4,"turns":2},{"damage":0,"enemies":"3 Sentries","floor":6,"turns":2},{"damage":6,"enemies":"Jaw Worm","floor":8,"turns":4},{"damage":28,"enemies":"Lagavulin","floor":10,"turns":8},{"damage":10,"enemies":"Exordium Wildlife","floor":11,"turns":4},{"damage":7,"enemies":"Lots of Slimes","floor":12,"turns":5},{"damage":16,"enemies":"Large Slime","floor":13,"turns":7},{"damage":3,"enemies":"Red Slaver","floor":14,"turns":4},{"damage":32,"enemies":"Hexaghost","floor":16,"turns":11},{"damage":7,"enemies":"Shell Parasite","floor":18,"turns":6},{"damage":12,"enemies":"2 Thieves","floor":21,"turns":5},{"damage":27,"enemies":"3 Cultists","floor":22,"turns":5},{"damage":35,"enemies":"Book of Stabbing","floor":23,"turns":6},{"damage":19,"enemies":"Centurion and Healer","floor":25,"turns":5},{"damage":12,"enemies":"Sentry and Sphere","floor":28,"turns":6},{"damage":46,"enemies":"Slavers","floor":30,"turns":4},{"damage":13,"enemies":"3 Cultists","floor":31,"turns":4},{"damage":22,"enemies":"Collector","floor":33,"turns":7},{"damage":7,"enemies":"3 Shapes","floor":35,"turns":2},{"damage":49,"enemies":"Mind Bloom Boss Battle","floor":36,"turns":10},{"damage":8,"enemies":"Orb Walker","floor":37,"turns":3},{"damage":39,"enemies":"Orin","floor":38,"turns":14},{"damage":1,"enemies":"Spire Growth","floor":45,"turns":5},{"damage":5,"enemies":"3 Darklings","floor":46,"turns":4},{"damage":26,"enemies":"Sphere and 2 Shapes","floor":48,"turns":4},{"damage":4,"enemies":"Awakened One","floor":50,"turns":15}],"seed_played":"8787357664697333686","potions_obtained":[{"floor":11,"key":"Block Potion"},{"floor":12,"key":"Regen Potion"},{"floor":13,"key":"BlessingOfTheForge"},{"floor":14,"key":"AttackPotion"},{"floor":16,"key":"Weak Potion"},{"floor":21,"key":"Ancient Potion"},{"floor":25,"key":"Weak Potion"},{"floor":28,"key":"LiquidBronze"},{"floor":30,"key":"SmokeBomb"},{"floor":31,"key":"FairyPotion"},{"floor":33,"key":"BlessingOfTheForge"},{"floor":35,"key":"LiquidMemories"},{"floor":36,"key":"Energy Potion"},{"floor":37,"key":"Regen Potion"},{"floor":38,"key":"AttackPotion"},{"floor":45,"key":"LiquidMemories"},{"floor":48,"key":"PowerPotion"}],"is_trial":false,"path_per_floor":["M","?","?","M","T","E","R","M","T","E","M","M","M","M","R","B",null,"M","$","?","M","M","E","R","M","T","R","M","R","E","M","R","B",null,"M","?","M","?","?","R","$","?","T","R","M","M","R","M","R","B",null],"character_chosen":"KOISHI","items_purchased":["Shovel","Koishi:DreadfulBlow","Lantern","Koishi:VengefulSpirit","Panacea"],"campfire_rested":0,"item_purchase_floors":[19,19,41,41,41],"current_hp_per_floor":[60,60,53,51,51,51,57,53,53,31,31,46,53,54,60,39,60,58,58,58,59,48,29,44,39,39,54,51,60,27,34,52,45,60,60,33,36,18,18,36,36,36,36,54,60,55,60,43,60,56],"gold":47,"neow_bonus":"THREE_ENEMY_KILL","is_daily":false,"chose_seed":false,"campfire_upgraded":2,"win_rate":0.0,"timestamp":1610905647,"path_taken":["M","?","?","?","?","E","R","M","T","E","M","M","?","M","R","BOSS","M","$","?","M","M","E","R","M","T","R","?","R","E","M","R","BOSS","M","?","M","?","?","R","$","?","T","R","M","M","R","M","R","BOSS"],"items_purchased_type":["Relic","Card","Relic","Card","Card"],"build_version":"2020-12-22","purchased_purges":1,"victory":true,"max_hp_per_floor":[60,60,60,60,60,60,60,60,60,60,60,60,60,60,60,60,60,60,60,60,60,60,60,60,60,60,60,60,60,60,60,60,60,60,60,60,60,60,60,60,60,60,60,60,60,60,60,60,60,60],"card_choices":[{"not_picked":["Koishi:UnconsciousUprising","Koishi:HeartfeltFancy"],"picked":"Koishi:CatchAndRose","floor":1},{"not_picked":["Koishi:UnansweredLove","Koishi:PhantomStrike"],"picked":"Koishi:Prune","floor":4},{"not_picked":["Koishi:GeneticsOfTheUnconscious","Koishi:FidgetySnatcher"],"picked":"Koishi:FreudianInstinct","floor":6},{"not_picked":["Koishi:ReflexRadar","Koishi:CatchAndRose"],"picked":"Koishi:PredatoryInstincts","floor":8},{"not_picked":["Koishi:TerrifyingSpectre","Koishi:FleetingPhantom"],"picked":"Koishi:SubterraneanRose","floor":10},{"not_picked":["Koishi:ReflexRadar","Koishi:ParalyzingFear"],"picked":"Koishi:Possession","floor":11},{"not_picked":["Koishi:MassHysteria","Koishi:BloodcurdlingScream"],"picked":"Koishi:Jaunt","floor":12},{"not_picked":["Koishi:Prune","Koishi:FidgetySnatcher"],"picked":"Koishi:PhantomBarrier","floor":13},{"not_picked":["Koishi:Bloodlust","Koishi:UnconsciousUprising"],"picked":"Koishi:RacingHeart","floor":14},{"not_picked":["Koishi:ConfinedInnocent","Koishi:SuperEgo"],"picked":"Koishi:MentalBreakdown","floor":16},{"not_picked":["Koishi:Prune+1","Koishi:ParalyzingFear"],"picked":"Koishi:UnconsciousUprising","floor":18},{"not_picked":["Koishi:PredatoryInstincts","Koishi:ParalyzingFear"],"picked":"Koishi:DNAsFlaw+1","floor":21},{"not_picked":["Koishi:UnansweredLove+1","Koishi:DreadfulBlow"],"picked":"Koishi:JumpScare+1","floor":22},{"not_picked":["Koishi:UnansweredLove","Koishi:DreadfulBlow"],"picked":"Koishi:SubconsciousSweep","floor":23},{"not_picked":["Koishi:MindNumbingTerror","Koishi:CatchAndRose"],"picked":"Koishi:LastRemote","floor":25},{"not_picked":["Koishi:UnseenTerror","Koishi:StingingMind"],"picked":"Koishi:RoseHell","floor":28},{"not_picked":["Koishi:CatchAndRose","Koishi:PhantomBarrier"],"picked":"Koishi:SubconsciousSweep+1","floor":30},{"not_picked":["Koishi:Vanish","Koishi:DreadfulBlow"],"picked":"Koishi:IdleWhim","floor":31},{"not_picked":["Koishi:RollingInRichesHeart","Koishi:FadingMemory"],"picked":"Koishi:PerfectMindControl","floor":33},{"not_picked":["Koishi:ParalyzingFear"],"picked":"SKIP","floor":35},{"not_picked":[],"picked":"Koishi:SubterraneanRose","floor":36},{"not_picked":[],"picked":"Koishi:DanmakuParanoia","floor":37},{"not_picked":["Koishi:FleetingPhantom"],"picked":"SKIP","floor":45},{"not_picked":["Koishi:DanmakuParanoia"],"picked":"SKIP","floor":46},{"not_picked":["Koishi:ReflexRadar"],"picked":"SKIP","floor":48}],"player_experience":108300,"relics_obtained":[{"floor":5,"key":"Eternal Feather"},{"floor":6,"key":"Matryoshka"},{"floor":9,"key":"Art of War"},{"floor":9,"key":"Gremlin Horn"},{"floor":10,"key":"Letter Opener"},{"floor":20,"key":"Boot"},{"floor":23,"key":"White Beast Statue"},{"floor":24,"key":"Ancient Tea Set"},{"floor":26,"key":"The Courier"},{"floor":26,"key":"Happy Flower"},{"floor":27,"key":"Girya"},{"floor":29,"key":"Pantograph"},{"floor":30,"key":"Koishi:AHoleWhereASisterShouldBe"},{"floor":32,"key":"Juzu Bracelet"},{"floor":36,"key":"Calipers"},{"floor":38,"key":"CatCart"},{"floor":40,"key":"Orichalcum"},{"floor":43,"key":"Blue Candle"},{"floor":44,"key":"Bag of Marbles"},{"floor":47,"key":"Whetstone"},{"floor":49,"key":"Bag of Preparation"}],"event_choices":[{"damage_healed":0,"gold_gain":0,"player_choice":"Box","damage_taken":0,"relics_obtained":["Centennial Puzzle"],"max_hp_gain":0,"max_hp_loss":0,"event_name":"Big Fish","floor":2,"gold_loss":0,"cards_obtained":["Regret"]},{"damage_healed":0,"gold_gain":0,"player_choice":"Success","damage_taken":7,"relics_obtained":["Toy Ornithopter"],"max_hp_gain":0,"max_hp_loss":0,"event_name":"Scrap Ooze","floor":3,"gold_loss":0},{"damage_healed":0,"gold_gain":0,"player_choice":"Relic","damage_taken":0,"max_hp_gain":0,"max_hp_loss":0,"event_name":"Wheel of Change","floor":20,"gold_loss":0},{"damage_healed":0,"gold_gain":0,"player_choice":"Fight","damage_taken":0,"max_hp_gain":0,"max_hp_loss":0,"event_name":"MindBloom","floor":36,"gold_loss":0},{"damage_healed":0,"gold_gain":0,"player_choice":"Fight","damage_taken":0,"max_hp_gain":0,"max_hp_loss":0,"event_name":"OrinTheCat","floor":38,"gold_loss":0},{"cards_removed":["Koishi:BasicStrike"],"damage_healed":0,"gold_gain":0,"player_choice":"Removed Attack","damage_taken":0,"max_hp_gain":0,"max_hp_loss":0,"event_name":"Falling","floor":39,"gold_loss":0},{"damage_healed":0,"gold_gain":0,"player_choice":"Paid","damage_taken":0,"relics_obtained":["Red Mask"],"max_hp_gain":0,"max_hp_loss":0,"event_name":"Tomb of Lord Red Mask","floor":42,"gold_loss":138}],"is_beta":false,"boss_relics":[{"not_picked":["Ectoplasm","Runic Dome"],"picked":"Koishi:ColorfulDays"},{"not_picked":["Philosopher\u0027s Stone","SlaversCollar"],"picked":"Busted Crown"}],"items_purged_floors":[41],"is_endless":false,"potions_floor_spawned":[11,12,13,14,16,21,25,28,30,31,33,35,36,37,38,45,46,48],"ascension_level":0}}