{"host":"ovxa65d68iy9l57e","time":1610891383,"event":{"mods":["AchievementEnabler","BaseMod","Better Altar","Better Skull","Better Vampires","Colored Map","Curses Come First","Minty Spire (QoL Compilation)","Relic Stats","StSLib"],"gold_per_floor":[110,120,133,58,78,109,109,109,109,119,119,151,167,186,186,290,290,310,324,324,342,362,362,362,362],"floor_reached":24,"language":"SPA","playtime":1563,"items_purged":["Strike_P"],"score":244,"play_id":"987069c6-e67a-4c70-a684-aa6e608e7ab3","local_time":"20210117144943","is_ascension_mode":true,"campfire_choices":[{"data":"Eruption","floor":7,"key":"SMITH"},{"data":"MentalFortress","floor":11,"key":"SMITH"},{"data":"Ragnarok","floor":15,"key":"SMITH"},{"floor":23,"key":"REST"}],"circlet_count":0,"master_deck":["Strike_P+1","Strike_P","Strike_P","Defend_P+1","Defend_P","Defend_P","Eruption+1","Vigilance","Protect","Consecrate","InnerPeace","SignatureMove","MentalFortress+1","Ragnarok+1","Prostrate","ClearTheMind+1","LessonLearned+1","Meditate+1","Evaluate+1"],"relics":["PureWater","Centennial Puzzle","Blue Candle","Matryoshka","Darkstone Periapt","VioletLotus"],"acts_visited":["Exordium","TheCity"],"potions_floor_usage":[12,12,16,21,22,22,24],"damage_taken":[{"damage":0,"enemies":"Small Slimes","floor":1,"turns":4},{"damage":0,"enemies":"Cultist","floor":2,"turns":2},{"damage":2,"enemies":"2 Louse","floor":3,"turns":3},{"damage":8,"enemies":"Looter","floor":5,"turns":5},{"damage":12,"enemies":"3 Sentries","floor":6,"turns":7},{"damage":5,"enemies":"Exordium Wildlife","floor":10,"turns":2},{"damage":14,"enemies":"Lagavulin","floor":12,"turns":6},{"damage":0,"enemies":"2 Fungi Beasts","floor":13,"turns":2},{"damage":4,"enemies":"Blue Slaver","floor":14,"turns":3},{"damage":16,"enemies":"Hexaghost","floor":16,"turns":7},{"damage":12,"enemies":"2 Thieves","floor":18,"turns":4},{"damage":8,"enemies":"3 Byrds","floor":19,"turns":3},{"damage":21,"enemies":"Snake Plant","floor":21,"turns":3},{"damage":5,"enemies":"3 Cultists","floor":22,"turns":6},{"damage":51,"enemies":"Slavers","floor":24,"turns":6}],"seed_played":"-3417416056688717369","potions_obtained":[{"floor":3,"key":"SpeedPotion"},{"floor":5,"key":"Swift Potion"},{"floor":6,"key":"Ancient Potion"},{"floor":16,"key":"GamblersBrew"},{"floor":20,"key":"Block Potion"},{"floor":20,"key":"BlessingOfTheForge"},{"floor":21,"key":"DistilledChaos"}],"is_trial":false,"path_per_floor":["M","M","M","$","M","E","R","?","T","M","R","E","M","M","R","B",null,"M","M","?","M","M","R","E"],"character_chosen":"WATCHER","items_purchased":[],"campfire_rested":1,"item_purchase_floors":[],"current_hp_per_floor":[72,72,70,70,62,50,50,50,50,45,45,31,31,27,27,11,72,60,52,52,31,26,47,0,0],"gold":362,"neow_bonus":"RANDOM_COMMON_RELIC","is_daily":false,"chose_seed":false,"campfire_upgraded":3,"win_rate":0.0,"timestamp":1610891383,"path_taken":["M","M","M","$","M","E","R","?","T","M","R","E","M","M","R","BOSS","M","M","?","?","?","R","E"],"items_purchased_type":[],"build_version":"2020-12-22","purchased_purges":1,"victory":false,"max_hp_per_floor":[72,72,72,72,72,72,72,72,72,72,72,72,72,72,72,72,72,72,72,72,72,72,72,72,72],"relic_stats":{"Darkstone Periapt":0,"Centennial Puzzle":[36],"counters":[15,63],"Blue Candle":[0],"VioletLotus":[4],"obtain_stats":[{"Darkstone Periapt":12,"Centennial Puzzle":0,"Matryoshka":9,"Blue Candle":6,"VioletLotus":17,"PureWater":0},{"Darkstone Periapt":7,"Centennial Puzzle":0,"Matryoshka":5,"Blue Candle":5,"VioletLotus":10,"PureWater":0},{"Darkstone Periapt":29,"Centennial Puzzle":0,"Matryoshka":21,"Blue Candle":21,"VioletLotus":41,"PureWater":0}]},"card_choices":[{"not_picked":["ReachHeaven","CrushJoints"],"picked":"Protect","floor":1},{"not_picked":["LikeWater","BowlingBash","CrushJoints"],"picked":"SKIP","floor":2},{"not_picked":["Prostrate","SashWhip"],"picked":"Consecrate","floor":3},{"not_picked":["Halt","SignatureMove"],"picked":"InnerPeace","floor":5},{"not_picked":["JustLucky","SandsOfTime","Alpha"],"picked":"SKIP","floor":6},{"not_picked":["CrushJoints","Pray"],"picked":"MentalFortress","floor":10},{"not_picked":["CrushJoints","EmptyBody"],"picked":"Ragnarok","floor":12},{"not_picked":["ClearTheMind","EmptyBody"],"picked":"Prostrate","floor":13},{"not_picked":["PathToVictory","Consecrate"],"picked":"ClearTheMind","floor":14},{"not_picked":["DevaForm","Judgement"],"picked":"LessonLearned","floor":16},{"not_picked":["Adaptation+1","EmptyBody","Consecrate"],"picked":"SKIP","floor":18},{"not_picked":["ThirdEye","FlyingSleeves"],"picked":"Meditate+1","floor":19},{"not_picked":["ThirdEye","Meditate"],"picked":"Evaluate+1","floor":21},{"not_picked":["EmptyBody","Evaluate","MasterReality"],"picked":"SKIP","floor":22}],"player_experience":284558,"relics_obtained":[{"floor":6,"key":"Blue Candle"},{"floor":9,"key":"Matryoshka"},{"floor":12,"key":"Darkstone Periapt"}],"event_choices":[{"damage_healed":0,"gold_gain":0,"cards_transformed":["Defend_P"],"player_choice":"Transformed","damage_taken":0,"max_hp_gain":0,"max_hp_loss":0,"event_name":"Transmorgrifier","floor":8,"gold_loss":0,"cards_obtained":["SignatureMove"]},{"damage_healed":0,"gold_gain":0,"player_choice":"Got Potions","damage_taken":0,"max_hp_gain":0,"max_hp_loss":0,"event_name":"Lab","floor":20,"gold_loss":0}],"is_beta":false,"boss_relics":[{"not_picked":["Cursed Key","Coffee Dripper"],"picked":"VioletLotus"}],"items_purged_floors":[4],"is_endless":false,"potions_floor_spawned":[3,5,6,16,21],"killed_by":"Slavers","ascension_level":3}}