{"host":"x2bb8tnu3h3a650h","time":1610927216,"event":{"mods":["AchievementEnabler","Aspiration","BaseMod","BetterRewards","Colored Map","Conspire","Defuse TimeMaze Blight","Energized Spire","Halation","Hermit","Highlight Path","Hubris","Infinite Spire","Mimic Mod","Minty Spire (QoL Compilation)","Permanent Neow","Rare Cards Sparkle","Replay The Spire","Shop Mod","Spicy Shops","StSLib","The Cursed","The Jungle","Wandering Minibosses","vexMod"],"gold_per_floor":[363,98,98,173,198,239,239,239,239,2,38,88,111,111,111,239,239,239,364,364,379,379,394,394,394],"floor_reached":24,"language":"ENG","playtime":1332,"items_purged":["TheCursedMod:Defend_TheCursed","TheCursedMod:Defend_TheCursed"],"score":300,"play_id":"1ce54052-f30b-4215-93cb-ff981cee08d3","local_time":"20210117234656","is_ascension_mode":false,"campfire_choices":[{"data":"TheCursedMod:ReleasedStrength","floor":7,"key":"SMITH"},{"floor":15,"key":"REST"},{"floor":18,"key":"REST"}],"circlet_count":0,"master_deck":["hubris:Hubris","TheCursedMod:Strike_TheCursed","TheCursedMod:Strike_TheCursed","TheCursedMod:Strike_TheCursed","TheCursedMod:Defend_TheCursed","TheCursedMod:CursedWand","TheCursedMod:CleanUpWorkshop","TheCursedMod:Dregs","TheCursedMod:WearCloak","TheCursedMod:SpreadPlague","Injury","TheCursedMod:WearCloak","TheCursedMod:ReleasedStrength+1","TheCursedMod:CursedBlade","TheCursedMod:RavingStaff","Writhe","TheCursedMod:CursedRelics"],"relics":["TheCursedMod:BlackMagic101","MerchantsRug","Golden Idol","Ornamental Fan","Shuriken","Boot","ReplayTheSpireMod:CursedCoin","Empty Cage"],"acts_visited":["Exordium","TheCity"],"potions_floor_usage":[11,16,23],"damage_taken":[{"damage":2,"enemies":"Small Slimes","floor":1,"turns":5},{"damage":0,"enemies":"Cultist","floor":5,"turns":3},{"damage":26,"enemies":"3 Sentries","floor":6,"turns":14},{"damage":15,"enemies":"Lagavulin","floor":11,"turns":4},{"damage":17,"enemies":"Jaw Worm","floor":13,"turns":4},{"damage":13,"enemies":"Slime Boss","floor":16,"turns":7},{"damage":13,"enemies":"Slime Boss","floor":19,"turns":8},{"damage":17,"enemies":"3 Byrds","floor":21,"turns":5},{"damage":31,"enemies":"2 Thieves","floor":23,"turns":5},{"damage":28,"enemies":"Chosen and Byrds","floor":24,"turns":4}],"seed_played":"3451726292089098236","potions_obtained":[{"floor":6,"key":"Toxic Potion"},{"floor":11,"key":"ColorlessPotion"},{"floor":21,"key":"BlessingOfTheForge"}],"is_trial":false,"path_per_floor":["M","$","?","?","M","E","R","?","T","$","E","$","M","?","R","B",null,"R","B",null,"M","?","M","M"],"character_chosen":"THE_CURSED","items_purchased":["TheCursedMod:SpreadPlague","MerchantsRug","Shuriken","TheCursedMod:CursedBlade","ReplayTheSpireMod:CursedCoin"],"campfire_rested":2,"item_purchase_floors":[2,2,10,10,12],"current_hp_per_floor":[73,73,73,66,66,40,40,40,40,40,25,25,8,33,55,42,42,64,51,75,58,58,27,0,0],"gold":394,"neow_bonus":"TWO_FIFTY_GOLD","is_daily":false,"chose_seed":false,"campfire_upgraded":1,"win_rate":0.0,"timestamp":1610927216,"path_taken":["M","$","?","?","?","E","R","?","T","?","E","$","M","?","R","BOSS","R","BOSS","M","?","M","M"],"items_purchased_type":["Card","Relic","Relic","Card","Relic"],"build_version":"2020-12-22","purchased_purges":2,"victory":false,"max_hp_per_floor":[75,75,75,75,75,75,75,75,75,75,75,75,75,75,75,75,75,75,75,75,75,75,75,75,75],"card_choices":[{"not_picked":["TheCursedMod:SmokeScreen","TheCursedMod:ManaBullet"],"picked":"TheCursedMod:WearCloak","floor":1},{"not_picked":["TheCursedMod:Obscuration","TheCursedMod:PrepareRite"],"picked":"TheCursedMod:WearCloak","floor":5},{"not_picked":["TheCursedMod:Grudge","TheCursedMod:StunningStrike"],"picked":"TheCursedMod:ReleasedStrength","floor":6},{"not_picked":["TheCursedMod:SurpriseAttack","TheCursedMod:BlessingInDisguise"],"picked":"TheCursedMod:RavingStaff","floor":11},{"not_picked":["TheCursedMod:Obscuration","TheCursedMod:TacticalStrike","TheCursedMod:Stretching"],"picked":"SKIP","floor":13},{"not_picked":["TheCursedMod:CollectTribute","TheCursedMod:Neurasthenia"],"picked":"TheCursedMod:CursedRelics","floor":16},{"not_picked":["TheCursedMod:SmokeScreen","TheCursedMod:SoulCrush","TheCursedMod:TacticalStrike+1"],"picked":"SKIP","floor":21},{"not_picked":["TheCursedMod:CursedMace+1","TheCursedMod:SpitefulStrike","TheCursedMod:Stretching"],"picked":"SKIP","floor":23}],"player_experience":548083,"relics_obtained":[{"floor":6,"key":"Ornamental Fan"},{"floor":9,"key":"infinitespire:Beetle Shell"},{"floor":11,"key":"Boot"}],"event_choices":[{"damage_healed":0,"gold_gain":0,"player_choice":"Take Wound","damage_taken":0,"relics_obtained":["Golden Idol"],"max_hp_gain":0,"max_hp_loss":0,"event_name":"Golden Idol","floor":3,"gold_loss":0,"cards_obtained":["Injury"]},{"damage_healed":0,"gold_gain":75,"player_choice":"Touch","damage_taken":7,"max_hp_gain":0,"max_hp_loss":0,"event_name":"FaceTrader","floor":4,"gold_loss":0},{"cards_removed":["Looming Evil"],"damage_healed":0,"gold_gain":0,"player_choice":"Purged","damage_taken":0,"max_hp_gain":0,"max_hp_loss":0,"event_name":"Purifier","floor":8,"gold_loss":0},{"damage_healed":25,"gold_gain":0,"player_choice":"Banana","damage_taken":0,"max_hp_gain":0,"max_hp_loss":0,"event_name":"Big Fish","floor":14,"gold_loss":0}],"is_beta":false,"boss_relics":[{"not_picked":["vexMod:TanglingVine","energizedSpire:SpiderWeb"],"picked":"Empty Cage"},{"not_picked":["Painkiller Herb","halation:Risk","vexMod:MegatonBomb"]}],"items_purged_floors":[2,12],"is_endless":false,"potions_floor_spawned":[6,11,21],"killed_by":"Chosen and Byrds","ascension_level":0}}