{"host":"pfy6u49v5s5r680p","time":1610874746,"event":{"mods":["BaseMod","Colored Map","DeckTracker","Highlight Path","Keyboard Shortcuts","Minty Spire (QoL Compilation)","Permanent Neow","Quick Restart","StSLib","SuperFastMode","everything is the same but u backflip on backflip"],"gold_per_floor":[118,118,67,82,102,127,52,84,84,84,84,100,100,119,119,221,221,239,250,264,283,295,295,7,7,7],"floor_reached":25,"language":"KOR","playtime":683,"items_purged":["Strike_B","Strike_B"],"score":215,"play_id":"15c5c26c-8822-4cfb-9335-91f0377020ef","local_time":"20210117181226","is_ascension_mode":false,"campfire_choices":[{"floor":15.0,"key":"REST"},{"floor":23.0,"key":"REST"}],"circlet_count":0,"master_deck":["Strike_B","Strike_B","Defend_B","Defend_B","Defend_B","Defend_B","Zap","Dualcast","Capacitor","Ball Lightning","Doom and Gloom","Conserve Battery","Electrodynamics","Barrage","Chill","Rainbow","Consume+1","Darkness+1","HandOfGreed"],"relics":["Cracked Core","NeowsBlessing","Anchor","Incense Burner","Question Card","Du-Vu Doll","Sozu"],"acts_visited":["Exordium","TheCity"],"potions_floor_usage":[25],"damage_taken":[{"damage":0.0,"enemies":"2 Louse","floor":1.0,"turns":1.0},{"damage":0.0,"enemies":"Small Slimes","floor":4.0,"turns":1.0},{"damage":0.0,"enemies":"Cultist","floor":5.0,"turns":1.0},{"damage":26.0,"enemies":"3 Sentries","floor":6.0,"turns":6.0},{"damage":21.0,"enemies":"Lagavulin","floor":8.0,"turns":5.0},{"damage":0.0,"enemies":"Lots of Slimes","floor":12.0,"turns":2.0},{"damage":0.0,"enemies":"3 Louse","floor":14.0,"turns":3.0},{"damage":38.0,"enemies":"The Guardian","floor":16.0,"turns":12.0},{"damage":10.0,"enemies":"Spheric Guardian","floor":18.0,"turns":4.0},{"damage":14.0,"enemies":"Chosen","floor":19.0,"turns":6.0},{"damage":11.0,"enemies":"Snake Plant","floor":20.0,"turns":4.0},{"damage":8.0,"enemies":"Snecko","floor":21.0,"turns":5.0},{"damage":18.0,"enemies":"Centurion and Healer","floor":22.0,"turns":6.0},{"damage":37,"enemies":"Book of Stabbing","floor":25,"turns":5}],"seed_played":"-284286386218947279","potions_obtained":[{"floor":1.0,"key":"FearPotion"},{"floor":12.0,"key":"DuplicationPotion"},{"floor":14.0,"key":"SteroidPotion"},{"floor":16.0,"key":"Dexterity Potion"}],"is_trial":false,"path_per_floor":["M","?","$","M","M","E","$","E","T","$","?","M","?","M","R","B",null,"M","M","M","M","M","R","$","E"],"character_chosen":"DEFECT","items_purchased":["Ball Lightning","HandOfGreed"],"campfire_rested":2,"item_purchase_floors":[3,24],"current_hp_per_floor":[75,75,75,75,75,49,49,28,28,28,28,28,28,28,50,12,75,65,51,40,32,14,36,36,0,0],"gold":7,"neow_bonus":"THREE_ENEMY_KILL","is_daily":false,"chose_seed":false,"campfire_upgraded":0,"win_rate":0.0,"timestamp":1610874746,"path_taken":["M","?","$","M","M","E","$","E","T","$","?","M","?","M","R","BOSS","M","?","M","M","M","R","$","E"],"items_purchased_type":["Card","Card"],"build_version":"2020-12-22","purchased_purges":2,"victory":false,"max_hp_per_floor":[75,75,75,75,75,75,75,75,75,75,75,75,75,75,75,75,75,75,75,75,75,75,75,75,75,75],"card_choices":[{"not_picked":["Scrape","Gash"],"picked":"Capacitor","floor":1.0},{"not_picked":["Streamline","Go for the Eyes"],"picked":"Doom and Gloom","floor":4.0},{"not_picked":["Barrage","Conserve Battery","Heatsinks"],"picked":"SKIP","floor":5.0},{"not_picked":["Barrage","Heatsinks"],"picked":"Conserve Battery","floor":5.0},{"not_picked":["BootSequence","Beam Cell"],"picked":"Electrodynamics","floor":6.0},{"not_picked":["Electrodynamics","Hello World"],"picked":"Barrage","floor":8.0},{"not_picked":["Chaos","Beam Cell","Coolheaded"],"picked":"Chill","floor":12.0},{"not_picked":["Sweeping Beam","Stack","Redo","Coolheaded"],"picked":"SKIP","floor":14.0},{"not_picked":["Electrodynamics","Seek","Buffer"],"picked":"Rainbow","floor":16.0},{"not_picked":["BootSequence+1","Skim","Fusion"],"picked":"Consume+1","floor":18.0},{"not_picked":["Fusion","Ball Lightning","Steam"],"picked":"Darkness+1","floor":19.0},{"not_picked":["Cold Snap+1","Compile Driver","Stack+1","Scrape"],"picked":"SKIP","floor":20.0},{"not_picked":["Coolheaded","Scrape+1","Reboot","Go for the Eyes"],"picked":"SKIP","floor":21.0},{"not_picked":["Hello World","Static Discharge","Go for the Eyes","Conserve Battery"],"picked":"SKIP","floor":22.0}],"player_experience":149636,"relics_obtained":[{"floor":6.0,"key":"Anchor"},{"floor":8.0,"key":"Incense Burner"},{"floor":9.0,"key":"Question Card"}],"event_choices":[{"damage_healed":25.0,"max_hp_gain":0.0,"max_hp_loss":0.0,"gold_gain":0.0,"event_name":"Big Fish","player_choice":"Banana","floor":2.0,"gold_loss":0.0,"damage_taken":0.0},{"damage_healed":0.0,"max_hp_gain":0.0,"max_hp_loss":0.0,"gold_gain":0.0,"event_name":"Liars Game","player_choice":"Ignored","floor":11.0,"gold_loss":0.0,"damage_taken":0.0},{"damage_healed":0.0,"max_hp_gain":0.0,"max_hp_loss":0.0,"gold_gain":0.0,"event_name":"WeMeetAgain","player_choice":"Gave Potion","floor":13.0,"gold_loss":0.0,"damage_taken":0.0,"relics_obtained":["Du-Vu Doll"]}],"is_beta":false,"boss_relics":[{"not_picked":["Velvet Choker","Runic Dome"],"picked":"Sozu"}],"items_purged_floors":[7,24],"is_endless":false,"potions_floor_spawned":[1,12,14,16,20],"killed_by":"Book of Stabbing","ascension_level":0}}