{"host":"aqym1xxr3lb31d9m","time":1610912913,"event":{"mods":["BaseMod","Block Reminder","Colored Map","Colored Powertips","DeckTracker","Highlight Path","Minty Spire (QoL Compilation)","Quick Restart","Random Character Button","StSLib","SuperFastMode","UnlockEverythingMod"],"gold_per_floor":[111,111,111,111,131,131,156,156,235,253,218,254,287,35,35,128,128,146,146,146,159,184,184,223,223,223,50,50,84,100,153,153,243,543,566,899,924,942,942,967,967,967,967],"floor_reached":42,"language":"JPN","playtime":2350,"items_purged":[],"score":945,"play_id":"cc6afd22-f249-4b58-8919-13ed78d92768","local_time":"20210118044833","is_ascension_mode":true,"campfire_choices":[{"data":"Dagger Spray","floor":6.0,"key":"SMITH"},{"data":"Neutralize","floor":8.0,"key":"SMITH"},{"floor":15.0,"key":"REST"},{"floor":23.0,"key":"RECALL"},{"floor":25.0,"key":"DIG"},{"floor":28.0,"key":"REST"},{"floor":32.0,"key":"REST"},{"floor":41.0,"key":"DIG"}],"circlet_count":0,"master_deck":["AscendersBane","Strike_G","Strike_G","Strike_G","Strike_G","Defend_G","Defend_G","Defend_G","Defend_G","Survivor","Neutralize+1","Calculated Gamble","Dagger Spray+1","Dagger Spray","Footwork","Dagger Throw","Deadly Poison","Dash","Adrenaline","Blur","Well Laid Plans+1","A Thousand Cuts+1","Dodge and Roll","Terror+1","Masterful Stab","Outmaneuver","Footwork+1","Venomology","CurseOfTheBell","Underhanded Strike+1","Night Terror","Grand Finale"],"relics":["Ring of the Snake","Matryoshka","Odd Mushroom","Frozen Egg 2","Bronze Scales","Fusion Hammer","Shovel","Lantern","Ninja Scroll","Ice Cream","Centennial Puzzle","Mercury Hourglass","Potion Belt","Blood Vial","Calling Bell","Toy Ornithopter","HornCleat","Old Coin","Unceasing Top","Dream Catcher","Gambling Chip"],"acts_visited":[],"potions_floor_usage":[],"damage_taken":[{"damage":8.0,"enemies":"Cultist","floor":1.0,"turns":5.0},{"damage":3.0,"enemies":"Small Slimes","floor":5.0,"turns":6.0},{"damage":4.0,"enemies":"Jaw Worm","floor":7.0,"turns":7.0},{"damage":15.0,"enemies":"Exordium Wildlife","floor":10.0,"turns":4.0},{"damage":0.0,"enemies":"The Mushroom Lair","floor":12.0,"turns":3.0},{"damage":25.0,"enemies":"3 Sentries","floor":13.0,"turns":6.0},{"damage":26.0,"enemies":"Hexaghost","floor":16.0,"turns":11.0},{"damage":1.0,"enemies":"3 Byrds","floor":18.0,"turns":4.0},{"damage":3.0,"enemies":"Spheric Guardian","floor":21.0,"turns":6.0},{"damage":2.0,"enemies":"Snake Plant","floor":22.0,"turns":5.0},{"damage":29.0,"enemies":"Slavers","floor":24.0,"turns":4.0},{"damage":17.0,"enemies":"Gremlin Leader","floor":29.0,"turns":5.0},{"damage":3.0,"enemies":"3 Cultists","floor":30.0,"turns":4.0},{"damage":11.0,"enemies":"Champ","floor":33.0,"turns":16.0},{"damage":8.0,"enemies":"3 Darklings","floor":35.0,"turns":5.0},{"damage":0.0,"enemies":"Mind Bloom Boss Battle","floor":37.0,"turns":7.0},{"damage":0.0,"enemies":"3 Shapes","floor":38.0,"turns":8.0},{"damage":103.0,"enemies":"Giant Head","floor":40.0,"turns":9.0}],"seed_played":"5930828710132262850","potions_obtained":[{"floor":5.0,"key":"LiquidBronze"},{"floor":7.0,"key":"FairyPotion"},{"floor":13.0,"key":"Strength Potion"},{"floor":16.0,"key":"SpeedPotion"},{"floor":18.0,"key":"BlessingOfTheForge"},{"floor":33.0,"key":"FearPotion"},{"floor":38.0,"key":"CunningPotion"}],"is_trial":false,"path_per_floor":["M","$","?","?","M","R","M","R","T","M","?","?","E","$","R","B",null,"M","?","?","M","M","R","E","R","T","$","R","E","M","T","R","B",null,"M","?","?","M","?","E","R","$"],"character_chosen":"THE_SILENT","items_purchased":["Bronze Scales","Dash","Centennial Puzzle"],"campfire_rested":3,"item_purchase_floors":[14,14,27],"current_hp_per_floor":[36,36,36,36,33,33,29,29,29,14,29,29,4,4,22,18,50,49,49,49,46,44,44,15,15,15,15,33,16,13,13,31,22,51,45,45,47,49,49,18,18,18,18],"gold":967,"neow_bonus":"REMOVE_TWO","is_daily":false,"chose_seed":false,"campfire_upgraded":2,"win_rate":0.0,"timestamp":1610912913,"path_taken":["M","?","?","?","M","R","M","R","T","?","?","?","E","?","R","BOSS","M","?","?","M","?","R","E","R","T","$","R","E","M","?","R","BOSS","M","?","?","M","?","E","R","$"],"items_purchased_type":["Relic","Card","Relic"],"build_version":"2020-12-22","purchased_purges":0,"victory":false,"max_hp_per_floor":[66,66,60,60,60,60,60,60,60,60,60,60,60,60,60,60,60,60,60,60,60,60,60,60,60,60,60,60,60,60,60,60,60,60,60,60,60,60,60,60,60,60,60],"card_choices":[{"not_picked":["Deflect","Blade Dance"],"picked":"Calculated Gamble","floor":1.0},{"not_picked":["Bane","Poisoned Stab"],"picked":"Dagger Spray","floor":5.0},{"not_picked":["Quick Slash","Underhanded Strike"],"picked":"Dagger Spray","floor":7.0},{"not_picked":["Blur","Deflect"],"picked":"Footwork","floor":10.0},{"not_picked":["Expertise","Dodge and Roll"],"picked":"Dagger Throw","floor":12.0},{"not_picked":["Calculated Gamble","Expertise"],"picked":"Deadly Poison","floor":13.0},{"not_picked":["Tools of the Trade+1","Malaise"],"picked":"Adrenaline","floor":16.0},{"not_picked":["Accuracy+1","Quick Slash"],"picked":"Blur","floor":18.0},{"not_picked":["Accuracy+1","Outmaneuver"],"picked":"Dodge and Roll","floor":21.0},{"not_picked":["Escape Plan+1","Acrobatics"],"picked":"Terror+1","floor":22.0},{"not_picked":["Underhanded Strike","Cloak And Dagger"],"picked":"Masterful Stab","floor":24.0},{"not_picked":["Cloak And Dagger","Underhanded Strike"],"picked":"Outmaneuver","floor":29.0},{"not_picked":["Concentrate","Escape Plan+1"],"picked":"Footwork+1","floor":30.0},{"not_picked":["Adrenaline","Grand Finale"],"picked":"Venomology","floor":33.0},{"not_picked":["Riddle With Holes","Flying Knee"],"picked":"Underhanded Strike+1","floor":35.0},{"not_picked":["Outmaneuver","Sucker Punch"],"picked":"Night Terror","floor":38.0},{"not_picked":["Blade Dance+1","Poisoned Stab"],"picked":"Grand Finale","floor":40.0}],"player_experience":3900718,"relics_obtained":[{"floor":9.0,"key":"Matryoshka"},{"floor":12.0,"key":"Odd Mushroom"},{"floor":13.0,"key":"Frozen Egg 2"},{"floor":24.0,"key":"Shovel"},{"floor":25.0,"key":"Lantern"},{"floor":26.0,"key":"Ninja Scroll"},{"floor":26.0,"key":"Ice Cream"},{"floor":29.0,"key":"Mercury Hourglass"},{"floor":31.0,"key":"Potion Belt"},{"floor":31.0,"key":"Blood Vial"},{"floor":34.0,"key":"Toy Ornithopter"},{"floor":34.0,"key":"HornCleat"},{"floor":34.0,"key":"Old Coin"},{"floor":37.0,"key":"Unceasing Top"},{"floor":40.0,"key":"Dream Catcher"},{"floor":41.0,"key":"Gambling Chip"}],"event_choices":[{"damage_healed":0.0,"max_hp_gain":0.0,"max_hp_loss":6.0,"gold_gain":0.0,"event_name":"Golden Idol","player_choice":"Lose Max HP","floor":3.0,"gold_loss":0.0,"damage_taken":0.0,"relics_obtained":["Golden Idol"]},{"damage_healed":0.0,"max_hp_gain":0.0,"max_hp_loss":0.0,"gold_gain":0.0,"event_name":"Liars Game","player_choice":"Ignored","floor":4.0,"gold_loss":0.0,"damage_taken":0.0},{"damage_healed":15.0,"max_hp_gain":0.0,"max_hp_loss":0.0,"gold_gain":0.0,"event_name":"The Cleric","player_choice":"Healed","floor":11.0,"gold_loss":35.0,"damage_taken":0.0},{"damage_healed":0.0,"max_hp_gain":0.0,"max_hp_loss":0.0,"gold_gain":0.0,"event_name":"Mushrooms","player_choice":"Fought Mushrooms","floor":12.0,"gold_loss":0.0,"damage_taken":0.0},{"damage_healed":0.0,"max_hp_gain":0.0,"max_hp_loss":0.0,"gold_gain":0.0,"event_name":"The Library","player_choice":"Read","floor":19.0,"gold_loss":0.0,"damage_taken":0.0,"cards_obtained":["Well Laid Plans"]},{"damage_healed":0.0,"max_hp_gain":0.0,"max_hp_loss":0.0,"gold_gain":0.0,"event_name":"Match and Keep!","player_choice":"1 cards matched","floor":20.0,"gold_loss":0.0,"damage_taken":0.0,"cards_obtained":["A Thousand Cuts"]},{"damage_healed":0.0,"max_hp_gain":0.0,"max_hp_loss":0.0,"gold_gain":333.0,"event_name":"The Moai Head","player_choice":"Gave Idol","floor":36.0,"relics_lost":["Golden Idol"],"gold_loss":0.0,"damage_taken":0.0},{"damage_healed":0.0,"max_hp_gain":0.0,"max_hp_loss":0.0,"gold_gain":0.0,"event_name":"MindBloom","player_choice":"Fight","floor":37.0,"gold_loss":0.0,"damage_taken":0.0},{"damage_healed":0.0,"max_hp_gain":0.0,"max_hp_loss":0.0,"gold_gain":0.0,"event_name":"Mysterious Sphere","player_choice":"Ignored","floor":39.0,"gold_loss":0.0,"damage_taken":0.0}],"is_beta":false,"boss_relics":[{"not_picked":["Runic Dome","Ectoplasm"],"picked":"Fusion Hammer"},{"not_picked":["Snecko Eye","SlaversCollar"],"picked":"Calling Bell"}],"items_purged_floors":[],"is_endless":false,"potions_floor_spawned":[5,7,13,16,18,21,33,38],"ascension_level":20}}