{"host":"ooy9sn8qgs7oliwr","time":1610895664,"event":{"mods":["ATMod(阿瑾Mod)","Act Like it!","BaseMod","BetterRewards","Minty Spire (QoL Compilation)","Pale of the Ancients","Prisma Mod","Remilia_Scarlet Moed（蕾米莉亚・斯卡雷特）3.3.5","Replay The Spire","RumiaBox-露米娅的神秘盒子","StSLib","The Alterego","The Jungle","Yakumo Yukari mod","【遗物卡牌】REMEMod"],"gold_per_floor":[366,366,376,651,664,692,692,719,744,744,744,744,207,264,264,385,385,398,398,435,111,187,187,251,251,251,251,275,438,353,359,359],"floor_reached":31,"language":"ZHS","playtime":1250,"items_purged":["Regret","Strike_B"],"score":353,"play_id":"0ad2ed30-3f50-42db-93e2-c01eefc7bc80","local_time":"20210117230104","is_ascension_mode":true,"campfire_choices":[{"floor":7.0,"key":"REST"},{"floor":10.0,"key":"REST"},{"data":"ReplayGash","floor":12.0,"key":"SMITH"},{"floor":23.0,"key":"REST"},{"floor":25,"key":"REST"},{"data":"Fusion","floor":27,"key":"SMITH"}],"circlet_count":0,"master_deck":["Strike_B","Strike_B","Defend_B+1","Defend_B","Defend_B","Zap","Dualcast","D_absorption_purple+1","AT_ThunderBolt","ReplayGash+1","Ball Lightning+1","AT_ThreeBodyProblem+1","Rebound+1","Crystallizer","Fusion+1","Defragment","FIFO Queue"],"relics":["Cracked Core","AT_ATBox","REME_ComplimentaryCards","Replay:Wax Seal","War Paint","Replay:Mystery Machine","AT_MibuBalloonWealth","ReplayTheSpireMod:Ninjato","Replay:Antivirus Software","Empty Cage","Replay:Bandana","Kunai","Shuriken","AT_BellDemon","MagicDraw4","Smiling Mask"],"acts_visited":["Exordium","TheCity"],"potions_floor_usage":[24,24,31],"damage_taken":[{"damage":0.0,"enemies":"Jaw Worm","floor":1.0,"turns":4.0},{"damage":1.0,"enemies":"Cultist","floor":3.0,"turns":3.0},{"damage":5.0,"enemies":"2 Louse","floor":5.0,"turns":2.0},{"damage":42.0,"enemies":"3 Sentries","floor":6.0,"turns":7.0},{"damage":20.0,"enemies":"Lagavulin","floor":8.0,"turns":7.0},{"damage":0.0,"enemies":"Gremlin Nob","floor":14.0,"turns":4.0},{"damage":17.0,"enemies":"The Guardian","floor":16.0,"turns":10.0},{"damage":25.0,"enemies":"2 Thieves","floor":18.0,"turns":4.0},{"damage":8.0,"enemies":"Spheric Guardian","floor":20.0,"turns":5.0},{"damage":12.0,"enemies":"Centurion and Healer","floor":22.0,"turns":6.0},{"damage":33,"enemies":"Replay:Snechameleon","floor":24,"turns":6},{"damage":19,"enemies":"Gremlin Leader","floor":29,"turns":7},{"damage":34,"enemies":"REME_1_Revenger","floor":31,"turns":4}],"seed_played":"-8828634233111426729","potions_obtained":[{"floor":1.0,"key":"PotionOfCapacity"},{"floor":3.0,"key":"SpeedPotion"},{"floor":8.0,"key":"SteroidPotion"},{"floor":18.0,"key":"Block Potion"},{"floor":22.0,"key":"Adrenaline Potion"},{"floor":24,"key":"Weak Potion"},{"floor":29,"key":"Energy Potion"}],"is_trial":false,"path_per_floor":["M","?","M","?","M","E","R","E","T","R","?","R","$","E","R","B",null,"M","?","M","$","M","R","E","R","T","R","T","E","?","E"],"character_chosen":"DEFECT","items_purchased":["AT_ThreeBodyProblem+1","AT_MibuBalloonWealth","ReplayTheSpireMod:Ninjato","Replay:Bandana","Crystallizer"],"campfire_rested":4,"item_purchase_floors":[13,13,13,21,21],"current_hp_per_floor":[75,75,74,74,69,27,49,29,29,51,51,51,51,51,73,56,75,50,50,42,42,30,52,19,41,41,41,41,22,22,0,0],"gold":359,"neow_bonus":"TWO_FIFTY_GOLD","is_daily":false,"chose_seed":false,"campfire_upgraded":2,"win_rate":0.0,"timestamp":1610895664,"path_taken":["M","?","M","?","?","E","R","E","T","R","?","R","$","E","R","BOSS","M","?","?","$","M","R","E","R","T","R","?","E","?","E"],"items_purchased_type":["Card","Relic","Relic","Relic","Card"],"build_version":"2020-12-22","purchased_purges":2,"victory":false,"max_hp_per_floor":[75,75,75,75,75,75,75,75,75,75,75,75,75,75,75,75,75,75,75,75,75,75,75,75,75,75,75,75,75,75,75,75],"card_choices":[{"not_picked":["Sweeping Beam","Streamline"],"picked":"AT_ThunderBolt","floor":1.0},{"not_picked":["BasicCrystalCard","Ball Lightning"],"picked":"ReplayGash","floor":3.0},{"not_picked":["ReplayTheSpireMod:GoodbyeWorld","Conserve Battery"],"picked":"Ball Lightning","floor":5.0},{"not_picked":["AT_HeatAcrobatics","ReplayRNGCard","Leap"],"picked":"SKIP","floor":6.0},{"not_picked":["Static Discharge","Ball Lightning","Redo"],"picked":"SKIP","floor":8.0},{"not_picked":["Chill","Hologram","Mirror Shield"],"picked":"SKIP","floor":14.0},{"not_picked":["ReplayTheSpireMod:System Scan","Go for the Eyes+1","FTL"],"picked":"SKIP","floor":18.0},{"not_picked":["Streamline+1","Steam Power+1"],"picked":"Rebound+1","floor":20.0},{"not_picked":["Hologram+1","Compile Driver"],"picked":"Fusion","floor":22.0},{"not_picked":["Go for the Eyes","ReplayTheSpireMod:GoodbyeWorld"],"picked":"Defragment","floor":24},{"not_picked":["FTL","Leap+1"],"picked":"FIFO Queue","floor":29}],"player_experience":23766,"relics_obtained":[{"floor":6.0,"key":"Replay:Wax Seal"},{"floor":8.0,"key":"War Paint"},{"floor":9.0,"key":"Replay:Mystery Machine"},{"floor":14.0,"key":"Replay:Antivirus Software"},{"floor":24,"key":"Kunai"},{"floor":26,"key":"Shuriken"},{"floor":28,"key":"AT_BellDemon"},{"floor":29,"key":"MagicDraw4"}],"event_choices":[{"damage_healed":0.0,"max_hp_gain":0.0,"max_hp_loss":0.0,"gold_gain":275.0,"event_name":"Golden Shrine","player_choice":"Desecrate","floor":4.0,"gold_loss":0.0,"damage_taken":0.0,"cards_obtained":["Regret"]},{"damage_healed":0.0,"max_hp_gain":0.0,"max_hp_loss":0.0,"gold_gain":0.0,"event_name":"Liars Game","player_choice":"Ignored","floor":11.0,"gold_loss":0.0,"damage_taken":0.0},{"damage_healed":0.0,"max_hp_gain":0.0,"max_hp_loss":0.0,"gold_gain":0.0,"event_name":"Lab","player_choice":"Got Potions","floor":19.0,"gold_loss":0.0,"damage_taken":0.0},{"damage_healed":0,"gold_gain":0,"player_choice":"Obtained Relic","damage_taken":0,"relics_obtained":["Smiling Mask"],"max_hp_gain":0,"max_hp_loss":0,"event_name":"Addict","floor":30,"gold_loss":85}],"is_beta":false,"boss_relics":[{"not_picked":["Runic Pyramid","Sozu"],"picked":"Empty Cage"}],"items_purged_floors":[13,21],"is_endless":false,"potions_floor_spawned":[1,3,8,14,18,22,24,29],"killed_by":"REME_1_Revenger","ascension_level":1}}