{"host":"1c17lcvl7acx821p","time":1610886828,"event":{"mods":["AchievementEnabler","BaseMod","Colored Map","Minty Spire (QoL Compilation)","StSLib"],"gold_per_floor":[119,134,151,169,169,169,188,222,247,247,266,301,326,357,357,476,476,517,399,418,18,61,61,79,148,174,174,89,14,14,58,58,207,207,262,262,281,614,633,695,695,695,721,721,721,765,826,838,838,838,838],"floor_reached":50,"language":"ENG","playtime":2967,"items_purged":["Strike_P","Strike_P"],"score":759,"play_id":"19d28385-581d-4b55-b665-792532d66616","local_time":"20210117143348","is_ascension_mode":true,"campfire_choices":[{"data":"Eruption","floor":6.0,"key":"SMITH"},{"data":"MentalFortress","floor":10.0,"key":"SMITH"},{"floor":15.0,"key":"REST"},{"data":"Tantrum","floor":23.0,"key":"SMITH"},{"data":"Wish","floor":27.0,"key":"SMITH"},{"data":"MentalFortress","floor":30.0,"key":"SMITH"},{"data":"Nirvana","floor":32.0,"key":"SMITH"},{"data":"Vault","floor":41,"key":"SMITH"},{"data":"Mayhem","floor":45,"key":"SMITH"},{"data":"Fasting2","floor":49,"key":"SMITH"}],"circlet_count":0,"master_deck":["Strike_P+1","Defend_P","Defend_P","Defend_P","Eruption+1","Vigilance","FearNoEvil","CutThroughFate","Fasting2+1","MentalFortress+1","Nirvana+1","TalkToTheHand+1","SandsOfTime","ThirdEye","Wish+1","EmptyFist+1","Tantrum+1","Wallop+1","MentalFortress+1","EmptyMind+1","EmptyBody","Ragnarok","FlurryOfBlows+1","Vault+1","Trip","Panacea","Mayhem+1","FlurryOfBlows"],"relics":["PureWater","Eternal Feather","Omamori","Smiling Mask","Boot","VioletLotus","Mummified Hand","InkBottle","Blood Vial","Shuriken","Whetstone","Runic Pyramid","Yang","Bottled Lightning"],"acts_visited":["Exordium","TheCity","TheBeyond"],"potions_floor_usage":[40,40,48,50,50],"damage_taken":[{"damage":0.0,"enemies":"Cultist","floor":1.0,"turns":3.0},{"damage":7.0,"enemies":"Jaw Worm","floor":2.0,"turns":3.0},{"damage":6.0,"enemies":"Small Slimes","floor":3.0,"turns":4.0},{"damage":6.0,"enemies":"Blue Slaver","floor":4.0,"turns":6.0},{"damage":5.0,"enemies":"Exordium Wildlife","floor":7.0,"turns":3.0},{"damage":12.0,"enemies":"3 Sentries","floor":8.0,"turns":5.0},{"damage":19.0,"enemies":"3 Louse","floor":11.0,"turns":5.0},{"damage":20.0,"enemies":"Gremlin Nob","floor":12.0,"turns":5.0},{"damage":12.0,"enemies":"Large Slime","floor":13.0,"turns":3.0},{"damage":0.0,"enemies":"3 Sentries","floor":14.0,"turns":8.0},{"damage":24.0,"enemies":"Slime Boss","floor":16.0,"turns":6.0},{"damage":30.0,"enemies":"Spheric Guardian","floor":18.0,"turns":7.0},{"damage":17.0,"enemies":"3 Byrds","floor":20.0,"turns":3.0},{"damage":0.0,"enemies":"Snecko","floor":22.0,"turns":4.0},{"damage":6.0,"enemies":"Cultist and Chosen","floor":24.0,"turns":4.0},{"damage":17.0,"enemies":"Slavers","floor":25.0,"turns":6.0},{"damage":0.0,"enemies":"Gremlin Leader","floor":31.0,"turns":6.0},{"damage":45.0,"enemies":"Champ","floor":33.0,"turns":12.0},{"damage":0,"enemies":"3 Darklings","floor":35,"turns":5},{"damage":0,"enemies":"Orb Walker","floor":37,"turns":2},{"damage":0,"enemies":"Writhing Mass","floor":39,"turns":3},{"damage":41,"enemies":"Reptomancer","floor":40,"turns":7},{"damage":0,"enemies":"Maw","floor":46,"turns":4},{"damage":6,"enemies":"Nemesis","floor":47,"turns":6},{"damage":8,"enemies":"Sphere and 2 Shapes","floor":48,"turns":3},{"damage":84,"enemies":"Time Eater","floor":50,"turns":7}],"seed_played":"6539525324104272154","potions_obtained":[{"floor":2.0,"key":"Strength Potion"},{"floor":3.0,"key":"Ancient Potion"},{"floor":8.0,"key":"Weak Potion"},{"floor":11.0,"key":"BlessingOfTheForge"},{"floor":13.0,"key":"SpeedPotion"},{"floor":20.0,"key":"Fire Potion"},{"floor":24.0,"key":"Fruit Juice"},{"floor":33.0,"key":"GamblersBrew"},{"floor":37,"key":"SkillPotion"},{"floor":46,"key":"EntropicBrew"},{"floor":47,"key":"Swift Potion"},{"floor":48,"key":"Energy Potion"}],"is_trial":false,"path_per_floor":["M","M","M","M","?","R","M","E","T","R","M","E","M","E","R","B",null,"M","$","M","$","M","R","M","E","T","R","?","?","R","E","R","B",null,"M","?","M","?","M","E","R","?","T","?","R","M","E","M","R","B"],"character_chosen":"WATCHER","items_purchased":["Tantrum","MentalFortress","Mummified Hand","SteroidPotion"],"campfire_rested":1,"item_purchase_floors":[19,21,21,21],"current_hp_per_floor":[79,72,66,60,60,60,55,43,43,52,33,13,1,1,31,7,73,43,43,26,26,26,38,32,15,15,27,27,27,39,41,53,10,73,73,73,73,73,73,32,47,37,37,37,52,54,50,49,64,0,0],"gold":838,"neow_bonus":"TEN_PERCENT_HP_BONUS","is_daily":false,"chose_seed":false,"campfire_upgraded":9,"win_rate":0.0,"timestamp":1610886828,"path_taken":["M","M","?","M","?","R","M","E","T","R","M","E","M","E","R","BOSS","M","$","M","$","M","R","M","E","T","R","?","?","R","E","R","BOSS","M","?","M","?","M","E","R","?","T","?","R","M","E","?","R","BOSS"],"items_purchased_type":["Card","Card","Relic","Potion"],"build_version":"2020-12-22","purchased_purges":2,"victory":false,"max_hp_per_floor":[79,79,79,79,73,73,73,73,73,73,73,73,73,73,73,73,73,73,73,73,73,73,73,73,73,73,73,73,73,73,73,73,73,73,73,73,73,73,73,73,73,73,73,73,73,73,73,78,78,78,78],"card_choices":[{"not_picked":["Evaluate","InnerPeace"],"picked":"FearNoEvil","floor":1.0},{"not_picked":["ThirdEye","FollowUp"],"picked":"CutThroughFate","floor":2.0},{"not_picked":["Prostrate","Establishment"],"picked":"Fasting2","floor":3.0},{"not_picked":["ForeignInfluence","WaveOfTheHand"],"picked":"MentalFortress","floor":4.0},{"not_picked":["Protect","CrushJoints"],"picked":"Nirvana","floor":7.0},{"not_picked":["FlyingSleeves","WheelKick","ClearTheMind"],"picked":"SKIP","floor":8.0},{"not_picked":["Consecrate","ClearTheMind"],"picked":"TalkToTheHand","floor":11.0},{"not_picked":["FearNoEvil","Prostrate"],"picked":"SandsOfTime","floor":12.0},{"not_picked":["CarveReality","ClearTheMind"],"picked":"ThirdEye","floor":13.0},{"not_picked":["Meditate","ClearTheMind","CarveReality"],"picked":"SKIP","floor":14.0},{"not_picked":["ConjureBlade","MasterReality"],"picked":"Wish","floor":16.0},{"not_picked":["WreathOfFlame","FlurryOfBlows+1"],"picked":"EmptyFist+1","floor":18.0},{"not_picked":["EmptyBody+1","Halt"],"picked":"Wallop+1","floor":20.0},{"not_picked":["Indignation","SandsOfTime+1"],"picked":"EmptyMind+1","floor":22.0},{"not_picked":["PathToVictory","Swivel+1","InnerPeace"],"picked":"SKIP","floor":24.0},{"not_picked":["Perseverance","Crescendo"],"picked":"EmptyBody","floor":25.0},{"not_picked":["EmptyFist","ReachHeaven","BowlingBash"],"picked":"SKIP","floor":31.0},{"not_picked":["Blasphemy","Vault"],"picked":"Ragnarok","floor":33.0},{"not_picked":["CutThroughFate","BattleHymn+1"],"picked":"FlurryOfBlows+1","floor":35},{"not_picked":["Consecrate+1","Crescendo","WheelKick"],"picked":"SKIP","floor":37},{"not_picked":["EmptyBody+1","ClearTheMind+1","WreathOfFlame"],"picked":"SKIP","floor":39},{"not_picked":["FearNoEvil","FlyingSleeves+1"],"picked":"Vault","floor":40},{"not_picked":["Thinking Ahead","Metamorphosis"],"picked":"Trip","floor":42},{"not_picked":["Transmutation","Sadistic Nature"],"picked":"Panacea","floor":42},{"not_picked":["Jack Of All Trades","Swift Strike"],"picked":"Mayhem","floor":42},{"not_picked":["EmptyFist","PathToVictory","BattleHymn+1"],"picked":"SKIP","floor":46},{"not_picked":["CrushJoints","BowlingBash","WreathOfFlame+1"],"picked":"SKIP","floor":47},{"not_picked":["CutThroughFate","WreathOfFlame+1"],"picked":"FlurryOfBlows","floor":48}],"player_experience":109504,"relics_obtained":[{"floor":8.0,"key":"Eternal Feather"},{"floor":9.0,"key":"Omamori"},{"floor":12.0,"key":"Smiling Mask"},{"floor":14.0,"key":"Boot"},{"floor":25.0,"key":"InkBottle"},{"floor":26.0,"key":"Blood Vial"},{"floor":31.0,"key":"Whetstone"},{"floor":40,"key":"Yang"},{"floor":47,"key":"Bottled Lightning"}],"event_choices":[{"damage_healed":0.0,"max_hp_gain":0.0,"max_hp_loss":6.0,"gold_gain":0.0,"event_name":"Golden Idol","player_choice":"Lose Max HP","floor":5.0,"gold_loss":0.0,"damage_taken":0.0,"relics_obtained":["Golden Idol"]},{"damage_healed":0.0,"max_hp_gain":0.0,"max_hp_loss":0.0,"gold_gain":0.0,"event_name":"Addict","player_choice":"Obtained Relic","floor":28.0,"gold_loss":85.0,"damage_taken":0.0,"relics_obtained":["Shuriken"]},{"cards_removed":["Strike_P"],"damage_healed":0.0,"max_hp_gain":0.0,"max_hp_loss":0.0,"gold_gain":0.0,"event_name":"Beggar","player_choice":"Gave Gold","floor":29.0,"gold_loss":75.0,"damage_taken":0.0},{"damage_healed":0,"gold_gain":0,"player_choice":"Ignored","damage_taken":0,"max_hp_gain":0,"max_hp_loss":0,"event_name":"Tomb of Lord Red Mask","floor":36,"gold_loss":0},{"damage_healed":0,"gold_gain":333,"player_choice":"Gave Idol","damage_taken":0,"max_hp_gain":0,"max_hp_loss":0,"event_name":"The Moai Head","floor":38,"relics_lost":["Golden Idol"],"gold_loss":0},{"damage_healed":0,"gold_gain":0,"player_choice":"Memory 3","damage_taken":10,"max_hp_gain":0,"max_hp_loss":0,"event_name":"SensoryStone","floor":42,"gold_loss":0},{"cards_removed":["Defend_P"],"damage_healed":0,"gold_gain":0,"player_choice":"Removed Skill","damage_taken":0,"max_hp_gain":0,"max_hp_loss":0,"event_name":"Falling","floor":44,"gold_loss":0}],"is_beta":false,"boss_relics":[{"not_picked":["Black Star","Coffee Dripper"],"picked":"VioletLotus"},{"not_picked":["SlaversCollar","SacredBark"],"picked":"Runic Pyramid"}],"items_purged_floors":[19,21],"is_endless":false,"potions_floor_spawned":[2,3,8,11,13,20,24,33,37,46,47,48],"killed_by":"Time Eater","ascension_level":4}}