{"host":"e4hse1vg61zltgzv","time":1610849589,"event":{"mods":["AchievementEnabler","BaseMod","Block Reminder","Colored Map","DeckTracker","GifTheSpireLib","Minty Spire (QoL Compilation)","Rare Cards Sparkle","StSLib","SuperFastMode","everything is the same but u backflip on backflip"],"gold_per_floor":[115,129,129,29,42,42,68,84,129,145,145,145],"floor_reached":11,"language":"KOR","playtime":252,"items_purged":["Defend_B"],"score":150,"play_id":"46718f2a-b584-49b5-a443-f10733b26122","local_time":"20210117111309","is_ascension_mode":true,"campfire_choices":[{"data":"Go for the Eyes","floor":6.0,"key":"SMITH"}],"circlet_count":0,"master_deck":["AscendersBane","Strike_B","Strike_B","Strike_B","Defend_B","Defend_B","Defend_B","Zap","Dualcast","Doom and Gloom","FTL","Go for the Eyes+1","Skim","Amplify","Auto Shields","Loop"],"relics":["Cracked Core","NeowsBlessing","Singing Bowl","Anchor"],"acts_visited":["Exordium"],"potions_floor_usage":[11],"damage_taken":[{"damage":0.0,"enemies":"Small Slimes","floor":1.0,"turns":1.0},{"damage":0.0,"enemies":"Cultist","floor":2.0,"turns":1.0},{"damage":0.0,"enemies":"2 Louse","floor":5.0,"turns":1.0},{"damage":6.0,"enemies":"Gremlin Nob","floor":7.0,"turns":3.0},{"damage":27.0,"enemies":"Gremlin Gang","floor":8.0,"turns":5.0},{"damage":0.0,"enemies":"Blue Slaver","floor":10.0,"turns":4.0},{"damage":40,"enemies":"3 Sentries","floor":11,"turns":4}],"seed_played":"-7139071049200511803","potions_obtained":[{"floor":1.0,"key":"AttackPotion"},{"floor":2.0,"key":"ColorlessPotion"},{"floor":10.0,"key":"LiquidBronze"}],"is_trial":false,"path_per_floor":["M","M","?","$","M","R","E","M","T","M","E"],"character_chosen":"DEFECT","items_purchased":["Go for the Eyes"],"campfire_rested":0,"item_purchase_floors":[4],"current_hp_per_floor":[64,64,64,64,64,64,58,31,31,31,0,0],"gold":145,"neow_bonus":"THREE_ENEMY_KILL","is_daily":false,"chose_seed":false,"campfire_upgraded":1,"win_rate":0.0,"timestamp":1610849589,"path_taken":["M","M","?","$","?","R","E","M","T","M","E"],"items_purchased_type":["Card"],"build_version":"2020-12-22","purchased_purges":1,"victory":false,"max_hp_per_floor":[71,71,71,71,71,71,71,71,71,71,71,71],"card_choices":[{"not_picked":["Hello World","Chaos"],"picked":"Doom and Gloom","floor":1.0},{"not_picked":["Capacitor","Darkness"],"picked":"FTL","floor":2.0},{"not_picked":["Sweeping Beam","Cold Snap"],"picked":"Skim","floor":5.0},{"not_picked":["Hologram","Machine Learning"],"picked":"Amplify","floor":7.0},{"not_picked":["Coolheaded","Turbo"],"picked":"Auto Shields","floor":8.0},{"not_picked":["Conserve Battery","Rebound"],"picked":"Loop","floor":10.0}],"player_experience":795915,"relics_obtained":[{"floor":7.0,"key":"Singing Bowl"},{"floor":9.0,"key":"Anchor"}],"event_choices":[{"cards_removed":["Strike_B"],"damage_healed":0.0,"max_hp_gain":0.0,"max_hp_loss":0.0,"gold_gain":0.0,"event_name":"Bonfire Elementals","player_choice":"Offered Basic","floor":3.0,"gold_loss":0.0,"damage_taken":0.0}],"is_beta":false,"boss_relics":[],"items_purged_floors":[4],"is_endless":false,"potions_floor_spawned":[1,2,10],"killed_by":"3 Sentries","ascension_level":20}}