{"host":"b995t17pt6d05w8c","time":1610904768,"event":{"mods":["AchievementEnabler","BaseMod","Colored Map","DeckTracker","Keyboard Shortcuts","Minty Spire (QoL Compilation)","Permanent Neow","SuperFastMode"],"gold_per_floor":[115,126,139,155,165,165,165,200,270,281,206,206,27,39,39,112,112,132,162,87,87,0,0,11,22,95,114,114,61,78,95,95,168,168,182,207,207,82,82,82,108,108,108,108,123,138,138,155,155,155],"floor_reached":51,"language":"KOR","playtime":1376,"items_purged":["Strike_G","Strike_G","Strike_G"],"score":1340,"play_id":"354aa1d6-ac77-4e62-a6ac-1d305fe878a7","local_time":"20210118023248","is_ascension_mode":true,"campfire_choices":[{"data":"Deadly Poison","floor":6.0,"key":"SMITH"},{"data":"Terror","floor":12.0,"key":"SMITH"},{"data":"Neutralize","floor":15.0,"key":"SMITH"},{"data":"Well Laid Plans","floor":23.0,"key":"SMITH"},{"data":"Phantasmal Killer","floor":28.0,"key":"SMITH"},{"data":"Acrobatics","floor":32.0,"key":"SMITH"},{"data":"Backflip","floor":40.0,"key":"SMITH"},{"data":"Tactician","floor":49.0,"key":"SMITH"}],"circlet_count":0,"master_deck":["AscendersBane","Strike_G","Defend_G","Defend_G","Defend_G","Survivor","Neutralize+1","Terror+1","Heel Hook","Dagger Throw","Deadly Poison+1","Blade Dance","Accuracy","Grand Finale","Phantasmal Killer+1","Backflip+1","Well Laid Plans+1","Reflex","Acrobatics+1","Acrobatics","Flash of Steel","Die Die Die","Tactician+1"],"relics":["Ring of the Snake","Lizard Tail","Meat on the Bone","Sozu","Red Mask","White Beast Statue","Cursed Key","Thread and Needle","CaptainsWheel"],"acts_visited":["Exordium","TheCity","TheBeyond"],"potions_floor_usage":[],"damage_taken":[{"damage":4.0,"enemies":"Cultist","floor":1.0,"turns":4.0},{"damage":3.0,"enemies":"Small Slimes","floor":2.0,"turns":4.0},{"damage":3.0,"enemies":"Jaw Worm","floor":3.0,"turns":5.0},{"damage":3.0,"enemies":"3 Louse","floor":4.0,"turns":5.0},{"damage":11.0,"enemies":"2 Fungi Beasts","floor":5.0,"turns":3.0},{"damage":10.0,"enemies":"Lagavulin","floor":8.0,"turns":5.0},{"damage":16.0,"enemies":"Large Slime","floor":10.0,"turns":7.0},{"damage":9.0,"enemies":"Blue Slaver","floor":14.0,"turns":3.0},{"damage":13.0,"enemies":"The Guardian","floor":16.0,"turns":11.0},{"damage":11.0,"enemies":"3 Byrds","floor":18.0,"turns":5.0},{"damage":35.0,"enemies":"Masked Bandits","floor":19.0,"turns":6.0},{"damage":13.0,"enemies":"Chosen","floor":24.0,"turns":4.0},{"damage":32.0,"enemies":"Snake Plant","floor":25.0,"turns":4.0},{"damage":23.0,"enemies":"Chosen and Byrds","floor":27.0,"turns":5.0},{"damage":0.0,"enemies":"3 Cultists","floor":30.0,"turns":3.0},{"damage":7.0,"enemies":"Snecko","floor":31.0,"turns":4.0},{"damage":26.0,"enemies":"Champ","floor":33.0,"turns":7.0},{"damage":12.0,"enemies":"3 Darklings","floor":35.0,"turns":3.0},{"damage":15.0,"enemies":"Mind Bloom Boss Battle","floor":36.0,"turns":5.0},{"damage":0.0,"enemies":"Giant Head","floor":41.0,"turns":4.0},{"damage":0.0,"enemies":"3 Shapes","floor":45.0,"turns":3.0},{"damage":1.0,"enemies":"Writhing Mass","floor":46.0,"turns":3.0},{"damage":7.0,"enemies":"Jaw Worm Horde","floor":48.0,"turns":3.0},{"damage":21,"enemies":"Donu and Deca","floor":50,"turns":4}],"seed_played":"-1915918799776280401","potions_obtained":[{"floor":2.0,"key":"SpeedPotion"},{"floor":8.0,"key":"Weak Potion"},{"floor":10.0,"key":"Fire Potion"}],"is_trial":false,"path_per_floor":["M","M","M","M","M","R","?","E","T","M","$","R","$","M","R","B",null,"M","?","?","?","$","R","M","M","T","M","R","$","M","M","R","B",null,"M","?","?","$","?","R","E","$","T","?","M","M","$","M","R","B",null],"character_chosen":"THE_SILENT","items_purchased":["Grand Finale","Reflex","Acrobatics"],"campfire_rested":0,"item_purchase_floors":[13,22,29],"current_hp_per_floor":[55,52,49,46,35,35,35,25,25,21,21,21,21,24,24,23,55,44,21,21,21,21,21,20,37,37,26,26,26,38,43,43,29,57,45,42,42,42,32,32,44,44,44,44,44,43,43,36,36,27],"gold":155,"neow_bonus":"TRANSFORM_CARD","is_daily":false,"chose_seed":false,"campfire_upgraded":8,"win_rate":0.0,"timestamp":1610904768,"path_taken":["M","?","M","M","M","R","?","E","T","M","$","R","?","M","R","BOSS","M","?","?","?","?","R","?","M","T","M","R","?","M","M","R","BOSS","M","?","?","$","?","R","E","?","T","?","M","M","$","M","R","BOSS"],"items_purchased_type":["Card","Card","Card"],"build_version":"2020-12-22","purchased_purges":3,"victory":true,"max_hp_per_floor":[66,66,66,66,66,66,66,66,66,66,66,66,66,66,66,66,66,66,66,66,66,66,66,66,66,66,66,66,66,66,66,66,66,66,66,66,66,66,66,66,66,66,66,66,66,66,66,66,66,66],"card_choices":[{"not_picked":["Dodge and Roll","Prepared"],"picked":"Heel Hook","floor":1.0},{"not_picked":["Deflect","Bullet Time"],"picked":"Dagger Throw","floor":2.0},{"not_picked":["Bane","Backflip"],"picked":"Masterful Stab","floor":3.0},{"not_picked":["Dodge and Roll","Concentrate"],"picked":"Deadly Poison","floor":4.0},{"not_picked":["Dodge and Roll","Endless Agony"],"picked":"Blade Dance","floor":5.0},{"not_picked":["Footwork","Doppelganger"],"picked":"Accuracy","floor":8.0},{"not_picked":["Dagger Spray","Underhanded Strike","Finisher"],"picked":"SKIP","floor":10.0},{"not_picked":["Endless Agony","Underhanded Strike","Noxious Fumes"],"picked":"SKIP","floor":14.0},{"not_picked":["Unload","Wraith Form v2"],"picked":"Phantasmal Killer","floor":16.0},{"not_picked":["Cloak And Dagger","Bane"],"picked":"Backflip","floor":18.0},{"not_picked":["Skewer","Deflect"],"picked":"Well Laid Plans","floor":19.0},{"not_picked":["Underhanded Strike","Flechettes+1","Expertise"],"picked":"SKIP","floor":24.0},{"not_picked":["Outmaneuver","Cloak And Dagger","Wraith Form v2"],"picked":"SKIP","floor":25.0},{"not_picked":["Flying Knee","Heel Hook","Sucker Punch"],"picked":"SKIP","floor":27.0},{"not_picked":["Eviscerate","Outmaneuver","Bane"],"picked":"SKIP","floor":30.0},{"not_picked":["Underhanded Strike","Flying Knee","Choke"],"picked":"SKIP","floor":31.0},{"not_picked":["Poisoned Stab+1","Distraction","Backflip"],"picked":"SKIP","floor":35.0},{"not_picked":["Dagger Throw","Blade Dance"],"picked":"Acrobatics","floor":36.0},{"not_picked":["Enlightenment","Trip"],"picked":"Flash of Steel","floor":39.0},{"not_picked":["Predator","Dodge and Roll+1","Blade Dance"],"picked":"SKIP","floor":41.0},{"not_picked":["Deadly Poison","Sucker Punch","Outmaneuver+1"],"picked":"SKIP","floor":45.0},{"not_picked":["Well Laid Plans","Bouncing Flask","Cloak And Dagger"],"picked":"SKIP","floor":46.0},{"not_picked":["PiercingWail","Poisoned Stab+1"],"picked":"Tactician","floor":48.0}],"player_experience":141520,"relics_obtained":[{"floor":8.0,"key":"Lizard Tail"},{"floor":9.0,"key":"Meat on the Bone"},{"floor":19.0,"key":"Red Mask"},{"floor":26.0,"key":"White Beast Statue"},{"floor":36.0,"key":"Thread and Needle"},{"floor":41.0,"key":"CaptainsWheel"}],"event_choices":[{"damage_healed":0.0,"max_hp_gain":0.0,"max_hp_loss":0.0,"gold_gain":0.0,"event_name":"Liars Game","player_choice":"Ignored","floor":7.0,"gold_loss":0.0,"damage_taken":0.0},{"damage_healed":0.0,"max_hp_gain":0.0,"max_hp_loss":0.0,"gold_gain":0.0,"event_name":"Masked Bandits","player_choice":"Fought Bandits","floor":19.0,"gold_loss":0.0,"damage_taken":0.0},{"cards_removed":["Defend_G"],"damage_healed":0.0,"max_hp_gain":0.0,"max_hp_loss":0.0,"gold_gain":0.0,"event_name":"Beggar","player_choice":"Gave Gold","floor":20.0,"gold_loss":75.0,"damage_taken":0.0},{"damage_healed":0.0,"max_hp_gain":0.0,"max_hp_loss":0.0,"gold_gain":0.0,"event_name":"Vampires","player_choice":"Ignored","floor":21.0,"gold_loss":0.0,"damage_taken":0.0},{"damage_healed":0.0,"max_hp_gain":0.0,"max_hp_loss":0.0,"gold_gain":0.0,"event_name":"MindBloom","player_choice":"Fight","floor":36.0,"gold_loss":0.0,"damage_taken":0.0},{"cards_removed":["Masterful Stab"],"damage_healed":0.0,"max_hp_gain":0.0,"max_hp_loss":0.0,"gold_gain":0.0,"event_name":"Falling","player_choice":"Removed Attack","floor":37.0,"gold_loss":0.0,"damage_taken":0.0},{"damage_healed":0.0,"max_hp_gain":0.0,"max_hp_loss":0.0,"gold_gain":0.0,"event_name":"SensoryStone","player_choice":"Memory 3","floor":39.0,"gold_loss":0.0,"damage_taken":10.0},{"damage_healed":0.0,"max_hp_gain":0.0,"max_hp_loss":0.0,"gold_gain":0.0,"cards_transformed":["Defend_G"],"event_name":"Transmorgrifier","player_choice":"Transformed","floor":44.0,"gold_loss":0.0,"damage_taken":0.0,"cards_obtained":["Die Die Die"]}],"is_beta":false,"boss_relics":[{"not_picked":["Calling Bell","Ectoplasm"],"picked":"Sozu"},{"not_picked":["Fusion Hammer","Snecko Eye"],"picked":"Cursed Key"}],"items_purged_floors":[11,13,38],"is_endless":false,"potions_floor_spawned":[2,8,10,16,18,25,27,30,31,33,35,36,41,45,46,48],"ascension_level":18}}