{"host":"3q8x5nua6nulvkr6","time":1610895211,"event":{"mods":["Aspiration","BaseMod","Better Note","BetterRewards","Colored Map","Colored Powertips","Conspire","GifTheSpireLib","Hubris","Infinite Spire","Minty Spire (QoL Compilation)","Rare Cards Sparkle","Replay The Spire","StSLib","Stuff the Spire","Wandering Minibosses"],"gold_per_floor":[109,127,144,0,0,0,29,29,29,104,104,279,279,304,304,401,401,417,417],"floor_reached":18,"language":"ENG","playtime":1003,"items_purged":[],"score":233,"play_id":"14c9d814-beab-4f5a-aeb8-fae194ea64eb","local_time":"20210117095331","daily_mods":["SealedDeck","Red Cards","Green Cards","Blue Cards","Purple Cards","Colorless Cards"],"is_ascension_mode":false,"campfire_choices":[{"data":"Anger","floor":6.0,"key":"SMITH"},{"data":"Clash","floor":8.0,"key":"SMITH"},{"data":"infinitespire:SevenWalls","floor":13.0,"key":"SMITH"},{"floor":15.0,"key":"REST"}],"circlet_count":0,"master_deck":["Slice","Conclude","Wild Strike","Clash","Streamline","SashWhip","CrushJoints","Anger+1","Clash+1","StuffTheSpire:BumpUp","Grand Finale","StuffTheSpire:Repulse","infinitespire:SevenWalls+1","Doubt","Immolate"],"relics":["Burning Blood","Orrery","Mummified Hand","infinitespire:CheckeredPen","Centennial Puzzle","Coffee Dripper"],"acts_visited":["Exordium","TheCity"],"potions_floor_usage":[],"damage_taken":[{"damage":0.0,"enemies":"Small Slimes","floor":1.0,"turns":2.0},{"damage":3.0,"enemies":"2 Louse","floor":2.0,"turns":2.0},{"damage":0.0,"enemies":"Cultist","floor":3.0,"turns":1.0},{"damage":0.0,"enemies":"Gremlin Nob","floor":7.0,"turns":3.0},{"damage":0.0,"enemies":"Fading Forest","floor":16.0,"turns":11.0},{"damage":0,"enemies":"3 Byrds","floor":18,"turns":4}],"seed_played":"6389028842546190091","potions_obtained":[{"floor":2.0,"key":"Explosive Potion"}],"is_trial":true,"path_per_floor":["M","M","M","$","?","R","E","R","T","?","?","?","R","T","R","B",null,"M"],"character_chosen":"IRONCLAD","items_purchased":["Orrery"],"campfire_rested":1,"item_purchase_floors":[4],"current_hp_per_floor":[80,80,80,80,80,80,80,80,80,69,49,49,49,49,73,80,80,80,80],"gold":417,"neow_bonus":"","is_daily":false,"chose_seed":false,"campfire_upgraded":3,"win_rate":0.0,"timestamp":1610895211,"path_taken":["M","M","M","$","?","R","E","R","T","?","?","?","R","?","R","BOSS","M"],"items_purchased_type":["Relic"],"build_version":"2020-12-22","purchased_purges":0,"victory":false,"max_hp_per_floor":[80,80,80,80,80,80,80,80,80,80,80,80,80,80,80,80,80,80,80],"card_choices":[{"not_picked":["Infernal Blade","Coolheaded"],"picked":"Anger","floor":1.0},{"not_picked":["CutThroughFate","Combust","StuffTheSpire:LoadUp"],"picked":"SKIP","floor":2.0},{"not_picked":["PathToVictory","Halt"],"picked":"Clash","floor":3.0},{"not_picked":["Backflip","Concentrate","ReplayTheSpireMod:Stacked"],"picked":"SKIP","floor":7.0},{"not_picked":["infinitespire:FutureSight","hubris:Fate"],"picked":"infinitespire:SevenWalls","floor":11.0},{"not_picked":["Wish","Multi-Cast"],"picked":"Immolate","floor":16.0}],"player_experience":1056397,"relics_obtained":[{"floor":7.0,"key":"Mummified Hand"},{"floor":9.0,"key":"infinitespire:CheckeredPen"},{"floor":14.0,"key":"Centennial Puzzle"}],"event_choices":[{"damage_healed":0.0,"max_hp_gain":0.0,"max_hp_loss":0.0,"gold_gain":75.0,"event_name":"World of Goop","player_choice":"Gather Gold","floor":10.0,"gold_loss":0.0,"damage_taken":11.0},{"damage_healed":0.0,"max_hp_gain":0.0,"max_hp_loss":0.0,"gold_gain":175.0,"event_name":"Liars Game","player_choice":"AGREE","floor":12.0,"gold_loss":0.0,"damage_taken":0.0,"cards_obtained":["Doubt"]}],"is_beta":false,"boss_relics":[{"not_picked":["Kintsugi","Replay:Ancient Bell"],"picked":"Coffee Dripper"}],"items_purged_floors":[],"is_endless":false,"potions_floor_spawned":[2],"killed_by":"3 Byrds","ascension_level":0}}