{"host":"51mqhfpmwwd4kxyt","time":1610902608,"event":{"mods":["BaseMod","Downfall","Highlight Path","Minty Spire (QoL Compilation)","READ ME - Guardian Mod","StSLib","The Cursed","The Servant 0.9.4"],"gold_per_floor":[18,33,33,46,46,46,77,77,77,92,92,110,124,151,151,252,252,272,252,271,37,136,136,146,146,146,178,193,213,213,229,229,330,330,350,368,395,395,408,408,419,419,442,456,304,335,335,352,352,352],"floor_reached":51,"language":"ENG","playtime":2257,"items_purged":["Strike_R"],"score":939,"play_id":"96788915-64b3-4153-895d-b1873b6da884","local_time":"20210117115648","is_ascension_mode":true,"campfire_choices":[{"data":"Searing Blow+1","floor":6,"key":"SMITH"},{"floor":8,"key":"REST"},{"data":"Searing Blow+2","floor":11,"key":"SMITH"},{"data":"Searing Blow+3","floor":15,"key":"SMITH"},{"data":"Searing Blow+4","floor":23,"key":"SMITH"},{"data":"Searing Blow+5","floor":25,"key":"SMITH"},{"data":"Searing Blow+6","floor":30,"key":"SMITH"},{"data":"Armaments","floor":32,"key":"SMITH"},{"data":"Searing Blow+7","floor":40,"key":"SMITH"},{"data":"Searing Blow+8","floor":42,"key":"SMITH"},{"data":"Searing Blow+9","floor":47,"key":"SMITH"},{"floor":49,"key":"REST"}],"circlet_count":0,"master_deck":["Defend_R","Defend_R","Defend_R","Defend_R","Bash","Searing Blow+10","Evolve","Dual Wield","Offering","Flame Barrier","Battle Trance","Berserk","Immolate","Shrug It Off+1","Second Wind","Armaments+1","Mayhem","Double Tap","Seeing Red","Burning Pact","Clothesline+1","Offering","Shrug It Off+1","Feel No Pain","Power Through+1","Warcry","Feel No Pain","Burning Pact+1"],"relics":["Burning Blood","Meat on the Bone","Mango","Tiny Chest","Philosopher\u0027s Stone","Ice Cream","CaptainsWheel","bronze:MakeshiftBattery","Dream Catcher","Ancient Tea Set","Bottled Lightning"],"acts_visited":["Exordium","TheCity","TheBeyond"],"potions_floor_usage":[7,13,16,24,28,29,39,41,50,50,50],"damage_taken":[{"damage":1,"enemies":"Cultist","floor":1,"turns":4},{"damage":13,"enemies":"Jaw Worm","floor":2,"turns":4},{"damage":3,"enemies":"2 Louse","floor":4,"turns":3},{"damage":54,"enemies":"Lagavulin","floor":7,"turns":10},{"damage":20,"enemies":"Exordium Thugs","floor":10,"turns":4},{"damage":6,"enemies":"Blue Slaver","floor":12,"turns":1},{"damage":7,"enemies":"Large Slime","floor":13,"turns":5},{"damage":21,"enemies":"3 Sentries","floor":14,"turns":6},{"damage":25,"enemies":"Slime Boss","floor":16,"turns":8},{"damage":27,"enemies":"2 Thieves","floor":18,"turns":4},{"damage":7,"enemies":"Shell Parasite","floor":20,"turns":4},{"damage":8,"enemies":"Centurion and Healer","floor":24,"turns":4},{"damage":28,"enemies":"Gremlin Leader","floor":27,"turns":5},{"damage":8,"enemies":"Cultist and Chosen","floor":28,"turns":4},{"damage":0,"enemies":"Snecko","floor":29,"turns":1},{"damage":10,"enemies":"3 Cultists","floor":31,"turns":3},{"damage":41,"enemies":"Champ","floor":33,"turns":5},{"damage":38,"enemies":"3 Darklings","floor":35,"turns":4},{"damage":7,"enemies":"3 Shapes","floor":36,"turns":6},{"damage":15,"enemies":"3 Darklings","floor":39,"turns":7},{"damage":28,"enemies":"Transient","floor":41,"turns":5},{"damage":28,"enemies":"Jaw Worm Horde","floor":44,"turns":4},{"damage":12,"enemies":"Giant Head","floor":46,"turns":5},{"damage":12,"enemies":"Writhing Mass","floor":48,"turns":3},{"damage":53,"enemies":"Time Eater","floor":50,"turns":6}],"seed_played":"1210225155742027104","potions_obtained":[{"floor":4,"key":"AttackPotion"},{"floor":10,"key":"SneckoOil"},{"floor":12,"key":"SpeedPotion"},{"floor":13,"key":"SkillPotion"},{"floor":18,"key":"Block Potion"},{"floor":19,"key":"Ancient Potion"},{"floor":24,"key":"BlessingOfTheForge"},{"floor":28,"key":"ElixirPotion"},{"floor":29,"key":"SpeedPotion"},{"floor":36,"key":"FearPotion"},{"floor":46,"key":"PowerPotion"},{"floor":48,"key":"Strength Potion"}],"is_trial":false,"path_per_floor":["M","M","?","M","?","R","E","R","T","M","R","M","M","E","R","B",null,"M","?","M","$","?","R","M","R","T","E","M","M","R","M","R","B",null,"M","M","T","?","M","R","M","R","T","M","$","E","R","M","R","B",null],"character_chosen":"IRONCLAD","items_purchased":["Armaments","Mayhem","Feel No Pain"],"campfire_rested":2,"item_purchase_floors":[21,21,45],"current_hp_per_floor":[80,73,73,76,76,76,28,52,66,64,64,64,63,60,60,53,84,63,63,62,62,62,62,60,60,60,50,60,66,66,62,62,39,80,60,59,59,59,62,62,52,52,52,42,42,48,48,54,82,47],"gold":352,"neow_bonus":"TRANSFORM_TWO_CARDS","is_daily":false,"chose_seed":false,"campfire_upgraded":10,"win_rate":0.0,"timestamp":1610902608,"path_taken":["M","M","?","?","?","R","E","R","T","M","R","M","M","E","R","BOSS","M","?","M","?","?","R","M","R","T","E","M","M","R","M","R","BOSS","M","M","?","?","?","R","M","R","T","M","?","E","R","M","R","BOSS"],"items_purchased_type":["Card","Card","Card"],"build_version":"2020-12-22","purchased_purges":1,"victory":true,"max_hp_per_floor":[80,80,80,80,80,80,80,80,94,94,94,94,94,94,94,94,94,94,94,94,94,94,94,94,94,94,94,94,94,94,94,94,94,94,94,94,94,94,94,94,94,94,94,94,94,94,94,94,94,94],"card_choices":[{"not_picked":["Wild Strike","Clash","Sword Boomerang"],"picked":"SKIP","floor":1},{"not_picked":["Uppercut","Armaments"],"picked":"Dual Wield","floor":2},{"not_picked":["Pommel Strike","Hemokinesis","Reckless Charge"],"picked":"SKIP","floor":4},{"not_picked":["Reckless Charge","Headbutt"],"picked":"Offering","floor":7},{"not_picked":["Twin Strike","Sentinel"],"picked":"Flame Barrier","floor":10},{"not_picked":["Wild Strike","Twin Strike"],"picked":"Battle Trance","floor":12},{"not_picked":["Reckless Charge","Flex","Inflame"],"picked":"SKIP","floor":13},{"not_picked":["Shrug It Off","Wild Strike"],"picked":"Berserk","floor":14},{"not_picked":["Juggernaut","Limit Break"],"picked":"Immolate","floor":16},{"not_picked":["Clash","Sword Boomerang"],"picked":"Shrug It Off+1","floor":18},{"not_picked":["Heavy Blade","Shockwave"],"picked":"Second Wind","floor":20},{"not_picked":["Cleave","Searing Blow"],"picked":"Double Tap","floor":24},{"not_picked":["Flame Barrier","Sword Boomerang+1"],"picked":"Seeing Red","floor":27},{"not_picked":["Entrench+1","Rupture","Heavy Blade"],"picked":"SKIP","floor":28},{"not_picked":["Flex+1","Body Slam+1"],"picked":"Burning Pact","floor":29},{"not_picked":["Sword Boomerang","Carnage+1"],"picked":"Clothesline+1","floor":31},{"not_picked":["Limit Break","Bludgeon"],"picked":"Offering","floor":33},{"not_picked":["Reckless Charge+1","Clash+1"],"picked":"Shrug It Off+1","floor":35},{"not_picked":["Body Slam+1","Flame Barrier+1"],"picked":"Feel No Pain","floor":36},{"not_picked":["Havoc","Cleave+1"],"picked":"Power Through+1","floor":39},{"not_picked":["Pummel+1","Uppercut+1"],"picked":"Warcry","floor":41},{"not_picked":["Perfected Strike+1","Thunderclap","Uppercut"],"picked":"SKIP","floor":44},{"not_picked":["Reaper","Sever Soul+1","Havoc"],"picked":"SKIP","floor":46},{"not_picked":["Sword Boomerang","Clash","Anger"],"picked":"SKIP","floor":48},{"not_picked":["Clothesline","Seeing Red"],"picked":"Burning Pact+1","floor":49}],"player_experience":405430,"relics_obtained":[{"floor":7,"key":"Meat on the Bone"},{"floor":9,"key":"Mango"},{"floor":14,"key":"Tiny Chest"},{"floor":26,"key":"Ice Cream"},{"floor":27,"key":"CaptainsWheel"},{"floor":37,"key":"Dream Catcher"},{"floor":43,"key":"Ancient Tea Set"},{"floor":46,"key":"Bottled Lightning"}],"event_choices":[{"cards_removed":["Strike_R"],"damage_healed":0,"gold_gain":0,"player_choice":"Purged","damage_taken":0,"max_hp_gain":0,"max_hp_loss":0,"event_name":"Purifier","floor":3,"gold_loss":0},{"damage_healed":0,"gold_gain":0,"player_choice":"Grow","damage_taken":0,"max_hp_gain":0,"max_hp_loss":0,"event_name":"Living Wall","floor":5,"gold_loss":0,"cards_upgraded":["Searing Blow"]},{"damage_healed":0,"gold_gain":0,"player_choice":"Bought 1 Potion","damage_taken":0,"max_hp_gain":0,"max_hp_loss":0,"event_name":"The Woman in Blue","floor":19,"gold_loss":0},{"damage_healed":0,"gold_gain":99,"player_choice":"Stole From Cult","damage_taken":0,"max_hp_gain":0,"max_hp_loss":0,"event_name":"Nest","floor":22,"gold_loss":0},{"cards_removed":["Strike_R"],"damage_healed":0,"gold_gain":0,"player_choice":"Purged","damage_taken":0,"max_hp_gain":0,"max_hp_loss":0,"event_name":"Purifier","floor":38,"gold_loss":0}],"is_beta":false,"boss_relics":[{"not_picked":["Fusion Hammer","SacredBark"],"picked":"Philosopher\u0027s Stone"},{"not_picked":["Empty Cage","Black Blood"],"picked":"bronze:MakeshiftBattery"}],"items_purged_floors":[45],"is_endless":false,"potions_floor_spawned":[4,10,12,13,18,24,28,29,36,46,48],"ascension_level":5}}