{"host":"4hkuu26ltn0le3bk","time":1610861591,"event":{"mods":["100% Spire Juice","Arknights The Spire","Astrologer","BaseMod","BetterRewards","Clockwork Mod","Colored Map","Colored Powertips","Downfall","Friendly Minions","Gremlin Mod","Hermit","Marisa????????","Minty Spire (QoL Compilation)","Quick Restart","StSLib","Td1madao Mod","The Bug Knight","The Construct","The Cursed","The Disciple","The Factory","The Hierophant","The Jungle","The Servant 0.9.4"],"gold_per_floor":[109,124,124,199,213,213,229,240,263,273,299,299,332,355,367,474,486,511,523,460,503,533,545,569,581,644,668,680,709,721,753,765,878,890,919,931,954,984,996,1008,1047,1059,1071,1097,1127,1139,927,946,946,946,946,946,117,143,143],"floor_reached":56,"language":"ENG","playtime":5069,"items_purged":["ats:Strike S","ats:Defend"],"score":1143,"play_id":"8e690bdc-73d1-41df-b3d3-6473075fac08","local_time":"20210117003311","is_ascension_mode":false,"campfire_choices":[{"data":"ats:Part Time Job","floor":6.0,"key":"SMITH"},{"data":"ats:Healing Strengthening","floor":12.0,"key":"SMITH"},{"data":"ats:Part Time Job","floor":15.0,"key":"SMITH"},{"data":"ats:Emotion Absorption","floor":23.0,"key":"SMITH"},{"data":"ats:Cat Scratch","floor":28.0,"key":"SMITH"},{"data":"ats:Demon Strength","floor":30.0,"key":"SMITH"},{"floor":32.0,"key":"RECALL"},{"data":"Panacea","floor":40,"key":"SMITH"},{"data":"ats:True Silver Slash","floor":49,"key":"SMITH"},{"data":"ats:Curse Doll","floor":52,"key":"SMITH"}],"circlet_count":0,"master_deck":["ats:Strike G","ats:Armor Crushing Shot","ats:Defend","ats:Defend","ats:Emotion Absorption+1","ats:Wolf Pack","ats:Healing Strengthening+1","ats:Part Time Job+1","ats:Blood Oath","ats:Cat Scratch+1","ats:Part Time Job+1","ats:Calcification","ats:Curse Doll+1","ats:Cat Scratch+1","ats:Shell Defense+1","ats:Shell Defense","ats:Demon Strength+1","ats:True Silver Slash+1","ats:Soul Rend","Panacea+1","Master of Strategy","ats:Healing Strengthening+1","ats:Leaping Hammer+1","ats:Composite Medical Shells","ats:Flexible Camouflage","ats:Cat Scratch","ats:Counter Healing Mode"],"relics":["ats:Sanity","Happy Flower","ats:Originium","Potion Belt","MawBank","Sozu","Red Mask","Coffee Dripper","construct:FoamFinger","HollowMod:LifeEnderRelic","Sling","Anchor","HandDrill","Bird Faced Urn","Orichalcum"],"acts_visited":["Exordium","TheCity","TheBeyond","TheEnding"],"potions_floor_usage":[50,55,55],"damage_taken":[{"damage":6.0,"enemies":"Cultist","floor":1.0,"turns":6.0},{"damage":2.0,"enemies":"2 Louse","floor":2.0,"turns":4.0},{"damage":9.0,"enemies":"Small Slimes","floor":5.0,"turns":6.0},{"damage":7.0,"enemies":"3 Louse","floor":7.0,"turns":8.0},{"damage":35.0,"enemies":"Gremlin Gang","floor":8.0,"turns":13.0},{"damage":13.0,"enemies":"Exordium Thugs","floor":10.0,"turns":6.0},{"damage":78.0,"enemies":"3 Sentries","floor":11.0,"turns":18.0},{"damage":26.0,"enemies":"Gremlin Nob","floor":13.0,"turns":6.0},{"damage":24.0,"enemies":"Large Slime","floor":14.0,"turns":7.0},{"damage":102.0,"enemies":"The Guardian","floor":16.0,"turns":16.0},{"damage":45.0,"enemies":"Spheric Guardian","floor":18.0,"turns":9.0},{"damage":67.0,"enemies":"Masked Bandits","floor":21.0,"turns":9.0},{"damage":19.0,"enemies":"Chosen","floor":22.0,"turns":8.0},{"damage":28.0,"enemies":"Centurion and Healer","floor":24.0,"turns":11.0},{"damage":48.0,"enemies":"Sentry and Sphere","floor":27.0,"turns":12.0},{"damage":12.0,"enemies":"Snecko","floor":29.0,"turns":7.0},{"damage":55.0,"enemies":"Cultist and Chosen","floor":31.0,"turns":10.0},{"damage":138.0,"enemies":"Collector","floor":33.0,"turns":15.0},{"damage":35.0,"enemies":"3 Shapes","floor":35.0,"turns":8.0},{"damage":13.0,"enemies":"Orb Walker","floor":37.0,"turns":4.0},{"damage":55.0,"enemies":"3 Darklings","floor":38.0,"turns":7.0},{"damage":124,"enemies":"Reptomancer","floor":41,"turns":11},{"damage":53,"enemies":"Sphere and 2 Shapes","floor":44,"turns":5},{"damage":8,"enemies":"Maw","floor":45,"turns":9},{"damage":13,"enemies":"Jaw Worm Horde","floor":48,"turns":3},{"damage":285,"enemies":"Donu and Deca","floor":50,"turns":18},{"damage":62,"enemies":"Shield and Spear","floor":54,"turns":6},{"damage":220,"enemies":"The Heart","floor":55,"turns":11}],"seed_played":"1795078295823525783","potions_obtained":[{"floor":5.0,"key":"Weak Potion"},{"floor":7.0,"key":"sneckomod:MuddlingPotion"},{"floor":8.0,"key":"Dexterity Potion"},{"floor":14.0,"key":"EssenceOfSteel"},{"floor":16.0,"key":"Fire Potion"}],"is_trial":false,"path_per_floor":["M","M","?","?","M","R","M","M","T","M","E","R","E","M","R","B",null,"M","?","?","?","M","R","M","?","T","M","R","M","R","M","R","B",null,"M","?","M","M","?","R","E","?","T","M","M","?","$","M","R","B",null,"R","$","E","B",null],"character_chosen":"DOCTOR_CLASS","items_purchased":["Sling","ats:Composite Medical Shells","ats:Flexible Camouflage","ats:Cat Scratch","Anchor","HandDrill","Bird Faced Urn"],"campfire_rested":0,"item_purchase_floors":[47,53,53,53,53,53,53],"current_hp_per_floor":[66,64,64,53,53,53,72,72,72,72,72,72,66,72,72,62,72,67,67,67,72,72,72,64,64,64,72,72,72,72,72,72,62,72,72,62,67,72,72,72,72,72,72,72,72,72,72,69,69,68,72,72,72,66,26],"gold":143,"neow_bonus":"TRANSFORM_CARD","is_daily":false,"chose_seed":false,"campfire_upgraded":9,"win_rate":0.0,"timestamp":1610861591,"path_taken":["M","?","?","?","M","R","M","M","T","M","E","R","E","M","R","BOSS","M","?","?","?","M","R","M","?","T","M","R","?","R","M","R","BOSS","M","?","M","M","?","R","E","?","T","M","?","?","$","M","R","BOSS","R","$","E","BOSS"],"items_purchased_type":["Relic","Card","Card","Card","Relic","Relic","Relic"],"build_version":"2020-12-22","purchased_purges":2,"victory":true,"max_hp_per_floor":[72,72,72,72,72,72,72,72,72,72,72,72,72,72,72,72,72,72,72,72,72,72,72,72,72,72,72,72,72,72,72,72,72,72,72,72,72,72,72,72,72,72,72,72,72,72,72,72,72,72,72,72,72,72,72],"card_choices":[{"not_picked":["ats:Apocalypse","ats:Leaping Hammer"],"picked":"ats:Healing Strengthening","floor":1.0},{"not_picked":["ats:Sunburst","ats:Powerful Strike","ats:Poison Spread"],"picked":"SKIP","floor":2.0},{"not_picked":["ats:Support Order","ats:Flame Of Heaven"],"picked":"ats:Blood Oath","floor":5.0},{"not_picked":["ats:Directed Diagnosis","ats:Shell Defense","ats:Flexible Camouflage"],"picked":"SKIP","floor":7.0},{"not_picked":["ats:Leaping Hammer","ats:Shell Defense"],"picked":"ats:Cat Scratch","floor":8.0},{"not_picked":["ats:Flame Of Heaven","ats:Assault Order","ats:Shell Defense"],"picked":"SKIP","floor":10.0},{"not_picked":["ats:Powerful Strike","ats:Charging Defense","ats:Nebulous Foxfire"],"picked":"SKIP","floor":11.0},{"not_picked":["ats:Flexible Camouflage","ats:Assault Order","ats:Hammer On"],"picked":"SKIP","floor":13.0},{"not_picked":["ats:Demon Strength","ats:Steam Pump"],"picked":"ats:Part Time Job","floor":14.0},{"not_picked":["ats:Rat Pack","ats:Disruption Kick"],"picked":"ats:Calcification","floor":16.0},{"not_picked":["ats:Demon Strength","ats:Childhood Dance"],"picked":"ats:Curse Doll","floor":18.0},{"not_picked":["ats:Demon Strength","ats:Consecutive Shot Auto"],"picked":"ats:Cat Scratch+1","floor":21.0},{"not_picked":["ats:Consecutive Shot Auto","ats:Explosion Area Strengthen"],"picked":"ats:Shell Defense+1","floor":22.0},{"not_picked":["ats:Consecutive Shot Auto","ats:Childhood Dance"],"picked":"ats:Shell Defense","floor":24.0},{"not_picked":["ats:Powerful Strike","ats:Magnetic Hammer"],"picked":"ats:Demon Strength","floor":27.0},{"not_picked":["ats:Childhood Dance","ats:Poison Spread+1","ats:Overload+1"],"picked":"SKIP","floor":29.0},{"not_picked":["ats:Flexible Camouflage+1","ats:Defend Order"],"picked":"ats:True Silver Slash","floor":31.0},{"not_picked":["ats:Volcano","ats:Nebulous Foxfire"],"picked":"ats:Soul Rend","floor":33.0},{"not_picked":["ats:Childhood Dance","ats:Assault Order","ats:Flame Of Heaven"],"picked":"SKIP","floor":35.0},{"not_picked":["Apotheosis","Chrysalis"],"picked":"Panacea","floor":36.0},{"not_picked":["Deep Breath","PanicButton"],"picked":"Master of Strategy","floor":36.0},{"not_picked":["ats:Mental Burst","ats:Shadow Raid+1"],"picked":"ats:Healing Strengthening+1","floor":37.0},{"not_picked":["ats:Poison Spread","ats:Assault Order+1","ats:Powerful Strike+1"],"picked":"SKIP","floor":38.0},{"not_picked":["ats:Defend Order+1","ats:Volcano","ats:Shell Defense+1"],"picked":"SKIP","floor":41},{"not_picked":["ats:Shell Defense+1","ats:Explosion Area Strengthen+1"],"picked":"ats:Leaping Hammer+1","floor":44},{"not_picked":["ats:Flexible Camouflage+1","ats:Leaping Hammer+1","ats:Childhood Dance"],"picked":"SKIP","floor":45},{"not_picked":["ats:Hammer On","ats:Flexible Camouflage","ats:Very Hot Blade+1"],"picked":"SKIP","floor":48},{"not_picked":["ats:Poison Spread","ats:Cat Scratch"],"picked":"ats:Counter Healing Mode","floor":54}],"player_experience":227642,"relics_obtained":[{"floor":9.0,"key":"Happy Flower"},{"floor":11.0,"key":"ats:Originium"},{"floor":11.0,"key":"Potion Belt"},{"floor":13.0,"key":"ats:Originium"},{"floor":13.0,"key":"MawBank"},{"floor":21.0,"key":"Red Mask"},{"floor":41,"key":"ats:Originium"},{"floor":41,"key":"construct:FoamFinger"},{"floor":43,"key":"HollowMod:LifeEnderRelic"},{"floor":54,"key":"Orichalcum"}],"event_choices":[{"damage_healed":0.0,"max_hp_gain":0.0,"max_hp_loss":0.0,"gold_gain":0.0,"cards_transformed":["ats:Strike V"],"event_name":"Living Wall","player_choice":"Change","floor":3.0,"gold_loss":0.0,"damage_taken":0.0,"cards_obtained":["ats:Part Time Job"]},{"damage_healed":0.0,"max_hp_gain":0.0,"max_hp_loss":0.0,"gold_gain":75.0,"event_name":"World of Goop","player_choice":"Gather Gold","floor":4.0,"gold_loss":0.0,"damage_taken":11.0},{"damage_healed":0.0,"max_hp_gain":0.0,"max_hp_loss":0.0,"gold_gain":0.0,"event_name":"Cursed Tome","player_choice":"Ignored","floor":19.0,"gold_loss":0.0,"damage_taken":0.0},{"cards_removed":["ats:Strike C"],"damage_healed":0.0,"max_hp_gain":0.0,"max_hp_loss":0.0,"gold_gain":0.0,"event_name":"Beggar","player_choice":"Gave Gold","floor":20.0,"gold_loss":75.0,"damage_taken":0.0},{"damage_healed":0.0,"max_hp_gain":0.0,"max_hp_loss":0.0,"gold_gain":0.0,"event_name":"Masked Bandits","player_choice":"Fought Bandits","floor":21.0,"gold_loss":0.0,"damage_taken":0.0},{"damage_healed":0.0,"max_hp_gain":0.0,"max_hp_loss":0.0,"gold_gain":0.0,"event_name":"Lab","player_choice":"Got Potions","floor":25.0,"gold_loss":0.0,"damage_taken":0.0},{"damage_healed":0.0,"max_hp_gain":0.0,"max_hp_loss":0.0,"gold_gain":0.0,"event_name":"SensoryStone","player_choice":"Memory 3","floor":36.0,"gold_loss":0.0,"damage_taken":10.0},{"damage_healed":0,"gold_gain":0,"player_choice":"Ignored","damage_taken":0,"max_hp_gain":0,"max_hp_loss":0,"event_name":"OrinTheCat","floor":39,"gold_loss":0},{"damage_healed":0,"gold_gain":0,"player_choice":"Cursed","damage_taken":0,"max_hp_gain":0,"max_hp_loss":0,"event_name":"Wheel of Change","floor":42,"gold_loss":0,"cards_obtained":["Decay"]},{"cards_removed":["Decay","Wraith"],"damage_healed":0,"gold_gain":0,"player_choice":"Removed Curses","damage_taken":0,"max_hp_gain":0,"max_hp_loss":0,"event_name":"Fountain of Cleansing","floor":46,"gold_loss":0}],"is_beta":false,"boss_relics":[{"not_picked":["Calling Bell","Fusion Hammer"],"picked":"Sozu"},{"not_picked":["ats:Tactical Delivery","Empty Cage"],"picked":"Coffee Dripper"}],"items_purged_floors":[47,53],"is_endless":false,"potions_floor_spawned":[5,7,8,14,16,18,29,33,35,41],"ascension_level":0}}