{"host":"56qj8mvhgmcu65ix","time":1610871286,"event":{"mods":["AchievementEnabler","BaseMod","Better Vampires","Colored Map","Colored Powertips","DeckTracker","Highlight Path","Minty Spire (QoL Compilation)","Permanent Neow","Quick Restart","Rare Cards Sparkle","Relic Stats","StSLib","everything is the same but u backflip on backflip","slay the spire mod where everything is the same but ironclad has a cowboy hat"],"gold_per_floor":[111,138,8,8,8,8,33,51,51,67,111,111,111,150,150,150,150],"floor_reached":16,"language":"ENG","playtime":484,"items_purged":["Defend_R"],"score":211,"play_id":"fb36221f-ceec-4fa3-984d-4241f49379cb","local_time":"20210117021446","is_ascension_mode":true,"campfire_choices":[{"data":"Feed","floor":6.0,"key":"SMITH"},{"floor":12.0,"key":"DIG"},{"floor":15,"key":"REST"}],"circlet_count":0,"master_deck":["AscendersBane","Strike_R","Strike_R","Strike_R","Strike_R","Defend_R","Defend_R","Defend_R","Bash","Feed+1","Ghostly Armor","Shrug It Off","Combust","Intimidate+1","Cleave","Shrug It Off"],"relics":["Burning Blood","Pen Nib","Golden Idol","Shovel","Bottled Lightning","Meat on the Bone","TungstenRod"],"acts_visited":["Exordium"],"potions_floor_usage":[16],"damage_taken":[{"damage":7.0,"enemies":"Cultist","floor":1.0,"turns":4.0},{"damage":0.0,"enemies":"2 Louse","floor":7.0,"turns":2.0},{"damage":0.0,"enemies":"Small Slimes","floor":8.0,"turns":4.0},{"damage":10.0,"enemies":"Red Slaver","floor":10.0,"turns":3.0},{"damage":28.0,"enemies":"Lagavulin","floor":11.0,"turns":7.0},{"damage":32,"enemies":"Gremlin Nob","floor":14,"turns":4},{"damage":52,"enemies":"Slime Boss","floor":16,"turns":8}],"seed_played":"8662799816121970304","potions_obtained":[{"floor":10.0,"key":"Dexterity Potion"},{"floor":14,"key":"EssenceOfSteel"}],"is_trial":false,"path_per_floor":["M","T","$","?","?","R","M","M","T","M","E","R","?","E","R","B"],"character_chosen":"IRONCLAD","items_purchased":["Shrug It Off"],"campfire_rested":1,"item_purchase_floors":[3],"current_hp_per_floor":[70,70,70,43,36,36,46,56,56,56,34,34,34,20,47,0,0],"gold":150,"neow_bonus":"ONE_RANDOM_RARE_CARD","is_daily":false,"chose_seed":false,"campfire_upgraded":1,"win_rate":0.0,"timestamp":1610871286,"path_taken":["M","?","$","?","?","R","M","M","T","M","E","R","?","E","R","BOSS"],"items_purchased_type":["Card"],"build_version":"2020-12-22","purchased_purges":1,"victory":false,"max_hp_per_floor":[78,78,78,78,78,78,82,86,86,90,90,90,90,90,90,90,90],"relic_stats":{"Shovel":1,"counters":[7,32],"Golden Idol":29,"Pen Nib":[4],"obtain_stats":[{"Shovel":9,"Golden Idol":4,"Pen Nib":2,"Bottled Lightning":11,"Burning Blood":0,"TungstenRod":14,"Meat on the Bone":12},{"Shovel":3,"Golden Idol":1,"Pen Nib":1,"Bottled Lightning":5,"Burning Blood":0,"TungstenRod":6,"Meat on the Bone":5},{"Shovel":10,"Golden Idol":4,"Pen Nib":4,"Bottled Lightning":20,"Burning Blood":0,"TungstenRod":24,"Meat on the Bone":20}],"Burning Blood":36,"TungstenRod":10,"Meat on the Bone":12},"card_choices":[{"not_picked":["Iron Wave","Infernal Blade"],"picked":"Ghostly Armor","floor":1.0},{"not_picked":["Headbutt","Twin Strike","Flex"],"picked":"SKIP","floor":7.0},{"not_picked":["Rampage","Dropkick"],"picked":"Combust","floor":8.0},{"not_picked":["Armaments","Thunderclap"],"picked":"Intimidate","floor":10.0},{"not_picked":["Flame Barrier","Reckless Charge"],"picked":"Cleave","floor":11.0},{"not_picked":["Flex","Sever Soul"],"picked":"Shrug It Off","floor":14}],"player_experience":309420,"relics_obtained":[{"floor":2.0,"key":"Pen Nib"},{"floor":9.0,"key":"Shovel"},{"floor":11.0,"key":"Bottled Lightning"},{"floor":12.0,"key":"Meat on the Bone"},{"floor":14,"key":"TungstenRod"}],"event_choices":[{"damage_healed":0.0,"max_hp_gain":0.0,"max_hp_loss":0.0,"gold_gain":0.0,"event_name":"Golden Idol","player_choice":"Take Damage","floor":4.0,"gold_loss":0.0,"damage_taken":27.0,"relics_obtained":["Golden Idol"]},{"cards_removed":["Strike_R"],"damage_healed":0.0,"max_hp_gain":0.0,"max_hp_loss":0.0,"gold_gain":0.0,"event_name":"Golden Wing","player_choice":"Card Removal","floor":5.0,"gold_loss":0.0,"damage_taken":7.0},{"damage_healed":0.0,"max_hp_gain":0.0,"max_hp_loss":0.0,"gold_gain":0.0,"event_name":"Upgrade Shrine","player_choice":"Upgraded","floor":13.0,"gold_loss":0.0,"damage_taken":0.0,"cards_upgraded":["Intimidate"]}],"is_beta":false,"boss_relics":[],"items_purged_floors":[3],"is_endless":false,"potions_floor_spawned":[10,14],"killed_by":"Slime Boss","ascension_level":19}}