{"host":"wqsqub3crsxqknzv","time":1610878936,"event":{"mods":["BaseMod","Better Third Choice","Colored Powertips","Minty Spire (QoL Compilation)","StSLib"],"gold_per_floor":[109,119,45,45,59,90,90,106,185,185,185,199,210,228,228,325,325,344,364,381,381,381,381,393,393,462,476,486,501,28,28,28,126,126,141,209,156,171,81,81,94,105,105,105,105],"floor_reached":44,"playtime":2283,"items_purged":["Strike_R"],"score":416,"play_id":"a94ac1ab-7219-479d-a40f-870ed35c2167","local_time":"20210117122216","is_ascension_mode":false,"campfire_choices":[{"data":"Metallicize","floor":7.0,"key":"SMITH"},{"data":"Corruption","floor":10.0,"key":"SMITH"},{"data":"Iron Wave","floor":15.0,"key":"SMITH"},{"data":"Demon Form","floor":23,"key":"SMITH"},{"data":"Feel No Pain","floor":25,"key":"SMITH"},{"data":"Power Through","floor":32,"key":"SMITH"},{"data":"Fire Breathing","floor":40,"key":"SMITH"}],"circlet_count":0,"master_deck":["Strike_R+1","Strike_R+1","Defend_R+1","Defend_R+1","Defend_R+1","Defend_R+1","Bash","Metallicize+1","Pommel Strike","Dropkick","Feel No Pain+1","Fire Breathing+1","Corruption+1","Iron Wave+1","Demon Form+1","Spot Weakness+1","Power Through+1","Second Wind","Vault","Calculated Gamble+1"],"relics":["Burning Blood","Strawberry","HornCleat","Philosopher\u0027s Stone","Nloth\u0027s Gift","Paper Frog","PrismaticShard","Matryoshka","Busted Crown","Gambling Chip","Toy Ornithopter","MealTicket","White Beast Statue"],"acts_visited":["Exordium","TheCity","TheBeyond"],"potions_floor_usage":[16,19,28,33,36,36,36,36,36,38],"damage_taken":[{"damage":2.0,"enemies":"Small Slimes","floor":1.0,"turns":4.0},{"damage":0.0,"enemies":"2 Louse","floor":2.0,"turns":3.0},{"damage":0.0,"enemies":"Cultist","floor":5.0,"turns":4.0},{"damage":14.0,"enemies":"3 Sentries","floor":6.0,"turns":6.0},{"damage":26.0,"enemies":"Exordium Wildlife","floor":8.0,"turns":6.0},{"damage":3.0,"enemies":"Blue Slaver","floor":12.0,"turns":5.0},{"damage":15.0,"enemies":"Exordium Thugs","floor":13.0,"turns":6.0},{"damage":7.0,"enemies":"Gremlin Gang","floor":14.0,"turns":7.0},{"damage":8,"enemies":"Hexaghost","floor":16,"turns":8},{"damage":5,"enemies":"Chosen","floor":18,"turns":5},{"damage":36,"enemies":"2 Thieves","floor":19,"turns":5},{"damage":5,"enemies":"Snecko","floor":20,"turns":5},{"damage":12,"enemies":"Centurion and Healer","floor":24,"turns":5},{"damage":19,"enemies":"Shelled Parasite and Fungi","floor":27,"turns":6},{"damage":29,"enemies":"Snake Plant","floor":28,"turns":6},{"damage":20,"enemies":"Centurion and Healer","floor":29,"turns":8},{"damage":23,"enemies":"Champ","floor":33,"turns":10},{"damage":2,"enemies":"3 Shapes","floor":35,"turns":7},{"damage":53,"enemies":"2 Orb Walkers","floor":36,"turns":6},{"damage":25,"enemies":"3 Darklings","floor":38,"turns":6},{"damage":18,"enemies":"Spire Growth","floor":41,"turns":7},{"damage":7,"enemies":"Writhing Mass","floor":42,"turns":5},{"damage":20,"enemies":"Transient","floor":44,"turns":4}],"seed_played":"3577341209976731238","potions_obtained":[{"floor":6.0,"key":"DistilledChaos"},{"floor":11.0,"key":"EntropicBrew"},{"floor":11.0,"key":"Energy Potion"},{"floor":12.0,"key":"PowerPotion"},{"floor":16,"key":"CultistPotion"},{"floor":19,"key":"BloodPotion"},{"floor":29,"key":"HeartOfIron"},{"floor":33,"key":"SpeedPotion"},{"floor":38,"key":"Fruit Juice"},{"floor":42,"key":"HeartOfIron"}],"is_trial":false,"path_per_floor":["M","M","$","?","M","E","R","M","T","R","?","M","M","M","R","B",null,"M","M","M","?","?","R","M","R","T","M","M","M","$","?","R","B",null,"M","?","?","M","?","R","M","M","T","M"],"character_chosen":"IRONCLAD","items_purchased":["Feel No Pain","PrismaticShard","Matryoshka"],"campfire_rested":0,"item_purchase_floors":[3,30,30],"current_hp_per_floor":[80,80,80,73,79,78,78,58,58,58,58,61,52,51,51,49,87,87,57,58,87,87,87,81,81,81,68,62,48,48,48,48,31,87,87,40,40,31,31,31,19,18,18,0,0],"gold":105,"neow_bonus":"TRANSFORM_CARD","is_daily":false,"chose_seed":false,"campfire_upgraded":7,"win_rate":0.0,"timestamp":1610878936,"path_taken":["M","M","$","?","M","E","R","M","T","R","?","M","M","M","R","BOSS","M","?","M","?","?","R","M","R","T","?","M","?","$","?","R","BOSS","M","?","?","?","?","R","?","M","T","M"],"items_purchased_type":["Card","Relic","Relic"],"build_version":"2020-11-29","purchased_purges":1,"victory":false,"max_hp_per_floor":[80,80,80,80,80,87,87,87,87,87,87,87,87,87,87,87,87,87,87,87,87,87,87,87,87,87,87,87,87,87,87,87,87,87,87,87,87,92,92,92,92,92,92,92,92],"card_choices":[{"not_picked":["Perfected Strike","Thunderclap"],"picked":"Pommel Strike","floor":1.0},{"not_picked":["Clash","True Grit"],"picked":"Dropkick","floor":2.0},{"not_picked":["Flex","Sword Boomerang"],"picked":"Fire Breathing","floor":5.0},{"not_picked":["True Grit","Blood for Blood"],"picked":"Corruption","floor":6.0},{"not_picked":["Twin Strike","Headbutt"],"picked":"Iron Wave","floor":8.0},{"not_picked":["Thunderclap","Whirlwind","True Grit"],"picked":"SKIP","floor":12.0},{"not_picked":["Body Slam","Intimidate","Clothesline"],"picked":"SKIP","floor":13.0},{"not_picked":["Body Slam","Flex","Sword Boomerang"],"picked":"SKIP","floor":14.0},{"not_picked":["Body Slam","Flex","Sword Boomerang"],"picked":"SKIP","floor":14.0},{"not_picked":["Juggernaut","Fiend Fire"],"picked":"Demon Form","floor":16},{"not_picked":["Pommel Strike","Sword Boomerang","Armaments"],"picked":"SKIP","floor":18},{"not_picked":["Thunderclap","Pommel Strike","Headbutt"],"picked":"SKIP","floor":19},{"not_picked":["Bludgeon","Clothesline+1","Heavy Blade"],"picked":"SKIP","floor":20},{"not_picked":["Clothesline","Flex","Pommel Strike+1"],"picked":"SKIP","floor":24},{"not_picked":["Thunderclap","Flex"],"picked":"Spot Weakness","floor":27},{"not_picked":["Shockwave","Battle Trance+1"],"picked":"Power Through","floor":28},{"not_picked":["Perfected Strike","Power Through+1"],"picked":"Second Wind","floor":29},{"not_picked":["Reaper","HandOfGreed"],"picked":"Vault","floor":33},{"not_picked":[],"picked":"Calculated Gamble+1","floor":35},{"not_picked":["Leap"],"picked":"SKIP","floor":38},{"not_picked":["Combust"],"picked":"SKIP","floor":41},{"not_picked":["Skewer+1"],"picked":"SKIP","floor":42}],"player_experience":10102,"relics_obtained":[{"floor":6.0,"key":"Strawberry"},{"floor":9.0,"key":"HornCleat"},{"floor":26,"key":"Paper Frog"},{"floor":36,"key":"Gambling Chip"},{"floor":43,"key":"MealTicket"},{"floor":43,"key":"White Beast Statue"}],"event_choices":[{"damage_healed":0.0,"max_hp_gain":0.0,"max_hp_loss":0.0,"gold_gain":0.0,"event_name":"Scrap Ooze","player_choice":"Success","floor":4.0,"gold_loss":0.0,"damage_taken":7.0,"relics_obtained":["Unceasing Top"]},{"damage_healed":0.0,"max_hp_gain":0.0,"max_hp_loss":0.0,"gold_gain":0.0,"event_name":"Lab","player_choice":"Got Potions","floor":11.0,"gold_loss":0.0,"damage_taken":0.0},{"damage_healed":29,"gold_gain":0,"player_choice":"Heal","damage_taken":0,"max_hp_gain":0,"max_hp_loss":0,"event_name":"The Library","floor":21,"gold_loss":0},{"damage_healed":0,"gold_gain":0,"player_choice":"Traded Relic","damage_taken":0,"relics_obtained":["Nloth\u0027s Gift"],"max_hp_gain":0,"max_hp_loss":0,"event_name":"N\u0027loth","floor":22,"relics_lost":["Unceasing Top"],"gold_loss":0},{"damage_healed":0,"gold_gain":0,"player_choice":"Simplicity","damage_taken":0,"max_hp_gain":0,"max_hp_loss":7,"event_name":"betterThird:BetterWriting","floor":31,"gold_loss":0},{"damage_healed":0,"gold_gain":0,"player_choice":"Fight","damage_taken":0,"max_hp_gain":0,"max_hp_loss":0,"event_name":"Mysterious Sphere","floor":36,"gold_loss":0},{"damage_healed":0,"gold_gain":0,"player_choice":"Paid Gold","damage_taken":0,"relics_obtained":["Toy Ornithopter"],"max_hp_gain":0,"max_hp_loss":0,"event_name":"WeMeetAgain","floor":37,"gold_loss":53},{"cards_removed":["Strike_R"],"damage_healed":0,"gold_gain":0,"player_choice":"Upgrade and Remove","damage_taken":0,"max_hp_gain":0,"max_hp_loss":0,"event_name":"Designer","floor":39,"gold_loss":90,"cards_upgraded":["Spot Weakness"]}],"is_beta":false,"boss_relics":[{"not_picked":["Runic Pyramid","Fusion Hammer"],"picked":"Philosopher\u0027s Stone"},{"not_picked":["Astrolabe","Sozu"],"picked":"Busted Crown"}],"items_purged_floors":[30],"is_endless":false,"potions_floor_spawned":[6,12,14,16,19,29,33,38,42],"killed_by":"Transient","ascension_level":0}}