{"host":"5fpb1gzflhq9886n","time":1610882207,"event":{"mods":["AchievementEnabler","BaseMod","Colored Map","Colored Powertips","Minty Spire (QoL Compilation)","Permanent Neow"],"gold_per_floor":[119,137,150,2,177,67,97,110,157,157,175,175,194,194,194],"floor_reached":14,"language":"ENG","playtime":801,"items_purged":["Doubt"],"score":110,"play_id":"03853cbf-c6c1-446a-82ef-99d06721e373","local_time":"20210117061647","is_ascension_mode":true,"campfire_choices":[{"floor":12,"key":"REST"}],"circlet_count":0,"master_deck":["Strike_G","Strike_G","Strike_G","Strike_G","Strike_G","Defend_G","Defend_G","Defend_G","Defend_G","Defend_G","Survivor","Neutralize","Backflip","Footwork","Noxious Fumes","Caltrops","PiercingWail","Bouncing Flask","Pain","Poisoned Stab","All Out Attack"],"relics":["Philosopher\u0027s Stone","Medical Kit","Kunai","WarpedTongs"],"acts_visited":["Exordium"],"potions_floor_usage":[],"damage_taken":[{"damage":0,"enemies":"Cultist","floor":1,"turns":4},{"damage":0,"enemies":"2 Louse","floor":2,"turns":3},{"damage":0,"enemies":"Small Slimes","floor":3,"turns":5},{"damage":19,"enemies":"Lagavulin","floor":7,"turns":8},{"damage":39,"enemies":"Gremlin Gang","floor":8,"turns":5},{"damage":4,"enemies":"Red Slaver","floor":11,"turns":4},{"damage":14,"enemies":"Large Slime","floor":13,"turns":6},{"damage":22,"enemies":"3 Sentries","floor":14,"turns":2}],"seed_played":"7882606777359993395","potions_obtained":[{"floor":3,"key":"SneckoOil"},{"floor":8,"key":"BlessingOfTheForge"},{"floor":11,"key":"GamblersBrew"},{"floor":13,"key":"Weak Potion"}],"is_trial":false,"path_per_floor":["M","M","M","$","?","$","E","M","T","?","M","R","M","E"],"character_chosen":"THE_SILENT","items_purchased":["Medical Kit","Caltrops"],"campfire_rested":1,"item_purchase_floors":[4,6],"current_hp_per_floor":[70,70,70,70,70,70,51,12,12,12,8,29,15,0,0],"gold":194,"neow_bonus":"BOSS_RELIC","is_daily":false,"chose_seed":false,"campfire_upgraded":0,"win_rate":0.0,"timestamp":1610882207,"path_taken":["M","?","M","$","?","$","E","M","T","?","M","R","?","E"],"items_purchased_type":["Relic","Card"],"build_version":"2020-12-22","purchased_purges":1,"victory":false,"max_hp_per_floor":[70,70,70,70,70,70,70,70,70,70,70,70,70,70,70],"card_choices":[{"not_picked":["Choke","Dagger Throw"],"picked":"Backflip","floor":1},{"not_picked":["Dagger Throw","Dodge and Roll"],"picked":"Footwork","floor":2},{"not_picked":["Deadly Poison","Slice"],"picked":"Noxious Fumes","floor":3},{"not_picked":["Sucker Punch","Expertise"],"picked":"PiercingWail","floor":7},{"not_picked":["Outmaneuver","Quick Slash"],"picked":"Bouncing Flask","floor":8},{"not_picked":["Deflect","Slice"],"picked":"Poisoned Stab","floor":11},{"not_picked":["Endless Agony","Night Terror"],"picked":"All Out Attack","floor":13}],"player_experience":712046,"relics_obtained":[{"floor":7,"key":"Kunai"}],"event_choices":[{"damage_healed":0,"gold_gain":175,"player_choice":"AGREE","damage_taken":0,"max_hp_gain":0,"max_hp_loss":0,"event_name":"Liars Game","floor":5,"gold_loss":0,"cards_obtained":["Doubt"]},{"damage_healed":0,"gold_gain":0,"player_choice":"Rummage","damage_taken":0,"relics_obtained":["WarpedTongs"],"max_hp_gain":0,"max_hp_loss":0,"event_name":"Accursed Blacksmith","floor":10,"gold_loss":0,"cards_obtained":["Pain"]}],"is_beta":false,"boss_relics":[],"items_purged_floors":[6],"is_endless":false,"potions_floor_spawned":[3,8,11,13],"killed_by":"3 Sentries","ascension_level":4}}