{"host":"l60rmjjsfi0fipmi","time":1610851644,"event":{"mods":["BaseMod","Colored Map","DeckTracker","Highlight Path","Minty Spire (QoL Compilation)","StSLib","The Cursed","The Servant 0.9.4"],"gold_per_floor":[117,128,146,79,99,99,109,144,169,169,185,185,197,212,212,310,310,322,322,332,351,1,31,31,41,67,77,77,77],"floor_reached":28,"language":"ENG","playtime":1806,"items_purged":["Strike_B"],"score":295,"play_id":"bb936b4b-6230-4996-98bb-1a2fcf3fbb10","local_time":"20210116214724","is_ascension_mode":true,"campfire_choices":[{"data":"Zap","floor":6,"key":"SMITH"},{"data":"Ball Lightning","floor":10,"key":"SMITH"},{"data":"Redo","floor":12,"key":"SMITH"},{"floor":15,"key":"REST"},{"floor":24,"key":"REST"}],"circlet_count":0,"master_deck":["Strike_B","Strike_B","Strike_B","Defend_B","Defend_B","Defend_B","Defend_B","Zap+1","Dualcast","Thunder Strike","Go for the Eyes","Loop","Cold Snap","Melter","Self Repair","Compile Driver","Ball Lightning+1","Redo+1","Beam Cell","Undo","Reboot","Hologram+1","Stack","Streamline","Seek+1","Leap+1","Defragment+1"],"relics":["Cracked Core","Kunai","Anchor","Nuclear Battery","Toxic Egg 2","Potion Belt","Regal Pillow"],"acts_visited":["Exordium","TheCity"],"potions_floor_usage":[13,23,23,23,23,25,25],"damage_taken":[{"damage":1,"enemies":"Cultist","floor":1,"turns":3},{"damage":7,"enemies":"2 Louse","floor":2,"turns":3},{"damage":0,"enemies":"Small Slimes","floor":3,"turns":3},{"damage":2,"enemies":"Exordium Thugs","floor":5,"turns":4},{"damage":4,"enemies":"Red Slaver","floor":7,"turns":3},{"damage":30,"enemies":"Lagavulin","floor":8,"turns":6},{"damage":0,"enemies":"Blue Slaver","floor":11,"turns":2},{"damage":4,"enemies":"Gremlin Gang","floor":13,"turns":4},{"damage":3,"enemies":"Looter","floor":14,"turns":3},{"damage":8,"enemies":"Slime Boss","floor":16,"turns":7},{"damage":15,"enemies":"3 Byrds","floor":18,"turns":5},{"damage":14,"enemies":"Spheric Guardian","floor":20,"turns":4},{"damage":22,"enemies":"3 Cultists","floor":21,"turns":5},{"damage":56,"enemies":"Gremlin Leader","floor":23,"turns":8},{"damage":17,"enemies":"Snecko","floor":25,"turns":7},{"damage":0,"enemies":"Centurion and Healer","floor":27,"turns":6},{"damage":30,"enemies":"Colosseum Slavers","floor":28,"turns":3}],"seed_played":"5078012083635732121","potions_obtained":[{"floor":3,"key":"EntropicBrew"},{"floor":5,"key":"CultistPotion"},{"floor":8,"key":"Explosive Potion"},{"floor":13,"key":"FearPotion"},{"floor":19,"key":"Regen Potion"},{"floor":19,"key":"EssenceOfDarkness"},{"floor":25,"key":"Dexterity Potion"}],"is_trial":false,"path_per_floor":["M","M","M","$","M","R","M","E","T","R","M","R","M","M","R","B",null,"M","?","M","M","$","E","R","M","T","M","?"],"character_chosen":"DEFECT","items_purchased":["Melter","Toxic Egg 2","Streamline"],"campfire_rested":2,"item_purchase_floors":[4,22,22],"current_hp_per_floor":[74,67,67,67,65,65,61,38,38,38,38,38,41,38,60,52,75,67,67,60,45,45,11,33,16,16,23,0,0],"gold":77,"neow_bonus":"ONE_RANDOM_RARE_CARD","is_daily":false,"chose_seed":false,"campfire_upgraded":3,"win_rate":0.0,"timestamp":1610851644,"path_taken":["M","M","M","$","M","R","M","E","T","R","?","R","M","?","R","BOSS","M","?","M","M","$","E","R","M","T","?","?"],"items_purchased_type":["Card","Relic","Card"],"build_version":"2020-12-22","purchased_purges":1,"victory":false,"max_hp_per_floor":[75,75,75,75,75,75,75,75,75,75,75,75,75,75,75,75,75,75,75,75,75,75,75,75,75,75,75,75,75],"card_choices":[{"not_picked":["Steam","Skim"],"picked":"Go for the Eyes","floor":1},{"not_picked":["Darkness","Heatsinks"],"picked":"Loop","floor":2},{"not_picked":["Steam","Coolheaded"],"picked":"Cold Snap","floor":3},{"not_picked":["Sunder","Hello World"],"picked":"Self Repair","floor":5},{"not_picked":["Cold Snap","Stack"],"picked":"Compile Driver","floor":7},{"not_picked":["Skim","Fusion"],"picked":"Ball Lightning","floor":8},{"not_picked":["Gash","Sweeping Beam"],"picked":"Redo","floor":11},{"not_picked":["Hyperbeam","Darkness"],"picked":"Beam Cell","floor":13},{"not_picked":["Steam","Ball Lightning"],"picked":"Undo","floor":14},{"not_picked":["Biased Cognition","Hyperbeam"],"picked":"Reboot","floor":16},{"not_picked":["Go for the Eyes","Compile Driver+1"],"picked":"Hologram+1","floor":18},{"not_picked":["Turbo","Double Energy","Undo"],"picked":"SKIP","floor":20},{"not_picked":["Blizzard","Beam Cell"],"picked":"Stack","floor":21},{"not_picked":["Rainbow+1","Genetic Algorithm+1"],"picked":"Seek+1","floor":23},{"not_picked":["Beam Cell","Force Field+1"],"picked":"Leap+1","floor":25},{"not_picked":["Ball Lightning","Cold Snap"],"picked":"Defragment+1","floor":27}],"player_experience":449160,"relics_obtained":[{"floor":8,"key":"Kunai"},{"floor":9,"key":"Anchor"},{"floor":23,"key":"Potion Belt"},{"floor":26,"key":"Regal Pillow"}],"event_choices":[{"damage_healed":0,"gold_gain":0,"player_choice":"Got Potions","damage_taken":0,"max_hp_gain":0,"max_hp_loss":0,"event_name":"Lab","floor":19,"gold_loss":0},{"damage_healed":0,"gold_gain":0,"player_choice":"Fight","damage_taken":0,"max_hp_gain":0,"max_hp_loss":0,"event_name":"Colosseum","floor":28,"gold_loss":0}],"is_beta":false,"boss_relics":[{"not_picked":["Snecko Eye","Runic Pyramid"],"picked":"Nuclear Battery"}],"items_purged_floors":[22],"is_endless":false,"potions_floor_spawned":[3,5,8,13,20,21,25],"killed_by":"Colosseum Slavers","ascension_level":4}}