{"host":"hzinic87vu8p95wn","time":1610886180,"event":{"mods":["BaseMod","Minty Spire (QoL Compilation)"],"gold_per_floor":[119,119,0,0,0,33,33,67,67,67,83,157,171,205,205,300,300,280,330,380,400,16,16,47,47,120,135,135,310,360,384,384,478,478,492,542,610,660,710,710,791,791,791,791,862,862,862],"floor_reached":46,"language":"ENG","playtime":1472,"items_purged":[],"score":979,"play_id":"3bbbba96-9a8c-40e5-95c6-988a9c83bd17","local_time":"20210117232300","is_ascension_mode":true,"campfire_choices":[{"data":"Body Slam","floor":7.0,"key":"SMITH"},{"data":"Rampage","floor":10.0,"key":"SMITH"},{"data":"Demon Form","floor":15.0,"key":"SMITH"},{"floor":23.0,"key":"REST"},{"floor":25.0,"key":"REST"},{"floor":28.0,"key":"REST"},{"floor":32.0,"key":"REST"},{"data":"Barricade","floor":40.0,"key":"SMITH"},{"floor":42,"key":"REST"},{"data":"Rage","floor":44,"key":"SMITH"}],"circlet_count":0,"master_deck":["AscendersBane","Strike_R+1","Strike_R+1","Strike_R+1","Strike_R+1","Defend_R+1","Defend_R+1","Defend_R+1","Bash","Shrug It Off","Metallicize","Rampage+1","Body Slam+1","Evolve","Anger","Cleave","Demon Form+1","Barricade+1","Iron Wave+1","Heavy Blade","Heavy Blade+1","Writhe","Rage+1"],"relics":["Black Blood","NeowsBlessing","Golden Idol","SsserpentHead","Regal Pillow","PreservedInsect","Incense Burner","Calipers","Runic Cube","Bottled Tornado","Potion Belt","Bottled Flame","Lizard Tail","Darkstone Periapt","MealTicket","Pocketwatch","Singing Bowl"],"acts_visited":["Exordium","TheCity","TheBeyond"],"potions_floor_usage":[],"damage_taken":[{"damage":0.0,"enemies":"2 Louse","floor":1.0,"turns":1.0},{"damage":0.0,"enemies":"Lagavulin","floor":6.0,"turns":1.0},{"damage":0.0,"enemies":"Gremlin Nob","floor":8.0,"turns":1.0},{"damage":0.0,"enemies":"Cultist","floor":11.0,"turns":3.0},{"damage":0.0,"enemies":"Jaw Worm","floor":12.0,"turns":3.0},{"damage":13.0,"enemies":"3 Louse","floor":13.0,"turns":3.0},{"damage":9.0,"enemies":"3 Sentries","floor":14.0,"turns":6.0},{"damage":1.0,"enemies":"Slime Boss","floor":16.0,"turns":9.0},{"damage":39.0,"enemies":"2 Thieves","floor":18.0,"turns":4.0},{"damage":13.0,"enemies":"Chosen","floor":21.0,"turns":6.0},{"damage":66.0,"enemies":"Book of Stabbing","floor":24.0,"turns":5.0},{"damage":22.0,"enemies":"Centurion and Healer","floor":27.0,"turns":5.0},{"damage":39.0,"enemies":"Colosseum Slavers","floor":29.0,"turns":5.0},{"damage":29.0,"enemies":"Colosseum Nobs","floor":29.0,"turns":4.0},{"damage":41.0,"enemies":"Snecko","floor":31.0,"turns":5.0},{"damage":36.0,"enemies":"Champ","floor":33.0,"turns":9.0},{"damage":34.0,"enemies":"Orb Walker","floor":35.0,"turns":4.0},{"damage":47.0,"enemies":"3 Darklings","floor":37.0,"turns":6.0},{"damage":28,"enemies":"Mind Bloom Boss Battle","floor":41,"turns":15},{"damage":56,"enemies":"Transient","floor":45,"turns":6},{"damage":0,"enemies":"4 Shapes","floor":46,"turns":1}],"seed_played":"-198077973973782410","potions_obtained":[{"floor":6.0,"key":"LiquidMemories"},{"floor":11.0,"key":"DuplicationPotion"},{"floor":16.0,"key":"Weak Potion"},{"floor":31.0,"key":"BlessingOfTheForge"},{"floor":33.0,"key":"Weak Potion"},{"floor":41,"key":"FairyPotion"},{"floor":45,"key":"SkillPotion"}],"is_trial":false,"path_per_floor":["M","?","$","?","?","E","R","E","T","R","M","M","M","E","R","B",null,"M","?","?","M","$","R","E","R","T","M","R","?","?","M","R","B",null,"M","?","M","?","?","R","?","R","T","R","M","M"],"character_chosen":"IRONCLAD","items_purchased":["Metallicize","Rampage","Bottled Tornado","FairyPotion"],"campfire_rested":5,"item_purchase_floors":[3,3,22,22],"current_hp_per_floor":[74,74,74,48,48,54,54,60,60,60,66,72,65,62,62,67,73,40,40,40,33,33,70,10,47,47,31,68,12,12,9,46,16,60,38,38,49,70,70,70,54,81,81,81,39,39,39],"gold":862,"neow_bonus":"THREE_ENEMY_KILL","is_daily":false,"chose_seed":false,"campfire_upgraded":5,"win_rate":0.0,"timestamp":1610886180,"path_taken":["M","?","$","?","?","E","R","E","T","R","M","?","M","E","R","BOSS","M","?","?","M","$","R","E","R","T","M","R","?","?","M","R","BOSS","M","?","?","?","?","R","?","R","T","R","?","M"],"items_purchased_type":["Card","Card","Relic","Potion"],"build_version":"2020-12-22","purchased_purges":0,"victory":false,"max_hp_per_floor":[75,75,75,75,75,75,75,75,75,75,75,75,75,75,75,75,75,75,75,75,75,75,75,75,75,75,75,75,75,75,75,75,75,75,75,75,75,81,81,81,81,81,81,81,83,83,83],"card_choices":[{"not_picked":["Wild Strike","Ghostly Armor"],"picked":"Shrug It Off","floor":1.0},{"not_picked":["Wild Strike","Clash"],"picked":"Body Slam","floor":6.0},{"not_picked":["Perfected Strike","Exhume"],"picked":"Evolve","floor":8.0},{"not_picked":["Rupture","Ghostly Armor","Sword Boomerang"],"picked":"SKIP","floor":11.0},{"not_picked":["Flex","Warcry"],"picked":"Anger","floor":12.0},{"not_picked":["Headbutt","Clash"],"picked":"Cleave","floor":13.0},{"not_picked":["Entrench","Disarm"],"picked":"Demon Form","floor":14.0},{"not_picked":["Bludgeon","Limit Break"],"picked":"Barricade","floor":16.0},{"not_picked":["Pommel Strike","Sword Boomerang+1","Infernal Blade"],"picked":"SKIP","floor":18.0},{"not_picked":["Whirlwind","Ghostly Armor"],"picked":"Iron Wave+1","floor":21.0},{"not_picked":["Thunderclap","Dropkick","Corruption"],"picked":"SKIP","floor":24.0},{"not_picked":["Iron Wave+1","Body Slam","Burning Pact"],"picked":"SKIP","floor":27.0},{"not_picked":["Body Slam","Spot Weakness"],"picked":"Heavy Blade","floor":29.0},{"not_picked":["Combust","Sentinel","Second Wind"],"picked":"SKIP","floor":31.0},{"not_picked":["Perfected Strike","Cleave+1"],"picked":"Heavy Blade+1","floor":35.0},{"not_picked":["Carnage","Anger+1","Cleave"],"picked":"SKIP","floor":37.0},{"not_picked":["Wild Strike+1","Inflame"],"picked":"Rage","floor":41},{"not_picked":["Clash","Feel No Pain+1","Uppercut+1"],"picked":"Singing Bowl","floor":45}],"player_experience":1578920,"relics_obtained":[{"floor":6.0,"key":"Regal Pillow"},{"floor":8.0,"key":"PreservedInsect"},{"floor":9.0,"key":"Incense Burner"},{"floor":14.0,"key":"Calipers"},{"floor":24.0,"key":"Potion Belt"},{"floor":26.0,"key":"Bottled Flame"},{"floor":29.0,"key":"Lizard Tail"},{"floor":29.0,"key":"Darkstone Periapt"},{"floor":41,"key":"Pocketwatch"},{"floor":43,"key":"Singing Bowl"}],"event_choices":[{"damage_healed":0.0,"max_hp_gain":0.0,"max_hp_loss":0.0,"gold_gain":0.0,"event_name":"The Cleric","player_choice":"Leave","floor":2.0,"gold_loss":0.0,"damage_taken":0.0},{"damage_healed":0.0,"max_hp_gain":0.0,"max_hp_loss":0.0,"gold_gain":0.0,"event_name":"Golden Idol","player_choice":"Take Damage","floor":4.0,"gold_loss":0.0,"damage_taken":26.0,"relics_obtained":["Golden Idol"]},{"damage_healed":0.0,"max_hp_gain":0.0,"max_hp_loss":0.0,"gold_gain":0.0,"event_name":"FaceTrader","player_choice":"Trade","floor":5.0,"gold_loss":0.0,"damage_taken":0.0,"relics_obtained":["SsserpentHead"]},{"damage_healed":0.0,"max_hp_gain":0.0,"max_hp_loss":0.0,"gold_gain":0.0,"event_name":"The Mausoleum","player_choice":"Ignored","floor":19.0,"gold_loss":0.0,"damage_taken":0.0},{"damage_healed":0.0,"max_hp_gain":0.0,"max_hp_loss":0.0,"gold_gain":0.0,"event_name":"Back to Basics","player_choice":"Simplicity","floor":20.0,"gold_loss":0.0,"damage_taken":0.0,"cards_upgraded":["Strike_R","Strike_R","Strike_R","Strike_R","Strike_R","Defend_R","Defend_R","Defend_R","Defend_R"]},{"damage_healed":0.0,"max_hp_gain":0.0,"max_hp_loss":0.0,"gold_gain":0.0,"event_name":"Colosseum","player_choice":"Fight","floor":29.0,"gold_loss":0.0,"damage_taken":0.0},{"damage_healed":0.0,"max_hp_gain":0.0,"max_hp_loss":0.0,"gold_gain":0.0,"event_name":"Colosseum","player_choice":"Fought Nobs","floor":29.0,"gold_loss":0.0,"damage_taken":0.0},{"cards_removed":["Strike_R"],"damage_healed":0.0,"max_hp_gain":0.0,"max_hp_loss":0.0,"gold_gain":0.0,"event_name":"Bonfire Elementals","player_choice":"Offered Basic","floor":30.0,"gold_loss":0.0,"damage_taken":0.0},{"damage_healed":0.0,"max_hp_gain":0.0,"max_hp_loss":0.0,"gold_gain":0.0,"event_name":"WeMeetAgain","player_choice":"Gave Potion","floor":36.0,"gold_loss":0.0,"damage_taken":0.0,"relics_obtained":["MealTicket"]},{"damage_healed":15.0,"max_hp_gain":0.0,"max_hp_loss":0.0,"gold_gain":0.0,"event_name":"Winding Halls","player_choice":"Writhe","floor":38.0,"gold_loss":0.0,"damage_taken":0.0,"cards_obtained":["Writhe"]},{"cards_removed":["Defend_R"],"damage_healed":0.0,"max_hp_gain":0.0,"max_hp_loss":0.0,"gold_gain":0.0,"event_name":"Falling","player_choice":"Removed Skill","floor":39.0,"gold_loss":0.0,"damage_taken":0.0},{"damage_healed":0,"gold_gain":0,"player_choice":"Fight","damage_taken":0,"max_hp_gain":0,"max_hp_loss":0,"event_name":"MindBloom","floor":41,"gold_loss":0}],"is_beta":false,"boss_relics":[{"not_picked":["Fusion Hammer","Runic Pyramid"],"picked":"Runic Cube"},{"not_picked":["Cursed Key","Astrolabe"],"picked":"Black Blood"}],"items_purged_floors":[],"is_endless":false,"potions_floor_spawned":[6,11,13,16,29,31,33,41,45],"killed_by":"4 Shapes","ascension_level":18}}