{"host":"37ccm3d17clopct7","time":1610891469,"event":{"mods":["BaseMod","Lobotomy","Minty Spire (QoL Compilation)","StSLib","The Bug Knight","The Cursed","The Hierophant"],"gold_per_floor":[110,12,12,47,0,0,43,43,118,154,188,188,246,280,280,408,408,449,489,103,43,94,94,94,90,90],"floor_reached":25,"language":"KOR","playtime":1277,"items_purged":["hierophant:Defend_Hierophant","hierophant:Strike_Hierophant"],"score":203,"play_id":"7b8c8507-d2d7-4e37-86b9-976813f8b47f","local_time":"20210117225109","is_ascension_mode":false,"campfire_choices":[{"data":"hierophant:Punish","floor":6,"key":"SMITH"},{"data":"hierophant:Smite","floor":8,"key":"SMITH"},{"data":"hierophant:RepressedViolence","floor":12,"key":"SMITH"},{"floor":15,"key":"REST"},{"floor":23,"key":"REST"}],"circlet_count":0,"master_deck":["hierophant:Strike_Hierophant","hierophant:Strike_Hierophant","hierophant:Strike_Hierophant","hierophant:Punish+1","hierophant:Defend_Hierophant","hierophant:Defend_Hierophant","hierophant:Defend_Hierophant","hierophant:ChurchCoffers+1","hierophant:RepressedViolence+1","hierophant:RustyCrate","hierophant:Doubloon","hierophant:Doubloon","hierophant:Smite+1","Wellcheers","VoidDream","hierophant:Encroach","hierophant:MorningPrayer","hierophant:Patience","Rudolta","hierophant:HolyVerse","hierophant:Doubloon","hierophant:Dazzle+1","hierophant:Doomsaying"],"relics":["hierophant:PropheticMaskRelic","CogitoBucket","Bottled Flame","Mercury Hourglass","Mango","Meat on the Bone"],"acts_visited":["Exordium","TheCity"],"potions_floor_usage":[16,25],"damage_taken":[{"damage":2,"enemies":"2 Louse","floor":1,"turns":2},{"damage":5,"enemies":"Cultist","floor":4,"turns":4},{"damage":0,"enemies":"Small Slimes","floor":7,"turns":1},{"damage":0,"enemies":"Blue Slaver","floor":10,"turns":1},{"damage":0,"enemies":"Lots of Slimes","floor":11,"turns":1},{"damage":14,"enemies":"Gremlin Nob","floor":13,"turns":4},{"damage":0,"enemies":"Large Slime","floor":14,"turns":2},{"damage":71,"enemies":"The Guardian","floor":16,"turns":22},{"damage":5,"enemies":"3 Byrds","floor":18,"turns":5},{"damage":25,"enemies":"Spheric Guardian","floor":19,"turns":5},{"damage":21,"enemies":"Centurion and Healer","floor":22,"turns":5},{"damage":85,"enemies":"Cultist and Chosen","floor":25,"turns":13}],"seed_played":"-3942501461635081818","potions_obtained":[{"floor":1,"key":"FearPotion"},{"floor":11,"key":"AttackPotion"},{"floor":14,"key":"CultistPotion"},{"floor":16,"key":"Block Potion"},{"floor":18,"key":"Fire Potion"}],"is_trial":false,"path_per_floor":["M","$","?","M","$","R","M","R","T","M","M","R","E","M","R","B",null,"M","M","$","?","M","R","?","M"],"character_chosen":"HIEROPHANT","items_purchased":["hierophant:RustyCrate","hierophant:Smite","Mango"],"campfire_rested":2,"item_purchase_floors":[2,5,20],"current_hp_per_floor":[73,73,73,68,68,68,68,68,68,68,68,68,57,57,75,7,75,73,48,62,62,56,82,82,0,0],"gold":90,"neow_bonus":"","is_daily":false,"chose_seed":false,"campfire_upgraded":3,"win_rate":0.0,"timestamp":1610891469,"path_taken":["M","$","?","?","?","R","M","R","T","M","M","R","E","?","R","BOSS","M","M","$","?","?","R","?","M"],"items_purchased_type":["Card","Card","Relic"],"build_version":"2020-12-22","purchased_purges":2,"victory":false,"max_hp_per_floor":[75,75,75,75,75,75,75,75,75,75,75,75,75,75,75,75,75,75,75,89,89,89,89,89,89,89],"card_choices":[{"not_picked":["hierophant:TollTheBells","hierophant:Alms"],"picked":"hierophant:RepressedViolence","floor":1},{"not_picked":["hierophant:FieryStrike","hierophant:Charity","hierophant:RustyCrate"],"picked":"SKIP","floor":4},{"not_picked":["SpiderBud","Variant"],"picked":"Wellcheers","floor":7},{"not_picked":["hierophant:Remorse","hierophant:SealAway","hierophant:DisplayOfPower"],"picked":"SKIP","floor":7},{"not_picked":["MeatLantern","SpiderBud"],"picked":"VoidDream","floor":10},{"not_picked":["hierophant:Determination","hierophant:Embezzle","hierophant:Martyrdom"],"picked":"SKIP","floor":10},{"not_picked":["hierophant:HolyVerse","hierophant:SealAway"],"picked":"hierophant:Encroach","floor":11},{"not_picked":["hierophant:Empathy","hierophant:ArchangelShield"],"picked":"hierophant:MorningPrayer","floor":13},{"not_picked":["hierophant:Bribe","hierophant:DisplayOfPower"],"picked":"hierophant:Patience","floor":14},{"not_picked":["UniverseFragment","PlagueDoctor"],"picked":"Rudolta","floor":16},{"not_picked":["hierophant:AuricBeam","hierophant:FaithHealing"],"picked":"hierophant:HolyVerse","floor":18},{"not_picked":["hierophant:CursedGold","hierophant:OrnateBuckler"],"picked":"hierophant:Dazzle+1","floor":19},{"not_picked":["hierophant:HammerAndAnvil","hierophant:HolyVerse","hierophant:Batter"],"picked":"SKIP","floor":22}],"player_experience":63464,"relics_obtained":[{"floor":9,"key":"Bottled Flame"},{"floor":13,"key":"Mercury Hourglass"}],"event_choices":[{"damage_healed":0,"gold_gain":0,"player_choice":"Upgraded","damage_taken":0,"max_hp_gain":0,"max_hp_loss":0,"event_name":"Upgrade Shrine","floor":3,"gold_loss":0,"cards_upgraded":["hierophant:ChurchCoffers"]},{"damage_healed":0,"gold_gain":0,"player_choice":"Paid Gold","damage_taken":0,"relics_obtained":["Meat on the Bone"],"max_hp_gain":0,"max_hp_loss":0,"event_name":"WeMeetAgain","floor":21,"gold_loss":60},{"damage_healed":0,"gold_gain":0,"player_choice":"Read","damage_taken":0,"max_hp_gain":0,"max_hp_loss":0,"event_name":"The Library","floor":24,"gold_loss":0,"cards_obtained":["hierophant:Doomsaying"]}],"is_beta":false,"boss_relics":[{"not_picked":["Coffee Dripper","Busted Crown","Snecko Eye"]}],"items_purged_floors":[2,20],"is_endless":false,"potions_floor_spawned":[1,11,14,16,18],"killed_by":"Cultist and Chosen","ascension_level":0}}