{"host":"w7dhjqgqsib0c3vt","time":1610899698,"event":{"mods":["ATMod(°¢èªMod)","BaseMod","Minty Spire (QoL Compilation)","Shop Mod","StSLib","TheWitcher"],"gold_per_floor":[114,114,127,127,147,187,187,200,200,44,68,68,82,7,7,7,7],"floor_reached":16,"language":"ZHS","playtime":533,"items_purged":["Injury"],"score":194,"play_id":"916bedef-78df-4e0d-9358-a7c210142b30","local_time":"20210118000818","is_ascension_mode":true,"campfire_choices":[{"floor":7.0,"key":"REST"},{"floor":12,"key":"REST"},{"floor":15,"key":"REST"}],"circlet_count":0,"master_deck":["AscendersBane","Strike_G","Strike_G","Strike_G","Strike_G","Strike_G","Defend_G","Defend_G","Defend_G","Defend_G","Defend_G","Survivor","Neutralize","AT_TinkerSharpsword+1","Dagger Spray","Dash","Heel Hook","AT_ThistleTea","Adrenaline","AT_WomanClash+1","Poisoned Stab","Backflip+1","Distraction+1","Concentrate+1"],"relics":["Ring of the Snake","AT_ATBox","NeowsBlessing","Golden Idol","Blue Candle","Toxic Egg 2"],"acts_visited":["Exordium"],"potions_floor_usage":[16],"damage_taken":[{"damage":0.0,"enemies":"Jaw Worm","floor":1.0,"turns":1.0},{"damage":0.0,"enemies":"Small Slimes","floor":3.0,"turns":1.0},{"damage":0.0,"enemies":"Cultist","floor":5.0,"turns":1.0},{"damage":52.0,"enemies":"Lagavulin","floor":6.0,"turns":9.0},{"damage":11,"enemies":"Blue Slaver","floor":8,"turns":5},{"damage":2,"enemies":"Red Slaver","floor":11,"turns":4},{"damage":4,"enemies":"Exordium Thugs","floor":13,"turns":3},{"damage":49,"enemies":"Hexaghost","floor":16,"turns":11}],"seed_played":"7768163036554632893","potions_obtained":[{"floor":5.0,"key":"Poison Potion"},{"floor":11,"key":"SneckoOil"},{"floor":13,"key":"DuplicationPotion"}],"is_trial":false,"path_per_floor":["M","?","M","?","M","E","R","M","T","$","M","R","M","$","R","B"],"character_chosen":"THE_SILENT","items_purchased":["AT_WomanClash+1","Poisoned Stab","Backflip+1"],"campfire_rested":3,"item_purchase_floors":[10,10,10],"current_hp_per_floor":[59,59,59,59,59,7,26,15,15,15,13,32,28,28,47,0,0],"gold":7,"neow_bonus":"THREE_ENEMY_KILL","is_daily":false,"chose_seed":false,"campfire_upgraded":0,"win_rate":0.0,"timestamp":1610899698,"path_taken":["M","?","M","?","M","E","R","M","T","$","M","R","M","?","R","BOSS"],"items_purchased_type":["Card","Card","Card"],"build_version":"2020-12-22","purchased_purges":1,"victory":false,"max_hp_per_floor":[66,66,66,66,66,66,66,66,66,66,66,66,66,66,66,66,66],"card_choices":[{"not_picked":["Dagger Throw","Infinite Blades"],"picked":"Dagger Spray","floor":1.0},{"not_picked":["PiercingWail","Endless Agony"],"picked":"Dash","floor":3.0},{"not_picked":["Dagger Throw","Reflex"],"picked":"Heel Hook","floor":5.0},{"not_picked":["AT_WindFlip","Setup"],"picked":"AT_ThistleTea","floor":6.0},{"not_picked":["Underhanded Strike","Setup"],"picked":"Adrenaline","floor":8},{"not_picked":["Dagger Spray","Bane"],"picked":"Distraction+1","floor":11},{"not_picked":["Bane","Cloak And Dagger+1"],"picked":"Concentrate+1","floor":13}],"player_experience":628218,"relics_obtained":[{"floor":6.0,"key":"Blue Candle"},{"floor":9,"key":"Toxic Egg 2"}],"event_choices":[{"damage_healed":0.0,"max_hp_gain":0.0,"max_hp_loss":0.0,"gold_gain":0.0,"event_name":"Golden Idol","player_choice":"Take Wound","floor":2.0,"gold_loss":0.0,"damage_taken":0.0,"relics_obtained":["Golden Idol"],"cards_obtained":["Injury"]},{"damage_healed":0.0,"max_hp_gain":0.0,"max_hp_loss":0.0,"gold_gain":0.0,"event_name":"Living Wall","player_choice":"Grow","floor":4.0,"gold_loss":0.0,"damage_taken":0.0,"cards_upgraded":["AT_TinkerSharpsword"]}],"is_beta":false,"boss_relics":[],"items_purged_floors":[14],"is_endless":false,"potions_floor_spawned":[5,11,13],"killed_by":"Hexaghost","ascension_level":18}}