{"host":"pno9h1fupbyz205f","time":1610914601,"event":{"mods":["Aspiration","BaseMod","Better Altar","Better Match","Better Note","Better Sensory Stone","Better Skull","Better Third Choice","Colored Map","Colored Powertips","Hermit","Highlight Path","Hubris","Infinite Spire","Jedi Mod","Mad Scientist","Marisa????????","Minty Spire (QoL Compilation)","Permanent Neow","Potionbrewer","Prisma Mod","Replay The Spire","Robot Space Explorer","Shop Mod","Spicy Shops","StSLib","Td1madao Mod","The Blackbeard","The Gatherer","The Hierophant","The Marked","The Poker Player","The Runesmith","The Servant 0.9.4","The Spell Scribe","The Vixen","thorton","vexMod"],"gold_per_floor":[110,110,110,110,128,128,128,128,128,159,159,172,172,25,25,25,25],"floor_reached":16,"language":"ENG","playtime":518,"items_purged":[],"score":121,"play_id":"5202e3bb-63de-4986-850b-98ef481d71e2","local_time":"20210117121641","daily_mods":["Draft","Heirloom","Time Dilation","Flight"],"is_ascension_mode":false,"campfire_choices":[{"data":"theScribe:GatherComponents","floor":6,"key":"SMITH"},{"data":"theScribe:GatherComponents","floor":7,"key":"SMITH"},{"data":"theScribe:GatherComponents","floor":11,"key":"SMITH"},{"data":"theScribe:QuickStudy","floor":13,"key":"SMITH"}],"circlet_count":0,"master_deck":["theScribe:GatherComponents","theScribe:GatherComponents+1","theScribe:StaticCage","theScribe:LightningBolt","theScribe:FrostvenomToxin","theScribe:Insight","theScribe:SanguineSurge","theScribe:MirrorImage","theScribe:AmplifyingSpellstone","theScribe:GatherComponents+1","theScribe:MirrorImage","theScribe:LightningBolt","theScribe:Frost","theScribe:Frost+1","theScribe:GatherComponents+1","ReplayTheSpireMod:Haul","theScribe:QuickStudy+1","theScribe:AmplifyingSpellstone"],"relics":["theScribe:StarterRelic1","hubris:FunFungus","Golden Idol","infinitespire:BottledMercury","Bottled Flame"],"acts_visited":["Exordium"],"potions_floor_usage":[10,16],"damage_taken":[{"damage":6,"enemies":"2 Louse","floor":1,"turns":3},{"damage":0,"enemies":"Small Slimes","floor":5,"turns":3},{"damage":15,"enemies":"Lagavulin","floor":10,"turns":5},{"damage":0,"enemies":"Cultist","floor":12,"turns":2},{"damage":15,"enemies":"Slime Boss","floor":16,"turns":5}],"seed_played":"7483036552338459772","potions_obtained":[{"floor":5,"key":"potionbrewer:HastePotion"},{"floor":12,"key":"BlessingOfTheForge"}],"is_trial":true,"path_per_floor":["M","?","?","?","M","R","R","?","T","E","R","M","R","$","R_BF","B"],"character_chosen":"THE_SCRIBE","items_purchased":["theScribe:AmplifyingSpellstone"],"campfire_rested":0,"item_purchase_floors":[14],"current_hp_per_floor":[69,52,52,75,75,75,75,57,57,45,45,45,45,45,67,52,52],"gold":25,"neow_bonus":"","is_daily":false,"chose_seed":false,"campfire_upgraded":4,"win_rate":0.0,"timestamp":1610914601,"path_taken":["M","?","?","?","?","R","R","?","T","E","R","?","R","$","R_BF","BOSS"],"items_purchased_type":["Card"],"build_version":"2020-12-22","purchased_purges":0,"victory":false,"max_hp_per_floor":[75,75,75,75,75,75,75,75,75,75,75,75,75,75,75,75,75],"card_choices":[{"not_picked":["theScribe:Thwack","theScribe:Divination"],"picked":"theScribe:GatherComponents","floor":0},{"not_picked":["theScribe:Divination","theScribe:PiercingBolts"],"picked":"theScribe:GatherComponents","floor":0},{"not_picked":["theScribe:RecklessResponse","theScribe:Overcharge"],"picked":"theScribe:StaticCage","floor":0},{"not_picked":["theScribe:Dark","theScribe:FrostvenomToxin"],"picked":"theScribe:LightningBolt","floor":0},{"not_picked":["theScribe:Dark","theScribe:FocusingBlow"],"picked":"theScribe:FrostvenomToxin","floor":0},{"not_picked":["theScribe:BluntWeapons","theScribe:FocusingBlow"],"picked":"theScribe:Insight","floor":0},{"not_picked":["theScribe:ScrollOfScrying","theScribe:RecklessResponse"],"picked":"theScribe:SanguineSurge","floor":0},{"not_picked":["theScribe:Divination","theScribe:ThrownScroll"],"picked":"theScribe:MirrorImage","floor":0},{"not_picked":["theScribe:FocusingBlow","theScribe:MagicMissiles"],"picked":"theScribe:AmplifyingSpellstone","floor":0},{"not_picked":["theScribe:AmplifyingSpellstone","theScribe:ThrownScroll"],"picked":"theScribe:GatherComponents","floor":0},{"not_picked":["theScribe:Incendio","theScribe:WordsOfPower"],"picked":"theScribe:FranticSearch","floor":0},{"not_picked":["theScribe:Divination","theScribe:RecklessResponse"],"picked":"theScribe:MirrorImage","floor":0},{"not_picked":["theScribe:LightningBlade","theScribe:FocusingBlow"],"picked":"theScribe:LightningBolt","floor":0},{"not_picked":["theScribe:ToxicSpellstone","theScribe:ScrollOfShadows"],"picked":"theScribe:Frost","floor":0},{"not_picked":["theScribe:MagicMissiles","theScribe:GatherComponents"],"picked":"theScribe:Frost","floor":0},{"not_picked":["theScribe:FocusingBlow","theScribe:ThrownScroll"],"picked":"theScribe:GatherComponents","floor":1},{"not_picked":["infinitespire:Oblivion","ReplayTheSpireMod:Black Plague"],"picked":"ReplayTheSpireMod:Haul","floor":2},{"not_picked":["theScribe:ToxicSpellstone","theScribe:FocusingBlow","theScribe:EnchantedStrike"],"picked":"SKIP","floor":5},{"not_picked":["theScribe:Dark","theScribe:LightningBolt","theScribe:Incendio"],"picked":"SKIP","floor":10},{"not_picked":["theScribe:FocusingBarrier","theScribe:MagicMissiles"],"picked":"theScribe:QuickStudy","floor":12}],"player_experience":192580,"relics_obtained":[{"floor":9,"key":"infinitespire:BottledMercury"},{"floor":10,"key":"Bottled Flame"}],"event_choices":[{"damage_healed":0,"gold_gain":0,"player_choice":"Ignored","damage_taken":110,"max_hp_gain":0,"max_hp_loss":0,"event_name":"betterThird:BetterSerpent","floor":3,"gold_loss":0},{"cards_removed":["theScribe:FranticSearch"],"damage_healed":23,"gold_gain":0,"player_choice":"Offered Uncommon","damage_taken":0,"max_hp_gain":0,"max_hp_loss":0,"event_name":"Bonfire Elementals","floor":4,"gold_loss":0},{"damage_healed":0,"gold_gain":0,"player_choice":"Take Damage","damage_taken":18,"relics_obtained":["Golden Idol"],"max_hp_gain":0,"max_hp_loss":0,"event_name":"Golden Idol","floor":8,"gold_loss":0}],"is_beta":false,"boss_relics":[],"items_purged_floors":[],"is_endless":false,"potions_floor_spawned":[5,12],"killed_by":"Slime Boss","ascension_level":0}}