{"host":"9b7hrp48q3pna783","time":1610918738,"event":{"mods":["BaseMod","Colored Map","Colored Powertips","Highlight Path","Minty Spire (QoL Compilation)","Relic Stats"],"gold_per_floor":[112,112,112,124,136,168,184,184,184],"floor_reached":8,"language":"ENG","playtime":443,"items_purged":[],"score":61,"play_id":"913f62c7-ecb2-4e99-b61e-f9290fb43936","local_time":"20210117162538","is_ascension_mode":true,"campfire_choices":[],"circlet_count":0,"master_deck":["Strike_R","Strike_R","Strike_R","Strike_R","Strike_R","Defend_R","Defend_R","Defend_R","Defend_R","Bash","Flex","Metallicize","Whirlwind"],"relics":["Burning Blood","Blood Vial","Anchor"],"acts_visited":["Exordium"],"potions_floor_usage":[6,6,6,8],"damage_taken":[{"damage":0,"enemies":"Small Slimes","floor":1,"turns":3},{"damage":1,"enemies":"Cultist","floor":4,"turns":3},{"damage":1,"enemies":"Jaw Worm","floor":5,"turns":5},{"damage":30,"enemies":"Lagavulin","floor":6,"turns":5},{"damage":33,"enemies":"Exordium Thugs","floor":7,"turns":7},{"damage":51,"enemies":"Gremlin Nob","floor":8,"turns":6}],"seed_played":"-2157907789122454219","potions_obtained":[{"floor":3,"key":"SkillPotion"},{"floor":3,"key":"SkillPotion"},{"floor":3,"key":"BlessingOfTheForge"},{"floor":5,"key":"Fire Potion"},{"floor":7,"key":"HeartOfIron"}],"is_trial":false,"path_per_floor":["M","?","?","M","M","E","M","E"],"character_chosen":"IRONCLAD","items_purchased":[],"campfire_rested":0,"item_purchase_floors":[],"current_hp_per_floor":[88,81,81,88,88,64,39,0,0],"gold":184,"neow_bonus":"TEN_PERCENT_HP_BONUS","is_daily":false,"chose_seed":false,"campfire_upgraded":0,"win_rate":0.0,"timestamp":1610918738,"path_taken":["M","?","?","M","M","E","?","E"],"items_purchased_type":[],"build_version":"2020-12-22","purchased_purges":0,"victory":false,"max_hp_per_floor":[88,88,88,88,88,88,88,88,88],"relic_stats":{"Blood Vial":6,"counters":[6,29],"obtain_stats":[{"Blood Vial":2,"Anchor":6,"Burning Blood":0},{"Blood Vial":1,"Anchor":4,"Burning Blood":0},{"Blood Vial":3,"Anchor":16,"Burning Blood":0}],"Burning Blood":19},"card_choices":[{"not_picked":["Ghostly Armor","Clash"],"picked":"Flex","floor":1},{"not_picked":["Flex","Wild Strike"],"picked":"Metallicize","floor":4},{"not_picked":["Anger","Power Through","Flame Barrier"],"picked":"SKIP","floor":5},{"not_picked":["Bloodletting","Battle Trance"],"picked":"Whirlwind","floor":6},{"not_picked":["Headbutt","Uppercut","Thunderclap"],"picked":"SKIP","floor":7}],"player_experience":89726,"relics_obtained":[{"floor":6,"key":"Anchor"}],"event_choices":[{"damage_healed":0,"gold_gain":0,"player_choice":"Success","damage_taken":7,"relics_obtained":["Blood Vial"],"max_hp_gain":0,"max_hp_loss":0,"event_name":"Scrap Ooze","floor":2,"gold_loss":0},{"damage_healed":0,"gold_gain":0,"player_choice":"Got Potions","damage_taken":0,"max_hp_gain":0,"max_hp_loss":0,"event_name":"Lab","floor":3,"gold_loss":0}],"is_beta":false,"boss_relics":[],"items_purged_floors":[],"is_endless":false,"potions_floor_spawned":[5,7],"killed_by":"Gremlin Nob","ascension_level":1}}