{"host":"7z9izfsmsy4azoxx","time":1610882204,"event":{"mods":["AchievementEnabler","BaseMod","Colored Map","Custom Start","Hermit","Minty Spire (QoL Compilation)","Replay The Spire","StSLib","SuperFastMode"],"gold_per_floor":[65465583,65465583,65465583,65465583,65464809,65464809,65464746,65463960,65464038,65463372,65463372,65463389,65463408,65463408,65463408,65463480,65463480,65463499,65463517,65463517,65463534,65463554,65463554,65463574,65463590,65463590,65463590,65463590,65463607,65463607,65463618,65463618,65463618,65463618],"floor_reached":33,"language":"KOR","playtime":904,"items_purged":["Voices","Strike_R","Strike_R"],"score":549,"play_id":"61f1451f-86d9-452a-adb5-eb72c271317b","local_time":"20210117201644","is_ascension_mode":true,"campfire_choices":[{"data":"Bash","floor":6,"key":"SMITH"},{"data":"Strike_P","floor":11,"key":"PURGE"},{"floor":15,"key":"DIG"},{"data":"Strike_R+1","floor":23,"key":"PURGE"},{"data":"Strike_R+1","floor":27,"key":"PURGE"},{"data":"Pot Of Greed+1","floor":30,"key":"PURGE"}],"circlet_count":0,"master_deck":["AscendersBane","Defend_R+1","Defend_R+1","Defend_R+1","Bash+1","Strike_R+1","Inflame+1","Cleave+1","Massacre+1","Hemogenesis+1","Run Through+1","Eclipse+1","Pot Of Greed+1","ReplayTheSpireMod:Strike From Hell","Shrug It Off","Seeing Red+1","Shrug It Off","Perfected Strike"],"relics":["Burning Blood","Calipers","ReplayTheSpireMod:Ring of Challenge","Ring of Peace","Golden Egg","Chemical X","Replay:Rubber Ducky","Lantern","Art of War","Matryoshka","Orrery","Pen Nib","Grinning Jar","Peace Pipe","Toy Ornithopter","Painkiller Herb","Anchor","Prayer Wheel","Ornamental Fan"],"acts_visited":["Exordium","TheCity"],"potions_floor_usage":[16,16,19,24,25,25],"damage_taken":[{"damage":19,"enemies":"Jaw Worm","floor":1,"turns":4},{"damage":3,"enemies":"2 Louse","floor":12,"turns":3},{"damage":7,"enemies":"Small Slimes","floor":13,"turns":3},{"damage":67,"enemies":"The Guardian","floor":16,"turns":9},{"damage":11,"enemies":"Spheric Guardian","floor":18,"turns":4},{"damage":15,"enemies":"Chosen","floor":19,"turns":5},{"damage":6,"enemies":"Snake Plant","floor":21,"turns":3},{"damage":32,"enemies":"Chosen and Byrds","floor":22,"turns":7},{"damage":11,"enemies":"Centurion and Healer","floor":24,"turns":5},{"damage":53,"enemies":"Snecko","floor":25,"turns":7},{"damage":7,"enemies":"Shelled Parasite and Fungi","floor":29,"turns":4},{"damage":0,"enemies":"Snake Plant","floor":31,"turns":5},{"damage":64,"enemies":"Champ","floor":33,"turns":13}],"seed_played":"4823201714146779076","potions_obtained":[{"floor":16,"key":"AttackPotion"},{"floor":19,"key":"Regen Potion"},{"floor":22,"key":"PowerPotion"},{"floor":24,"key":"FearPotion"}],"is_trial":false,"path_per_floor":["M","?","?","?","$","R","?","$","T","$","R","M","M","?","R_BF","B",null,"?","?","?","?","?","T","?","?","T","T","T","?","T","?","T","B"],"character_chosen":"IRONCLAD","items_purchased":["Chemical X","Replay:Rubber Ducky","Lantern","Inflame","Toxic Potion","Cleave","Art of War","Matryoshka","Massacre","Orrery","Grinning Jar","Peace Pipe","PowerPotion"],"campfire_rested":0,"item_purchase_floors":[5,5,5,5,5,5,8,8,8,8,10,10,10],"current_hp_per_floor":[55,55,55,44,44,44,44,44,44,44,44,47,46,23,23,11,59,62,66,66,66,48,48,56,39,39,39,39,38,38,52,52,0,0],"gold":65463618,"neow_bonus":"ONE_RARE_RELIC","is_daily":false,"chose_seed":false,"campfire_upgraded":1,"win_rate":0.0,"timestamp":1610882204,"path_taken":["M","?","?","?","$","R","?","$","T","?","R","M","M","?","R_BF","BOSS","?","?","?","?","?","T","?","?","T","T","?","?","T","?","T","BOSS"],"items_purchased_type":["Relic","Relic","Relic","Card","Potion","Card","Relic","Relic","Card","Relic","Relic","Relic","Potion"],"build_version":"2020-12-22","purchased_purges":3,"victory":false,"max_hp_per_floor":[75,75,75,75,75,75,75,75,75,75,75,75,75,75,75,75,75,75,75,75,75,75,75,75,75,75,75,75,75,75,75,75,75,75],"card_choices":[{"not_picked":["Body Slam","Blood for Blood","Sword Boomerang"],"picked":"SKIP","floor":1},{"not_picked":["Pommel Strike","Fire Breathing"],"picked":"Hemogenesis","floor":8},{"not_picked":["Combust","Warcry"],"picked":"Run Through","floor":8},{"not_picked":["Searing Blow","Replay:Undeath\u0027s Touch"],"picked":"Eclipse","floor":8},{"not_picked":["Clash","Wild Strike"],"picked":"ReplayTheSpireMod:Strike From Hell","floor":12},{"not_picked":["Havoc","Warcry"],"picked":"Shrug It Off","floor":13},{"not_picked":["Sword Boomerang+1","Replay:Undeath\u0027s Touch","Rampage"],"picked":"SKIP","floor":18},{"not_picked":["Twin Strike","Flex","Replay:Undeath\u0027s Touch"],"picked":"SKIP","floor":19},{"not_picked":["Combust","Cleave","Heavy Blade"],"picked":"SKIP","floor":21},{"not_picked":["Headbutt","ReplayTheSpireMod:Strike From Hell"],"picked":"Seeing Red+1","floor":22},{"not_picked":["Searing Blow+1","ReplayReversal","ReplayTheSpireMod:Strike From Hell"],"picked":"SKIP","floor":24},{"not_picked":["Wild Strike","Rampage","Inflame"],"picked":"SKIP","floor":25},{"not_picked":["Sentinel+1","ReplayTheSpireMod:Strike From Hell","Heavy Blade"],"picked":"SKIP","floor":29},{"not_picked":["Perfected Strike","Battle Trance","Hemogenesis"],"picked":"SKIP","floor":29},{"not_picked":["ReplayReversal","Metallicize"],"picked":"Shrug It Off","floor":31},{"not_picked":["Body Slam","Flex","Perfected Strike+1"],"picked":"SKIP","floor":31}],"player_experience":527114,"relics_obtained":[{"floor":2,"key":"ReplayTheSpireMod:Ring of Challenge"},{"floor":2,"key":"Ring of Peace"},{"floor":9,"key":"Pen Nib"},{"floor":15,"key":"Toy Ornithopter"},{"floor":26,"key":"Anchor"},{"floor":26,"key":"Prayer Wheel"},{"floor":28,"key":"Ornamental Fan"}],"event_choices":[{"damage_healed":0,"gold_gain":0,"player_choice":"Success","damage_taken":11,"relics_obtained":["Golden Egg"],"max_hp_gain":0,"max_hp_loss":0,"event_name":"Scrap Ooze","floor":4,"gold_loss":0},{"damage_healed":0,"gold_gain":0,"player_choice":"Left Gold","damage_taken":0,"max_hp_gain":0,"max_hp_loss":0,"event_name":"World of Goop","floor":7,"gold_loss":63},{"damage_healed":0,"gold_gain":0,"player_choice":"Entered Light","damage_taken":23,"max_hp_gain":0,"max_hp_loss":0,"event_name":"Shining Light","floor":14,"gold_loss":0,"cards_upgraded":["Defend_R","Defend_R"]},{"damage_healed":0,"gold_gain":0,"player_choice":"Simplicity","damage_taken":0,"max_hp_gain":0,"max_hp_loss":0,"event_name":"Back to Basics","floor":20,"gold_loss":0,"cards_upgraded":["Strike_R","Strike_R","Defend_R","Defend_R","Strike_R"]}],"is_beta":false,"boss_relics":[{"not_picked":["Snecko Eye","Pandora\u0027s Box"],"picked":"Painkiller Herb"}],"items_purged_floors":[5,8,10],"is_endless":false,"potions_floor_spawned":[16,19,22,24],"killed_by":"Champ","ascension_level":20}}