{"host":"l60rmjjsfi0fipmi","time":1610922024,"event":{"mods":["BaseMod","Colored Map","DeckTracker","Highlight Path","Minty Spire (QoL Compilation)","StSLib","The Cursed","The Servant 0.9.4"],"gold_per_floor":[109,37,137,148,160,189,189,199,199,209,209,219,104,104,104,203,203,216,234,234,333,345,345,357,101,101,133,145,180,55,83,83,186,186,200,0,0,0],"floor_reached":39,"language":"ENG","playtime":3698,"items_purged":["TheCursedMod:Strike_TheCursed","TheCursedMod:Defend_TheCursed","TheCursedMod:Strike_TheCursed"],"score":802,"play_id":"574a905f-7512-42a5-9e0b-342d661c1a80","local_time":"20210117172024","is_ascension_mode":true,"campfire_choices":[{"data":"TheCursedMod:RapidMovement","floor":7,"key":"SMITH"},{"data":"TheCursedMod:CursedBlade","floor":11,"key":"SMITH"},{"data":"TheCursedMod:Hemoplague","floor":15,"key":"SMITH"},{"data":"TheCursedMod:ManaBullet","floor":23,"key":"SMITH"},{"floor":32,"key":"REST"}],"circlet_count":0,"master_deck":["TheCursedMod:Strike_TheCursed","TheCursedMod:Strike_TheCursed","TheCursedMod:Defend_TheCursed","TheCursedMod:Defend_TheCursed","TheCursedMod:CursedWand+1","TheCursedMod:CleanUpWorkshop+1","TheCursedMod:Dregs","TheCursedMod:CursedShiv","TheCursedMod:SpitefulPlan","TheCursedMod:RapidMovement+1","TheCursedMod:CursedBlade+1","TheCursedMod:BloodBarrier","TheCursedMod:SpitefulPray","TheCursedMod:ManaBullet+1","TheCursedMod:LuckyCharm","TheCursedMod:Hemoplague+1","TheCursedMod:CollectTribute","TheCursedMod:SmokeScreen+1","TheCursedMod:Obscuration","TheCursedMod:FleshFromBone","TheCursedMod:Wield+1","TheCursedMod:AbyssShockwave","TheCursedMod:CursedRelics"],"relics":["TheCursedMod:BlackMagicAdvanced","Mango","Ginger","TheCursedMod:OminousMark","Lee\u0027s Waffle","War Paint","TheCursedMod:CrystalBall","TheCursedMod:Tack","Pen Nib","Red Mask"],"acts_visited":["Exordium","TheCity","TheBeyond"],"potions_floor_usage":[38,38],"damage_taken":[{"damage":0,"enemies":"Jaw Worm","floor":1,"turns":4},{"damage":0,"enemies":"Cultist","floor":4,"turns":4},{"damage":10,"enemies":"2 Louse","floor":5,"turns":2},{"damage":21,"enemies":"3 Sentries","floor":6,"turns":9},{"damage":1,"enemies":"Blue Slaver","floor":8,"turns":4},{"damage":1,"enemies":"Exordium Wildlife","floor":10,"turns":6},{"damage":0,"enemies":"2 Fungi Beasts","floor":12,"turns":3},{"damage":51,"enemies":"Hexaghost","floor":16,"turns":10},{"damage":10,"enemies":"3 Byrds","floor":18,"turns":5},{"damage":10,"enemies":"Spheric Guardian","floor":19,"turns":5},{"damage":9,"enemies":"Shelled Parasite and Fungi","floor":22,"turns":8},{"damage":18,"enemies":"3 Cultists","floor":24,"turns":5},{"damage":3,"enemies":"Book of Stabbing","floor":27,"turns":5},{"damage":27,"enemies":"Snake Plant","floor":28,"turns":4},{"damage":33,"enemies":"Gremlin Leader","floor":29,"turns":8},{"damage":18,"enemies":"Book of Stabbing","floor":31,"turns":4},{"damage":21,"enemies":"Collector","floor":33,"turns":8},{"damage":24,"enemies":"3 Shapes","floor":35,"turns":2},{"damage":65,"enemies":"Awakened One","floor":38,"turns":11}],"seed_played":"-9086681662447853484","potions_obtained":[{"floor":1,"key":"SkillPotion"},{"floor":6,"key":"Strength Potion"},{"floor":8,"key":"BlessingOfTheForge"},{"floor":19,"key":"EssenceOfSteel"},{"floor":31,"key":"FearPotion"}],"is_trial":false,"path_per_floor":["M","$","?","M","M","E","R","M","T","M","R","M","$","?","R","B",null,"M","M","?","?","M","R","M","$","T","E","M","E","$","E","R","B",null,"M","?","?","B",null],"character_chosen":"THE_CURSED","items_purchased":["TheCursedMod:SpitefulPlan","TheCursedMod:Hemoplague","Lee\u0027s Waffle"],"campfire_rested":1,"item_purchase_floors":[2,13,25],"current_hp_per_floor":[75,75,75,75,65,58,58,57,57,56,56,56,56,85,85,34,89,79,69,69,69,60,60,42,96,96,93,66,33,33,15,43,22,96,72,72,72,7],"gold":0,"neow_bonus":"UPGRADE_CARD","is_daily":false,"chose_seed":false,"campfire_upgraded":4,"win_rate":0.0,"timestamp":1610922024,"path_taken":["M","$","?","M","M","E","R","?","T","M","R","M","$","?","R","BOSS","M","M","?","?","M","R","M","$","T","E","M","E","$","E","R","BOSS","M","?","?","BOSS"],"items_purchased_type":["Card","Card","Relic"],"build_version":"2020-12-22","purchased_purges":3,"victory":true,"max_hp_per_floor":[75,75,75,75,75,89,89,89,89,89,89,89,89,89,89,89,89,89,89,89,89,89,89,89,96,96,96,96,96,96,96,96,96,96,96,96,96,96],"card_choices":[{"not_picked":["TheCursedMod:CursedStaff","TheCursedMod:RavingStaff"],"picked":"TheCursedMod:CursedShiv","floor":1},{"not_picked":["TheCursedMod:BloodBarrier","TheCursedMod:UltimatePain"],"picked":"TheCursedMod:RapidMovement","floor":4},{"not_picked":["TheCursedMod:TroublousMinions","TheCursedMod:LuckyCharm"],"picked":"TheCursedMod:CursedBlade","floor":5},{"not_picked":["TheCursedMod:BlessingInDisguise","TheCursedMod:PrepareRite"],"picked":"TheCursedMod:BloodBarrier","floor":6},{"not_picked":["TheCursedMod:Evocation","TheCursedMod:CircleOfWindfury"],"picked":"TheCursedMod:SpitefulPray","floor":8},{"not_picked":["TheCursedMod:CircleOfFlame","TheCursedMod:SpitefulPlan"],"picked":"TheCursedMod:ManaBullet","floor":10},{"not_picked":["TheCursedMod:Stigma","TheCursedMod:FleshFromBone"],"picked":"TheCursedMod:LuckyCharm","floor":12},{"not_picked":["TheCursedMod:DemonicPact","TheCursedMod:ForbiddenAlchemy"],"picked":"TheCursedMod:CollectTribute","floor":16},{"not_picked":["TheCursedMod:VitalStrike","TheCursedMod:LuckyCharm+1"],"picked":"TheCursedMod:SmokeScreen","floor":18},{"not_picked":["TheCursedMod:PrepareRite","TheCursedMod:ManaBullet"],"picked":"TheCursedMod:Obscuration","floor":19},{"not_picked":["TheCursedMod:Obscuration+1","TheCursedMod:CursedBlade","TheCursedMod:SpitefulStrike+1"],"picked":"SKIP","floor":22},{"not_picked":["TheCursedMod:CursedArmor","TheCursedMod:CursedShiv","TheCursedMod:SurpriseAttack"],"picked":"SKIP","floor":24},{"not_picked":["TheCursedMod:FuryStrike+1","TheCursedMod:ManaBullet"],"picked":"TheCursedMod:FleshFromBone","floor":27},{"not_picked":["TheCursedMod:CursedShiv","TheCursedMod:RapidMovement","TheCursedMod:PrepareRite"],"picked":"SKIP","floor":28},{"not_picked":["TheCursedMod:AshesToAshes","TheCursedMod:CircleOfAmplification"],"picked":"TheCursedMod:Wield+1","floor":29},{"not_picked":["TheCursedMod:ManaBullet","TheCursedMod:CursedShiv"],"picked":"TheCursedMod:AbyssShockwave","floor":31},{"not_picked":["TheCursedMod:StunningStrike","TheCursedMod:ParallelWorld"],"picked":"TheCursedMod:CursedRelics","floor":33},{"not_picked":["TheCursedMod:FleshFromBone+1","TheCursedMod:CursedMace+1","TheCursedMod:RavingStaff"],"picked":"SKIP","floor":35}],"player_experience":464788,"relics_obtained":[{"floor":6,"key":"Mango"},{"floor":9,"key":"Ginger"},{"floor":26,"key":"War Paint"},{"floor":27,"key":"TheCursedMod:CrystalBall"},{"floor":29,"key":"TheCursedMod:Tack"},{"floor":31,"key":"Pen Nib"}],"event_choices":[{"damage_healed":0,"gold_gain":100,"player_choice":"Pray","damage_taken":0,"max_hp_gain":0,"max_hp_loss":0,"event_name":"Golden Shrine","floor":3,"gold_loss":0},{"damage_healed":29,"gold_gain":0,"player_choice":"Banana","damage_taken":0,"max_hp_gain":0,"max_hp_loss":0,"event_name":"Big Fish","floor":14,"gold_loss":0},{"cards_removed":["TheCursedMod:Defend_TheCursed"],"damage_healed":0,"gold_gain":0,"player_choice":"Elegance","damage_taken":0,"max_hp_gain":0,"max_hp_loss":0,"event_name":"Back to Basics","floor":20,"gold_loss":0},{"damage_healed":0,"gold_gain":99,"player_choice":"Stole From Cult","damage_taken":0,"max_hp_gain":0,"max_hp_loss":0,"event_name":"Nest","floor":21,"gold_loss":0},{"damage_healed":0,"gold_gain":0,"player_choice":"Paid","damage_taken":0,"relics_obtained":["Red Mask"],"max_hp_gain":0,"max_hp_loss":0,"event_name":"Tomb of Lord Red Mask","floor":36,"gold_loss":200},{"damage_healed":0,"gold_gain":0,"player_choice":"Took Portal","damage_taken":0,"max_hp_gain":0,"max_hp_loss":0,"event_name":"SecretPortal","floor":37,"gold_loss":0}],"is_beta":false,"boss_relics":[{"not_picked":["SacredBark","SlaversCollar"],"picked":"TheCursedMod:OminousMark"},{"not_picked":["Runic Pyramid","Busted Crown"],"picked":"TheCursedMod:BlackMagicAdvanced"}],"items_purged_floors":[13,25,30],"is_endless":false,"potions_floor_spawned":[1,6,8,10,18,19,27,31],"ascension_level":3}}