{"host":"2se5dq1do2gp0x9k","time":1610922968,"event":{"mods":["AchievementEnabler","BaseMod","Block Reminder","Colored Map","Colored Powertips","Minty Spire (QoL Compilation)","Relic Stats","StSLib","SuperFastMode"],"gold_per_floor":[117,136,148,165,180,208,208,224,224,224,242,24,54,54,54,154,154,79,79],"floor_reached":18,"language":"ENG","playtime":660,"items_purged":["Strike_R"],"score":261,"play_id":"d87ec96d-b923-4f86-a862-94cf1c230b7b","local_time":"20210117143608","is_ascension_mode":true,"campfire_choices":[{"data":"Shockwave","floor":7,"key":"SMITH"},{"data":"Disarm","floor":10,"key":"SMITH"},{"data":"True Grit","floor":15,"key":"SMITH"}],"circlet_count":0,"master_deck":["AscendersBane","Strike_R","Strike_R","Strike_R","Strike_R","Defend_R","Defend_R","Defend_R","Defend_R","Bash","Ghostly Armor","Shockwave+1","Feel No Pain","Carnage","True Grit+1","Disarm+1","Cleave","Reckless Charge","Seeing Red","Corruption"],"relics":["Burning Blood","NeowsBlessing","Toy Ornithopter","WingedGreaves","OrangePellets","Eternal Feather","SlaversCollar"],"acts_visited":["Exordium","TheCity"],"potions_floor_usage":[6,16],"damage_taken":[{"damage":0,"enemies":"Small Slimes","floor":1,"turns":1},{"damage":0,"enemies":"Cultist","floor":2,"turns":1},{"damage":0,"enemies":"Jaw Worm","floor":3,"turns":1},{"damage":17,"enemies":"Exordium Thugs","floor":4,"turns":5},{"damage":17,"enemies":"Looter","floor":5,"turns":3},{"damage":16,"enemies":"3 Sentries","floor":6,"turns":16},{"damage":15,"enemies":"Large Slime","floor":8,"turns":8},{"damage":4,"enemies":"Blue Slaver","floor":11,"turns":5},{"damage":6,"enemies":"Lagavulin","floor":13,"turns":6},{"damage":29,"enemies":"Hexaghost","floor":16,"turns":15},{"damage":24,"enemies":"2 Thieves","floor":18,"turns":4}],"seed_played":"8423322357424247832","potions_obtained":[{"floor":1,"key":"SkillPotion"},{"floor":3,"key":"Explosive Potion"},{"floor":8,"key":"Weak Potion"},{"floor":11,"key":"Ancient Potion"}],"is_trial":false,"path_per_floor":["M","M","M","M","M","E","R","M","T","R","M","$","E","?","R","B",null,"M"],"character_chosen":"IRONCLAD","items_purchased":["OrangePellets"],"campfire_rested":0,"item_purchase_floors":[12],"current_hp_per_floor":[78,80,80,69,58,48,48,39,39,39,41,41,41,33,42,24,66,42,42],"gold":79,"neow_bonus":"THREE_ENEMY_KILL","is_daily":false,"chose_seed":false,"campfire_upgraded":3,"win_rate":0.0,"timestamp":1610922968,"path_taken":["M","M","M","M","M","E","R","M","T","R","M","$","E","?","R","BOSS","M"],"items_purchased_type":["Relic"],"build_version":"2020-12-22","purchased_purges":1,"victory":false,"max_hp_per_floor":[80,80,80,80,80,80,80,80,80,80,80,80,80,80,80,80,80,80,80],"relic_stats":{"OrangePellets":[0],"counters":[11,65],"Eternal Feather":9,"obtain_stats":[{"OrangePellets":12,"SlaversCollar":17,"NeowsBlessing":0,"Eternal Feather":13,"WingedGreaves":9,"Burning Blood":0,"Toy Ornithopter":6},{"OrangePellets":8,"SlaversCollar":10,"NeowsBlessing":0,"Eternal Feather":9,"WingedGreaves":7,"Burning Blood":0,"Toy Ornithopter":6},{"OrangePellets":40,"SlaversCollar":61,"NeowsBlessing":0,"Eternal Feather":46,"WingedGreaves":35,"Burning Blood":0,"Toy Ornithopter":27}],"Burning Blood":50,"Toy Ornithopter":5},"card_choices":[{"not_picked":["Heavy Blade","Bloodletting"],"picked":"Ghostly Armor","floor":1},{"not_picked":["Iron Wave","Fire Breathing"],"picked":"Shockwave","floor":2},{"not_picked":["Body Slam","Dark Embrace"],"picked":"Feel No Pain","floor":3},{"not_picked":["Rage","Clothesline"],"picked":"Carnage","floor":4},{"not_picked":["Shrug It Off","Pommel Strike"],"picked":"True Grit","floor":5},{"not_picked":["Second Wind","Sentinel"],"picked":"Disarm","floor":6},{"not_picked":["Shockwave","Dropkick"],"picked":"Cleave","floor":8},{"not_picked":["Cleave","Hemokinesis"],"picked":"Reckless Charge","floor":11},{"not_picked":["Immolate","Anger"],"picked":"Seeing Red","floor":13},{"not_picked":["Demon Form","Immolate"],"picked":"Corruption","floor":16}],"player_experience":3896056,"relics_obtained":[{"floor":6,"key":"Toy Ornithopter"},{"floor":9,"key":"WingedGreaves"},{"floor":13,"key":"Eternal Feather"}],"event_choices":[{"damage_healed":0,"gold_gain":0,"player_choice":"Damaged","damage_taken":8,"max_hp_gain":0,"max_hp_loss":0,"event_name":"Wheel of Change","floor":14,"gold_loss":0}],"is_beta":false,"boss_relics":[{"not_picked":["Tiny House","Runic Dome"],"picked":"SlaversCollar"}],"items_purged_floors":[12],"is_endless":false,"potions_floor_spawned":[1,3,8,11,13],"killed_by":"2 Thieves","ascension_level":10}}