{"host":"u9xtr94typ21duox","time":1610852753,"event":{"mods":["BaseMod","Key Reminder","KinomotoSakuraMod(木之本樱)","LagranYue(拉格朗・月)","Marisa（F雨　魔理沙）","Minty Spire (QoL Compilation)","Reimu（博丽灵梦）","Remilia（蕾米莉亚）","Replay The Spire","StSLib","Td1madao Mod","The Administrix","The Bladedancer","The Bug Knight","The Construct","The Cursed","The Gatherer","The Runesmith","The Servant 0.9.4","WarShipGirlsR/战舰少女R mod","Youmu（魂魄妖梦）","vexMod"],"gold_per_floor":[117,42,60,71,91,91,116,116,116,81,81,81,100,138,138,138,138],"floor_reached":16,"language":"ZHS","playtime":589,"items_purged":["Regret"],"score":116,"play_id":"c6aa8f20-d608-469a-b1c2-9cdf675a823c","local_time":"20210117110553","is_ascension_mode":true,"campfire_choices":[{"data":"Neutralize","floor":6,"key":"SMITH"},{"data":"Acrobatics","floor":8,"key":"SMITH"},{"data":"Doppelganger","floor":15,"key":"SMITH"}],"circlet_count":0,"master_deck":["Strike_G","Strike_G","Strike_G","Strike_G","Strike_G","Defend_G","Defend_G","Defend_G","Defend_G","Defend_G","Survivor","Neutralize+1","Acrobatics+1","Reflex","Doppelganger+1"],"relics":["Ring of the Snake","LagranYue:RandomDrawCardRelic","Torii","vexMod:HeadHunter","vexMod:Dragonfruit","Golden Idol","Centennial Puzzle"],"acts_visited":["Exordium"],"potions_floor_usage":[5],"damage_taken":[{"damage":5,"enemies":"Cultist","floor":1,"turns":4},{"damage":0,"enemies":"Small Slimes","floor":3,"turns":6},{"damage":1,"enemies":"Jaw Worm","floor":4,"turns":4},{"damage":1,"enemies":"Looter","floor":5,"turns":4},{"damage":39,"enemies":"3 Sentries","floor":7,"turns":15},{"damage":0,"enemies":"Large Slime","floor":13,"turns":6},{"damage":6,"enemies":"Replay:BlueRogue","floor":14,"turns":13},{"damage":0,"enemies":"Slime Boss","floor":16,"turns":1}],"seed_played":"1789631848533651608","potions_obtained":[{"floor":4,"key":"Explosive Potion"},{"floor":7,"key":"Ancient Potion"}],"is_trial":false,"path_per_floor":["M","$","M","M","M","R","E","R","T","?","?","$","M","E","R","B"],"character_chosen":"THE_SILENT","items_purchased":[],"campfire_rested":0,"item_purchase_floors":[],"current_hp_per_floor":[65,65,65,64,63,63,24,24,29,47,29,29,29,23,23,23,23],"gold":138,"neow_bonus":"ONE_RARE_RELIC","is_daily":false,"chose_seed":false,"campfire_upgraded":3,"win_rate":0.0,"timestamp":1610852753,"path_taken":["M","$","M","M","M","R","E","R","T","?","?","$","M","E","R","BOSS"],"items_purchased_type":[],"build_version":"2020-12-22","purchased_purges":1,"victory":false,"max_hp_per_floor":[70,70,70,70,70,70,70,70,75,75,75,75,75,75,75,75,75],"card_choices":[{"not_picked":["Choke","Dodge and Roll"],"picked":"Acrobatics","floor":1},{"not_picked":["Bane","Underhanded Strike"],"picked":"Reflex","floor":3},{"not_picked":["Expertise","Hidden Blade","Bane"],"picked":"SKIP","floor":4},{"not_picked":["Slice","ReplayTheSpireMod:Tripwire","Riddle With Holes"],"picked":"SKIP","floor":5},{"not_picked":["Predator","Choke","Deflect"],"picked":"SKIP","floor":7},{"not_picked":["Dodge and Roll","Flying Knee","Bouncing Flask"],"picked":"SKIP","floor":13},{"not_picked":["Bullet Time","Unload"],"picked":"Doppelganger","floor":14},{"not_picked":["Replay:Poison Smokescreen","Envenom","All Out Attack"],"picked":"SKIP","floor":14}],"player_experience":301633,"relics_obtained":[{"floor":7,"key":"vexMod:HeadHunter"},{"floor":9,"key":"vexMod:Dragonfruit"},{"floor":14,"key":"Centennial Puzzle"}],"event_choices":[{"damage_healed":18,"gold_gain":0,"player_choice":"Healed","damage_taken":0,"max_hp_gain":0,"max_hp_loss":0,"event_name":"The Cleric","floor":10,"gold_loss":35},{"damage_healed":0,"gold_gain":0,"player_choice":"Take Damage","damage_taken":18,"relics_obtained":["Golden Idol"],"max_hp_gain":0,"max_hp_loss":0,"event_name":"Golden Idol","floor":11,"gold_loss":0}],"is_beta":false,"boss_relics":[],"items_purged_floors":[2],"is_endless":false,"potions_floor_spawned":[4,7],"killed_by":"Slime Boss","ascension_level":1}}