{"host":"i0avyit1s6jb1siw","time":1610885011,"event":{"mods":["BaseMod","DeckTracker","Dota2Spire","Highlight Path","Minty Spire (QoL Compilation)","Quick Restart","StSLib","SuperFastMode"],"gold_per_floor":[114,129,129,149,159,159,193,193,193,525,525,525,537,555,555,629,629,643,438,618,142,152,152,177,189,212,212,232,232,232,251,251,325,325,336,347,372,390,390,390],"floor_reached":39,"language":"ENG","playtime":1172,"items_purged":["Strike_R","Defend_R"],"score":901,"play_id":"eb6c4eab-badb-4bee-a0e5-19e5653d1f25","local_time":"20210117130331","is_ascension_mode":true,"campfire_choices":[{"data":"Flex","floor":6.0,"key":"SMITH"},{"data":"Feed","floor":8.0,"key":"SMITH"},{"floor":12.0,"key":"REST"},{"data":"Demon Form","floor":15.0,"key":"SMITH"},{"data":"Deep Breath","floor":23,"key":"SMITH"},{"floor":29,"key":"REST"},{"floor":32,"key":"REST"}],"circlet_count":0,"master_deck":["AscendersBane","Defend_R+1","Defend_R+1","Defend_R+1","Bash","Pommel Strike+1","Berserk","Pummel","Clothesline+1","Flex+1","Feed+1","Demon Form+1","Feel No Pain","Limit Break","Shrug It Off","Twin Strike","Intimidate","Master of Strategy","Deep Breath+1","Impervious","Disarm","Fire Breathing+1"],"relics":["Black Blood","Singing Bowl","Dota2Spire:EyeOfSkadi","Old Coin","Empty Cage","Membership Card","Bird Faced Urn","Bag of Marbles","Du-Vu Doll"],"acts_visited":["Exordium","TheCity","TheBeyond"],"potions_floor_usage":[24,25,28,33,38],"damage_taken":[{"damage":10.0,"enemies":"Small Slimes","floor":1.0,"turns":4.0},{"damage":11.0,"enemies":"Jaw Worm","floor":2.0,"turns":5.0},{"damage":3.0,"enemies":"Cultist","floor":4.0,"turns":4.0},{"damage":8.0,"enemies":"Blue Slaver","floor":5.0,"turns":3.0},{"damage":12.0,"enemies":"Gremlin Nob","floor":7.0,"turns":3.0},{"damage":12.0,"enemies":"Lagavulin","floor":10.0,"turns":7.0},{"damage":8.0,"enemies":"Large Slime","floor":13.0,"turns":5.0},{"damage":20.0,"enemies":"Exordium Thugs","floor":14.0,"turns":5.0},{"damage":28.0,"enemies":"Slime Boss","floor":16.0,"turns":8.0},{"damage":25.0,"enemies":"Chosen","floor":18.0,"turns":6.0},{"damage":5,"enemies":"3 Byrds","floor":22,"turns":8},{"damage":51,"enemies":"Book of Stabbing","floor":24,"turns":5},{"damage":6,"enemies":"Sentry and Sphere","floor":25,"turns":6},{"damage":39,"enemies":"Chosen and Byrds","floor":28,"turns":5},{"damage":31,"enemies":"Shelled Parasite and Fungi","floor":31,"turns":8},{"damage":27,"enemies":"Champ","floor":33,"turns":10},{"damage":28,"enemies":"Orb Walker","floor":35,"turns":4},{"damage":22,"enemies":"3 Shapes","floor":36,"turns":3},{"damage":0,"enemies":"Mind Bloom Boss Battle","floor":37,"turns":8},{"damage":71,"enemies":"Transient","floor":38,"turns":6},{"damage":73,"enemies":"Spire Growth","floor":39,"turns":6}],"seed_played":"-8964637446481130642","potions_obtained":[{"floor":4.0,"key":"SmokeBomb"},{"floor":5.0,"key":"Ancient Potion"},{"floor":13.0,"key":"Swift Potion"},{"floor":24,"key":"BlessingOfTheForge"},{"floor":25,"key":"Dota2Spire:HealingSalve"},{"floor":28,"key":"LiquidBronze"},{"floor":36,"key":"Explosive Potion"}],"is_trial":false,"path_per_floor":["M","M","?","M","M","R","E","R","T","E","?","R","M","M","R","B",null,"M","$","?","$","M","R","E","M","T","?","M","R","?","M","R","B",null,"M","M","?","M","M"],"character_chosen":"IRONCLAD","items_purchased":["Membership Card","Bird Faced Urn","Twin Strike","Intimidate","Master of Strategy","Deep Breath","Regen Potion","SteroidPotion"],"campfire_rested":3,"item_purchase_floors":[19,21,21,21,21,21,21,21],"current_hp_per_floor":[46,41,46,49,47,47,41,41,46,40,14,39,41,33,33,15,78,63,63,44,44,55,55,28,40,40,40,25,61,61,46,84,69,114,106,96,118,61,0,0],"gold":390,"neow_bonus":"TRANSFORM_TWO_CARDS","is_daily":false,"chose_seed":false,"campfire_upgraded":4,"win_rate":0.0,"timestamp":1610885011,"path_taken":["M","M","?","M","M","R","E","R","T","E","?","R","M","M","R","BOSS","M","$","?","$","M","R","E","?","T","?","M","R","?","M","R","BOSS","M","M","?","M","M"],"items_purchased_type":["Relic","Relic","Card","Card","Card","Card","Potion","Potion"],"build_version":"2020-12-22","purchased_purges":2,"victory":false,"max_hp_per_floor":[75,75,80,80,80,80,80,80,85,85,85,85,89,95,95,99,99,103,103,103,103,109,109,111,117,117,117,123,123,123,129,129,129,129,135,135,139,141,141,141],"card_choices":[{"not_picked":["Thunderclap","Sword Boomerang"],"picked":"Pummel","floor":1.0},{"not_picked":["Anger","Sword Boomerang"],"picked":"Clothesline","floor":2.0},{"not_picked":["Clash","True Grit"],"picked":"Flex","floor":4.0},{"not_picked":["Thunderclap","Sentinel","Headbutt"],"picked":"SKIP","floor":5.0},{"not_picked":["Inflame","Perfected Strike"],"picked":"Feed","floor":7.0},{"not_picked":["True Grit","Barricade"],"picked":"Demon Form","floor":10.0},{"not_picked":["Cleave","Dropkick"],"picked":"Feel No Pain","floor":13.0},{"not_picked":["Thunderclap","Spot Weakness","Ghostly Armor"],"picked":"Singing Bowl","floor":14.0},{"not_picked":["Exhume","Demon Form"],"picked":"Limit Break","floor":16.0},{"not_picked":["Rampage","Thunderclap"],"picked":"Shrug It Off","floor":18.0},{"not_picked":["Thunderclap+1","Twin Strike","Metallicize"],"picked":"Singing Bowl","floor":22},{"not_picked":["Ghostly Armor","Pommel Strike","Iron Wave"],"picked":"Singing Bowl","floor":24},{"not_picked":["Ghostly Armor","Reckless Charge","Wild Strike"],"picked":"Singing Bowl","floor":25},{"not_picked":["Thunderclap","Dark Embrace","Armaments"],"picked":"Singing Bowl","floor":28},{"not_picked":["Clothesline","Rupture","Pommel Strike"],"picked":"Singing Bowl","floor":31},{"not_picked":["Berserk","Offering"],"picked":"Impervious","floor":33},{"not_picked":["Headbutt+1","Combust","Twin Strike"],"picked":"Singing Bowl","floor":35},{"not_picked":["True Grit","Clash+1"],"picked":"Disarm","floor":36},{"not_picked":["Cleave","Flex+1"],"picked":"Fire Breathing+1","floor":37},{"not_picked":["Metallicize+1","Heavy Blade+1","True Grit"],"picked":"Singing Bowl","floor":38}],"player_experience":2269046,"relics_obtained":[{"floor":7.0,"key":"Singing Bowl"},{"floor":9.0,"key":"Dota2Spire:EyeOfSkadi"},{"floor":10.0,"key":"Old Coin"},{"floor":24,"key":"Bag of Marbles"},{"floor":37,"key":"Du-Vu Doll"}],"event_choices":[{"damage_healed":0.0,"max_hp_gain":5.0,"max_hp_loss":0.0,"gold_gain":0.0,"event_name":"Big Fish","player_choice":"Donut","floor":3.0,"gold_loss":0.0,"damage_taken":0.0},{"damage_healed":0.0,"max_hp_gain":0.0,"max_hp_loss":0.0,"gold_gain":0.0,"event_name":"Shining Light","player_choice":"Entered Light","floor":11.0,"gold_loss":0.0,"damage_taken":26.0,"cards_upgraded":["Clothesline","Pommel Strike"]},{"damage_healed":0.0,"max_hp_gain":0.0,"max_hp_loss":0.0,"gold_gain":180.0,"event_name":"Knowing Skull","player_choice":"GOLD GOLD ","floor":20.0,"potions_obtained":[],"gold_loss":0.0,"damage_taken":19.0,"cards_obtained":[]},{"damage_healed":0,"gold_gain":0,"player_choice":"Ignored","damage_taken":0,"max_hp_gain":0,"max_hp_loss":0,"event_name":"The Mausoleum","floor":27,"gold_loss":0},{"damage_healed":0,"gold_gain":0,"player_choice":"Simplicity","damage_taken":0,"max_hp_gain":0,"max_hp_loss":0,"event_name":"Back to Basics","floor":30,"gold_loss":0,"cards_upgraded":["Defend_R","Defend_R","Defend_R"]},{"damage_healed":0,"gold_gain":0,"player_choice":"Fight","damage_taken":0,"max_hp_gain":0,"max_hp_loss":0,"event_name":"MindBloom","floor":37,"gold_loss":0}],"is_beta":false,"boss_relics":[{"not_picked":["Cursed Key","SacredBark"],"picked":"Empty Cage"},{"not_picked":["Tiny House","Runic Dome"],"picked":"Black Blood"}],"items_purged_floors":[19,21],"is_endless":false,"potions_floor_spawned":[4,5,13,24,25,28,36,37],"killed_by":"Spire Growth","ascension_level":20}}