{"host":"3a1ypf1irl30q4k8","time":1610917162,"event":{"mods":["AchievementEnabler","BaseMod","Bestiary","Colored Map","Minty Spire (QoL Compilation)","Relic Stats"],"gold_per_floor":[99,99,99,63,10,10,10,10,10,10,10,10,10,10,10,10,10,10,0,0,0,0,0,0,0,0,0,0,0,0,0,0,0,0,0,0,0,0,0,0,0],"floor_reached":40,"language":"ENG","playtime":1278,"items_purged":[],"score":572,"play_id":"3a8384f2-6ebf-4b22-b18e-9229de1d39a6","local_time":"20210117205922","is_ascension_mode":true,"campfire_choices":[{"data":"Thunderclap","floor":6,"key":"SMITH"},{"data":"Perfected Strike","floor":10,"key":"SMITH"},{"data":"Iron Wave","floor":12,"key":"SMITH"},{"data":"Cleave","floor":15,"key":"SMITH"},{"floor":25,"key":"REST"},{"data":"Wild Strike","floor":29,"key":"SMITH"},{"data":"Spot Weakness","floor":32,"key":"SMITH"}],"circlet_count":0,"master_deck":["Defend_R","Defend_R","Defend_R","Defend_R","Bash","Spot Weakness+1","Carnage+1","Thunderclap+1","Perfected Strike+1","Burning Pact","Iron Wave+1","Wild Strike+1","Cleave+1","Demon Form+1","Headbutt","Feel No Pain+1","Pommel Strike","Heavy Blade+1","Carnage+1","Bite","Bite","Bite","Bite","Bite","Barricade+1","Fire Breathing+1","The Bomb"],"relics":["Ectoplasm","Matryoshka","Whetstone","Odd Mushroom","Vajra","Frozen Egg 2","Snecko Eye","Juzu Bracelet","Red Skull","CeramicFish","Thread and Needle","Ice Cream","Mercury Hourglass","Runic Pyramid","Red Mask"],"acts_visited":["Exordium","TheCity","TheBeyond"],"potions_floor_usage":[16,16,18,23,23,30],"damage_taken":[{"damage":8,"enemies":"Jaw Worm","floor":1,"turns":4},{"damage":18,"enemies":"Gremlin Nob","floor":7,"turns":3},{"damage":9,"enemies":"The Mushroom Lair","floor":8,"turns":2},{"damage":0,"enemies":"2 Louse","floor":11,"turns":2},{"damage":10,"enemies":"3 Sentries","floor":13,"turns":4},{"damage":0,"enemies":"Small Slimes","floor":14,"turns":2},{"damage":0,"enemies":"Slime Boss","floor":16,"turns":5},{"damage":0,"enemies":"Spheric Guardian","floor":18,"turns":1},{"damage":1,"enemies":"3 Byrds","floor":21,"turns":3},{"damage":18,"enemies":"3 Cultists","floor":22,"turns":4},{"damage":21,"enemies":"Book of Stabbing","floor":23,"turns":3},{"damage":0,"enemies":"Snake Plant","floor":24,"turns":2},{"damage":19,"enemies":"Slavers","floor":27,"turns":3},{"damage":2,"enemies":"Colosseum Slavers","floor":30,"turns":2},{"damage":6,"enemies":"Colosseum Nobs","floor":30,"turns":3},{"damage":27,"enemies":"Champ","floor":33,"turns":6},{"damage":7,"enemies":"Orb Walker","floor":35,"turns":2},{"damage":0,"enemies":"3 Shapes","floor":40,"turns":1}],"seed_played":"-366705994647232656","potions_obtained":[{"floor":7,"key":"ColorlessPotion"},{"floor":8,"key":"BlessingOfTheForge"},{"floor":13,"key":"GamblersBrew"},{"floor":18,"key":"ColorlessPotion"},{"floor":22,"key":"SkillPotion"},{"floor":27,"key":"DistilledChaos"},{"floor":33,"key":"DistilledChaos"}],"is_trial":false,"path_per_floor":["M","?","?","$","$","R","E","?","T","R","M","R","E","M","R","B",null,"M","?","?","M","M","E","M","R","T","E","?","R","?","$","R","B",null,"M","?","?","?","$","M"],"character_chosen":"IRONCLAD","items_purchased":["Carnage","Thunderclap"],"campfire_rested":1,"item_purchase_floors":[4,5],"current_hp_per_floor":[72,60,65,65,65,65,47,38,38,38,38,38,28,28,28,28,85,85,85,85,84,66,45,45,70,70,51,51,51,49,49,49,32,59,52,52,52,52,52,52,52],"gold":0,"neow_bonus":"BOSS_RELIC","is_daily":false,"chose_seed":false,"campfire_upgraded":6,"win_rate":0.0,"timestamp":1610917162,"path_taken":["M","?","?","?","$","R","E","?","T","R","M","R","E","M","R","BOSS","M","?","?","M","M","E","M","R","T","E","?","R","?","?","R","BOSS","M","?","?","?","$","M"],"items_purchased_type":["Card","Card"],"build_version":"2020-12-22","purchased_purges":0,"victory":false,"max_hp_per_floor":[80,80,85,85,85,85,85,85,85,85,85,85,85,85,85,85,85,85,85,85,85,85,85,85,85,85,85,59,59,59,59,59,59,59,59,56,56,56,56,56,56],"relic_stats":{"counters":[18,52],"CeramicFish":0,"Snecko Eye":[54,50,51,66],"Ectoplasm":678,"Juzu Bracelet":1,"Whetstone":["Strike_R","Strike_R"],"obtain_stats":[{"Ice Cream":30,"CeramicFish":26,"Vajra":9,"Thread and Needle":27,"Juzu Bracelet":23,"Whetstone":7,"Odd Mushroom":8,"Frozen Egg 2":13,"Burning Blood":0,"Mercury Hourglass":30,"Matryoshka":2,"Snecko Eye":17,"Ectoplasm":0,"Red Mask":38,"Red Skull":26,"Runic Pyramid":34},{"Ice Cream":15,"CeramicFish":12,"Vajra":3,"Thread and Needle":13,"Juzu Bracelet":11,"Whetstone":2,"Odd Mushroom":3,"Frozen Egg 2":5,"Burning Blood":0,"Mercury Hourglass":15,"Matryoshka":1,"Snecko Eye":7,"Ectoplasm":0,"Red Mask":17,"Red Skull":12,"Runic Pyramid":16},{"Ice Cream":43,"CeramicFish":35,"Vajra":9,"Thread and Needle":38,"Juzu Bracelet":33,"Whetstone":7,"Odd Mushroom":9,"Frozen Egg 2":15,"Burning Blood":0,"Mercury Hourglass":43,"Matryoshka":4,"Snecko Eye":22,"Ectoplasm":0,"Red Mask":51,"Red Skull":35,"Runic Pyramid":49}],"Mercury Hourglass":[33]},"card_choices":[{"not_picked":["Cleave","Havoc"],"picked":"Spot Weakness","floor":1},{"not_picked":["Blood for Blood","Disarm"],"picked":"Perfected Strike","floor":7},{"not_picked":["Body Slam","Spot Weakness"],"picked":"Burning Pact","floor":8},{"not_picked":["Body Slam","Reckless Charge"],"picked":"Iron Wave","floor":11},{"not_picked":["Exhume","Armaments"],"picked":"Wild Strike","floor":13},{"not_picked":["Clothesline","Headbutt"],"picked":"Cleave","floor":14},{"not_picked":["Fiend Fire","Juggernaut+1"],"picked":"Demon Form+1","floor":16},{"not_picked":["Anger","Sentinel+1"],"picked":"Headbutt","floor":18},{"not_picked":["Combust+1","Clash"],"picked":"Feel No Pain+1","floor":21},{"not_picked":["True Grit","Clash"],"picked":"Pommel Strike","floor":22},{"not_picked":["Iron Wave+1","Reckless Charge"],"picked":"Heavy Blade+1","floor":23},{"not_picked":["Sword Boomerang","Searing Blow+1"],"picked":"Carnage+1","floor":24},{"not_picked":["Evolve+1","Brutality+1","Wild Strike"],"picked":"SKIP","floor":27},{"not_picked":["Fiend Fire","Brutality+1"],"picked":"Barricade+1","floor":33},{"not_picked":["Havoc","Twin Strike"],"picked":"Fire Breathing+1","floor":35},{"not_picked":["Jack Of All Trades","Forethought"],"picked":"The Bomb","floor":37}],"player_experience":1101444,"relics_obtained":[{"floor":7,"key":"Whetstone"},{"floor":8,"key":"Odd Mushroom"},{"floor":9,"key":"Vajra"},{"floor":13,"key":"Frozen Egg 2"},{"floor":23,"key":"Juzu Bracelet"},{"floor":26,"key":"Red Skull"},{"floor":26,"key":"CeramicFish"},{"floor":27,"key":"Thread and Needle"},{"floor":30,"key":"Ice Cream"},{"floor":30,"key":"Mercury Hourglass"}],"event_choices":[{"damage_healed":0,"gold_gain":0,"player_choice":"Success","damage_taken":12,"relics_obtained":["Matryoshka"],"max_hp_gain":0,"max_hp_loss":0,"event_name":"Scrap Ooze","floor":2,"gold_loss":0},{"damage_healed":0,"gold_gain":0,"player_choice":"Donut","damage_taken":0,"max_hp_gain":5,"max_hp_loss":0,"event_name":"Big Fish","floor":3,"gold_loss":0},{"damage_healed":0,"gold_gain":0,"player_choice":"Fought Mushrooms","damage_taken":0,"max_hp_gain":0,"max_hp_loss":0,"event_name":"Mushrooms","floor":8,"gold_loss":0},{"damage_healed":0,"gold_gain":0,"player_choice":"Paid Fearfully","damage_taken":0,"max_hp_gain":0,"max_hp_loss":0,"event_name":"Masked Bandits","floor":19,"gold_loss":10},{"damage_healed":0,"gold_gain":0,"player_choice":"Upgraded","damage_taken":0,"max_hp_gain":0,"max_hp_loss":0,"event_name":"Upgrade Shrine","floor":20,"gold_loss":0,"cards_upgraded":["Carnage"]},{"damage_healed":0,"gold_gain":0,"player_choice":"Became a vampire","damage_taken":0,"max_hp_gain":0,"max_hp_loss":26,"event_name":"Vampires","floor":28,"gold_loss":0,"cards_obtained":["Bite","Bite","Bite","Bite","Bite"]},{"damage_healed":0,"gold_gain":0,"player_choice":"Fight","damage_taken":0,"max_hp_gain":0,"max_hp_loss":0,"event_name":"Colosseum","floor":30,"gold_loss":0},{"damage_healed":0,"gold_gain":0,"player_choice":"Fought Nobs","damage_taken":0,"max_hp_gain":0,"max_hp_loss":0,"event_name":"Colosseum","floor":30,"gold_loss":0},{"damage_healed":0,"gold_gain":0,"player_choice":"Max HP","damage_taken":0,"max_hp_gain":0,"max_hp_loss":3,"event_name":"Winding Halls","floor":36,"gold_loss":0},{"damage_healed":0,"gold_gain":0,"player_choice":"Memory 1","damage_taken":0,"max_hp_gain":0,"max_hp_loss":0,"event_name":"SensoryStone","floor":37,"gold_loss":0},{"damage_healed":0,"gold_gain":0,"player_choice":"Paid","damage_taken":0,"relics_obtained":["Red Mask"],"max_hp_gain":0,"max_hp_loss":0,"event_name":"Tomb of Lord Red Mask","floor":38,"gold_loss":0}],"is_beta":false,"boss_relics":[{"not_picked":["SacredBark","Black Star"],"picked":"Snecko Eye"},{"not_picked":["Runic Dome","Astrolabe"],"picked":"Runic Pyramid"}],"items_purged_floors":[],"is_endless":false,"potions_floor_spawned":[7,8,13,18,22,27,30,33],"killed_by":"3 Shapes","ascension_level":3}}