{"host":"sdjng9zhqonqi3uc","time":1610912937,"event":{"mods":["2.2 Compatiblity","AchievementEnabler","BaseMod","Better Third Choice","BetterRewards","Colored Powertips","Hero for Fun","Minty Spire (QoL Compilation)","Quick Restart","Shop Mod","Spicy Shops","StSLib","Td1madao Mod","The Animator","The Cursed","The Servant 0.9.4"],"gold_per_floor":[111,286,286,305,45,78,94,94,94,128,140,140,157,157,157,256,256,266,266,285,285,298,326,337,337,337,366,388,400,425,51,51,154,154,167,167,177,0,13,43,43,78,78,94,112,72,85,103,103,103,103,103,18,43,43],"floor_reached":56,"language":"ENG","playtime":2985,"items_purged":["TheCursedMod:Defend_TheCursed","TheCursedMod:Strike_TheCursed","TheCursedMod:Strike_TheCursed"],"score":1761,"play_id":"7d5088eb-d7ae-4020-b928-6b82af27b77e","local_time":"20210117204857","is_ascension_mode":false,"campfire_choices":[{"floor":8,"key":"REST"},{"floor":12,"key":"REST"},{"data":"TheCursedMod:HellfireBreathing","floor":15,"key":"SMITH"},{"data":"TheCursedMod:HellfireBreathing","floor":25,"key":"SMITH"},{"data":"TheCursedMod:StunningStrike","floor":29,"key":"SMITH"},{"floor":32,"key":"RECALL"},{"data":"Madness","floor":41,"key":"SMITH"},{"data":"Madness","floor":49,"key":"SMITH"},{"data":"TheCursedMod:TacticalStrike","floor":52,"key":"SMITH"}],"circlet_count":0,"master_deck":["TheCursedMod:Strike_TheCursed","TheCursedMod:Defend_TheCursed","TheCursedMod:Defend_TheCursed","TheCursedMod:Defend_TheCursed","TheCursedMod:CursedWand+1","TheCursedMod:CleanUpWorkshop+1","TheCursedMod:Dregs","TheCursedMod:SurpriseAttack+1","Doubt","TheCursedMod:CursedBlade","Writhe","TheCursedMod:HellfireBreathing+1","TheCursedMod:ShockAndAwe+1","TheCursedMod:CircleOfBlood","TheCursedMod:TacticalStrike+1","TheCursedMod:SpitefulPray","TheCursedMod:HellfireBreathing+1","TheCursedMod:StunningStrike+1","Shame","TheCursedMod:Grudge+1","TheCursedMod:CircleOfBlood+1","TheCursedMod:SurpriseAttack+1","TheCursedMod:CircleOfFlame","TheCursedMod:VoidForm+1","TheCursedMod:CircleOfBlood","Shame","TheCursedMod:HellsGateOpen+1","TheCursedMod:CollectTribute+1","Madness+1","Madness+1","TheCursedMod:Hemoplague+1"],"relics":["TheCursedMod:BlackMagicAdvanced","Shuriken","Letter Opener","Membership Card","MerchantsRug","Darkstone Periapt","Gremlin Horn","Mummified Hand","Centennial Puzzle","Black Star","Thread and Needle","HornCleat","Bronze Scales","CaptainsWheel","Du-Vu Doll","Frozen Egg 2","TheCursedMod:DemonicMark","Vajra","Sling","Red Mask","Bottled Flame","Toy Ornithopter","Oddly Smooth Stone","Orichalcum","TheCursedMod:BloodyHarpoon","Bird Faced Urn"],"acts_visited":["Exordium","TheCity","TheBeyond","TheEnding"],"potions_floor_usage":[6,10,16,16,23,23,37,44,50,50,55,55,55],"damage_taken":[{"damage":6,"enemies":"2 Louse","floor":1,"turns":3},{"damage":0,"enemies":"Jaw Worm","floor":4,"turns":3},{"damage":23,"enemies":"Gremlin Nob","floor":6,"turns":4},{"damage":0,"enemies":"Cultist","floor":7,"turns":2},{"damage":34,"enemies":"Lagavulin","floor":10,"turns":6},{"damage":0,"enemies":"3 Louse","floor":11,"turns":2},{"damage":0,"enemies":"Large Slime","floor":13,"turns":4},{"damage":16,"enemies":"The Guardian","floor":16,"turns":5},{"damage":10,"enemies":"3 Byrds","floor":18,"turns":2},{"damage":0,"enemies":"Chosen","floor":20,"turns":3},{"damage":1,"enemies":"Snecko","floor":22,"turns":4},{"damage":4,"enemies":"Gremlin Leader","floor":23,"turns":4},{"damage":0,"enemies":"Snake Plant","floor":24,"turns":3},{"damage":3,"enemies":"Slavers","floor":27,"turns":2},{"damage":1,"enemies":"Cultist and Chosen","floor":28,"turns":3},{"damage":0,"enemies":"3 Cultists","floor":30,"turns":3},{"damage":0,"enemies":"Champ","floor":33,"turns":6},{"damage":0,"enemies":"3 Shapes","floor":35,"turns":2},{"damage":6,"enemies":"Orb Walker","floor":37,"turns":2},{"damage":8,"enemies":"Spire Growth","floor":39,"turns":3},{"damage":12,"enemies":"Giant Head","floor":40,"turns":5},{"damage":0,"enemies":"Nemesis","floor":42,"turns":2},{"damage":0,"enemies":"Writhing Mass","floor":44,"turns":3},{"damage":10,"enemies":"Transient","floor":45,"turns":5},{"damage":7,"enemies":"3 Darklings","floor":47,"turns":2},{"damage":0,"enemies":"Spire Growth","floor":48,"turns":2},{"damage":40,"enemies":"Awakened One","floor":50,"turns":6},{"damage":0,"enemies":"Shield and Spear","floor":54,"turns":3},{"damage":111,"enemies":"The Heart","floor":55,"turns":6}],"seed_played":"-4068568689797347067","potions_obtained":[{"floor":1,"key":"PowerPotion"},{"floor":7,"key":"Weak Potion"},{"floor":11,"key":"FearPotion"},{"floor":13,"key":"Regen Potion"},{"floor":20,"key":"Energy Potion"},{"floor":22,"key":"Strength Potion"},{"floor":33,"key":"Explosive Potion"},{"floor":39,"key":"BlessingOfTheForge"},{"floor":40,"key":"SmokeBomb"},{"floor":42,"key":"GamblersBrew"},{"floor":44,"key":"Fruit Juice"},{"floor":47,"key":"SpeedPotion"}],"is_trial":false,"path_per_floor":["M","?","?","M","$","E","M","R","T","E","M","R","M","?","R","B",null,"M","?","M","T","M","E","M","R","T","E","M","R","M","$","R","B",null,"M","?","M","?","M","E","R","E","T","M","M","?","M","M","R","B",null,"R","$","E","B",null],"character_chosen":"THE_CURSED","items_purchased":["Shuriken","Letter Opener","Membership Card","MerchantsRug","TheCursedMod:HellfireBreathing","Darkstone Periapt","TheCursedMod:DemonicMark","Vajra","Sling","TheCursedMod:HellsGateOpen+1","Swift Potion","TheCursedMod:Hemoplague+1","Regen Potion","PowerPotion"],"campfire_rested":2,"item_purchase_floors":[0,0,5,5,5,5,31,31,31,31,31,53,53,53],"current_hp_per_floor":[48,48,41,41,41,18,18,40,40,8,12,34,38,23,23,25,75,65,71,77,77,81,81,81,81,81,81,81,81,81,87,87,87,87,87,76,78,78,76,84,84,87,87,92,82,82,75,81,81,52,92,92,92,92,8],"gold":43,"neow_bonus":"","is_daily":false,"chose_seed":false,"campfire_upgraded":6,"win_rate":0.0,"timestamp":1610912937,"path_taken":["M","?","?","M","?","E","M","R","T","E","M","R","?","?","R","BOSS","M","?","M","?","M","E","M","R","T","E","M","R","M","$","R","BOSS","M","?","M","?","M","E","R","E","T","M","M","?","M","M","R","BOSS","R","$","E","BOSS"],"items_purchased_type":["Relic","Relic","Relic","Relic","Card","Relic","Relic","Relic","Relic","Card","Potion","Card","Potion","Potion"],"build_version":"2020-12-22","purchased_purges":3,"victory":true,"max_hp_per_floor":[75,75,75,75,75,75,75,75,75,75,75,75,75,75,75,75,75,75,81,81,81,81,81,81,81,81,81,81,81,81,87,87,87,87,87,87,87,87,87,87,87,87,87,92,92,92,92,92,92,92,92,92,92,92,92],"card_choices":[{"not_picked":["TheCursedMod:CursedShiv","TheCursedMod:TacticalStrike"],"picked":"TheCursedMod:SurpriseAttack","floor":1},{"not_picked":["TheCursedMod:Obscuration","TheCursedMod:Wield"],"picked":"TheCursedMod:CursedBlade","floor":4},{"not_picked":["TheCursedMod:Mangle","TheCursedMod:CursedAmulet"],"picked":"TheCursedMod:ShockAndAwe","floor":6},{"not_picked":["TheCursedMod:RavingStaff","TheCursedMod:TacticalStrike"],"picked":"TheCursedMod:CircleOfBlood","floor":7},{"not_picked":["TheCursedMod:CursedShiv","TheCursedMod:CursedMace"],"picked":"TheCursedMod:TacticalStrike","floor":10},{"not_picked":["TheCursedMod:CursedMace","TheCursedMod:TacticalStrike"],"picked":"TheCursedMod:SpitefulPray","floor":11},{"not_picked":["TheCursedMod:Obscuration","TheCursedMod:CursedBlade"],"picked":"TheCursedMod:HellfireBreathing","floor":13},{"not_picked":["TheCursedMod:ShockAndAwe","TheCursedMod:NeowsMight"],"picked":"TheCursedMod:StunningStrike","floor":16},{"not_picked":["TheCursedMod:CursedBlade","TheCursedMod:Stigma","TheCursedMod:SaltUponWound"],"picked":"SKIP","floor":18},{"not_picked":["TheCursedMod:AshesToAshes","TheCursedMod:VitalStrike"],"picked":"TheCursedMod:Grudge+1","floor":20},{"not_picked":["TheCursedMod:PrepareRite","TheCursedMod:AshesToAshes"],"picked":"TheCursedMod:CircleOfBlood+1","floor":22},{"not_picked":["TheCursedMod:StingEye+1","TheCursedMod:SaltUponWound"],"picked":"TheCursedMod:SurpriseAttack+1","floor":23},{"not_picked":["TheCursedMod:SpitefulStrike","TheCursedMod:AshesToAshes+1"],"picked":"TheCursedMod:CircleOfFlame","floor":24},{"not_picked":["TheCursedMod:SpitefulStrike","TheCursedMod:CursedMace"],"picked":"TheCursedMod:VoidForm+1","floor":27},{"not_picked":["TheCursedMod:ManaBullet+1","TheCursedMod:SmokeScreen","TheCursedMod:RavingStaff+1"],"picked":"SKIP","floor":28},{"not_picked":["TheCursedMod:RavingStaff","TheCursedMod:CircleOfFlame"],"picked":"TheCursedMod:CircleOfBlood","floor":30},{"not_picked":["TheCursedMod:DemonicPact+1","TheCursedMod:CircleOfAbyss"],"picked":"TheCursedMod:CollectTribute+1","floor":33},{"not_picked":["TheCursedMod:CursedAmulet+1","TheCursedMod:WearCloak+1","TheCursedMod:CircleOfFlame"],"picked":"SKIP","floor":35},{"not_picked":["TheCursedMod:CursedBlade","TheCursedMod:CursedStaff","TheCursedMod:Wield+1"],"picked":"SKIP","floor":37},{"not_picked":["TheCursedMod:AshesToAshes","TheCursedMod:TacticalStrike+1","TheCursedMod:CursedSpellbook"],"picked":"SKIP","floor":39},{"not_picked":["TheCursedMod:SmokeScreen","TheCursedMod:Grudge+1","TheCursedMod:Torture+1"],"picked":"SKIP","floor":40},{"not_picked":["TheCursedMod:VitalStrike+1","TheCursedMod:CursedBoomerang","TheCursedMod:PrepareRite+1"],"picked":"SKIP","floor":42},{"not_picked":["TheCursedMod:CircleOfCorruption","TheCursedMod:WearCloak","TheCursedMod:CursedBoomerang"],"picked":"SKIP","floor":44},{"not_picked":["TheCursedMod:CursedMace+1","TheCursedMod:RavingStaff+1","TheCursedMod:TroublousMinions+1"],"picked":"SKIP","floor":45},{"not_picked":["TheCursedMod:Stretching","TheCursedMod:CursedBlade","TheCursedMod:Torture"],"picked":"SKIP","floor":47},{"not_picked":["TheCursedMod:CursedBlade","TheCursedMod:CursedShiv","TheCursedMod:CircleOfFocus+1"],"picked":"SKIP","floor":48},{"not_picked":["TheCursedMod:SurpriseAttack","TheCursedMod:BloodBarrier","TheCursedMod:WearCloak"],"picked":"SKIP","floor":54}],"player_experience":316058,"relics_obtained":[{"floor":6,"key":"Gremlin Horn"},{"floor":9,"key":"Mummified Hand"},{"floor":10,"key":"Centennial Puzzle"},{"floor":21,"key":"HornCleat"},{"floor":23,"key":"Bronze Scales"},{"floor":23,"key":"CaptainsWheel"},{"floor":26,"key":"Du-Vu Doll"},{"floor":27,"key":"MawBank"},{"floor":27,"key":"Frozen Egg 2"},{"floor":40,"key":"Bottled Flame"},{"floor":40,"key":"Toy Ornithopter"},{"floor":42,"key":"Oddly Smooth Stone"},{"floor":42,"key":"Orichalcum"},{"floor":54,"key":"TheCursedMod:BloodyHarpoon"},{"floor":54,"key":"Bird Faced Urn"}],"event_choices":[{"damage_healed":0,"gold_gain":175,"player_choice":"AGREE","damage_taken":111,"max_hp_gain":0,"max_hp_loss":0,"event_name":"betterThird:BetterSerpent","floor":2,"gold_loss":0},{"cards_removed":["TheCursedMod:Strike_TheCursed"],"damage_healed":0,"gold_gain":0,"player_choice":"Card Removal","damage_taken":7,"max_hp_gain":0,"max_hp_loss":0,"event_name":"Golden Wing","floor":3,"gold_loss":0},{"damage_healed":38,"gold_gain":0,"player_choice":"Upgrade","damage_taken":15,"max_hp_gain":0,"max_hp_loss":75,"event_name":"betterThird:BetterShining","floor":14,"gold_loss":0,"cards_upgraded":["TheCursedMod:CleanUpWorkshop","TheCursedMod:ShockAndAwe"]},{"damage_healed":0,"gold_gain":0,"player_choice":"Stole Relic","damage_taken":0,"relics_obtained":["Thread and Needle"],"max_hp_gain":0,"max_hp_loss":0,"event_name":"Addict","floor":19,"gold_loss":0,"cards_obtained":["Shame"]},{"damage_healed":0,"gold_gain":0,"player_choice":"Embrace Madness","damage_taken":11,"max_hp_gain":0,"max_hp_loss":0,"event_name":"Winding Halls","floor":36,"gold_loss":0,"cards_obtained":["Madness","Madness"]},{"damage_healed":0,"gold_gain":0,"player_choice":"Paid","damage_taken":0,"relics_obtained":["Red Mask"],"max_hp_gain":0,"max_hp_loss":0,"event_name":"Tomb of Lord Red Mask","floor":38,"gold_loss":177},{"damage_healed":0,"gold_gain":0,"player_choice":"Upgraded Two","damage_taken":0,"max_hp_gain":0,"max_hp_loss":0,"event_name":"Designer","floor":46,"gold_loss":40,"cards_upgraded":["TheCursedMod:SurpriseAttack","TheCursedMod:CursedWand"]}],"is_beta":false,"boss_relics":[{"not_picked":["Fusion Hammer","Runic Pyramid"],"picked":"Black Star"},{"not_picked":["Coffee Dripper","TheCursedMod:FourLeafCloverCharm"],"picked":"TheCursedMod:BlackMagicAdvanced"}],"items_purged_floors":[0,5,31],"is_endless":false,"potions_floor_spawned":[1,7,11,13,20,22,33,39,40,42,44,47],"ascension_level":0}}