{"host":"i0avyit1s6jb1siw","time":1610882548,"event":{"mods":["BaseMod","DeckTracker","Dota2Spire","Highlight Path","Minty Spire (QoL Compilation)","Quick Restart","StSLib","SuperFastMode"],"gold_per_floor":[110,80,5,20,20,20,20,47,47,64,79,4,24,34,34,34,34],"floor_reached":16,"language":"ENG","playtime":275,"items_purged":["Strike_R"],"score":204,"play_id":"980e2ed8-0bca-436b-8876-3a24622543be","local_time":"20210117122228","is_ascension_mode":true,"campfire_choices":[{"data":"Bash","floor":7,"key":"SMITH"},{"floor":15,"key":"DIG"}],"circlet_count":0,"master_deck":["AscendersBane","Strike_R","Defend_R","Defend_R","Defend_R","Defend_R","Bash+1","Bloodletting","Headbutt","Twin Strike","Cleave","Carnage","Power Through","Wild Strike"],"relics":["Burning Blood","Shovel","Mummified Hand","Dota2Spire:LotusOrb","Dota2Spire:Mjollnir"],"acts_visited":["Exordium"],"potions_floor_usage":[8,13,16],"damage_taken":[{"damage":13.0,"enemies":"2 Louse","floor":1.0,"turns":3.0},{"damage":1,"enemies":"Cultist","floor":4,"turns":3},{"damage":35,"enemies":"Gremlin Nob","floor":8,"turns":4},{"damage":0,"enemies":"Small Slimes","floor":10,"turns":2},{"damage":10,"enemies":"Gremlin Gang","floor":11,"turns":4},{"damage":3,"enemies":"Looter","floor":13,"turns":2},{"damage":9,"enemies":"Lots of Slimes","floor":14,"turns":4},{"damage":40,"enemies":"Slime Boss","floor":16,"turns":7}],"seed_played":"-9078973805412834984","potions_obtained":[{"floor":2.0,"key":"CultistPotion"},{"floor":2.0,"key":"PowerPotion"},{"floor":8,"key":"Regen Potion"},{"floor":10,"key":"BloodPotion"},{"floor":13,"key":"PowerPotion"}],"is_trial":false,"path_per_floor":["M","?","$","M","$","?","R","E","T","M","M","?","M","M","R","B"],"character_chosen":"IRONCLAD","items_purchased":[],"campfire_rested":0,"item_purchase_floors":[],"current_hp_per_floor":[43,43,43,48,48,48,48,19,19,25,21,21,39,36,36,0,0],"gold":34,"neow_bonus":"TRANSFORM_TWO_CARDS","is_daily":false,"chose_seed":false,"campfire_upgraded":1,"win_rate":0.0,"timestamp":1610882548,"path_taken":["M","?","$","M","?","?","R","E","T","?","M","?","M","M","R","BOSS"],"items_purchased_type":[],"build_version":"2020-12-22","purchased_purges":1,"victory":false,"max_hp_per_floor":[75,75,75,75,75,75,75,75,75,75,75,75,75,75,75,75,75],"card_choices":[{"not_picked":["Heavy Blade","True Grit"],"picked":"Twin Strike","floor":1.0},{"not_picked":["Sword Boomerang","Anger"],"picked":"Cleave","floor":4},{"not_picked":["Dark Embrace","Shrug It Off"],"picked":"Carnage","floor":8},{"not_picked":["Searing Blow","Carnage","Warcry"],"picked":"SKIP","floor":10},{"not_picked":["Spot Weakness","Body Slam"],"picked":"Power Through","floor":11},{"not_picked":["Fiend Fire","Infernal Blade"],"picked":"Wild Strike","floor":13},{"not_picked":["Sword Boomerang","Heavy Blade","Perfected Strike"],"picked":"SKIP","floor":14}],"player_experience":2267877,"relics_obtained":[{"floor":8,"key":"Shovel"},{"floor":9,"key":"Mummified Hand"},{"floor":15,"key":"Dota2Spire:Mjollnir"}],"event_choices":[{"damage_healed":0.0,"max_hp_gain":0.0,"max_hp_loss":0.0,"gold_gain":0.0,"event_name":"The Woman in Blue","player_choice":"Bought 2 Potions","floor":2.0,"gold_loss":0.0,"damage_taken":0.0},{"cards_removed":["Strike_R"],"damage_healed":0,"gold_gain":0,"player_choice":"Purged","damage_taken":0,"max_hp_gain":0,"max_hp_loss":0,"event_name":"Purifier","floor":6,"gold_loss":0},{"damage_healed":0,"gold_gain":0,"player_choice":"Paid Gold","damage_taken":0,"relics_obtained":["Dota2Spire:LotusOrb"],"max_hp_gain":0,"max_hp_loss":0,"event_name":"WeMeetAgain","floor":12,"gold_loss":75}],"is_beta":false,"boss_relics":[],"items_purged_floors":[3],"is_endless":false,"potions_floor_spawned":[8,10,13],"killed_by":"Slime Boss","ascension_level":20}}