{"host":"9h1qbmp5h1ch7u4r","time":1610849754,"event":{"mods":["BaseMod","Lobotomy","Minty Spire (QoL Compilation)","StSLib"],"gold_per_floor":[109,34,54,54,65,65,65],"floor_reached":6,"language":"ENG","playtime":253,"items_purged":[],"score":72,"play_id":"76fd4cd1-d7b2-4eed-b0ac-031239d7cb3d","local_time":"20210116211554","is_ascension_mode":true,"campfire_choices":[],"circlet_count":0,"master_deck":["AscendersBane","Strike_R","Strike_R","Strike_R","Strike_R","Defend_R","Defend_R","Defend_R","Bash","LittleHelper","Rage","UniverseFragment","Anger","VoidDream","Limit Break"],"relics":["Burning Blood","CogitoBucket"],"acts_visited":["Exordium"],"potions_floor_usage":[6,6],"damage_taken":[{"damage":9,"enemies":"Jaw Worm","floor":1,"turns":5},{"damage":14,"enemies":"Small Slimes","floor":3,"turns":5},{"damage":3,"enemies":"Cultist","floor":5,"turns":4},{"damage":44,"enemies":"Lagavulin","floor":6,"turns":7}],"seed_played":"5566189622164458933","potions_obtained":[{"floor":3,"key":"FearPotion"},{"floor":5,"key":"LiquidMemories"}],"is_trial":false,"path_per_floor":["M","?","M","?","M","E"],"character_chosen":"IRONCLAD","items_purchased":[],"campfire_rested":0,"item_purchase_floors":[],"current_hp_per_floor":[65,65,57,50,53,9,9],"gold":65,"neow_bonus":"","is_daily":false,"chose_seed":false,"campfire_upgraded":0,"win_rate":0.0,"timestamp":1610849754,"path_taken":["M","?","M","?","M","E"],"items_purchased_type":[],"build_version":"2020-12-22","purchased_purges":0,"victory":false,"max_hp_per_floor":[75,75,75,75,75,75,75],"card_choices":[{"not_picked":["VoidDream","CrumblingArmor"],"picked":"LittleHelper","floor":1},{"not_picked":["Cleave","Havoc"],"picked":"Rage","floor":1},{"not_picked":["MHz","Bloodbath"],"picked":"UniverseFragment","floor":3},{"not_picked":["Clothesline","Perfected Strike"],"picked":"Anger","floor":3},{"not_picked":["Variant","OSAHOGD"],"picked":"VoidDream","floor":5},{"not_picked":["Sentinel","Ghostly Armor"],"picked":"Limit Break","floor":5}],"player_experience":880760,"relics_obtained":[],"event_choices":[{"cards_removed":["Strike_R"],"damage_healed":0,"gold_gain":0,"player_choice":"Card Removal","damage_taken":0,"max_hp_gain":0,"max_hp_loss":0,"event_name":"The Cleric","floor":2,"gold_loss":75},{"cards_removed":["Defend_R"],"damage_healed":0,"gold_gain":0,"player_choice":"Card Removal","damage_taken":7,"max_hp_gain":0,"max_hp_loss":0,"event_name":"Golden Wing","floor":4,"gold_loss":0}],"is_beta":false,"boss_relics":[],"items_purged_floors":[],"is_endless":false,"potions_floor_spawned":[3,5],"killed_by":"Lagavulin","ascension_level":20}}