{"host":"7z347kdhnquy3q4q","time":1610848168,"event":{"mods":["Act Like it!","Aspiration","BaseMod","Hubris","Minty Spire (QoL Compilation)","MostiFishMod","Permanent Neow","Potionbrewer","Replay The Spire","Robot Space Explorer","Spicy Shops","StSLib","Wandering Minibosses"],"gold_per_floor":[110,110,127,139,64,64,64],"floor_reached":6,"language":"ENG","playtime":289,"items_purged":[],"score":72,"play_id":"dcc2a9d0-86cd-42c3-b9a3-2107f555b316","local_time":"20210116194928","is_ascension_mode":true,"campfire_choices":[],"circlet_count":0,"master_deck":["AscendersBane","Strike_B","Strike_B","Strike_B","Strike_B","Defend_B","Defend_B","Defend_B","Defend_B","Zap","Dualcast","Fission","Genetic Algorithm","Leap","Darkness","ReplayRNGCard"],"relics":["Cracked Core","DaveBox","GreenFoldingFan","SynthV:TestCard"],"acts_visited":["Exordium"],"potions_floor_usage":[6],"damage_taken":[{"damage":16.0,"enemies":"2 Louse","floor":1.0,"turns":4.0},{"damage":14.0,"enemies":"Cultist","floor":3.0,"turns":4.0},{"damage":6.0,"enemies":"Small Slimes","floor":4.0,"turns":3.0},{"damage":80,"enemies":"Gremlin Nob","floor":6,"turns":4}],"seed_played":"7148630714628831403","potions_obtained":[{"floor":1.0,"key":"Block Potion"}],"is_trial":false,"path_per_floor":["M","?","M","M","$","E"],"character_chosen":"DEFECT","items_purchased":["ReplayRNGCard"],"campfire_rested":0,"item_purchase_floors":[5],"current_hp_per_floor":[58,58,54,58,58,0,0],"gold":64,"neow_bonus":"ONE_RANDOM_RARE_CARD","is_daily":false,"chose_seed":false,"campfire_upgraded":0,"win_rate":0.0,"timestamp":1610848168,"path_taken":["M","?","M","M","$","E"],"items_purchased_type":["Card"],"build_version":"2020-12-22","purchased_purges":0,"victory":false,"max_hp_per_floor":[71,71,71,71,71,71,71],"card_choices":[{"not_picked":["Panic Button","Beam Cell"],"picked":"Genetic Algorithm","floor":1.0},{"not_picked":["Hologram","BasicCrystalCard","Streamline","Turbo"],"picked":"Leap","floor":3.0},{"not_picked":["Gash","Barrage","Fusion","Streamline"],"picked":"Darkness","floor":4.0}],"player_experience":1929524,"relics_obtained":[{"floor":1.0,"key":"SynthV:TestCard"}],"event_choices":[{"damage_healed":0.0,"max_hp_gain":0.0,"max_hp_loss":0.0,"gold_gain":0.0,"event_name":"Match and Keep!","player_choice":"0 cards matched","floor":2.0,"gold_loss":0.0,"damage_taken":0.0,"cards_obtained":[]}],"is_beta":false,"boss_relics":[],"items_purged_floors":[],"is_endless":false,"potions_floor_spawned":[1],"killed_by":"Gremlin Nob","ascension_level":20}}