{"host":"usrgk25etjl0nf5i","time":1610863752,"event":{"mods":["2.2 Compatiblity","BaseMod","Downfall","Hubris","Minty Spire (QoL Compilation)","StSLib","SuperFastMode"],"gold_per_floor":[112,187,187,187,197,197,227,227,252,286,296,74,92,103,103,205,205,160,4,0,0,0,0,0,0,0,0,0],"floor_reached":27,"language":"ENG","playtime":890,"items_purged":[],"score":374,"play_id":"c4da404e-1fb8-4075-aba7-b24d82e73802","local_time":"20210116220912","is_ascension_mode":true,"campfire_choices":[{"data":"Hyperbeam","floor":6,"key":"SMITH"},{"floor":8,"key":"REST"},{"data":"Seek","floor":15,"key":"SMITH"},{"data":"White Noise","floor":24,"key":"SMITH"}],"circlet_count":0,"master_deck":["AscendersBane","Strike_B","Strike_B","Strike_B","Defend_B","Defend_B","Defend_B","Defend_B","Zap","Dualcast","Hyperbeam+1","Rebound","Seek+1","Stack","Self Repair","Self Repair","All For One","Gash","All For One","Genetic Algorithm","White Noise+1","Gash"],"relics":["Cracked Core","hubris:Towel","GremlinMask","White Beast Statue","Anchor","Darkstone Periapt","Lee\u0027s Waffle","Ectoplasm","Matryoshka","Shuriken","Regal Pillow"],"acts_visited":["Exordium","TheCity"],"potions_floor_usage":[16,18,18,23,27,27],"damage_taken":[{"damage":0,"enemies":"Small Slimes","floor":1,"turns":1},{"damage":0,"enemies":"2 Louse","floor":5,"turns":2},{"damage":20,"enemies":"3 Sentries","floor":7,"turns":3},{"damage":29,"enemies":"Gremlin Nob","floor":10,"turns":4},{"damage":0,"enemies":"Cultist","floor":11,"turns":2},{"damage":3,"enemies":"Blue Slaver","floor":13,"turns":4},{"damage":7,"enemies":"Looter","floor":14,"turns":3},{"damage":56,"enemies":"The Guardian","floor":16,"turns":12},{"damage":17,"enemies":"2 Thieves","floor":18,"turns":3},{"damage":25,"enemies":"Shell Parasite","floor":22,"turns":4},{"damage":16,"enemies":"Slavers","floor":23,"turns":2},{"damage":1,"enemies":"Sentry and Sphere","floor":25,"turns":3},{"damage":51,"enemies":"Book of Stabbing","floor":27,"turns":6}],"seed_played":"-1093953838567961117","potions_obtained":[{"floor":7,"key":"Swift Potion"},{"floor":10,"key":"sneckomod:MuddlingPotion"},{"floor":11,"key":"Energy Potion"},{"floor":13,"key":"Slimebound:ThreeZeroPotion"},{"floor":16,"key":"hexamod:SoulburnPotion"},{"floor":18,"key":"PotionOfCapacity"},{"floor":22,"key":"BlessingOfTheForge"},{"floor":23,"key":"Block Potion"},{"floor":25,"key":"Block Potion"}],"is_trial":false,"path_per_floor":["M","?","?","?","M","R","E","R","T","E","M","$","M","M","R","B",null,"M","$","?","?","M","E","R","M","T","E"],"character_chosen":"DEFECT","items_purchased":["Lee\u0027s Waffle","Self Repair","All For One"],"campfire_rested":1,"item_purchase_floors":[12,12,19],"current_hp_per_floor":[68,57,57,57,57,57,37,59,59,30,30,82,82,82,82,40,72,69,69,69,69,58,42,42,48,48,0,0],"gold":0,"neow_bonus":"ONE_RANDOM_RARE_CARD","is_daily":false,"chose_seed":false,"campfire_upgraded":3,"win_rate":0.0,"timestamp":1610863752,"path_taken":["M","?","?","?","M","R","E","R","T","E","?","$","M","M","R","BOSS","M","$","?","?","M","E","R","M","T","E"],"items_purchased_type":["Relic","Card","Card"],"build_version":"2020-12-22","purchased_purges":0,"victory":false,"max_hp_per_floor":[75,75,75,75,75,75,75,75,75,75,75,82,82,82,82,82,82,82,82,82,82,82,82,82,82,82,82,82],"card_choices":[{"not_picked":["Barrage","Static Discharge","Tempest"],"picked":"SKIP","floor":1},{"not_picked":["Consume","Ball Lightning"],"picked":"Rebound","floor":5},{"not_picked":["Chill","Defragment"],"picked":"Seek","floor":7},{"not_picked":["Meteor Strike","Steam Power","Barrage"],"picked":"SKIP","floor":10},{"not_picked":["Coolheaded","Ball Lightning"],"picked":"Stack","floor":11},{"not_picked":["Stack","Double Energy"],"picked":"Self Repair","floor":13},{"not_picked":["Barrage","Defragment","Tempest"],"picked":"SKIP","floor":14},{"not_picked":["Machine Learning","Reboot"],"picked":"All For One","floor":16},{"not_picked":["Beam Cell","Redo"],"picked":"Gash","floor":18},{"not_picked":["Ball Lightning","Sweeping Beam"],"picked":"Genetic Algorithm","floor":22},{"not_picked":["Ball Lightning","Consume+1"],"picked":"White Noise","floor":23},{"not_picked":["Fusion","Coolheaded"],"picked":"Gash","floor":25}],"player_experience":644685,"relics_obtained":[{"floor":7,"key":"White Beast Statue"},{"floor":9,"key":"Anchor"},{"floor":10,"key":"Darkstone Periapt"},{"floor":23,"key":"Matryoshka"},{"floor":26,"key":"Shuriken"},{"floor":26,"key":"Regal Pillow"}],"event_choices":[{"damage_healed":0,"gold_gain":75,"player_choice":"Gather Gold","damage_taken":11,"max_hp_gain":0,"max_hp_loss":0,"event_name":"World of Goop","floor":2,"gold_loss":0},{"damage_healed":0,"gold_gain":0,"player_choice":"Trade","damage_taken":0,"relics_obtained":["GremlinMask"],"max_hp_gain":0,"max_hp_loss":0,"event_name":"FaceTrader","floor":4,"gold_loss":0},{"damage_healed":0,"gold_gain":0,"player_choice":"Paid Fearfully","damage_taken":0,"max_hp_gain":0,"max_hp_loss":0,"event_name":"Masked Bandits","floor":20,"gold_loss":4},{"cards_removed":["Strike_B"],"damage_healed":0,"gold_gain":0,"player_choice":"Offered Basic","damage_taken":0,"max_hp_gain":0,"max_hp_loss":0,"event_name":"Bonfire Elementals","floor":21,"gold_loss":0}],"is_beta":false,"boss_relics":[{"not_picked":["hubris:BlackHole","Inserter"],"picked":"Ectoplasm"}],"items_purged_floors":[],"is_endless":false,"potions_floor_spawned":[7,10,11,13,14,16,18,22,23,25],"killed_by":"Book of Stabbing","ascension_level":11}}