{"host":"qik6c64y69p9jmph","time":1610856025,"event":{"mods":["AchievementEnabler","BaseMod","Downfall","Highlight Path","Minty Spire (QoL Compilation)","Quick Restart","StSLib","Synergy Search"],"gold_per_floor":[99,117,51,62,77,89,139,169,199,274,285,299,324,350,361,361,361,361],"floor_reached":16,"language":"ENG","playtime":5032,"items_purged":[],"score":120,"play_id":"77172f03-5421-443d-9cd3-a375f4e3fd86","local_time":"20210116230025","is_ascension_mode":true,"campfire_choices":[{"data":"Slimebound:CorrosiveSpit","floor":1,"key":"SMITH"}],"circlet_count":0,"master_deck":["Slimebound:Strike_Slimebound","Slimebound:Strike_Slimebound","Slimebound:Strike_Slimebound","Slimebound:Tackle","Slimebound:Defend_Slimebound","Slimebound:Defend_Slimebound","Slimebound:Defend_Slimebound","Slimebound:Defend_Slimebound","Slimebound:Split","Slimebound:CorrosiveSpit+1","Slimebound:Schlurp","Slimebound:GoopSpray","Slimebound:LivingWall","Slimebound:GrowthPunch","Slimebound:SamplingLick","Slimebound:AcidTongue"],"relics":["SacredBark","MealTicket","Pen Nib","Blood Vial","Regal Pillow"],"acts_visited":["Exordium"],"potions_floor_usage":[8,11,13],"damage_taken":[{"damage":0,"enemies":"Cultist","floor":2,"turns":3},{"damage":5,"enemies":"downfall:FleeingMerchant","floor":3,"turns":4},{"damage":1,"enemies":"Jaw Worm","floor":4,"turns":4},{"damage":0,"enemies":"2 Louse","floor":5,"turns":3},{"damage":0,"enemies":"Blue Slaver","floor":6,"turns":4},{"damage":6,"enemies":"Gremlin Nob","floor":8,"turns":3},{"damage":11,"enemies":"Gremlin Gang","floor":11,"turns":6},{"damage":3,"enemies":"Lots of Slimes","floor":12,"turns":4},{"damage":15,"enemies":"3 Sentries","floor":13,"turns":12},{"damage":6,"enemies":"Large Slime","floor":15,"turns":4},{"damage":22,"enemies":"IC_STATUS_ARCHETYPE","floor":16,"turns":8}],"seed_played":"7715468397673345670","potions_obtained":[{"floor":2,"key":"Weak Potion"},{"floor":6,"key":"AttackPotion"},{"floor":12,"key":"PowerPotion"},{"floor":13,"key":"Energy Potion"}],"is_trial":false,"path_per_floor":["R","M","$","M","M","M","T","E","?","?","M","M","E","T","M","B"],"character_chosen":"SLIMEBOUND","items_purchased":["Slimebound:LivingWall"],"campfire_rested":0,"item_purchase_floors":[3],"current_hp_per_floor":[65,65,60,59,59,59,59,53,53,53,42,39,24,24,20,0,0,0],"gold":361,"neow_bonus":"BOSS_RELIC","is_daily":false,"chose_seed":false,"campfire_upgraded":1,"win_rate":0.0,"timestamp":1610856025,"path_taken":["R","M","$","M","M","?","T","E","?","?","M","M","E","?","M","BOSS"],"items_purchased_type":["Card"],"build_version":"2020-12-22","purchased_purges":0,"victory":false,"max_hp_per_floor":[65,65,65,65,65,65,65,65,65,65,65,65,65,65,65,65,65,65],"card_choices":[{"not_picked":["Slimebound:LeadByExample","Slimebound:RollThrough"],"picked":"Slimebound:Schlurp","floor":2},{"not_picked":["Slimebound:SplitLeeching","Slimebound:GoopTackle"],"picked":"Slimebound:GoopSpray","floor":3},{"not_picked":["Slimebound:Equalize","Slimebound:GoopTackle"],"picked":"Slimebound:GrowthPunch","floor":4},{"not_picked":["Slimebound:Prepare","Slimebound:SplitMire","Slimebound:LeechEnergy"],"picked":"SKIP","floor":5},{"not_picked":["Slimebound:ComboTackle","Slimebound:GoopTackle"],"picked":"Slimebound:SamplingLick","floor":6},{"not_picked":["Slimebound:FormOfPuddle","Slimebound:SplitLeeching"],"picked":"Slimebound:AcidTongue","floor":8},{"not_picked":["Slimebound:MinionMaster","Slimebound:RollThrough","Slimebound:SplitAcid"],"picked":"SKIP","floor":11},{"not_picked":["Slimebound:ServeAndProtect","Slimebound:SlimeSpikes","Slimebound:ViciousTackle"],"picked":"SKIP","floor":12},{"not_picked":["Slimebound:GrowthPunch","Slimebound:SlimeBrawl","Slimebound:ComboTackle"],"picked":"SKIP","floor":13},{"not_picked":["Slimebound:SpikyOuterGoop","Slimebound:SlimeSpikes","Slimebound:SplitBruiser"],"picked":"SKIP","floor":15}],"player_experience":532381,"relics_obtained":[{"floor":7,"key":"MealTicket"},{"floor":8,"key":"Pen Nib"},{"floor":13,"key":"Blood Vial"},{"floor":14,"key":"Regal Pillow"}],"event_choices":[],"is_beta":false,"boss_relics":[],"items_purged_floors":[],"is_endless":false,"potions_floor_spawned":[2,6,12,13],"killed_by":"IC_STATUS_ARCHETYPE","ascension_level":1}}