{"host":"04hh9gplt9wkfmr1","time":1610901267,"event":{"mods":["AchievementEnabler","BaseMod","Colored Map","KOR Keyword Fix","Minty Spire (QoL Compilation)","Rare Cards Sparkle","SuperFastMode"],"gold_per_floor":[19,38,53,67,67,67,94,94,146,171,171,186,186,196,196,298,298,317,517,531,547,564,564,588,588,588,602,635,835,867,885,885,885,885],"floor_reached":33,"language":"KOR","playtime":945,"items_purged":[],"score":381,"play_id":"4e61846e-e877-4bd9-b4d6-4e32262b8747","local_time":"20210118013427","is_ascension_mode":true,"campfire_choices":[{"data":"Rage","floor":6.0,"key":"SMITH"},{"data":"Armaments","floor":8.0,"key":"SMITH"},{"data":"Seeing Red","floor":11,"key":"SMITH"},{"data":"Perfected Strike","floor":15,"key":"SMITH"},{"data":"Metallicize","floor":23,"key":"SMITH"},{"data":"Reaper","floor":25,"key":"SMITH"},{"data":"Dual Wield","floor":32,"key":"SMITH"}],"circlet_count":0,"master_deck":["Strike_R","Strike_R","Strike_R","Strike_R","Strike_R","Defend_R","Bash","Rage+1","Seeing Red+1","Metallicize+1","Twin Strike","Armaments+1","Ghostly Armor","Perfected Strike+1","Twin Strike","Reaper+1","Shrug It Off+1","Normality","Writhe","Dual Wield+1","Twin Strike+1","Pommel Strike"],"relics":["Burning Blood","HornCleat","Anchor","PreservedInsect","Cursed Key","Boot","InkBottle","Art of War","Potion Belt"],"acts_visited":["Exordium","TheCity"],"potions_floor_usage":[10,18,20,27,30,33,33],"damage_taken":[{"damage":9.0,"enemies":"2 Louse","floor":1.0,"turns":3.0},{"damage":7.0,"enemies":"Jaw Worm","floor":2.0,"turns":3.0},{"damage":1.0,"enemies":"Cultist","floor":3.0,"turns":3.0},{"damage":26.0,"enemies":"Exordium Thugs","floor":4.0,"turns":5.0},{"damage":34.0,"enemies":"Lagavulin","floor":7.0,"turns":7.0},{"damage":0,"enemies":"Gremlin Nob","floor":10,"turns":3},{"damage":0,"enemies":"Large Slime","floor":12,"turns":4},{"damage":0,"enemies":"3 Louse","floor":14,"turns":3},{"damage":24,"enemies":"The Guardian","floor":16,"turns":12},{"damage":10,"enemies":"Shell Parasite","floor":18,"turns":4},{"damage":1,"enemies":"2 Thieves","floor":20,"turns":3},{"damage":15,"enemies":"Chosen and Byrds","floor":21,"turns":5},{"damage":0,"enemies":"Centurion and Healer","floor":22,"turns":6},{"damage":7,"enemies":"Shelled Parasite and Fungi","floor":27,"turns":7},{"damage":4,"enemies":"Book of Stabbing","floor":28,"turns":7},{"damage":6,"enemies":"Slavers","floor":30,"turns":5},{"damage":14,"enemies":"Chosen and Byrds","floor":31,"turns":7},{"damage":72,"enemies":"Automaton","floor":33,"turns":8}],"seed_played":"-6563151676829076109","potions_obtained":[{"floor":1.0,"key":"DuplicationPotion"},{"floor":3.0,"key":"FearPotion"},{"floor":10,"key":"Explosive Potion"},{"floor":16,"key":"Energy Potion"},{"floor":18,"key":"GamblersBrew"},{"floor":20,"key":"Dexterity Potion"},{"floor":27,"key":"Dexterity Potion"},{"floor":28,"key":"ColorlessPotion"}],"is_trial":false,"path_per_floor":["M","M","M","M","?","R","E","R","T","E","R","M","$","M","R","B",null,"M","?","M","M","M","R","T","R","T","M","E","?","E","M","R","B"],"character_chosen":"IRONCLAD","items_purchased":[],"campfire_rested":0,"item_purchase_floors":[],"current_hp_per_floor":[77,76,80,60,60,60,32,32,32,38,38,44,44,50,50,32,80,76,76,80,71,80,80,80,80,80,79,80,80,80,72,72,0,0],"gold":885,"neow_bonus":"REMOVE_TWO","is_daily":false,"chose_seed":false,"campfire_upgraded":7,"win_rate":0.0,"timestamp":1610901267,"path_taken":["M","M","M","M","?","R","E","R","T","E","R","M","$","M","R","BOSS","M","?","M","M","?","R","?","R","T","M","E","?","E","?","R","BOSS"],"items_purchased_type":[],"build_version":"2020-12-22","purchased_purges":0,"victory":false,"max_hp_per_floor":[80,80,80,80,80,80,80,80,80,80,80,80,80,80,80,80,80,80,80,80,80,80,80,80,80,80,80,80,80,80,80,80,80,80],"card_choices":[{"not_picked":["Intimidate","Evolve"],"picked":"Rage","floor":1.0},{"not_picked":["Heavy Blade","Pummel"],"picked":"Seeing Red","floor":2.0},{"not_picked":["Shrug It Off","Sword Boomerang"],"picked":"Metallicize","floor":3.0},{"not_picked":["Reckless Charge","Cleave","Iron Wave"],"picked":"SKIP","floor":4.0},{"not_picked":["Power Through","Thunderclap"],"picked":"Armaments","floor":7.0},{"not_picked":["Burning Pact","Clothesline"],"picked":"Ghostly Armor","floor":10},{"not_picked":["Headbutt","Warcry"],"picked":"Perfected Strike","floor":12},{"not_picked":["Bludgeon","Pommel Strike"],"picked":"Twin Strike","floor":14},{"not_picked":["Fiend Fire","Brutality"],"picked":"Reaper","floor":16},{"not_picked":["Pummel","Intimidate","Shrug It Off"],"picked":"SKIP","floor":18},{"not_picked":["Armaments","Clash"],"picked":"Shrug It Off+1","floor":20},{"not_picked":["Warcry","Entrench","Sword Boomerang"],"picked":"SKIP","floor":21},{"not_picked":["Shrug It Off","Entrench","Body Slam"],"picked":"SKIP","floor":22},{"not_picked":["Heavy Blade","Corruption"],"picked":"Dual Wield","floor":27},{"not_picked":["Inflame","Fire Breathing"],"picked":"Twin Strike+1","floor":28},{"not_picked":["Carnage","Brutality"],"picked":"Pommel Strike","floor":30},{"not_picked":["Havoc","Dropkick","Sword Boomerang"],"picked":"SKIP","floor":31}],"player_experience":45780,"relics_obtained":[{"floor":7.0,"key":"HornCleat"},{"floor":9.0,"key":"Anchor"},{"floor":10,"key":"PreservedInsect"},{"floor":24,"key":"Boot"},{"floor":26,"key":"InkBottle"},{"floor":28,"key":"Art of War"},{"floor":30,"key":"Potion Belt"}],"event_choices":[{"damage_healed":0.0,"max_hp_gain":0.0,"max_hp_loss":0.0,"gold_gain":0.0,"cards_transformed":["Defend_R"],"event_name":"Living Wall","player_choice":"Change","floor":5.0,"gold_loss":0.0,"damage_taken":0.0,"cards_obtained":["Twin Strike"]},{"damage_healed":0,"gold_gain":200,"player_choice":"Gold","damage_taken":0,"max_hp_gain":0,"max_hp_loss":0,"event_name":"Wheel of Change","floor":19,"gold_loss":0},{"damage_healed":0,"gold_gain":250,"player_choice":"Bet on Owner","damage_taken":0,"max_hp_gain":0,"max_hp_loss":0,"event_name":"The Joust","floor":29,"gold_loss":50}],"is_beta":false,"boss_relics":[{"not_picked":["Astrolabe","Busted Crown"],"picked":"Cursed Key"}],"items_purged_floors":[],"is_endless":false,"potions_floor_spawned":[1,3,10,16,18,20,27,28],"killed_by":"Automaton","ascension_level":2}}