{"host":"1q02rw1wpi0nrsss","time":1610917127,"event":{"mods":["AchievementEnabler","BaseMod","DeckTracker","Minty Spire (QoL Compilation)","Permanent Neow","Quick Restart","Rare Cards Sparkle"],"gold_per_floor":[211,231,306,48,61,61,91,111,111,139,139,153,153,181,181,282,282,282,205,205,205,205,205,205,205,205],"floor_reached":25,"language":"ENG","playtime":1303,"items_purged":["Strike_R"],"score":349,"play_id":"2b6e2281-affd-46fc-9305-63fbb41482c3","local_time":"20210117125847","is_ascension_mode":true,"campfire_choices":[{"data":"Rampage","floor":6.0,"key":"SMITH"},{"floor":13.0,"key":"REST"},{"data":"Armaments","floor":15.0,"key":"SMITH"},{"data":"Corruption","floor":23,"key":"SMITH"}],"circlet_count":0,"master_deck":["AscendersBane","Strike_R","Strike_R","Strike_R","Strike_R","Defend_R","Defend_R","Defend_R","Defend_R","Bash","Thunderclap","Iron Wave","Trip","Flex","Headbutt","Rampage+1","Armaments+1","Uppercut+1","Shockwave","Fiend Fire","Corruption+1","Warcry","Dark Embrace","Shrug It Off+1","Dark Embrace+1","Warcry+1"],"relics":["Burning Blood","MealTicket","Bag of Marbles","Gremlin Horn","Self Forming Clay","Ectoplasm"],"acts_visited":["Exordium","TheCity"],"potions_floor_usage":[22,24,24,25],"damage_taken":[{"damage":13.0,"enemies":"Jaw Worm","floor":1.0,"turns":5.0},{"damage":4.0,"enemies":"2 Louse","floor":2.0,"turns":3.0},{"damage":1.0,"enemies":"Cultist","floor":5.0,"turns":4.0},{"damage":25.0,"enemies":"3 Sentries","floor":7.0,"turns":7.0},{"damage":10.0,"enemies":"2 Fungi Beasts","floor":8.0,"turns":3.0},{"damage":16.0,"enemies":"Gremlin Nob","floor":10.0,"turns":3.0},{"damage":6.0,"enemies":"Looter","floor":12.0,"turns":3.0},{"damage":15.0,"enemies":"3 Sentries","floor":14.0,"turns":7.0},{"damage":38,"enemies":"Hexaghost","floor":16,"turns":12},{"damage":18,"enemies":"Chosen","floor":18,"turns":5},{"damage":31,"enemies":"Shell Parasite","floor":20,"turns":6},{"damage":20,"enemies":"Snecko","floor":21,"turns":5},{"damage":10,"enemies":"Chosen and Byrds","floor":22,"turns":5},{"damage":6,"enemies":"3 Cultists","floor":24,"turns":5},{"damage":8,"enemies":"Slavers","floor":25,"turns":3}],"seed_played":"6122024167822458372","potions_obtained":[{"floor":7.0,"key":"GamblersBrew"},{"floor":8.0,"key":"Swift Potion"},{"floor":16,"key":"DuplicationPotion"},{"floor":18,"key":"PowerPotion"},{"floor":22,"key":"SneckoOil"},{"floor":24,"key":"GamblersBrew"}],"is_trial":false,"path_per_floor":["M","M","?","$","M","R","E","M","T","E","?","M","R","E","R","B",null,"M","$","M","M","M","R","M","E"],"character_chosen":"IRONCLAD","items_purchased":["Trip","Flex","Headbutt","Dark Embrace"],"campfire_rested":1,"item_purchase_floors":[4,4,4,19],"current_hp_per_floor":[65,67,56,56,61,61,42,38,38,28,28,28,52,43,43,11,63,51,66,41,27,23,23,23,15,15],"gold":205,"neow_bonus":"HUNDRED_GOLD","is_daily":false,"chose_seed":false,"campfire_upgraded":3,"win_rate":0.0,"timestamp":1610917127,"path_taken":["M","M","?","$","M","R","E","M","T","E","?","?","R","E","R","BOSS","M","$","M","M","M","R","M","E"],"items_purchased_type":["Card","Card","Card","Card"],"build_version":"2020-12-22","purchased_purges":1,"victory":false,"max_hp_per_floor":[80,80,80,80,80,80,80,80,80,80,80,80,80,80,80,80,80,80,80,80,80,80,80,80,80,80],"card_choices":[{"not_picked":["Infernal Blade","Heavy Blade"],"picked":"Thunderclap","floor":1.0},{"not_picked":["Infernal Blade","Fire Breathing"],"picked":"Iron Wave","floor":2.0},{"not_picked":["Body Slam","Thunderclap"],"picked":"Rampage","floor":5.0},{"not_picked":["Iron Wave","Entrench"],"picked":"Armaments","floor":7.0},{"not_picked":["Infernal Blade","Flex","Thunderclap"],"picked":"SKIP","floor":8.0},{"not_picked":["Reckless Charge","True Grit"],"picked":"Uppercut","floor":10.0},{"not_picked":["Burning Pact","Wild Strike"],"picked":"Shockwave","floor":12.0},{"not_picked":["Dual Wield","Uppercut"],"picked":"Fiend Fire","floor":14.0},{"not_picked":["Fiend Fire","Impervious"],"picked":"Corruption","floor":16},{"not_picked":["Seeing Red","Ghostly Armor"],"picked":"Warcry","floor":18},{"not_picked":["Clothesline","Pommel Strike+1"],"picked":"Shrug It Off+1","floor":20},{"not_picked":["Carnage+1","Intimidate","Heavy Blade"],"picked":"SKIP","floor":21},{"not_picked":["Armaments","Cleave"],"picked":"Dark Embrace+1","floor":22},{"not_picked":["Infernal Blade+1","Thunderclap+1"],"picked":"Warcry+1","floor":24}],"player_experience":403059,"relics_obtained":[{"floor":7.0,"key":"MealTicket"},{"floor":9.0,"key":"Bag of Marbles"},{"floor":10.0,"key":"Gremlin Horn"},{"floor":14.0,"key":"Self Forming Clay"}],"event_choices":[{"damage_healed":0.0,"max_hp_gain":0.0,"max_hp_loss":0.0,"gold_gain":75.0,"event_name":"World of Goop","player_choice":"Gather Gold","floor":3.0,"gold_loss":0.0,"damage_taken":11.0},{"damage_healed":0.0,"max_hp_gain":0.0,"max_hp_loss":0.0,"gold_gain":0.0,"event_name":"Upgrade Shrine","player_choice":"Upgraded","floor":11.0,"gold_loss":0.0,"damage_taken":0.0,"cards_upgraded":["Uppercut"]}],"is_beta":false,"boss_relics":[{"not_picked":["Pandora\u0027s Box","Runic Cube"],"picked":"Ectoplasm"}],"items_purged_floors":[4],"is_endless":false,"potions_floor_spawned":[7,8,16,18,22,24],"killed_by":"Slavers","ascension_level":11}}