{"host":"c3lc60y5x60jlt1y","time":1610887656,"event":{"mods":["AchievementEnabler","BaseMod","Bestiary","Colored Map","Minty Spire (QoL Compilation)","Quick Restart","StSLib","ojb\u0027s Info Mod"],"gold_per_floor":[118,118,137,156,174,174,202,202,202,232,157,185,185,200,200,299,299,319,319,67,83,9,26,57,57,83,83,101,131,131,141,141,246,246,265,265,275,275,320,320,355,158,228,262,262,296,296,306,306,306],"floor_reached":51,"language":"ENG","playtime":4576,"items_purged":["Strike_B","Writhe","Strike_B"],"score":1219,"play_id":"fdcb4c39-6ab3-4917-a088-6c0a589e63c6","local_time":"20210117144736","is_ascension_mode":true,"campfire_choices":[{"data":"Streamline","floor":6.0,"key":"SMITH"},{"data":"Turbo","floor":8.0,"key":"SMITH"},{"floor":13.0,"key":"REST"},{"data":"Go for the Eyes","floor":15.0,"key":"SMITH"},{"floor":27.0,"key":"DIG"},{"data":"Reboot","floor":30.0,"key":"SMITH"},{"floor":32.0,"key":"REST"},{"data":"Electrodynamics","floor":40.0,"key":"SMITH"},{"floor":47,"key":"DIG"},{"floor":49,"key":"REST"}],"circlet_count":0,"master_deck":["Strike_B","Strike_B","Defend_B","Defend_B+1","Defend_B","Defend_B+1","Zap+1","Dualcast","Doom and Gloom","Streamline+1","Compile Driver","Hologram","Turbo+1","Skim","Coolheaded","Go for the Eyes+1","Electrodynamics+1","Beam Cell","Auto Shields","BootSequence","Ball Lightning","Reboot+1","Barrage+1","All For One","Coolheaded","Madness","Madness","Gash","Consume+1","Reboot","Defragment","Go for the Eyes+1","Hologram+1"],"relics":["Cracked Core","Thread and Needle","Bag of Marbles","War Paint","Sundial","DataDisk","Inserter","Peace Pipe","Lee\u0027s Waffle","Shovel","Nunchaku","Bag of Preparation","Vajra","Shuriken","Nuclear Battery","Turnip","Omamori","Bottled Tornado","Torii","MealTicket","Eternal Feather"],"acts_visited":["Exordium","TheCity","TheBeyond"],"potions_floor_usage":[44,46],"damage_taken":[{"damage":0.0,"enemies":"Jaw Worm","floor":1.0,"turns":3.0},{"damage":0.0,"enemies":"Cultist","floor":3.0,"turns":4.0},{"damage":0.0,"enemies":"Small Slimes","floor":4.0,"turns":3.0},{"damage":13.0,"enemies":"Exordium Thugs","floor":5.0,"turns":4.0},{"damage":31.0,"enemies":"Gremlin Nob","floor":7.0,"turns":4.0},{"damage":1.0,"enemies":"3 Sentries","floor":10.0,"turns":5.0},{"damage":4.0,"enemies":"Gremlin Nob","floor":12.0,"turns":3.0},{"damage":1.0,"enemies":"Red Slaver","floor":14.0,"turns":5.0},{"damage":0.0,"enemies":"Slime Boss","floor":16.0,"turns":4.0},{"damage":14.0,"enemies":"2 Thieves","floor":18.0,"turns":4.0},{"damage":3.0,"enemies":"Chosen","floor":21.0,"turns":4.0},{"damage":1.0,"enemies":"Snecko","floor":23.0,"turns":4.0},{"damage":26.0,"enemies":"Gremlin Leader","floor":24.0,"turns":6.0},{"damage":2.0,"enemies":"Snake Plant","floor":28.0,"turns":4.0},{"damage":19.0,"enemies":"Book of Stabbing","floor":29.0,"turns":4.0},{"damage":6.0,"enemies":"Shelled Parasite and Fungi","floor":31.0,"turns":5.0},{"damage":50.0,"enemies":"Automaton","floor":33.0,"turns":8.0},{"damage":4.0,"enemies":"3 Darklings","floor":35.0,"turns":3.0},{"damage":0.0,"enemies":"Orb Walker","floor":37.0,"turns":3.0},{"damage":0.0,"enemies":"2 Orb Walkers","floor":39.0,"turns":2.0},{"damage":12.0,"enemies":"Giant Head","floor":41.0,"turns":6.0},{"damage":3,"enemies":"Nemesis","floor":44,"turns":5},{"damage":8,"enemies":"Giant Head","floor":46,"turns":7},{"damage":6,"enemies":"Maw","floor":48,"turns":5},{"damage":0,"enemies":"Awakened One","floor":50,"turns":10}],"seed_played":"2991380633691490921","potions_obtained":[{"floor":1.0,"key":"Strength Potion"},{"floor":3.0,"key":"PowerPotion"},{"floor":10.0,"key":"EntropicBrew"},{"floor":16.0,"key":"Regen Potion"},{"floor":18.0,"key":"LiquidMemories"},{"floor":28.0,"key":"PowerPotion"},{"floor":31.0,"key":"Block Potion"},{"floor":41.0,"key":"FearPotion"},{"floor":44,"key":"SneckoOil"}],"is_trial":false,"path_per_floor":["M","?","M","M","M","R","E","R","T","E","$","E","R","M","R","B",null,"M","?","$","M","$","M","E","T","T","R","M","E","R","M","R","B",null,"M","?","M","?","?","R","E","$","T","E","?","E","R","M","R","B",null],"character_chosen":"DEFECT","items_purchased":["Lee\u0027s Waffle","Auto Shields","Reboot"],"campfire_rested":3,"item_purchase_floors":[20,22,42],"current_hp_per_floor":[68,68,68,68,55,55,24,24,24,23,23,19,39,38,38,38,61,47,47,75,72,72,71,45,45,45,45,43,36,36,30,52,2,57,53,44,44,44,44,44,32,32,32,29,29,21,21,15,55,55],"gold":306,"neow_bonus":"ONE_RARE_RELIC","is_daily":false,"chose_seed":false,"campfire_upgraded":5,"win_rate":0.0,"timestamp":1610887656,"path_taken":["M","?","M","M","?","R","E","R","T","E","$","E","R","M","R","BOSS","M","?","?","?","$","M","E","?","T","R","M","E","R","M","R","BOSS","M","?","M","?","?","R","E","$","T","E","?","E","R","M","R","BOSS"],"items_purchased_type":["Relic","Card","Card"],"build_version":"2020-12-22","purchased_purges":3,"victory":true,"max_hp_per_floor":[68,68,68,68,68,68,68,68,68,68,68,68,68,68,68,68,68,68,68,75,75,75,75,75,75,75,75,75,75,75,75,75,75,75,75,75,75,75,75,75,75,75,75,75,75,75,75,75,75,75],"card_choices":[{"not_picked":["Recycle","Beam Cell"],"picked":"Doom and Gloom","floor":1.0},{"not_picked":["Hologram","Steam"],"picked":"Streamline","floor":3.0},{"not_picked":["Turbo","Aggregate"],"picked":"Compile Driver","floor":4.0},{"not_picked":["Barrage","Meteor Strike"],"picked":"Hologram","floor":5.0},{"not_picked":["Reprogram","Stack"],"picked":"Turbo","floor":7.0},{"not_picked":["Redo","Tempest"],"picked":"Skim","floor":10.0},{"not_picked":["Tempest","Turbo"],"picked":"Coolheaded","floor":12.0},{"not_picked":["Ball Lightning","Doom and Gloom"],"picked":"Go for the Eyes","floor":14.0},{"not_picked":["Meteor Strike","Rainbow"],"picked":"Electrodynamics","floor":16.0},{"not_picked":["Conserve Battery","Storm"],"picked":"Beam Cell","floor":18.0},{"not_picked":["Melter","Storm","Ball Lightning"],"picked":"SKIP","floor":21.0},{"not_picked":["Gash","White Noise"],"picked":"BootSequence","floor":23.0},{"not_picked":["Hologram","Chaos"],"picked":"Ball Lightning","floor":24.0},{"not_picked":["Stack","Sweeping Beam"],"picked":"Compile Driver","floor":28.0},{"not_picked":["Rebound","Storm"],"picked":"Reboot","floor":29.0},{"not_picked":["Coolheaded+1","Heatsinks"],"picked":"Barrage+1","floor":31.0},{"not_picked":["Creative AI","Thunder Strike"],"picked":"All For One","floor":33.0},{"not_picked":["Force Field","Genetic Algorithm+1"],"picked":"Coolheaded","floor":35.0},{"not_picked":["Steam","Leap"],"picked":"Gash","floor":37.0},{"not_picked":["Storm","Turbo+1"],"picked":"Consume+1","floor":41.0},{"not_picked":["Melter","Static Discharge+1"],"picked":"Defragment","floor":44},{"not_picked":["BootSequence+1","Darkness"],"picked":"Go for the Eyes+1","floor":46},{"not_picked":["Sweeping Beam","Beam Cell"],"picked":"Hologram+1","floor":48}],"player_experience":8140462,"relics_obtained":[{"floor":7.0,"key":"Bag of Marbles"},{"floor":9.0,"key":"War Paint"},{"floor":10.0,"key":"Sundial"},{"floor":12.0,"key":"DataDisk"},{"floor":24.0,"key":"Shovel"},{"floor":25.0,"key":"Nunchaku"},{"floor":26.0,"key":"Bag of Preparation"},{"floor":27.0,"key":"Vajra"},{"floor":29.0,"key":"Shuriken"},{"floor":39.0,"key":"Turnip"},{"floor":41.0,"key":"Omamori"},{"floor":43.0,"key":"Bottled Tornado"},{"floor":44,"key":"Torii"},{"floor":46,"key":"MealTicket"},{"floor":47,"key":"Eternal Feather"}],"event_choices":[{"damage_healed":0.0,"max_hp_gain":0.0,"max_hp_loss":0.0,"gold_gain":0.0,"event_name":"Upgrade Shrine","player_choice":"Upgraded","floor":2.0,"gold_loss":0.0,"damage_taken":0.0,"cards_upgraded":["Zap"]},{"damage_healed":0.0,"max_hp_gain":0.0,"max_hp_loss":0.0,"gold_gain":0.0,"event_name":"The Mausoleum","player_choice":"Opened","floor":19.0,"gold_loss":0.0,"damage_taken":0.0,"relics_obtained":["Peace Pipe"],"cards_obtained":["Writhe"]},{"damage_healed":0.0,"max_hp_gain":0.0,"max_hp_loss":0.0,"gold_gain":0.0,"event_name":"Winding Halls","player_choice":"Embrace Madness","floor":36.0,"gold_loss":0.0,"damage_taken":9.0,"cards_obtained":["Madness","Madness"]},{"damage_healed":0.0,"max_hp_gain":0.0,"max_hp_loss":0.0,"gold_gain":0.0,"event_name":"Tomb of Lord Red Mask","player_choice":"Ignored","floor":38.0,"gold_loss":0.0,"damage_taken":0.0},{"damage_healed":0.0,"max_hp_gain":0.0,"max_hp_loss":0.0,"gold_gain":0.0,"event_name":"Mysterious Sphere","player_choice":"Fight","floor":39.0,"gold_loss":0.0,"damage_taken":0.0},{"cards_removed":["Compile Driver"],"damage_healed":0,"gold_gain":0,"player_choice":"Removed Attack","damage_taken":0,"max_hp_gain":0,"max_hp_loss":0,"event_name":"Falling","floor":45,"gold_loss":0}],"is_beta":false,"boss_relics":[{"not_picked":["Sozu","FrozenCore"],"picked":"Inserter"},{"not_picked":["SacredBark","Runic Dome"],"picked":"Nuclear Battery"}],"items_purged_floors":[11,20,42],"is_endless":false,"potions_floor_spawned":[1,3,10,16,18,28,31,41,44],"ascension_level":9}}