{"host":"natui9yr7uuq78xo","time":1610919169,"event":{"mods":["BaseMod","Better Third Choice","BetterRewards","ChefMod","Minty Spire (QoL Compilation)","StSLib"],"gold_per_floor":[111,127,141,155,167,167,200,212,212,232,248,299,324,341,341,441,441,460,8,8,22,42,42,55,55,55,55,55,55,72,72,72],"floor_reached":31,"language":"ENG","playtime":1940,"items_purged":["chefmod:Strike"],"score":243,"play_id":"cac35e6b-28d6-494f-aef6-75a0a5dd5eca","local_time":"20210117113249","is_ascension_mode":false,"campfire_choices":[{"data":"chefmod:QuickThaw","floor":6,"key":"SMITH"},{"floor":15,"key":"REST"},{"data":"chefmod:TwoForOne","floor":23,"key":"SMITH"},{"data":"chefmod:Mince","floor":28,"key":"SMITH"}],"circlet_count":0,"master_deck":["chefmod:Strike","chefmod:Strike","chefmod:Strike","chefmod:QuickThaw+1","chefmod:Defend","chefmod:Defend","chefmod:Defend","chefmod:Defend","chefmod:TodaysSpecial","chefmod:QuickChop","chefmod:Chop","chefmod:KnifeFlurry","chefmod:HotSoup","chefmod:ZaruSoba","chefmod:RisingDough","chefmod:TwoForOne+1","chefmod:Leftovers","chefmod:FreezeSolid","chefmod:Mince+1"],"relics":["chefmod:TrustyPot","NeowsBlessing","Bottled Lightning","Letter Opener","Strawberry","Snecko Eye","TungstenRod","Enchiridion","MutagenicStrength","Nunchaku","betterThird:NestCultRelic"],"acts_visited":["Exordium","TheCity"],"potions_floor_usage":[7,16,31,31],"damage_taken":[{"damage":0,"enemies":"Jaw Worm","floor":1,"turns":1},{"damage":0,"enemies":"Small Slimes","floor":2,"turns":1},{"damage":0,"enemies":"Cultist","floor":3,"turns":1},{"damage":13,"enemies":"Exordium Wildlife","floor":4,"turns":6},{"damage":3,"enemies":"Gremlin Gang","floor":5,"turns":4},{"damage":14,"enemies":"Gremlin Nob","floor":7,"turns":3},{"damage":1,"enemies":"Large Slime","floor":8,"turns":4},{"damage":10,"enemies":"3 Louse","floor":10,"turns":3},{"damage":4,"enemies":"Blue Slaver","floor":11,"turns":3},{"damage":7,"enemies":"Large Slime","floor":14,"turns":5},{"damage":13,"enemies":"Slime Boss","floor":16,"turns":10},{"damage":5,"enemies":"2 Thieves","floor":18,"turns":4},{"damage":3,"enemies":"Shell Parasite","floor":21,"turns":5},{"damage":23,"enemies":"3 Cultists","floor":22,"turns":5},{"damage":8,"enemies":"Centurion and Healer","floor":24,"turns":3},{"damage":19,"enemies":"Cultist and Chosen","floor":30,"turns":4},{"damage":14,"enemies":"Snake Plant","floor":31,"turns":4}],"seed_played":"-1480454934609164184","potions_obtained":[{"floor":2,"key":"GamblersBrew"},{"floor":5,"key":"Strength Potion"},{"floor":7,"key":"Explosive Potion"},{"floor":8,"key":"PowerPotion"},{"floor":11,"key":"LiquidMemories"},{"floor":21,"key":"CultistPotion"},{"floor":24,"key":"SkillPotion"}],"is_trial":false,"path_per_floor":["M","M","M","M","M","R","E","M","T","M","M","?","T","M","R","B",null,"M","$","?","M","M","R","M","?","T","?","R","$","M","M"],"character_chosen":"THE_CHEF","items_purchased":["chefmod:FreezeSolid","TungstenRod"],"campfire_rested":1,"item_purchase_floors":[19,19],"current_hp_per_floor":[76,76,76,63,60,60,46,45,45,35,31,31,38,31,55,42,83,78,78,66,63,40,40,32,32,32,32,32,32,13,0,0],"gold":72,"neow_bonus":"THREE_ENEMY_KILL","is_daily":false,"chose_seed":false,"campfire_upgraded":3,"win_rate":0.0,"timestamp":1610919169,"path_taken":["M","M","M","M","M","R","E","M","T","M","M","?","?","M","R","BOSS","M","$","?","M","M","R","M","?","T","?","R","?","M","M"],"items_purchased_type":["Card","Relic"],"build_version":"2020-12-22","purchased_purges":1,"victory":false,"max_hp_per_floor":[76,76,76,76,76,76,76,76,76,76,76,76,83,83,83,83,83,83,83,83,83,83,83,83,83,83,83,83,83,83,83,83],"card_choices":[{"not_picked":["chefmod:Ratatouille","chefmod:Sorbet"],"picked":"chefmod:QuickChop","floor":1},{"not_picked":["chefmod:Granita","chefmod:Sorbet"],"picked":"chefmod:Chop","floor":2},{"not_picked":["chefmod:CayenneCloud","chefmod:DimSum"],"picked":"chefmod:KnifeFlurry","floor":3},{"not_picked":["chefmod:MonsterBait","chefmod:BaoBuns"],"picked":"chefmod:HotSoup","floor":4},{"not_picked":["chefmod:ColdSteel","chefmod:Bruschetta"],"picked":"chefmod:ZaruSoba","floor":5},{"not_picked":["chefmod:LocoMoco","chefmod:BaoBuns"],"picked":"chefmod:RisingDough","floor":7},{"not_picked":["chefmod:PotatoGratin","chefmod:OldCookbook","chefmod:IcePick"],"picked":"SKIP","floor":8},{"not_picked":["chefmod:Sorbet","chefmod:HotSoup","chefmod:Chop"],"picked":"SKIP","floor":10},{"not_picked":["chefmod:ColdSteel","chefmod:Fillet","chefmod:SliceAndDice"],"picked":"SKIP","floor":11},{"not_picked":["chefmod:ZaruSoba","chefmod:IcePick","chefmod:DinoKale"],"picked":"SKIP","floor":14},{"not_picked":["chefmod:BananaSplit","chefmod:CandyBowl"],"picked":"chefmod:TwoForOne","floor":16},{"not_picked":["chefmod:Flambe+1","chefmod:ColdSteel"],"picked":"chefmod:Leftovers","floor":18},{"not_picked":["chefmod:FireUp","chefmod:ZaruSoba","chefmod:SliceAndDice+1"],"picked":"SKIP","floor":21},{"not_picked":["chefmod:BaoBuns","chefmod:FiveAlarmChili","chefmod:Fillet"],"picked":"SKIP","floor":22},{"not_picked":["chefmod:DoubleChop","chefmod:DinoKale"],"picked":"chefmod:Mince","floor":24},{"not_picked":["chefmod:ZaruSoba","chefmod:LocoMoco+1","chefmod:Granita"],"picked":"SKIP","floor":30}],"player_experience":323325,"relics_obtained":[{"floor":7,"key":"Bottled Lightning"},{"floor":9,"key":"Letter Opener"},{"floor":13,"key":"Strawberry"},{"floor":20,"key":"Enchiridion"},{"floor":26,"key":"Nunchaku"}],"event_choices":[{"damage_healed":0,"gold_gain":51,"player_choice":"Gained Gold","damage_taken":0,"max_hp_gain":0,"max_hp_loss":0,"event_name":"Golden Wing","floor":12,"gold_loss":0},{"damage_healed":0,"gold_gain":0,"player_choice":"Obtained Book","damage_taken":16,"max_hp_gain":0,"max_hp_loss":0,"event_name":"Cursed Tome","floor":20,"gold_loss":0},{"damage_healed":0,"gold_gain":0,"player_choice":"Inject Mutagens","damage_taken":0,"relics_obtained":["MutagenicStrength"],"max_hp_gain":0,"max_hp_loss":0,"event_name":"Drug Dealer","floor":25,"gold_loss":0},{"damage_healed":0,"gold_gain":0,"player_choice":"Madness","damage_taken":0,"relics_obtained":["betterThird:NestCultRelic"],"max_hp_gain":0,"max_hp_loss":0,"event_name":"betterThird:BetterNest","floor":27,"gold_loss":0}],"is_beta":false,"boss_relics":[{"not_picked":["Sozu","Black Star"],"picked":"Snecko Eye"}],"items_purged_floors":[19],"is_endless":false,"potions_floor_spawned":[2,5,7,8,11,21,24],"killed_by":"Snake Plant","ascension_level":0}}