{"host":"d66n7ln59ex8canu","time":1610908740,"event":{"mods":["AchievementEnabler","BaseMod","Colored Map","Minty Spire (QoL Compilation)","Quick Restart","StSLib"],"gold_per_floor":[112,122,139,139,158,158,185,196,219,254,273,273,249,280,280,384,384,394,410,509,509,285,313,313,313,313],"floor_reached":25,"language":"ENG","playtime":897,"items_purged":[],"score":359,"play_id":"ba4238be-dd97-4b20-b10f-0aa6273f20ea","local_time":"20210117133900","is_ascension_mode":true,"campfire_choices":[{"data":"Chill","floor":6,"key":"SMITH"},{"data":"Zap","floor":12,"key":"SMITH"},{"data":"Redo","floor":15,"key":"SMITH"},{"data":"Blizzard","floor":24,"key":"SMITH"}],"circlet_count":0,"master_deck":["Strike_B","Strike_B+1","Strike_B+1","Strike_B","Defend_B","Defend_B","Defend_B","Zap+1","Dualcast","Beam Cell","Chill+1","Glacier","Coolheaded","Redo","Ball Lightning","Blizzard+1","Coolheaded","Conserve Battery","Redo+1","Biased Cognition","CurseOfTheBell","Chaos","Self Repair+1","Conserve Battery"],"relics":["Cracked Core","NeowsBlessing","Whetstone","Oddly Smooth Stone","Boot","Bag of Marbles","Calling Bell","Smiling Mask","Frozen Egg 2","Calipers","DataDisk","Pear"],"acts_visited":["Exordium","TheCity"],"potions_floor_usage":[16,23,25],"damage_taken":[{"damage":0,"enemies":"Cultist","floor":1,"turns":1},{"damage":0,"enemies":"2 Louse","floor":2,"turns":1},{"damage":0,"enemies":"Jaw Worm","floor":3,"turns":1},{"damage":2,"enemies":"Looter","floor":5,"turns":3},{"damage":5,"enemies":"3 Sentries","floor":7,"turns":12},{"damage":4,"enemies":"Blue Slaver","floor":8,"turns":3},{"damage":18,"enemies":"Lagavulin","floor":10,"turns":6},{"damage":0,"enemies":"Red Slaver","floor":11,"turns":4},{"damage":0,"enemies":"3 Sentries","floor":14,"turns":6},{"damage":21,"enemies":"Hexaghost","floor":16,"turns":13},{"damage":0,"enemies":"Spheric Guardian","floor":18,"turns":4},{"damage":13,"enemies":"3 Byrds","floor":19,"turns":5},{"damage":2,"enemies":"Book of Stabbing","floor":23,"turns":7},{"damage":67,"enemies":"Gremlin Leader","floor":25,"turns":9}],"seed_played":"7243094864917876130","potions_obtained":[{"floor":2,"key":"Ancient Potion"},{"floor":3,"key":"Energy Potion"},{"floor":5,"key":"EssenceOfDarkness"},{"floor":11,"key":"Fruit Juice"},{"floor":18,"key":"CultistPotion"}],"is_trial":false,"path_per_floor":["M","M","M","$","M","R","E","M","T","E","M","R","$","E","R","B",null,"M","M","?","?","$","E","R","E"],"character_chosen":"DEFECT","items_purchased":["Conserve Battery","DataDisk","Self Repair+1","Conserve Battery"],"campfire_rested":0,"item_purchase_floors":[13,22,22,22],"current_hp_per_floor":[68,68,68,68,66,66,61,57,57,39,39,39,39,39,39,18,61,61,48,48,48,48,66,66,0,0],"gold":313,"neow_bonus":"THREE_ENEMY_KILL","is_daily":false,"chose_seed":false,"campfire_upgraded":4,"win_rate":0.0,"timestamp":1610908740,"path_taken":["M","M","M","$","M","R","E","M","T","E","M","R","$","E","R","BOSS","M","M","?","?","$","E","R","E"],"items_purchased_type":["Card","Relic","Card","Card"],"build_version":"2020-12-22","purchased_purges":0,"victory":false,"max_hp_per_floor":[75,75,75,75,75,75,75,75,75,75,75,75,75,75,75,75,75,75,75,75,75,75,85,85,85,85],"card_choices":[{"not_picked":["Rebound","Undo"],"picked":"Beam Cell","floor":1},{"not_picked":["Skim","Conserve Battery"],"picked":"Chill","floor":2},{"not_picked":["Chaos","Beam Cell"],"picked":"Glacier","floor":3},{"not_picked":["Go for the Eyes","Conserve Battery"],"picked":"Coolheaded","floor":5},{"not_picked":["Rebound","Leap"],"picked":"Redo","floor":7},{"not_picked":["Darkness","Go for the Eyes"],"picked":"Ball Lightning","floor":8},{"not_picked":["Go for the Eyes","Gash"],"picked":"Blizzard","floor":10},{"not_picked":["Go for the Eyes","Meteor Strike"],"picked":"Coolheaded","floor":11},{"not_picked":["Rip and Tear","Heatsinks"],"picked":"Redo","floor":14},{"not_picked":["Fission","All For One"],"picked":"Biased Cognition","floor":16},{"not_picked":["Compile Driver+1","Stack","Aggregate+1"],"picked":"SKIP","floor":18},{"not_picked":["Ball Lightning","Compile Driver","Redo"],"picked":"SKIP","floor":19},{"not_picked":["Sweeping Beam+1","Stack","Turbo"],"picked":"SKIP","floor":23}],"player_experience":324449,"relics_obtained":[{"floor":7,"key":"Whetstone"},{"floor":9,"key":"Oddly Smooth Stone"},{"floor":10,"key":"Boot"},{"floor":14,"key":"Bag of Marbles"},{"floor":17,"key":"Smiling Mask"},{"floor":17,"key":"Frozen Egg 2"},{"floor":17,"key":"Calipers"},{"floor":23,"key":"Pear"}],"event_choices":[{"damage_healed":0,"gold_gain":99,"player_choice":"Stole From Cult","damage_taken":0,"max_hp_gain":0,"max_hp_loss":0,"event_name":"Nest","floor":20,"gold_loss":0},{"damage_healed":0,"gold_gain":0,"cards_transformed":["Defend_B"],"player_choice":"Transformed","damage_taken":0,"max_hp_gain":0,"max_hp_loss":0,"event_name":"Transmorgrifier","floor":21,"gold_loss":0,"cards_obtained":["Chaos"]}],"is_beta":false,"boss_relics":[{"not_picked":["Fusion Hammer","SacredBark"],"picked":"Calling Bell"}],"items_purged_floors":[],"is_endless":false,"potions_floor_spawned":[2,3,5,11,18],"killed_by":"Gremlin Leader","ascension_level":7}}