{"host":"oehe2dxjvdgux73m","time":1610877294,"event":{"mods":["AchievementEnabler","BaseMod","Colored Map","Colored Powertips","DeckTracker","Keyboard Shortcuts","Minty Spire (QoL Compilation)","Permanent Neow","Quick Restart","StSLib","SuperFastMode"],"gold_per_floor":[112,187,204,220,232,263,263,273,273,238,257,257,257,270,270,370,370,382,281,281,381,393,393,393,393,393,393,393],"floor_reached":27,"language":"KOR","playtime":979,"items_purged":["Strike_B"],"score":213,"play_id":"baa7890f-53a0-411e-8b3a-b35a7d04cb73","local_time":"20210117185454","is_ascension_mode":false,"campfire_choices":[{"floor":7.0,"key":"REST"},{"data":"Zap","floor":12.0,"key":"SMITH"},{"floor":15.0,"key":"REST"},{"data":"Electrodynamics","floor":23.0,"key":"SMITH"}],"circlet_count":0,"master_deck":["Defend_B","Defend_B","Defend_B","Defend_B","Zap+1","Dualcast","Reboot","Storm","Streamline","Defragment","Hologram","Coolheaded","Conserve Battery","Steam+1","Redo+1","Electrodynamics+1","Chaos+1","Steam+1","Genetic Algorithm+1","Reprogram+1"],"relics":["Cracked Core","Sundial","Toxic Egg 2","Black Star","Mercury Hourglass"],"acts_visited":["Exordium","TheCity"],"potions_floor_usage":[],"damage_taken":[{"damage":2.0,"enemies":"2 Louse","floor":1.0,"turns":3.0},{"damage":1.0,"enemies":"Jaw Worm","floor":3.0,"turns":4.0},{"damage":1.0,"enemies":"Cultist","floor":4.0,"turns":3.0},{"damage":6.0,"enemies":"Blue Slaver","floor":5.0,"turns":4.0},{"damage":39.0,"enemies":"3 Sentries","floor":6.0,"turns":8.0},{"damage":8.0,"enemies":"2 Fungi Beasts","floor":8.0,"turns":5.0},{"damage":3.0,"enemies":"Looter","floor":11.0,"turns":3.0},{"damage":4.0,"enemies":"Exordium Thugs","floor":14.0,"turns":4.0},{"damage":23.0,"enemies":"Slime Boss","floor":16.0,"turns":10.0},{"damage":10.0,"enemies":"Chosen","floor":18.0,"turns":5.0},{"damage":4.0,"enemies":"Spheric Guardian","floor":22.0,"turns":6.0},{"damage":38,"enemies":"Book of Stabbing","floor":27,"turns":8}],"seed_played":"-6980497032389063075","potions_obtained":[{"floor":5.0,"key":"FocusPotion"},{"floor":11.0,"key":"SkillPotion"},{"floor":14.0,"key":"DuplicationPotion"},{"floor":18.0,"key":"EssenceOfSteel"}],"is_trial":false,"path_per_floor":["M","?","M","M","M","E","R","M","T","?","M","R","?","M","R","B",null,"M","$","?","?","M","R","?","?","T","E"],"character_chosen":"DEFECT","items_purchased":["Steam+1"],"campfire_rested":2,"item_purchase_floors":[19],"current_hp_per_floor":[66,55,54,53,47,8,28,20,20,37,34,34,27,23,43,20,68,58,58,58,58,54,54,54,54,54,16,16],"gold":393,"neow_bonus":"TRANSFORM_TWO_CARDS","is_daily":false,"chose_seed":false,"campfire_upgraded":2,"win_rate":0.0,"timestamp":1610877294,"path_taken":["M","?","M","M","M","E","R","M","T","?","M","R","?","M","R","BOSS","M","$","?","?","?","R","?","?","T","E"],"items_purchased_type":["Card"],"build_version":"2020-12-22","purchased_purges":1,"victory":false,"max_hp_per_floor":[68,68,68,68,68,68,68,68,68,68,68,68,68,68,68,68,68,68,68,68,68,68,68,68,68,68,68,68],"card_choices":[{"not_picked":["Leap","Stack"],"picked":"Streamline","floor":1.0},{"not_picked":["Chill","Aggregate","Compile Driver"],"picked":"SKIP","floor":3.0},{"not_picked":["Glacier","Force Field"],"picked":"Defragment","floor":4.0},{"not_picked":["Capacitor","Barrage"],"picked":"Hologram","floor":5.0},{"not_picked":["Thunder Strike","Self Repair"],"picked":"Coolheaded","floor":6.0},{"not_picked":["Beam Cell","Streamline"],"picked":"Conserve Battery","floor":8.0},{"not_picked":["Hologram+1","Cold Snap"],"picked":"Steam+1","floor":11.0},{"not_picked":["Gash","Ball Lightning"],"picked":"Redo+1","floor":14.0},{"not_picked":["Biased Cognition","Seek+1"],"picked":"Electrodynamics","floor":16.0},{"not_picked":["Redo+1","Barrage"],"picked":"Chaos+1","floor":18.0},{"not_picked":["Ball Lightning+1","Beam Cell"],"picked":"Genetic Algorithm+1","floor":22.0}],"player_experience":261923,"relics_obtained":[{"floor":6.0,"key":"Sundial"},{"floor":9.0,"key":"Toxic Egg 2"},{"floor":26,"key":"Mercury Hourglass"}],"event_choices":[{"damage_healed":0.0,"max_hp_gain":0.0,"max_hp_loss":0.0,"gold_gain":75.0,"event_name":"World of Goop","player_choice":"Gather Gold","floor":2.0,"gold_loss":0.0,"damage_taken":11.0},{"damage_healed":17.0,"max_hp_gain":0.0,"max_hp_loss":0.0,"gold_gain":0.0,"event_name":"The Cleric","player_choice":"Healed","floor":10.0,"gold_loss":35.0,"damage_taken":0.0},{"cards_removed":["Strike_B"],"damage_healed":0.0,"max_hp_gain":0.0,"max_hp_loss":0.0,"gold_gain":0.0,"event_name":"Golden Wing","player_choice":"Card Removal","floor":13.0,"gold_loss":0.0,"damage_taken":7.0},{"damage_healed":0.0,"max_hp_gain":0.0,"max_hp_loss":0.0,"gold_gain":0.0,"event_name":"Ghosts","player_choice":"Ignored","floor":20.0,"gold_loss":0.0,"damage_taken":0.0},{"damage_healed":0.0,"max_hp_gain":0.0,"max_hp_loss":0.0,"gold_gain":100.0,"event_name":"Golden Shrine","player_choice":"Pray","floor":21.0,"gold_loss":0.0,"damage_taken":0.0},{"damage_healed":0.0,"max_hp_gain":0.0,"max_hp_loss":0.0,"gold_gain":0.0,"event_name":"The Mausoleum","player_choice":"Ignored","floor":24.0,"gold_loss":0.0,"damage_taken":0.0},{"damage_healed":0,"gold_gain":0,"player_choice":"Read","damage_taken":0,"max_hp_gain":0,"max_hp_loss":0,"event_name":"The Library","floor":25,"gold_loss":0,"cards_obtained":["Reprogram"]}],"is_beta":false,"boss_relics":[{"not_picked":["Busted Crown","Fusion Hammer"],"picked":"Black Star"}],"items_purged_floors":[19],"is_endless":false,"potions_floor_spawned":[5,11,14,18],"killed_by":"Book of Stabbing","ascension_level":0}}