{"host":"vyjryxuuuxkt43k4","time":1610895027,"event":{"mods":["AchievementEnabler","BaseMod","Colored Map","DeckTracker","Keyboard Shortcuts","Minty Spire (QoL Compilation)","Permanent Neow","Quick Restart","StSLib","SuperFastMode","everything is the same but u backflip on backflip"],"gold_per_floor":[12,30,30,48,65,90,90,90,114,114,131,144,144,155,155,155,155],"floor_reached":16,"language":"KOR","playtime":663,"items_purged":[],"score":156,"play_id":"594f4356-ca39-42ae-b59c-1754d13bd86f","local_time":"20210117235027","is_ascension_mode":true,"campfire_choices":[{"floor":8,"key":"REST"},{"data":"Corruption","floor":13,"key":"SMITH"},{"data":"Blood for Blood","floor":15,"key":"SMITH"}],"circlet_count":0,"master_deck":["AscendersBane","Strike_R","Defend_R","Defend_R","Defend_R","Defend_R","Bash","Corruption+1","Blood for Blood+1","Havoc","Shrug It Off","Fire Breathing","Metallicize","Reaper","Reaper","Spot Weakness","Second Wind"],"relics":["Burning Blood","Tiny Chest","Omamori"],"acts_visited":["Exordium"],"potions_floor_usage":[11,16,16],"damage_taken":[{"damage":6,"enemies":"Cultist","floor":1,"turns":4},{"damage":7,"enemies":"Jaw Worm","floor":2,"turns":4},{"damage":7,"enemies":"Small Slimes","floor":4,"turns":4},{"damage":6,"enemies":"Looter","floor":5,"turns":3},{"damage":66,"enemies":"Gremlin Nob","floor":6,"turns":6},{"damage":24,"enemies":"Red Slaver","floor":11,"turns":5},{"damage":8,"enemies":"Blue Slaver","floor":12,"turns":5},{"damage":39,"enemies":"Lots of Slimes","floor":14,"turns":5},{"damage":64,"enemies":"Hexaghost","floor":16,"turns":10}],"seed_played":"5049059969293620859","potions_obtained":[{"floor":5,"key":"Dexterity Potion"},{"floor":6,"key":"BlessingOfTheForge"},{"floor":14,"key":"Explosive Potion"}],"is_trial":false,"path_per_floor":["M","M","?","M","M","E","?","R","T","?","M","M","R","M","R","B"],"character_chosen":"IRONCLAD","items_purchased":[],"campfire_rested":1,"item_purchase_floors":[],"current_hp_per_floor":[72,71,71,70,70,10,3,27,27,27,18,29,29,45,45,0,0],"gold":155,"neow_bonus":"TRANSFORM_TWO_CARDS","is_daily":false,"chose_seed":false,"campfire_upgraded":2,"win_rate":0.0,"timestamp":1610895027,"path_taken":["M","?","?","?","M","E","?","R","T","?","M","?","R","M","R","BOSS"],"items_purchased_type":[],"build_version":"2020-12-22","purchased_purges":0,"victory":false,"max_hp_per_floor":[80,80,80,80,80,80,80,80,80,80,80,80,80,80,80,80,80],"card_choices":[{"not_picked":["Clash","Heavy Blade"],"picked":"Havoc","floor":1},{"not_picked":["Armaments","Metallicize"],"picked":"Shrug It Off","floor":2},{"not_picked":["Pummel","Heavy Blade"],"picked":"Fire Breathing","floor":4},{"not_picked":["Havoc","Thunderclap"],"picked":"Metallicize","floor":5},{"not_picked":["Shockwave","Burning Pact"],"picked":"Reaper","floor":6},{"not_picked":["Headbutt","Dropkick"],"picked":"Spot Weakness","floor":11},{"not_picked":["Heavy Blade","Iron Wave","Anger"],"picked":"SKIP","floor":12},{"not_picked":["Rage","Sentinel"],"picked":"Second Wind","floor":14}],"player_experience":420393,"relics_obtained":[{"floor":6,"key":"Tiny Chest"},{"floor":9,"key":"Omamori"}],"event_choices":[{"cards_removed":["Strike_R"],"damage_healed":0,"gold_gain":0,"player_choice":"Offered Basic","damage_taken":0,"max_hp_gain":0,"max_hp_loss":0,"event_name":"Bonfire Elementals","floor":3,"gold_loss":0},{"cards_removed":["Strike_R"],"damage_healed":0,"gold_gain":0,"player_choice":"Card Removal","damage_taken":7,"max_hp_gain":0,"max_hp_loss":0,"event_name":"Golden Wing","floor":7,"gold_loss":0},{"damage_healed":0,"gold_gain":0,"player_choice":"1 cards matched","damage_taken":0,"max_hp_gain":0,"max_hp_loss":0,"event_name":"Match and Keep!","floor":10,"gold_loss":0,"cards_obtained":["Reaper"]}],"is_beta":false,"boss_relics":[],"items_purged_floors":[],"is_endless":false,"potions_floor_spawned":[5,6,14],"killed_by":"Hexaghost","ascension_level":10}}