{"host":"oeotdbd679q6m6vu","time":1610886883,"event":{"mods":["Act Like it!","BaseMod","Colored Map","Decade(Õı–°√˜)","Downfall","Friendly Minions","Gensokyo","GifTheSpireLib","Highlight Path","Marisa£®ÏF”Í°°ƒß¿Ì…≥£©","Minty Spire (QoL Compilation)","Rare Cards Sparkle","Reimu£®≤©¿ˆ¡È√Œ£©","StSLib","The Animator","Youmu£®ªÍ∆«—˝√Œ£©"],"gold_per_floor":[99,99,24,24,24,57,82,82,97,108,108,383,412,422,442,442,442],"floor_reached":16,"language":"ZHS","playtime":2553,"items_purged":["bronze:Strike"],"score":108,"play_id":"f8795343-75a2-40a5-9879-144430d5b59f","local_time":"20210117073443","is_ascension_mode":false,"campfire_choices":[{"floor":1,"key":"RECALL"},{"data":"bronze:SpaghettiCode","floor":8,"key":"SMITH"}],"circlet_count":0,"master_deck":["bronze:Strike","bronze:Strike","bronze:Defend","bronze:Defend","bronze:Defend","bronze:Defend","bronze:Replicate","bronze:Goto","bronze:DigitalCarnage","bronze:FollowUp","bronze:ClassDefault","bronze:SpaghettiCode+1","bronze:Repair","bronze:Terminator","Parasite","Regret","bronze:CloningBeam","bronze:ChildClass","bronze:Terminator"],"relics":["bronze:BronzeCore","downfall:HeartsMalice","Orichalcum","Lantern","MealTicket"],"acts_visited":["Exordium"],"potions_floor_usage":[15],"damage_taken":[{"damage":0,"enemies":"Small Slimes","floor":2,"turns":1},{"damage":0,"enemies":"downfall:FleeingMerchant","floor":3,"turns":1},{"damage":0,"enemies":"Cultist","floor":4,"turns":1},{"damage":31,"enemies":"Lagavulin","floor":6,"turns":6},{"damage":7,"enemies":"Jaw Worm","floor":9,"turns":3},{"damage":5,"enemies":"Blue Slaver","floor":10,"turns":3},{"damage":18,"enemies":"Gremlin Nob","floor":13,"turns":3},{"damage":1,"enemies":"Gremlin Gang","floor":14,"turns":6},{"damage":3,"enemies":"Large Slime","floor":15,"turns":3},{"damage":50,"enemies":"SI_SHIV_ARCHETYPE","floor":16,"turns":10}],"seed_played":"-8331923553871928326","potions_obtained":[{"floor":6,"key":"MagicPotion:ReiMu"},{"floor":10,"key":"FearPotion"},{"floor":14,"key":"bronze:FreeFunctionsPotion"},{"floor":15,"key":"bronze:FreeFunctionsPotion"}],"is_trial":false,"path_per_floor":["R","M","$","M","?","E","T","R","M","M","?","?","E","M","M","B"],"character_chosen":"THE_AUTOMATON","items_purchased":[],"campfire_rested":0,"item_purchase_floors":[],"current_hp_per_floor":[70,70,70,70,70,39,39,39,32,34,51,51,33,39,43,0,0],"gold":442,"neow_bonus":"THREE_ENEMY_KILL","is_daily":false,"chose_seed":false,"campfire_upgraded":1,"win_rate":0.0,"timestamp":1610886883,"path_taken":["R","M","$","M","?","E","T","R","?","M","?","?","E","M","M","BOSS"],"items_purchased_type":[],"build_version":"2020-12-22","purchased_purges":1,"victory":false,"max_hp_per_floor":[70,70,70,70,70,70,70,70,70,70,70,70,70,70,70,70,70],"card_choices":[{"not_picked":["bronze:ItsAFeature","bronze:Turbo"],"picked":"bronze:DigitalCarnage","floor":2},{"not_picked":["bronze:Flail","bronze:Branch"],"picked":"bronze:FollowUp","floor":3},{"not_picked":["bronze:BuggyMess","bronze:WhirlingStrike"],"picked":"bronze:ClassDefault","floor":4},{"not_picked":["bronze:ItsAFeature","bronze:DelayedGuard"],"picked":"bronze:SpaghettiCode","floor":6},{"not_picked":["bronze:Deprecate","bronze:BronzeArmor"],"picked":"bronze:Repair","floor":9},{"not_picked":["bronze:Fortify","bronze:Philosophize"],"picked":"bronze:Terminator","floor":10},{"not_picked":["bronze:Deprecate","bronze:Separator"],"picked":"bronze:CloningBeam","floor":13},{"not_picked":["bronze:ClassDefault","bronze:Philosophize"],"picked":"bronze:ChildClass","floor":14},{"not_picked":["bronze:Allocate","bronze:Deprecate"],"picked":"bronze:Terminator","floor":15}],"player_experience":348831,"relics_obtained":[{"floor":6,"key":"Orichalcum"},{"floor":7,"key":"Lantern"},{"floor":13,"key":"MealTicket"}],"event_choices":[{"cards_removed":["bronze:Strike"],"damage_healed":0,"gold_gain":0,"player_choice":"Offered Basic","damage_taken":0,"max_hp_gain":0,"max_hp_loss":0,"event_name":"Bonfire Elementals","floor":5,"gold_loss":0},{"damage_healed":17,"gold_gain":0,"player_choice":"Healed and dodged fight","damage_taken":0,"max_hp_gain":0,"max_hp_loss":0,"event_name":"Mushrooms","floor":11,"gold_loss":0,"cards_obtained":["Parasite"]}],"is_beta":false,"boss_relics":[],"items_purged_floors":[3],"is_endless":false,"potions_floor_spawned":[6,10,14,15],"killed_by":"SI_SHIV_ARCHETYPE","ascension_level":0}}