{"host":"fjnjuohsz43l8o15","time":1610880148,"event":{"mods":["2.2 Compatiblity","Act Like it!","BaseMod","Downfall","Friendly Minions","Minty Spire (QoL Compilation)","StSLib"],"gold_per_floor":[99,110,127,227,227,227,301,201,218,230,230,230,230,247,266,364,364,364,384,395,413,285,297,367,167,167,201,201,219,119,119,136,231,231,231,251,45,65,65,79,79,89,89,104,104,114,14,48,61,61,61,96,13,13,13,13,13],"floor_reached":55,"language":"ENG","playtime":4755,"items_purged":["champ:Strike","Parasite"],"score":736,"play_id":"43f1625d-836a-41d0-971b-ab057b6c0d18","local_time":"20210117104228","is_ascension_mode":false,"campfire_choices":[{"data":"champ:Taunt","floor":1.0,"key":"SMITH"},{"data":"champ:Backstep","floor":8.0,"key":"SMITH"},{"data":"Panacea","floor":11.0,"key":"SMITH"},{"data":"champ:ShieldThrow","floor":13.0,"key":"SMITH"},{"data":"champ:IgnorePain","floor":18.0,"key":"SMITH"},{"floor":26.0,"key":"REST"},{"floor":30.0,"key":"REST"},{"data":"champ:UltimateStance","floor":35.0,"key":"SMITH"},{"floor":45.0,"key":"RECALL"},{"floor":47.0,"key":"REST"},{"floor":54.0,"key":"REST"}],"circlet_count":0,"master_deck":["champ:Strike","champ:Strike","champ:Defend","champ:Defend","champ:Defend","champ:Execute","champ:Taunt+1","Panacea+1","champ:CalledShot","champ:Backstep+1","champ:EnGarde","champ:RisingSlash","champ:ShieldThrow+1","champ:Haymaker","champ:ShieldWall+1","champ:IgnorePain+1","champ:IronFortress+1","champ:FaceSlap","champ:ShieldWall+1","champ:GladiatorStyle+1","champ:BerserkersShout","champ:BringItOn","champ:VampiricStrike","champ:Duel+1","champ:EndlessRage+1","champ:UltimateStance+1","champ:FanOfKnives+1","champ:CalledShot","champ:LastStand+1","champ:RecklessLeap+1","champ:CrookedStrike+1","champ:ShieldWall+1","champ:Haymaker+1","expansioncontent:DashGenerateEvil+1","champ:UltimateStance+1","champ:FocusedDefense","champ:GutPunch+1","champ:Haymaker+1","champ:ArenaPreparation","expansioncontent:StudyTheSpire+1"],"relics":["champ:ChampionCrownUpgraded","Frozen Egg 2","downfall:HeartBlessingBlue","Mercury Hourglass","Membership Card","Nunchaku","Molten Egg 2","downfall:HeartBlessingGreen","champ:DefensiveTrainingManual","Philosopher\u0027s Stone","ClockworkSouvenir","Pantograph","Strawberry","Shuriken","DollysMirror","downfall:HeartBlessingRed","White Beast Statue","Centennial Puzzle"],"acts_visited":["Exordium","TheCity","TheBeyond","TheEnding"],"potions_floor_usage":[55],"damage_taken":[{"damage":11.0,"enemies":"Cultist","floor":2.0,"turns":4.0},{"damage":21.0,"enemies":"Jaw Worm","floor":3.0,"turns":4.0},{"damage":2.0,"enemies":"Small Slimes","floor":9.0,"turns":3.0},{"damage":10.0,"enemies":"Red Slaver","floor":10.0,"turns":4.0},{"damage":19.0,"enemies":"Blue Slaver","floor":14.0,"turns":4.0},{"damage":20.0,"enemies":"Exordium Thugs","floor":15.0,"turns":6.0},{"damage":36.0,"enemies":"WA_ARCHETYPE_RETAIN","floor":16.0,"turns":7.0},{"damage":32.0,"enemies":"Shell Parasite","floor":19.0,"turns":5.0},{"damage":33.0,"enemies":"Spheric Guardian","floor":20.0,"turns":5.0},{"damage":47.0,"enemies":"Centurion and Healer","floor":21.0,"turns":6.0},{"damage":20.0,"enemies":"downfall:FleeingMerchant","floor":22.0,"turns":4.0},{"damage":22.0,"enemies":"Shelled Parasite and Fungi","floor":23.0,"turns":5.0},{"damage":40.0,"enemies":"downfall:FleeingMerchant","floor":25.0,"turns":4.0},{"damage":64.0,"enemies":"Gremlin Leader","floor":27.0,"turns":4.0},{"damage":33.0,"enemies":"Snecko","floor":29.0,"turns":5.0},{"damage":8.0,"enemies":"3 Cultists","floor":32.0,"turns":5.0},{"damage":60.0,"enemies":"DF_ARCHETYPE_CLAW","floor":33.0,"turns":9.0},{"damage":10.0,"enemies":"Orb Walker","floor":36.0,"turns":2.0},{"damage":42.0,"enemies":"downfall:FleeingMerchant","floor":37.0,"turns":4.0},{"damage":15.0,"enemies":"3 Shapes","floor":38.0,"turns":2.0},{"damage":38.0,"enemies":"Writhing Mass","floor":40.0,"turns":6.0},{"damage":35.0,"enemies":"4 Shapes","floor":42.0,"turns":9.0},{"damage":10.0,"enemies":"downfall:FleeingMerchant","floor":44.0,"turns":1.0},{"damage":42.0,"enemies":"Sphere and 2 Shapes","floor":46.0,"turns":4.0},{"damage":44.0,"enemies":"Reptomancer","floor":48.0,"turns":3.0},{"damage":30.0,"enemies":"Transient","floor":49.0,"turns":5.0},{"damage":85.0,"enemies":"SI_POISON_ARCHETYPE","floor":50.0,"turns":7.0},{"damage":124.0,"enemies":"downfall:CharBossMerchant","floor":52.0,"turns":8.0},{"damage":186,"enemies":"downfall:NeowBoss","floor":55,"turns":14}],"seed_played":"-2914796293869296445","potions_obtained":[{"floor":3.0,"key":"LiquidBronze"},{"floor":9.0,"key":"champ:TechniquePotion"},{"floor":21.0,"key":"LiquidBronze"},{"floor":27.0,"key":"FearPotion"},{"floor":32.0,"key":"Slimebound:ThreeZeroPotion"},{"floor":36.0,"key":"Regen Potion"},{"floor":42.0,"key":"DuplicationPotion"},{"floor":52.0,"key":"champ:OpenerPotion"}],"is_trial":false,"path_per_floor":["R","M","M","?","?","?","T","R","M","M","R","?","R","M","M","B",null,"R","M","M","M","$","M","T","$","R","E","T","M","R","?","M","B",null,"R","M","$","M","?","M","T","M","?","$","R","M","R","E","M","B",null,"E","$","R","B"],"character_chosen":"THE_CHAMP","items_purchased":["champ:GladiatorStyle+1","champ:BerserkersShout","Membership Card","champ:VampiricStrike","champ:LastStand+1","ClockworkSouvenir","champ:RecklessLeap+1","Shuriken","expansioncontent:DashGenerateEvil","DollysMirror","expansioncontent:StudyTheSpire"],"campfire_rested":4,"item_purchase_floors":[22,22,25,25,37,37,37,44,44,44,53],"current_hp_per_floor":[90,89,78,78,78,78,78,88,86,86,86,86,86,77,67,51,100,100,93,85,73,73,66,66,56,86,67,67,64,94,94,86,51,100,100,100,93,93,93,75,82,72,72,72,72,40,71,67,67,52,104,50,50,81,0,0,0],"gold":13,"neow_bonus":"RANDOM_COLORLESS","is_daily":false,"chose_seed":false,"campfire_upgraded":6,"win_rate":0.0,"timestamp":1610880148,"path_taken":["R","M","M","?","?","?","T","R","M","?","R","?","R","M","M","BOSS","R","M","M","M","$","M","T","$","R","E","?","M","R","?","M","BOSS","R","M","$","M","?","M","T","M","?","$","R","M","R","E","M","BOSS","E","$","R","BOSS"],"items_purchased_type":["Card","Card","Relic","Card","Card","Relic","Card","Relic","Card","Relic","Card"],"build_version":"2020-12-22","purchased_purges":2,"victory":false,"max_hp_per_floor":[90,90,90,90,90,90,90,100,100,100,100,100,100,100,100,100,100,100,100,100,100,100,100,100,100,100,100,100,100,100,100,100,100,100,100,100,100,100,100,100,107,107,107,104,104,104,104,104,104,104,104,104,104,104,104,104,104],"card_choices":[{"not_picked":["Impatience","Dramatic Entrance"],"picked":"Panacea","floor":0.0},{"not_picked":["champ:BladeFlurry","champ:DefensiveShout"],"picked":"champ:CalledShot","floor":2.0},{"not_picked":["champ:FalseCounter","champ:GutPunch"],"picked":"champ:Backstep","floor":3.0},{"not_picked":["champ:Backstep","champ:DefensiveShout"],"picked":"champ:EnGarde","floor":9.0},{"not_picked":["champ:Shatter","champ:FlashCut"],"picked":"champ:RisingSlash","floor":10.0},{"not_picked":["champ:SetATrap","champ:BladeFlurry"],"picked":"champ:Haymaker","floor":14.0},{"not_picked":["champ:Circumvent","champ:FalseCounter"],"picked":"champ:ShieldWall+1","floor":15.0},{"not_picked":["champ:StrikeOfGenius+1","champ:DancingMaster+1"],"picked":"champ:IgnorePain","floor":16.0},{"not_picked":["champ:FlashCut","champ:PreemptiveStrike+1"],"picked":"champ:IronFortress+1","floor":19.0},{"not_picked":["champ:Circumvent","champ:FanOfKnives"],"picked":"champ:FaceSlap","floor":20.0},{"not_picked":["champ:HeartStrike","champ:Encircle"],"picked":"champ:ShieldWall+1","floor":21.0},{"not_picked":["champ:PreciseThrust","champ:Shatter","champ:EnGarde+1"],"picked":"SKIP","floor":22.0},{"not_picked":["champ:CrookedStrike","champ:Duel"],"picked":"champ:BringItOn","floor":23.0},{"not_picked":["champ:AdrenalArmor","champ:BringItOn","champ:FaceSlap"],"picked":"SKIP","floor":25.0},{"not_picked":["champ:CrownThrow","champ:BladeFlurry+1","champ:BringItOn+1"],"picked":"SKIP","floor":27.0},{"not_picked":["champ:Haymaker+1","champ:Circumvent"],"picked":"champ:Duel+1","floor":29.0},{"not_picked":["champ:Shatter+1","champ:Backstep"],"picked":"champ:EndlessRage+1","floor":32.0},{"not_picked":["champ:TripleStrike+1","champ:DancingMaster+1"],"picked":"champ:UltimateStance","floor":33.0},{"not_picked":["champ:PerfectedStrike+1","champ:Haymaker+1"],"picked":"champ:FanOfKnives+1","floor":36.0},{"not_picked":["champ:FalseCounter+1","champ:BringItOn"],"picked":"champ:CalledShot","floor":37.0},{"not_picked":["champ:RapidStrikes+1","champ:SetATrap+1","champ:BerserkersShout"],"picked":"SKIP","floor":38.0},{"not_picked":["champ:PreciseThrust+1","champ:FalseCounter+1"],"picked":"champ:CrookedStrike+1","floor":40.0},{"not_picked":["champ:Duel+1","champ:DeathBlow+1"],"picked":"champ:ShieldWall+1","floor":42.0},{"not_picked":["champ:FlashCut+1","champ:SetATrap+1"],"picked":"champ:Haymaker+1","floor":44.0},{"not_picked":["champ:PreciseThrust+1","champ:FlashCut+1"],"picked":"champ:FocusedDefense","floor":46.0},{"not_picked":["champ:CalledShot+1","champ:FanOfKnives+1"],"picked":"champ:GutPunch+1","floor":48.0},{"not_picked":["champ:BerserkersShout+1","champ:FlashCut+1"],"picked":"champ:Haymaker+1","floor":49.0},{"not_picked":["champ:BerserkersShout","champ:CalledShot+1"],"picked":"champ:ArenaPreparation","floor":52.0}],"player_experience":132552,"relics_obtained":[{"floor":24.0,"key":"Mercury Hourglass"},{"floor":27.0,"key":"Nunchaku"},{"floor":28.0,"key":"Molten Egg 2"},{"floor":39.0,"key":"Pantograph"},{"floor":41.0,"key":"Strawberry"},{"floor":48.0,"key":"White Beast Statue"},{"floor":52.0,"key":"Centennial Puzzle"}],"event_choices":[{"damage_healed":0.0,"max_hp_gain":0.0,"max_hp_loss":0.0,"gold_gain":0.0,"event_name":"Mysterious Sphere","player_choice":"Ignored","floor":43.0,"gold_loss":0.0,"damage_taken":0.0}],"is_beta":false,"boss_relics":[{"not_picked":["Runic Dome","Empty Cage"],"picked":"champ:ChampionCrownUpgraded"},{"not_picked":["bronze:MakeshiftBattery","Snecko Eye"],"picked":"Philosopher\u0027s Stone"}],"items_purged_floors":[37,44],"is_endless":false,"potions_floor_spawned":[3,9,21,27,32,36,42,46,48,49,52],"killed_by":"downfall:NeowBoss","ascension_level":0}}