{"host":"qc8gw3x1c8jlo9fx","time":1610924909,"event":{"mods":["AchievementEnabler","BaseMod","Better Note","BetterRewards","Conspire","Hubris","Infinite Spire","Jedi Mod","Jorbs\u0027s Wanderer Trilogy","Minty Spire (QoL Compilation)","Replay The Spire","StSLib","The IronCluck"],"gold_per_floor":[144,319,364,364,409,499,499,544,544,589,634,679,679,69,330,630,630,675,774,689,689,239,329,374,374,374,374,374,374,374,419,419,464,464,764,764,809,201,201,1,76,236,236,316,316,316,436,436,536,621,621,681,681],"floor_reached":52,"language":"ENG","playtime":3028,"items_purged":[],"score":879,"play_id":"99f0b2f8-7cc8-4e71-b2d0-af591316333f","local_time":"20210117160829","daily_mods":["SealedDeck","Hoarder","Midas"],"is_ascension_mode":false,"campfire_choices":[{"floor":7.0,"key":"REST"},{"floor":13.0,"key":"REST"},{"floor":25,"key":"REST"},{"floor":32,"key":"DIG"},{"floor":34,"key":"REST"},{"floor":43,"key":"REST"},{"floor":46,"key":"REST"},{"floor":51,"key":"DIG"}],"circlet_count":0,"master_deck":["Stack","Stack","Stack","Go for the Eyes","Go for the Eyes","Go for the Eyes","White Noise","White Noise","White Noise","Ball Lightning","Ball Lightning","Ball Lightning","Cold Snap","Cold Snap","Cold Snap","Ball Lightning","Ball Lightning","Ball Lightning","Cold Snap","Cold Snap","Cold Snap","Beam Cell","Beam Cell","Conserve Battery","Conserve Battery","Conserve Battery","Beam Cell+1","Beam Cell","Beam Cell","Go for the Eyes","Go for the Eyes","Go for the Eyes","Doubt","Doubt","Doubt","Sweeping Beam","Sweeping Beam","Sweeping Beam","Barrage","Barrage","Barrage","Melter","Melter","Melter","Streamline","Streamline","Streamline","Beam Cell","Beam Cell","Beam Cell","Ball Lightning","Ball Lightning","Ball Lightning","conspire:SharedLibrary","conspire:SharedLibrary","conspire:SharedLibrary","Capacitor","Capacitor","Capacitor","Melter","Melter","Melter","ReplayTheSpireMod:System Scan","ReplayTheSpireMod:System Scan","ReplayTheSpireMod:System Scan","Seek","Seek","Seek","Undo","Undo","Undo","Leap","Leap","Leap","ReplayGash","ReplayGash","ReplayGash","Voices","Voices","Voices","Consume","Consume","Consume","Lockon","Lockon","Lockon","All For One","All For One","All For One","Redo","Redo","Redo","Storm","Storm","Storm","Sweeping Beam","Sweeping Beam","Sweeping Beam","Redo","Redo","Redo","Go for the Eyes","Go for the Eyes","Go for the Eyes","Poisoned Strike","Poisoned Strike","Poisoned Strike","hubris:PowerSurge","hubris:PowerSurge","hubris:PowerSurge","Go for the Eyes+1","Go for the Eyes+1","Go for the Eyes+1","Genetic Algorithm","Genetic Algorithm","Genetic Algorithm","Gash+1","Gash+1","Gash+1","jedi:BurstLightning","jedi:BurstLightning","jedi:BurstLightning","Self Repair+1","Self Repair+1","Self Repair+1","jedi:sharpshooter+1","jedi:sharpshooter+1","jedi:sharpshooter+1","Amplify","Amplify","Amplify","jedi:BurstFrost+1","jedi:BurstFrost+1","jedi:BurstFrost+1","Fusion","Fusion","Fusion"],"relics":["Cracked Core","infinitespire:Eraser","Mercury Hourglass","Sling","Replay:PocketPolymizer","Shovel","Thread and Needle","Lee\u0027s Waffle","Akabeko","hubris:SoftwareUpdate","Mirror","Ring of Shattering","ReplayTheSpireMod:Ring of Challenge","infinitespire:Freezer","Philosopher\u0027s Stone","jedi:angrymask","Membership Card","hubris:FunFungus","Replay:Bandana","Carrot","Solar Panel","conspire:GiftBox","hubris:ScarierMask","conspire:DecoderRing"],"acts_visited":["Exordium","TheCity","TheBeyond"],"potions_floor_usage":[35,47],"damage_taken":[{"damage":0.0,"enemies":"2 Louse","floor":1.0,"turns":2.0},{"damage":4.0,"enemies":"Cultist","floor":3.0,"turns":3.0},{"damage":0.0,"enemies":"Small Slimes","floor":5.0,"turns":2.0},{"damage":6.0,"enemies":"Replay:BlueRogue","floor":6.0,"turns":4.0},{"damage":0.0,"enemies":"Looter","floor":8.0,"turns":1.0},{"damage":6.0,"enemies":"2 Fungi Beasts","floor":10.0,"turns":2.0},{"damage":9.0,"enemies":"Blue Slaver","floor":11.0,"turns":2.0},{"damage":8.0,"enemies":"Looter","floor":12.0,"turns":2.0},{"damage":48.0,"enemies":"Hexaghost","floor":16.0,"turns":6.0},{"damage":2,"enemies":"conspire:FuzzyDice","floor":18,"turns":5},{"damage":10,"enemies":"conspire:Head Lice","floor":23,"turns":6},{"damage":23,"enemies":"3 Byrds","floor":24,"turns":4},{"damage":8,"enemies":"Snake Plant","floor":31,"turns":3},{"damage":0,"enemies":"Cultist and Chosen","floor":33,"turns":4},{"damage":26,"enemies":"hubris:MusketHawk","floor":35,"turns":8},{"damage":23,"enemies":"3 Darklings","floor":37,"turns":5},{"damage":7,"enemies":"Orb Walker","floor":41,"turns":2},{"damage":40,"enemies":"Nightmare","floor":42,"turns":6},{"damage":12,"enemies":"Sphere and 2 Shapes","floor":44,"turns":3},{"damage":0,"enemies":"Maw","floor":47,"turns":4},{"damage":0,"enemies":"Transient","floor":49,"turns":5},{"damage":14,"enemies":"Writhing Mass","floor":50,"turns":3},{"damage":73,"enemies":"infinitespire:MassOfShapes","floor":52,"turns":4}],"seed_played":"7372172642885907109","potions_obtained":[{"floor":6.0,"key":"EssenceOfSteel"},{"floor":8.0,"key":"Dexterity Potion"},{"floor":10.0,"key":"PowerPotion"},{"floor":12.0,"key":"jedi:coolantleak"},{"floor":23,"key":"Toxic Potion"},{"floor":24,"key":"SneckoOil"},{"floor":41,"key":"GamblersBrew"},{"floor":44,"key":"BlessingOfTheForge"},{"floor":47,"key":"jedi:hoardpotion"},{"floor":49,"key":"jedi:tentaclejuice"}],"is_trial":false,"path_per_floor":["M","?","M","?","M","E","R","M","T","M","M","M","R","$","R","B",null,"M","?","?","?","$","E","M","R","PTL","PTL","T","AVR","?","M","R","M","R","B",null,"M","$","?","$","M","NM","R","M","T","R","M","AVR","M","M","R","B"],"character_chosen":"DEFECT","items_purchased":["Sling","Capacitor","Replay:PocketPolymizer","Melter","Thread and Needle","Lee\u0027s Waffle","jedi:angrymask","Membership Card","Storm","Sweeping Beam","hubris:FunFungus","Go for the Eyes","Poisoned Strike","Replay:Bandana","hubris:PowerSurge"],"campfire_rested":6,"item_purchase_floors":[14,14,14,14,22,22,38,38,38,38,38,40,40,40,40],"current_hp_per_floor":[75,75,71,71,71,65,75,75,75,69,60,52,74,74,74,26,75,73,73,73,73,82,72,49,73,73,73,73,73,73,65,65,65,82,56,82,59,59,59,59,52,20,44,32,32,56,65,65,82,70,70,0,0],"gold":681,"neow_bonus":"","is_daily":true,"chose_seed":false,"campfire_upgraded":0,"win_rate":0.0,"timestamp":1610924909,"path_taken":["M","?","M","?","?","E","R","M","T","M","M","M","R","$","R","BOSS","M","?","?","?","$","E","?","R","PTL","PTL","T","AVR","?","M","R","M","R","BOSS","M","$","?","$","M","NM","R","M","T","R","?","AVR","M","M","R","BOSS"],"items_purchased_type":["Relic","Card","Relic","Card","Relic","Relic","Relic","Relic","Card","Card","Relic","Card","Card","Relic","Card"],"build_version":"2020-12-22","purchased_purges":0,"victory":false,"max_hp_per_floor":[75,75,75,75,75,75,75,75,75,75,75,75,75,75,75,75,75,75,75,75,75,82,82,82,82,82,82,82,82,82,82,82,82,82,82,82,82,82,82,82,82,82,82,82,82,82,82,82,82,82,82,82,82],"card_choices":[{"not_picked":["Hologram","Cold Snap"],"picked":"Go for the Eyes","floor":1.0},{"not_picked":["Steam","ReplayTheSpireMod:Dual Polarity"],"picked":"Sweeping Beam","floor":3.0},{"not_picked":["ReplayRNGCard","Skim"],"picked":"Barrage","floor":5.0},{"not_picked":["Rebound","Crystallizer"],"picked":"Melter","floor":6.0},{"not_picked":["Stack","Hologram"],"picked":"Streamline","floor":8.0},{"not_picked":["Blizzard","Turbo"],"picked":"Beam Cell","floor":10.0},{"not_picked":["jedi:reiji","Cold Snap"],"picked":"Ball Lightning","floor":11.0},{"not_picked":["Blizzard","ReplayTheSpireMod:Calculation Training"],"picked":"conspire:SharedLibrary","floor":12.0},{"not_picked":["jedi:bruteforce","Rainbow"],"picked":"Seek","floor":16.0},{"not_picked":["Streamline","Stack"],"picked":"Undo","floor":18},{"not_picked":["jedi:blockon","Redo"],"picked":"Leap","floor":23},{"not_picked":["Compile Driver+1","Redo"],"picked":"ReplayGash","floor":24},{"not_picked":["Rebound+1","jedi:blockon+1"],"picked":"Consume","floor":31},{"not_picked":["conspire:Rain+1","Streamline"],"picked":"Lockon","floor":33},{"not_picked":["hubris:Prefetch","Core Surge"],"picked":"All For One","floor":35},{"not_picked":["Hologram","Panic Button+1"],"picked":"Redo","floor":37},{"not_picked":["Redo+1","Cold Snap+1"],"picked":"Go for the Eyes+1","floor":41},{"not_picked":["jedi:readyaimfire","Steam+1"],"picked":"Genetic Algorithm","floor":42},{"not_picked":["ReplayTheSpireMod:Reroute Power","Melter"],"picked":"Gash+1","floor":44},{"not_picked":["Multi-Cast","ReplayTheSpireMod:Fabricate Wheel"],"picked":"Amplify","floor":48},{"not_picked":["Streamline+1","Conserve Battery"],"picked":"jedi:BurstFrost+1","floor":49},{"not_picked":["Blizzard","Turbo+1"],"picked":"Fusion","floor":50}],"player_experience":216879,"relics_obtained":[{"floor":6.0,"key":"infinitespire:Eraser"},{"floor":9.0,"key":"Mercury Hourglass"},{"floor":23,"key":"Akabeko"},{"floor":28,"key":"hubris:SoftwareUpdate"},{"floor":30,"key":"Ring of Shattering"},{"floor":30,"key":"ReplayTheSpireMod:Ring of Challenge"},{"floor":32,"key":"infinitespire:Freezer"},{"floor":42,"key":"Carrot"},{"floor":45,"key":"Solar Panel"},{"floor":51,"key":"conspire:DecoderRing"}],"event_choices":[{"damage_healed":0.0,"max_hp_gain":0.0,"max_hp_loss":0.0,"gold_gain":175.0,"event_name":"Liars Game","player_choice":"AGREE","floor":2.0,"gold_loss":0.0,"damage_taken":0.0,"cards_obtained":["Doubt"]},{"damage_healed":0.0,"max_hp_gain":0.0,"max_hp_loss":0.0,"gold_gain":0.0,"event_name":"Upgrade Shrine","player_choice":"Upgraded","floor":4.0,"gold_loss":0.0,"damage_taken":0.0,"cards_upgraded":["Beam Cell"]},{"damage_healed":0,"gold_gain":99,"player_choice":"Stole From Cult","damage_taken":0,"max_hp_gain":0,"max_hp_loss":0,"event_name":"Nest","floor":19,"gold_loss":0},{"damage_healed":0,"gold_gain":0,"player_choice":"Obtained Relic","damage_taken":0,"relics_obtained":["Shovel"],"max_hp_gain":0,"max_hp_loss":0,"event_name":"Addict","floor":20,"gold_loss":85},{"damage_healed":0,"gold_gain":0,"player_choice":"Ignored","damage_taken":0,"max_hp_gain":0,"max_hp_loss":0,"event_name":"Beggar","floor":21,"gold_loss":0},{"damage_healed":0,"gold_gain":0,"player_choice":"1 cards matched","damage_taken":0,"max_hp_gain":0,"max_hp_loss":0,"event_name":"Match and Keep!","floor":39,"gold_loss":0,"cards_obtained":["Redo"]}],"is_beta":false,"boss_relics":[{"not_picked":["Replay:Drink Me","Kintsugi","Ectoplasm"]},{"not_picked":["Painkiller Herb","hubris:BlackHole"],"picked":"Philosopher\u0027s Stone"}],"items_purged_floors":[],"is_endless":true,"potions_floor_spawned":[6,8,10,12,23,24,41,44,47,49],"killed_by":"infinitespire:MassOfShapes","ascension_level":0}}