{"host":"2zw05eexjythz74b","time":1610890354,"event":{"mods":["AchievementEnabler","BaseMod","Better Altar","Colored Map","Minty Spire (QoL Compilation)","StSLib","everything is the same but u backflip on backflip"],"gold_per_floor":[360,370,335,335,345,345,375,389,389,436,448,473,498,533,545,557,557],"floor_reached":16,"language":"ENG","playtime":495,"items_purged":[],"score":129,"play_id":"b2f34463-583b-4c8c-8c65-ac8de494502b","local_time":"20210117073234","is_ascension_mode":true,"campfire_choices":[{"data":"Crippling Poison","floor":6,"key":"SMITH"},{"floor":15,"key":"REST"}],"circlet_count":0,"master_deck":["Strike_G","Strike_G","Strike_G","Strike_G","Strike_G","Defend_G","Defend_G","Defend_G","Defend_G","Defend_G","Survivor","Neutralize","Crippling Poison+1","All Out Attack","Dagger Spray","Bouncing Flask","Catalyst","Neutralize","Night Terror"],"relics":["Ring of the Snake","Bag of Marbles","The Courier","MawBank","Blue Candle","CeramicFish"],"acts_visited":["Exordium"],"potions_floor_usage":[7,10,13,16],"damage_taken":[{"damage":3,"enemies":"2 Louse","floor":1,"turns":3},{"damage":0,"enemies":"Small Slimes","floor":2,"turns":3},{"damage":0,"enemies":"Cultist","floor":5,"turns":3},{"damage":15,"enemies":"Gremlin Nob","floor":7,"turns":4},{"damage":4,"enemies":"Exordium Wildlife","floor":8,"turns":3},{"damage":20,"enemies":"3 Sentries","floor":10,"turns":4},{"damage":13,"enemies":"Blue Slaver","floor":12,"turns":3},{"damage":1,"enemies":"Looter","floor":13,"turns":3},{"damage":26,"enemies":"Hexaghost","floor":16,"turns":9}],"seed_played":"-5389148169305531878","potions_obtained":[{"floor":1,"key":"PowerPotion"},{"floor":2,"key":"AttackPotion"},{"floor":8,"key":"Explosive Potion"},{"floor":13,"key":"Energy Potion"}],"is_trial":false,"path_per_floor":["M","M","?","?","M","R","E","M","T","E","?","M","M","T","R","B"],"character_chosen":"THE_SILENT","items_purchased":[],"campfire_rested":1,"item_purchase_floors":[],"current_hp_per_floor":[46,46,63,56,56,56,41,37,37,17,17,4,3,3,24,0,0],"gold":557,"neow_bonus":"TWO_FIFTY_GOLD","is_daily":false,"chose_seed":false,"campfire_upgraded":1,"win_rate":0.0,"timestamp":1610890354,"path_taken":["M","M","?","?","M","R","E","M","T","E","?","M","?","?","R","BOSS"],"items_purchased_type":[],"build_version":"2020-12-22","purchased_purges":0,"victory":false,"max_hp_per_floor":[70,70,70,70,70,70,70,70,70,70,70,70,70,70,70,70,70],"card_choices":[{"not_picked":["Deadly Poison","Footwork"],"picked":"Crippling Poison","floor":1},{"not_picked":["Bane","Tactician"],"picked":"All Out Attack","floor":2},{"not_picked":["Setup","Sucker Punch"],"picked":"Dagger Spray","floor":5},{"not_picked":["Flying Knee","Reflex"],"picked":"Bouncing Flask","floor":7},{"not_picked":["Sucker Punch","Leg Sweep","Prepared"],"picked":"SKIP","floor":8},{"not_picked":["Dagger Spray","Expertise"],"picked":"Catalyst","floor":10},{"not_picked":["Deflect","Dash","Backstab"],"picked":"SKIP","floor":12},{"not_picked":["Backflip","Reflex","Deflect"],"picked":"SKIP","floor":13}],"player_experience":232404,"relics_obtained":[{"floor":7,"key":"The Courier"},{"floor":9,"key":"MawBank"},{"floor":10,"key":"Blue Candle"},{"floor":14,"key":"CeramicFish"}],"event_choices":[{"damage_healed":17,"gold_gain":0,"player_choice":"Healed","damage_taken":0,"max_hp_gain":0,"max_hp_loss":0,"event_name":"The Cleric","floor":3,"gold_loss":35},{"damage_healed":0,"gold_gain":0,"player_choice":"Success","damage_taken":7,"relics_obtained":["Bag of Marbles"],"max_hp_gain":0,"max_hp_loss":0,"event_name":"Scrap Ooze","floor":4,"gold_loss":0},{"damage_healed":0,"gold_gain":0,"player_choice":"2 cards matched","damage_taken":0,"max_hp_gain":0,"max_hp_loss":0,"event_name":"Match and Keep!","floor":11,"gold_loss":0,"cards_obtained":["Neutralize","Night Terror"]}],"is_beta":false,"boss_relics":[],"items_purged_floors":[],"is_endless":false,"potions_floor_spawned":[1,2,8,13],"killed_by":"Hexaghost","ascension_level":3}}