{"host":"siro","time":1610883999,"event":{"mods":["Act Like it!","BaseMod","Colored Powertips","Decade(王小明)","Defuse TimeMaze Blight","Gensokyo","Hallownest","KinomotoSakuraMod(木之本樱)","Marisa（F雨　魔理沙）","Minty Spire (QoL Compilation)","Replay The Spire","RumiaBox-露米娅的神秘盒子","StSLib","The Bug Knight","The Cursed","The Hierophant","The Senshi","Youmu（魂魄妖梦）","[IsaacMod]以撒尖塔","【遗物卡牌】REMEMod"],"gold_per_floor":[112,112,131,131,151,151,185,185,236,236,336,351,429,443,443,545,595,595],"floor_reached":17,"language":"ZHS","playtime":714,"items_purged":[],"score":305,"play_id":"7112d184-08fe-4f6a-879e-29236ebf149c","local_time":"20210117194639","daily_mods":["Heirloom","Time Dilation"],"is_ascension_mode":false,"campfire_choices":[{"data":"REME_EyeOfCthun","floor":6,"key":"SMITH"},{"data":"HollowMod:SiblingsSouls","floor":8,"key":"SMITH"},{"data":"HollowMod:HowlingWraiths","floor":15,"key":"SMITH"}],"circlet_count":0,"master_deck":["HollowMod:NailStrikeStart","HollowMod:NailStrikeStart+1","HollowMod:NailStrikeStart+1","HollowMod:NailStrikeStart+1","HollowMod:FocusHealStart","HollowMod:PogoStrike","DoctorFetus","REME_EyeOfCthun+1","HollowMod:SoulStrike","HollowMod:HuntersJournal","Hallownest:skillLeafShield","Hallownest:skillLeafShield","Hallownest:skillLeafShield","Hallownest:skillLeafShield","Hallownest:skillLeafShield","HollowMod:DescendingDark","HollowMod:SiblingsSouls+1","HollowMod:HowlingWraiths+1","HollowMod:Weaversong","HollowMod:DashSlash","HollowMod:SlysStrikes","HollowMod:CycloneSlash"],"relics":["HollowMod:VesselMask","HushsDoor","REME_ComplimentaryCards","Girya","BookOfRevelations","Ring of Panic","Ring of Misfortune","ReplayTheSpireMod:TigerMarble","HowToJump","HornCleat","Tiny House"],"acts_visited":["Exordium","Hallownest:Greenpath"],"potions_floor_usage":[],"damage_taken":[{"damage":1,"enemies":"Hallownest:2_Baldur","floor":1,"turns":5},{"damage":3,"enemies":"Hallownest:2_MossCreeps","floor":3,"turns":4},{"damage":0,"enemies":"Hallownest:monsterHuskGuard","floor":5,"turns":2},{"damage":0,"enemies":"Hallownest:eliteVengeflyKing","floor":7,"turns":4},{"damage":0,"enemies":"Hallownest:2_Tiktiks_1_Baldur_1_Crawlid","floor":12,"turns":2},{"damage":0,"enemies":"Hallownest:monsterAspidMother","floor":14,"turns":2},{"damage":60,"enemies":"Hallownest:BossFalseKnight","floor":16,"turns":7}],"seed_played":"6773123281804691335","potions_obtained":[{"floor":5,"key":"Strength Potion"},{"floor":12,"key":"Flashbang"},{"floor":14,"key":"LifebloodPotion"}],"is_trial":true,"path_per_floor":["M","?","M","?","M","R","E","R","T","?","?","M","T","M","R","B",null],"character_chosen":"THE_BUGKNIGHT","items_purchased":[],"campfire_rested":0,"item_purchase_floors":[],"current_hp_per_floor":[74,74,75,75,75,75,75,75,75,75,75,75,75,75,75,18,80,80],"gold":595,"neow_bonus":"","is_daily":false,"chose_seed":false,"campfire_upgraded":3,"win_rate":0.0,"timestamp":1610883999,"path_taken":["M","?","M","?","M","R","E","R","T","?","?","M","?","?","R","BOSS"],"items_purchased_type":[],"build_version":"2020-12-18","purchased_purges":0,"victory":false,"max_hp_per_floor":[75,75,75,75,75,75,75,75,75,75,75,75,75,75,75,75,80,80],"card_choices":[{"not_picked":[],"picked":"DoctorFetus","floor":0},{"not_picked":["HollowMod:SoulSplash","HollowMod:DescendingDark"],"picked":"HollowMod:SoulStrike","floor":1},{"not_picked":["HollowMod:MonarchWings","HollowMod:VengefulVoid"],"picked":"HollowMod:HuntersJournal","floor":3},{"not_picked":["HollowMod:ShadowDash","HollowMod:MawleksShell"],"picked":"HollowMod:DescendingDark","floor":5},{"not_picked":["HollowMod:PureNailStrike","HollowMod:QuirrelsAssistance"],"picked":"HollowMod:SiblingsSouls","floor":7},{"not_picked":["HollowMod:InfectedCysts","HollowMod:MawleksShell"],"picked":"HollowMod:HowlingWraiths","floor":11},{"not_picked":["HollowMod:VengefulVoid","HollowMod:NewJinnsSoul"],"picked":"HollowMod:Weaversong","floor":12},{"not_picked":["HollowMod:LuriensSpire","HollowMod:DreamGate"],"picked":"HollowMod:DashSlash","floor":14},{"not_picked":["HollowMod:LordofShades","HollowMod:Hiveblood"],"picked":"HollowMod:SlysStrikes","floor":16},{"not_picked":["HollowMod:SiblingsShadow","HollowMod:SharpenedShadows"],"picked":"HollowMod:CycloneSlash","floor":17}],"player_experience":208123,"relics_obtained":[{"floor":2,"key":"Ring of Panic"},{"floor":2,"key":"Ring of Misfortune"},{"floor":7,"key":"ReplayTheSpireMod:TigerMarble"},{"floor":9,"key":"HowToJump"},{"floor":13,"key":"HornCleat"}],"event_choices":[],"is_beta":true,"boss_relics":[{"not_picked":["Runic Dome","REME_DemonsWealth"],"picked":"Tiny House"},{"not_picked":[]}],"items_purged_floors":[],"is_endless":true,"potions_floor_spawned":[5,12,14],"ascension_level":0}}