{"host":"kwv5rcxiitoh7ssi","time":1610855030,"event":{"mods":["2.2 Compatiblity","A Magickal Journey","AchievementEnabler","Act Like it!","Aspiration","Astrologer","BaseMod","Better Altar","Better Match","Better Note","Better Sensory Stone","Better Skull","Better Third Choice","BetterRewards","Colored Map","Colored Powertips","Conspire","Dark Map","Elementarium","Energized Spire","GifTheSpireLib","Gold Saver","GungeonMod","Hubris","Infinite Spire","Marisa（霧雨　魔理沙）","Menagerie","Minty Spire (QoL Compilation)","Pale of the Ancients","Relic Stats","Replay The Spire","Somnambulant","Spicy Shops","Spikes Relics","StSLib","Stuff the Spire","The Animator","The Cursed","The Mystic","The Necromancer","The Runesmith","The Spell Scribe","Thieving Mod","Uncapped","UnlockEverythingMod","vexMod","【遗物卡牌】REMEMod"],"gold_per_floor":[527,527,527,545,565,565,556,150,150,425,425,425,266,179,179,143,143,73,1,11,11,26,26,24,24,24,24,35,49,49,73,73,13,13],"floor_reached":33,"language":"ENG","playtime":3591,"items_purged":[],"score":274,"play_id":"a9bb179b-02da-4d43-b893-fc4e037e5314","local_time":"20210116224350","is_ascension_mode":false,"campfire_choices":[{"floor":6.0,"key":"REST"},{"floor":12.0,"key":"REST"},{"floor":12.0,"key":"RECALL"},{"data":"REME_Repentance","floor":15.0,"key":"SMITH"},{"floor":23,"key":"REST"},{"data":"Devotion","floor":23,"key":"SMITH"},{"floor":27,"key":"REST"},{"data":"PathToVictory","floor":27,"key":"SMITH"},{"floor":32,"key":"REST"},{"data":"Eruption","floor":32,"key":"SMITH"}],"circlet_count":0,"master_deck":["Strike_P","Strike_P","Strike_P","Strike_P","Defend_P","Defend_P","Defend_P","Defend_P","Eruption+1","Vigilance","Magicka:HeavyMetalAxe","Regret","REME_Repentance+1","PathToVictory+1","Devotion+1","Replay:Vibes+1","FollowUp","somnambulantmod: QuickNap+1","CutThroughFate+1","Replay:ManipulateFuture+1","StuffTheSpire:BrainWave","Pain","Nirvana","Halt","PathToVictory"],"relics":["PureWater","REME_ComplimentaryCards","DemoMod:SerJunkan","conspire:TreasureMap","REME_OnlineShoppingPlatform","CultistMask","infinitespire:Magic Flask","infinitespire:ShieldingShard","Vajra","StuffTheSpire:RunicHypercube","Chemical X","Toolbox","RollingBoulder","REME_HourglassOfDeath"],"acts_visited":["Exordium","TheCity"],"potions_floor_usage":[24,31,33,33,33],"damage_taken":[{"damage":0.0,"enemies":"Small Slimes","floor":1.0,"turns":3.0},{"damage":1.0,"enemies":"Cultist","floor":4.0,"turns":3.0},{"damage":4.0,"enemies":"Jaw Worm","floor":5.0,"turns":4.0},{"damage":4.0,"enemies":"Gremlin Gang","floor":7.0,"turns":3.0},{"damage":0.0,"enemies":"3 Sentries","floor":13.0,"turns":3.0},{"damage":0.0,"enemies":"Large Slime","floor":14.0,"turns":3.0},{"damage":6.0,"enemies":"The Guardian","floor":16.0,"turns":7.0},{"damage":14.0,"enemies":"conspire:FuzzyDice","floor":18.0,"turns":4.0},{"damage":20.0,"enemies":"3 Byrds","floor":20.0,"turns":4.0},{"damage":25,"enemies":"Centurion and Healer","floor":22,"turns":4},{"damage":3,"enemies":"Sentry and Sphere","floor":24,"turns":4},{"damage":0,"enemies":"3 Cultists","floor":28,"turns":2},{"damage":0,"enemies":"Snake Plant","floor":29,"turns":2},{"damage":0,"enemies":"Centurion and Healer","floor":31,"turns":2},{"damage":80,"enemies":"Pondfish","floor":33,"turns":7}],"seed_played":"489741359035154822","potions_obtained":[],"is_trial":false,"path_per_floor":["M","?","?","M","M","R","M","$","T","?","$","R","E","M","R","B",null,"M","$","M","?","M","R","M","?","T","R","M","M","$","M","R","B"],"character_chosen":"WATCHER","items_purchased":["DemoMod:WeirdEgg","conspire:TreasureMap","REME_OnlineShoppingPlatform","Collect","infinitespire:Magic Flask","Chemical X"],"campfire_rested":5,"item_purchase_floors":[0,0,0,8,8,19],"current_hp_per_floor":[43,50,50,49,45,65,61,61,61,61,41,61,61,61,61,55,67,53,53,33,33,8,28,25,25,25,45,45,45,45,45,65,0,0],"gold":13,"neow_bonus":"","is_daily":false,"chose_seed":false,"campfire_upgraded":4,"win_rate":0.0,"timestamp":1610855030,"path_taken":["M","?","?","M","?","R","M","$","T","?","$","R","E","M","R","BOSS","M","$","?","?","M","R","M","?","T","R","M","?","?","M","R","BOSS"],"items_purchased_type":["Relic","Relic","Relic","Card","Relic","Relic"],"build_version":"2020-12-22","purchased_purges":0,"victory":false,"max_hp_per_floor":[67,67,67,67,67,67,67,67,67,67,67,67,67,67,67,67,67,67,67,67,67,67,67,67,67,67,67,67,67,67,67,67,72,72],"relic_stats":{"counters":[35,162],"Chemical X":[30],"obtain_stats":[{"Lantern":39,"Singing Bowl":39,"SacredBark":36,"Vajra":13,"Mango":0,"DemoMod:GlassGuonStoneRelic":18,"Whetstone":33,"TeardropLocket":43,"Smiling Mask":33,"Blood Vial":12,"Lizard Tail":22,"Dream Catcher":28,"Matryoshka":0,"infinitespire:ShieldingShard":9,"Mummified Hand":9,"Toolbox":19,"MealTicket":16,"RollingBoulder":24,"Chemical X":12,"REME_OnlineShoppingPlatform":0,"conspire:TreasureMap":0,"StuffTheSpire:RunicHypercube":17,"DemoMod:WeirdEgg":0,"Damaru":27,"Thread and Needle":9,"PreservedInsect":40,"infinitespire:Magic Flask":8,"Orichalcum":16,"Frozen Egg 2":25,"hubris:Towel":41,"Medical Kit":12,"Akabeko":25,"OrangePellets":24,"Anchor":29,"CaptainsWheel":43,"REME_HourglassOfDeath":26,"Shuriken":45,"CultistMask":3,"DemoMod:SerJunkan":24,"Bag of Marbles":0,"Black Star":19,"Art of War":46,"Bottled Lightning":46,"PureWater":0,"REME_ComplimentaryCards":4},{"Lantern":14,"Singing Bowl":14,"SacredBark":12,"Vajra":25,"Mango":0,"DemoMod:GlassGuonStoneRelic":4,"Whetstone":11,"TeardropLocket":15,"Smiling Mask":11,"Blood Vial":2,"Lizard Tail":5,"Dream Catcher":8,"Matryoshka":0,"infinitespire:ShieldingShard":24,"Mummified Hand":1,"Toolbox":28,"MealTicket":3,"RollingBoulder":31,"Chemical X":2,"REME_OnlineShoppingPlatform":20,"conspire:TreasureMap":20,"StuffTheSpire:RunicHypercube":27,"DemoMod:WeirdEgg":20,"Damaru":8,"Thread and Needle":1,"PreservedInsect":14,"infinitespire:Magic Flask":24,"Orichalcum":3,"Frozen Egg 2":7,"hubris:Towel":14,"Medical Kit":2,"Akabeko":7,"OrangePellets":6,"Anchor":8,"CaptainsWheel":15,"REME_HourglassOfDeath":31,"Shuriken":15,"CultistMask":21,"DemoMod:SerJunkan":31,"Bag of Marbles":0,"Black Star":4,"Art of War":16,"Bottled Lightning":16,"PureWater":0,"REME_ComplimentaryCards":22},{"Lantern":77,"Singing Bowl":77,"SacredBark":64,"Vajra":123,"Mango":0,"DemoMod:GlassGuonStoneRelic":19,"Whetstone":57,"TeardropLocket":83,"Smiling Mask":57,"Blood Vial":7,"Lizard Tail":22,"Dream Catcher":41,"Matryoshka":0,"infinitespire:ShieldingShard":120,"Mummified Hand":3,"Toolbox":137,"MealTicket":8,"RollingBoulder":146,"Chemical X":7,"REME_OnlineShoppingPlatform":107,"conspire:TreasureMap":107,"StuffTheSpire:RunicHypercube":133,"DemoMod:WeirdEgg":107,"Damaru":41,"Thread and Needle":3,"PreservedInsect":77,"infinitespire:Magic Flask":120,"Orichalcum":8,"Frozen Egg 2":34,"hubris:Towel":77,"Medical Kit":7,"Akabeko":34,"OrangePellets":27,"Anchor":41,"CaptainsWheel":83,"REME_HourglassOfDeath":149,"Shuriken":83,"CultistMask":110,"DemoMod:SerJunkan":145,"Bag of Marbles":0,"Black Star":19,"Art of War":88,"Bottled Lightning":88,"PureWater":0,"REME_ComplimentaryCards":112}]},"card_choices":[{"not_picked":["Replay:Vibes","TalkToTheHand"],"picked":"Adaptation","floor":1.0},{"not_picked":["EmptyBody","Replay:ManipulateFuture"],"picked":"PathToVictory","floor":4.0},{"not_picked":["CrushJoints","Consecrate"],"picked":"Prostrate","floor":5.0},{"not_picked":["SignatureMove","EmptyBody"],"picked":"ThirdEye","floor":7.0},{"not_picked":["FlurryOfBlows","WaveOfTheHand"],"picked":"REME_Repentance","floor":13.0},{"not_picked":["CrushJoints","Meditate"],"picked":"PathToVictory","floor":14.0},{"not_picked":["ConjureBlade","LessonLearned"],"picked":"Devotion","floor":16.0},{"not_picked":["SandsOfTime","Replay:ManipulateFuture"],"picked":"Replay:Vibes+1","floor":18.0},{"not_picked":["Replay:BluntJabs","Crescendo"],"picked":"FollowUp","floor":20.0},{"not_picked":["REME_Repentance","SashWhip"],"picked":"CutThroughFate+1","floor":22},{"not_picked":["Wireheading+1","Ragnarok"],"picked":"Replay:ManipulateFuture+1","floor":24},{"not_picked":["CrushJoints+1","REME_Repentance"],"picked":"Nirvana","floor":28},{"not_picked":["WreathOfFlame","Evaluate"],"picked":"Halt","floor":29},{"not_picked":["Worship","REME_Repentance"],"picked":"PathToVictory","floor":31}],"player_experience":141588,"relics_obtained":[{"floor":9.0,"key":"infinitespire:ShieldingShard"},{"floor":13.0,"key":"Vajra"},{"floor":26,"key":"REME_HourglassOfDeath"}],"event_choices":[{"damage_healed":0.0,"max_hp_gain":0.0,"max_hp_loss":0.0,"gold_gain":0.0,"event_name":"FaceTrader","player_choice":"Trade","floor":3.0,"gold_loss":0.0,"damage_taken":0.0,"relics_obtained":["CultistMask"]},{"damage_healed":0.0,"max_hp_gain":0.0,"max_hp_loss":0.0,"gold_gain":275.0,"event_name":"Golden Shrine","player_choice":"Desecrate","floor":10.0,"gold_loss":0.0,"damage_taken":0.0,"cards_obtained":["Regret"]},{"cards_removed":["Regret"],"damage_healed":0.0,"max_hp_gain":0.0,"max_hp_loss":0.0,"gold_gain":0.0,"event_name":"betterNote:BetterNote","player_choice":"Take \u0026 Give","floor":21.0,"gold_loss":0.0,"damage_taken":0.0,"cards_obtained":["somnambulantmod: QuickNap"]}],"is_beta":false,"boss_relics":[{"not_picked":["energizedSpire:NeverEndingSparkler","hubris:ScarierMask"],"picked":"StuffTheSpire:RunicHypercube"}],"items_purged_floors":[],"is_endless":false,"potions_floor_spawned":[1,5,14,16,22,28,29],"killed_by":"Pondfish","ascension_level":0}}