{"host":"5ffrjkuvgrxgllwx","time":1610891372,"event":{"mods":["AchievementEnabler","BaseMod","Colored Map","Colored Powertips","Downfall","Minty Spire (QoL Compilation)","Quick Restart","Rare Cards Sparkle","StSLib","everything is the same but u backflip on backflip"],"gold_per_floor":[99,110,110,124,124,124,124,574,593,593,623,638,638,658,673,673,673,673],"floor_reached":16,"language":"ENG","playtime":598,"items_purged":[],"score":217,"play_id":"911ada0f-d141-4d41-9ba0-15e0cd3ef18c","local_time":"20210117084932","is_ascension_mode":false,"campfire_choices":[{"data":"champ:Execute","floor":1,"key":"SMITH"},{"data":"champ:Taunt","floor":10,"key":"SMITH"},{"data":"champ:DancingMaster","floor":13,"key":"SMITH"}],"circlet_count":0,"master_deck":["champ:Strike+1","champ:Strike","champ:Strike","champ:Strike+1","champ:Defend","champ:Defend","champ:Defend","champ:Defend","champ:Execute+1","champ:Taunt+1","champ:TornadoPunch+1","Clumsy","Doubt","Pain","downfall:Icky","downfall:Bewildered","champ:DancingMaster+1","champ:PreciseThrust","downfall:Malfunctioning","Pain","downfall:Icky","downfall:Icky","downfall:Icky","champ:GutPunch","champ:ArenaPreparation","champ:FocusedBerserking","champ:UltimateStance"],"relics":["champ:ChampionCrown","Cursed Key","champ:LiftRelic","Orichalcum","Art of War"],"acts_visited":["Exordium"],"potions_floor_usage":[16],"damage_taken":[{"damage":14,"enemies":"2 Louse","floor":2,"turns":3},{"damage":19,"enemies":"Small Slimes","floor":4,"turns":3},{"damage":16,"enemies":"Jaw Worm","floor":9,"turns":2},{"damage":16,"enemies":"Large Slime","floor":12,"turns":6},{"damage":25,"enemies":"2 Fungi Beasts","floor":14,"turns":3},{"damage":16,"enemies":"Blue Slaver","floor":15,"turns":5},{"damage":58,"enemies":"SI_SHIV_ARCHETYPE","floor":16,"turns":5}],"seed_played":"5488170732180838147","potions_obtained":[{"floor":9,"key":"Weak Potion"},{"floor":12,"key":"CultistPotion"}],"is_trial":false,"path_per_floor":["R","M","?","M","?","?","T","?","M","R","?","M","R","M","M","B"],"character_chosen":"THE_CHAMP","items_purchased":[],"campfire_rested":0,"item_purchase_floors":[],"current_hp_per_floor":[99,95,95,86,86,86,86,86,80,80,80,74,74,59,48,0,0,0],"gold":673,"neow_bonus":"TEN_PERCENT_HP_BONUS","is_daily":false,"chose_seed":false,"campfire_upgraded":3,"win_rate":0.0,"timestamp":1610891372,"path_taken":["R","M","?","M","?","?","T","?","?","R","?","M","R","M","M","BOSS"],"items_purchased_type":[],"build_version":"2020-12-22","purchased_purges":0,"victory":false,"max_hp_per_floor":[99,99,99,99,99,99,99,99,99,99,99,99,99,99,99,99,99,99],"card_choices":[{"not_picked":["champ:CrownThrow","champ:SkillfulDodge"],"picked":"champ:TornadoPunch","floor":2},{"not_picked":["champ:Backstep","champ:SkillfulDodge"],"picked":"champ:PreciseThrust","floor":4},{"not_picked":["champ:RecklessLeap","champ:BladeFlurry"],"picked":"champ:GutPunch","floor":9},{"not_picked":["champ:TornadoPunch","champ:PreciseThrust"],"picked":"champ:ArenaPreparation","floor":12},{"not_picked":["champ:PerfectedStrike","champ:BladeFlurry"],"picked":"champ:FocusedBerserking","floor":14},{"not_picked":["champ:Haymaker","champ:Circumvent"],"picked":"champ:UltimateStance","floor":15}],"player_experience":1397468,"relics_obtained":[{"floor":7,"key":"Orichalcum"}],"event_choices":[],"is_beta":false,"boss_relics":[],"items_purged_floors":[],"is_endless":false,"potions_floor_spawned":[9,12],"killed_by":"SI_SHIV_ARCHETYPE","ascension_level":0}}