{"host":"nsu382cuivk29rjh","time":1610896168,"event":{"mods":["BaseMod","Downfall","Minty Spire (QoL Compilation)","StSLib"],"gold_per_floor":[99,99,99,24,24,53,76,76,76,86,86,118,118,131,149,254,254,254,270,280,294,294,311,311,411,311,327,110,110,110,2,20,123,123,123,123,134,14,14,114,162,191,191,91,117,132,148,164,180,180],"floor_reached":51,"language":"ZHS","playtime":2185,"items_purged":["Regret","Slimebound:SlimeBrawl+1","Slimebound:Tackle","Slimebound:Tackle+1"],"score":788,"play_id":"f2531a97-e062-4978-b18b-02f31fadfec2","local_time":"20210117230928","is_ascension_mode":false,"campfire_choices":[{"data":"Slimebound:CorrosiveSpit","floor":1.0,"key":"SMITH"},{"data":"Slimebound:AcidTongue","floor":8.0,"key":"SMITH"},{"data":"Slimebound:Chomp","floor":11.0,"key":"SMITH"},{"floor":18.0,"key":"RECALL"},{"floor":26.0,"key":"REST"},{"floor":29.0,"key":"REST"},{"data":"Slimebound:Recycling","floor":35.0,"key":"SMITH"},{"data":"Slimebound:ViciousTackle","floor":44,"key":"SMITH"}],"circlet_count":0,"master_deck":["Slimebound:Defend_Slimebound","Slimebound:Defend_Slimebound","Slimebound:Defend_Slimebound","Slimebound:Defend_Slimebound","Slimebound:CorrosiveSpit+1","Slimebound:AcidTongue+1","Slimebound:SplitMire","Slimebound:ViciousTackle+1","Slimebound:Chomp+1","Slimebound:HauntingLick+1","Slimebound:MegaLick+1","Slimebound:Teamwork+1","Slimebound:FlameTackle+1","Slimebound:HauntingLick+1","Slimebound:Recycling+1","Slimebound:RejuvenatingLick+1","Slimebound:TongueLash+1","Slimebound:GoopTackle+1","Slimebound:GoopSpray+1","Slimebound:SamplingLick+1","Slimebound:HungryTackle+1","Slimebound:Tackle+1","Slimebound:Tackle+1","Slimebound:Recollect+1","Slimebound:Prepare+1","Slimebound:SamplingLick+1","Slimebound:ComboTackle+1","Slimebound:PrepareCrush+1","Slimebound:Schlurp+1","Slimebound:Gluttony+1"],"relics":["Slimebound:AbsorbEndCombat","downfall:HeartsMalice","Toy Ornithopter","Pear","Slimebound:AggressiveSlimeRelic","Toxic Egg 2","bronze:MakeshiftBattery","Molten Egg 2","Calipers","The Courier","downfall:HeartBlessingRed","Slimebound:SelfDamagePreventRelic","Pen Nib","Whetstone","Runic Pyramid","Potion Belt","Blood Vial","downfall:HeartBlessingGreen","Letter Opener"],"acts_visited":["Exordium","TheCity","TheBeyond"],"potions_floor_usage":[40,48,50,50,50,50],"damage_taken":[{"damage":0.0,"enemies":"Small Slimes","floor":2.0,"turns":1.0},{"damage":0.0,"enemies":"downfall:FleeingMerchant","floor":4.0,"turns":1.0},{"damage":0.0,"enemies":"2 Louse","floor":5.0,"turns":1.0},{"damage":12.0,"enemies":"Lagavulin","floor":6.0,"turns":6.0},{"damage":4.0,"enemies":"Cultist","floor":10.0,"turns":3.0},{"damage":11.0,"enemies":"Gremlin Nob","floor":12.0,"turns":3.0},{"damage":0.0,"enemies":"2 Fungi Beasts","floor":14.0,"turns":2.0},{"damage":1.0,"enemies":"3 Louse","floor":15.0,"turns":3.0},{"damage":52.0,"enemies":"SI_SHIV_ARCHETYPE","floor":16.0,"turns":6.0},{"damage":0.0,"enemies":"Spheric Guardian","floor":19.0,"turns":3.0},{"damage":12.0,"enemies":"3 Byrds","floor":20.0,"turns":4.0},{"damage":0.0,"enemies":"Snake Plant","floor":21.0,"turns":2.0},{"damage":27.0,"enemies":"Snake Plant","floor":22.0,"turns":4.0},{"damage":17.0,"enemies":"Centurion and Healer","floor":23.0,"turns":3.0},{"damage":38.0,"enemies":"DF_ARCHETYPE_STREAMLINE","floor":25.0,"turns":5.0},{"damage":4.0,"enemies":"Snecko","floor":27.0,"turns":3.0},{"damage":8.0,"enemies":"downfall:FleeingMerchant","floor":28.0,"turns":4.0},{"damage":0.0,"enemies":"downfall:FleeingMerchant","floor":31.0,"turns":3.0},{"damage":4.0,"enemies":"Snake Plant","floor":32.0,"turns":2.0},{"damage":9.0,"enemies":"WA_ARCHETYPE_CALM","floor":33.0,"turns":5.0},{"damage":12,"enemies":"3 Darklings","floor":37,"turns":3},{"damage":1,"enemies":"downfall:LadyInBlue","floor":40,"turns":3},{"damage":0,"enemies":"Reptomancer","floor":42,"turns":3},{"damage":12,"enemies":"Giant Head","floor":45,"turns":6},{"damage":0,"enemies":"3 Shapes","floor":46,"turns":2},{"damage":0,"enemies":"Sphere and 2 Shapes","floor":47,"turns":4},{"damage":5,"enemies":"Spire Growth","floor":48,"turns":3},{"damage":0,"enemies":"4 Shapes","floor":49,"turns":4},{"damage":43,"enemies":"DF_ARCHETYPE_ORBS","floor":50,"turns":5}],"seed_played":"-8612526931347900345","potions_obtained":[{"floor":10.0,"key":"Fire Potion"},{"floor":12.0,"key":"Fire Potion"},{"floor":21.0,"key":"Fire Potion"},{"floor":27.0,"key":"Strength Potion"},{"floor":37,"key":"champ:CounterPotion"},{"floor":40,"key":"champ:CounterPotion"},{"floor":40,"key":"DistilledChaos"},{"floor":40,"key":"champ:CounterPotion"},{"floor":40,"key":"LiquidMemories"}],"is_trial":false,"path_per_floor":["R","M","?","$","M","E","T","R","?","M","R","E","?","M","M","B",null,"R","M","M","M","?","M","T","?","R","M","$","R","?","$","M","B",null,"R","?","M","$","?","?","T","E","$","R","E","M","M","M","M","B",null],"character_chosen":"SLIMEBOUND","items_purchased":["Slimebound:SelfDamagePreventRelic","Slimebound:Recollect+1","Slimebound:Prepare+1","Pen Nib","Whetstone"],"campfire_rested":2,"item_purchase_floors":[28,31,31,31,31],"current_hp_per_floor":[65,65,65,65,65,65,65,65,65,62,62,59,59,60,60,13,75,75,75,66,73,51,37,37,2,24,21,17,39,39,42,39,37,75,75,75,65,65,65,73,73,75,75,75,68,73,75,70,75,59],"gold":180,"neow_bonus":"THREE_ENEMY_KILL","is_daily":false,"chose_seed":false,"campfire_upgraded":5,"win_rate":0.0,"timestamp":1610896168,"path_taken":["R","M","?","$","M","E","T","R","?","M","R","E","?","?","M","BOSS","R","M","M","M","?","M","T","?","R","M","$","R","?","$","M","BOSS","R","?","M","$","?","?","T","E","$","R","E","?","M","?","M","BOSS"],"items_purchased_type":["Relic","Card","Card","Relic","Relic"],"build_version":"2020-12-22","purchased_purges":4,"victory":true,"max_hp_per_floor":[65,65,65,65,65,75,75,75,75,75,75,75,75,75,75,75,75,75,75,75,75,75,75,75,75,75,75,75,75,75,75,75,75,75,75,75,75,75,75,75,75,75,75,75,75,75,75,75,75,75],"card_choices":[{"not_picked":["Slimebound:GoopSpray","Slimebound:Schlurp"],"picked":"Slimebound:AcidTongue","floor":2.0},{"not_picked":["Slimebound:SplitAcid","Slimebound:GoopSpray"],"picked":"Slimebound:SplitMire","floor":4.0},{"not_picked":["Slimebound:SlimeBrawl","Slimebound:SplitAcid"],"picked":"Slimebound:LeechingTouch","floor":5.0},{"not_picked":["Slimebound:SplitMire","Slimebound:FlameTackle"],"picked":"Slimebound:ViciousTackle","floor":6.0},{"not_picked":["Slimebound:SplitLeeching","Slimebound:FinishingTackle"],"picked":"Slimebound:Chomp","floor":10.0},{"not_picked":["Slimebound:Replication+1","Slimebound:LeechingTouch"],"picked":"Slimebound:HauntingLick+1","floor":12.0},{"not_picked":["Slimebound:AcidTongue","Slimebound:SplitLeeching+1"],"picked":"Slimebound:FlameTackle","floor":14.0},{"not_picked":["Slimebound:ProtectTheBoss","Slimebound:SlimeSpikes+1"],"picked":"Slimebound:HauntingLick+1","floor":15.0},{"not_picked":["Slimebound:DuplicatedForm","Slimebound:SelfFormingGoo"],"picked":"Slimebound:Recycling","floor":16.0},{"not_picked":["Slimebound:FinishingTackle","Slimebound:GoopSpray+1"],"picked":"Slimebound:RejuvenatingLick+1","floor":19.0},{"not_picked":["Slimebound:LevelUp","Slimebound:SplitLeeching+1"],"picked":"Slimebound:TongueLash","floor":20.0},{"not_picked":["Slimebound:Prepare+1","Slimebound:SpikyOuterGoop+1"],"picked":"Slimebound:GoopTackle+1","floor":21.0},{"not_picked":["Slimebound:LeadByExample","Slimebound:FinishingTackle","Slimebound:ViciousTackle"],"picked":"SKIP","floor":23.0},{"not_picked":["Slimebound:GoopTackle+1","Slimebound:LeechingTouch+1"],"picked":"Slimebound:GoopSpray+1","floor":25.0},{"not_picked":["Slimebound:DisruptingSlam+1","Slimebound:ViciousTackle+1"],"picked":"Slimebound:SamplingLick+1","floor":27.0},{"not_picked":["Slimebound:SplitBruiser+1","Slimebound:Grow"],"picked":"Slimebound:HungryTackle+1","floor":28.0},{"not_picked":["Slimebound:SlimeBrawl+1","Slimebound:FinishingTackle+1","Slimebound:SplitLeeching+1"],"picked":"SKIP","floor":31.0},{"not_picked":["Slimebound:SplitBruiser+1","Slimebound:GrowthPunch+1"],"picked":"Slimebound:SamplingLick+1","floor":32.0},{"not_picked":["Slimebound:DisruptingSlam+1","Slimebound:ViciousTackle+1"],"picked":"Slimebound:ComboTackle+1","floor":37},{"not_picked":["Slimebound:MinionMaster","Slimebound:ViciousTackle+1"],"picked":"Slimebound:PrepareCrush+1","floor":42},{"not_picked":["Slimebound:LivingWall+1","Slimebound:SplitMire+1"],"picked":"Slimebound:Schlurp+1","floor":45},{"not_picked":["Slimebound:Prepare+1","Slimebound:SplitBruiser+1","Slimebound:FinishingTackle+1"],"picked":"SKIP","floor":46},{"not_picked":["Slimebound:ForwardTackle+1","Slimebound:Schlurp+1"],"picked":"Slimebound:Gluttony+1","floor":47},{"not_picked":["Slimebound:SplitBruiser+1","Slimebound:Gluttony+1","Slimebound:HungryTackle+1"],"picked":"SKIP","floor":48},{"not_picked":["Slimebound:HungryTackle+1","Slimebound:SplitLeeching+1","Slimebound:ViciousTackle+1"],"picked":"SKIP","floor":49}],"player_experience":1154155,"relics_obtained":[{"floor":6.0,"key":"Pear"},{"floor":7.0,"key":"Slimebound:AggressiveSlimeRelic"},{"floor":12.0,"key":"Toxic Egg 2"},{"floor":24.0,"key":"Molten Egg 2"},{"floor":25.0,"key":"Calipers"},{"floor":25.0,"key":"The Courier"},{"floor":40,"key":"Potion Belt"},{"floor":42,"key":"Blood Vial"},{"floor":45,"key":"Letter Opener"}],"event_choices":[{"damage_healed":0.0,"max_hp_gain":0.0,"max_hp_loss":0.0,"gold_gain":0.0,"event_name":"Big Fish","player_choice":"Box","floor":3.0,"gold_loss":0.0,"damage_taken":0.0,"relics_obtained":["Toy Ornithopter"],"cards_obtained":["Regret"]},{"cards_removed":["Slimebound:Split"],"damage_healed":0.0,"max_hp_gain":0.0,"max_hp_loss":0.0,"gold_gain":0.0,"event_name":"The Cleric","player_choice":"Card Removal","floor":9.0,"gold_loss":0.0,"damage_taken":0.0}],"is_beta":false,"boss_relics":[{"not_picked":["Philosopher\u0027s Stone","Tiny House"],"picked":"bronze:MakeshiftBattery"},{"not_picked":["Coffee Dripper","Sozu"],"picked":"Runic Pyramid"}],"items_purged_floors":[4,28,31,38],"is_endless":false,"potions_floor_spawned":[10,12,21,22,27,37,40,42,46,47],"ascension_level":0}}