{"host":"8n2lgrrkrt9pi315","time":1610915888,"event":{"mods":["BaseMod","Colored Map","Downfall","Minty Spire (QoL Compilation)","StSLib","The Cursed"],"gold_per_floor":[99,115,127,138,154,154,154,154,154,154,154,164,180,190,205,307,307,307,320,320,34,49,60,60,60,0,11,11,11,11,11,23,121,121,121,139,139,139,139,139],"floor_reached":38,"language":"ENG","playtime":2214,"items_purged":["hexamod:Defend"],"score":418,"play_id":"e19c2b24-b8c1-4e11-b062-3a5caca44af9","local_time":"20210117213808","is_ascension_mode":false,"campfire_choices":[{"data":"hexamod:Float","floor":1,"key":"SMITH"},{"data":"hexamod:Hexaguard","floor":8,"key":"SMITH"},{"data":"hexamod:GhostOfSpireFuture","floor":18,"key":"SMITH"},{"data":"hexamod:FastForward","floor":28,"key":"SMITH"},{"data":"hexamod:FastForward","floor":30,"key":"SMITH"},{"data":"hexamod:FlameSwitch","floor":35,"key":"SMITH"}],"circlet_count":0,"master_deck":["hexamod:Defend","hexamod:Defend","hexamod:Defend","hexamod:Sear","hexamod:Float+1","hexamod:Hexaguard+1","hexamod:InspiringFlames","hexamod:Firestarter+1","hexamod:GhostOfSpireFuture+1","hexamod:FastForward+1","hexamod:EmpoweredFlame","hexamod:TimeWarp","CurseOfTheBell","hexamod:EmpoweredFlame+1","hexamod:FastForward+1","hexamod:Sear","hexamod:RadiantFlame","hexamod:TimeOfNeed","hexamod:FastForward+1","hexamod:InspiringFlames","hexamod:SpectersWail","Bite","Bite","Bite","Bite","Bite","hexamod:TurnItUp","hexamod:FlameSwitch+1"],"relics":["hexamod:SpiritBrand","Gremlin Horn","Calling Bell","Oddly Smooth Stone","Letter Opener","Turnip","Gambling Chip","Eternal Feather","SlaversCollar"],"acts_visited":["Exordium","TheCity","TheBeyond"],"potions_floor_usage":[16,16,21,26,32,33,38],"damage_taken":[{"damage":3,"enemies":"2 Louse","floor":2,"turns":4},{"damage":3,"enemies":"Small Slimes","floor":3,"turns":4},{"damage":0,"enemies":"Cultist","floor":4,"turns":5},{"damage":6,"enemies":"Gremlin Gang","floor":5,"turns":6},{"damage":1,"enemies":"Large Slime","floor":12,"turns":3},{"damage":14,"enemies":"Exordium Thugs","floor":13,"turns":6},{"damage":0,"enemies":"Exordium Wildlife","floor":14,"turns":5},{"damage":0,"enemies":"Blue Slaver","floor":15,"turns":4},{"damage":18,"enemies":"DF_ARCHETYPE_STREAMLINE","floor":16,"turns":13},{"damage":6,"enemies":"Spheric Guardian","floor":19,"turns":6},{"damage":0,"enemies":"downfall:FleeingMerchant","floor":21,"turns":4},{"damage":5,"enemies":"Shell Parasite","floor":22,"turns":6},{"damage":13,"enemies":"Shelled Parasite and Fungi","floor":23,"turns":5},{"damage":0,"enemies":"downfall:FleeingMerchant","floor":26,"turns":4},{"damage":15,"enemies":"Snake Plant","floor":27,"turns":5},{"damage":0,"enemies":"Centurion and Healer","floor":32,"turns":8},{"damage":29,"enemies":"SI_MIRROR_ARCHETYPE","floor":33,"turns":13},{"damage":31,"enemies":"Orb Walker","floor":36,"turns":6},{"damage":32,"enemies":"3 Darklings","floor":38,"turns":3}],"seed_played":"-7173938244444103441","potions_obtained":[{"floor":5,"key":"sneckomod:MuddlingPotion"},{"floor":12,"key":"FearPotion"},{"floor":13,"key":"hexamod:EctoCoolerPotion"},{"floor":16,"key":"Energy Potion"},{"floor":22,"key":"DuplicationPotion"},{"floor":27,"key":"GamblersBrew"},{"floor":32,"key":"hexamod:InfernoChargePotion"},{"floor":33,"key":"SneckoOil"}],"is_trial":false,"path_per_floor":["R","M","M","M","M","?","T","R","?","?","?","M","M","M","M","B",null,"R","M","?","$","M","M","T","T","$","M","R","?","R","?","M","B",null,"R","M","?","M"],"character_chosen":"THE_SPIRIT","items_purchased":["hexamod:RadiantFlame","hexamod:TimeOfNeed","hexamod:SpectersWail"],"campfire_rested":0,"item_purchase_floors":[21,21,26],"current_hp_per_floor":[70,67,64,64,58,58,58,58,58,63,63,62,48,48,48,30,75,75,69,69,69,64,51,51,51,51,36,48,48,52,44,52,43,52,52,25,25,0,0,0],"gold":139,"neow_bonus":"THREE_CARDS","is_daily":false,"chose_seed":false,"campfire_upgraded":6,"win_rate":0.0,"timestamp":1610915888,"path_taken":["R","M","M","M","M","?","T","R","?","?","?","?","?","M","M","BOSS","R","M","?","?","M","M","T","?","?","?","R","?","R","?","M","BOSS","R","?","?","M"],"items_purchased_type":["Card","Card","Card"],"build_version":"2020-12-22","purchased_purges":1,"victory":false,"max_hp_per_floor":[70,70,70,70,70,70,70,70,70,75,75,75,75,75,75,75,75,75,75,75,75,75,75,75,75,75,75,75,52,52,52,52,52,52,52,52,52,52,52,52],"card_choices":[{"not_picked":["hexamod:NightmareStrike","hexamod:PhantomFireball"],"picked":"hexamod:Hexaguard","floor":2},{"not_picked":["hexamod:Incineration","hexamod:RainOfEmbers"],"picked":"hexamod:InspiringFlames","floor":3},{"not_picked":["hexamod:HauntingEcho","hexamod:PhantomFireball"],"picked":"hexamod:Firestarter","floor":4},{"not_picked":["hexamod:ThermalTransfer","hexamod:SwordOfDarkness","hexamod:SpectralAdrenaline"],"picked":"SKIP","floor":5},{"not_picked":["hexamod:SwordOfDarkness","hexamod:HeatCrush","hexamod:SpectralAdrenaline"],"picked":"SKIP","floor":12},{"not_picked":["hexamod:GhostShield","hexamod:RainOfEmbers"],"picked":"hexamod:GhostOfSpireFuture","floor":13},{"not_picked":["hexamod:FirstSeal","hexamod:GhostLash"],"picked":"hexamod:FastForward","floor":14},{"not_picked":["hexamod:TurnItUp","hexamod:FlamesFromBeyond"],"picked":"hexamod:EmpoweredFlame","floor":15},{"not_picked":["hexamod:TurnItUp","hexamod:GhostOfSpirePresent"],"picked":"hexamod:TimeWarp","floor":16},{"not_picked":["hexamod:HauntingEcho","hexamod:SwordOfDarkness"],"picked":"hexamod:EmpoweredFlame","floor":19},{"not_picked":["hexamod:ThermalTransfer","hexamod:BacktrackSmack","hexamod:SwordOfDarkness"],"picked":"SKIP","floor":21},{"not_picked":["hexamod:HeatMetal","hexamod:FifthSeal"],"picked":"hexamod:FastForward","floor":22},{"not_picked":["hexamod:AdvancingGuard","hexamod:NightmareStrike"],"picked":"hexamod:InspiringFlames","floor":23},{"not_picked":["hexamod:GhostShield+1","hexamod:InspiringFlames","hexamod:RetreatToShadows"],"picked":"SKIP","floor":26},{"not_picked":["hexamod:EmpoweredFlame+1","hexamod:BurningTouch","hexamod:AdvancingGuard"],"picked":"SKIP","floor":27},{"not_picked":["hexamod:PhantomFireball","hexamod:EtherealExpedition"],"picked":"hexamod:TurnItUp","floor":32},{"not_picked":["hexamod:WildfireWeapon","hexamod:TimeWarp"],"picked":"hexamod:FlameSwitch","floor":33},{"not_picked":["hexamod:BurningTouch+1","hexamod:RainOfEmbers+1","hexamod:ThermalTransfer+1"],"picked":"SKIP","floor":36}],"player_experience":87584,"relics_obtained":[{"floor":7,"key":"Gremlin Horn"},{"floor":17,"key":"Oddly Smooth Stone"},{"floor":17,"key":"Letter Opener"},{"floor":17,"key":"Turnip"},{"floor":24,"key":"Gambling Chip"},{"floor":25,"key":"Eternal Feather"}],"event_choices":[{"cards_removed":["hexamod:Strike"],"damage_healed":0,"gold_gain":0,"player_choice":"Card Removal","damage_taken":0,"max_hp_gain":0,"max_hp_loss":0,"event_name":"The Cleric","floor":6,"gold_loss":0},{"damage_healed":0,"gold_gain":0,"player_choice":"Grow","damage_taken":0,"max_hp_gain":0,"max_hp_loss":0,"event_name":"Living Wall","floor":9,"gold_loss":0,"cards_upgraded":["hexamod:Firestarter"]},{"damage_healed":0,"gold_gain":0,"player_choice":"Donut","damage_taken":0,"max_hp_gain":5,"max_hp_loss":0,"event_name":"Big Fish","floor":10,"gold_loss":0},{"damage_healed":0,"gold_gain":0,"player_choice":"Became a vampire","damage_taken":0,"max_hp_gain":0,"max_hp_loss":23,"event_name":"Vampires","floor":29,"gold_loss":0,"cards_obtained":["Bite","Bite","Bite","Bite","Bite"]}],"is_beta":false,"boss_relics":[{"not_picked":["SacredBark","Snecko Eye"],"picked":"Calling Bell"},{"not_picked":["Runic Dome","Black Star"],"picked":"SlaversCollar"}],"items_purged_floors":[21],"is_endless":false,"potions_floor_spawned":[5,12,13,16,22,27,32,33],"killed_by":"3 Darklings","ascension_level":0}}