{"host":"jyuuog6ydc2s7nd8","time":1610869699,"event":{"mods":["BaseMod","Better Vampires","Minty Spire (QoL Compilation)","Shop Mod","StSLib","The Hierophant","The Servant 0.9.4","TheBandit","[IsaacMod]ÒÔÈö¼âËþ"],"gold_per_floor":[113,38,57,57,132,132,165,180,180,180,180,212,212,254,254,337,337,355,355,270,270,281,314,314,239,239,265,265,265,265,287,287,362,362,382,406,440,440,490,520,470,470,494,506,533,533,542,577,577,577,577,577,577,208,237,237],"floor_reached":57,"language":"ZHS","playtime":1749,"items_purged":["Strike_G","Strike_G","Strike_G","Strike_G","Defend_G"],"score":3370,"play_id":"2d345259-1613-4816-b0ea-759c6201e904","local_time":"20210117154819","is_ascension_mode":true,"campfire_choices":[{"data":"Neutralize","floor":6.0,"key":"SMITH"},{"data":"Blade Dance","floor":11.0,"key":"SMITH"},{"data":"Acrobatics","floor":13.0,"key":"SMITH"},{"data":"Calculated Gamble","floor":15.0,"key":"SMITH"},{"data":"Burst","floor":24.0,"key":"SMITH"},{"data":"Survivor","floor":28.0,"key":"SMITH"},{"floor":30.0,"key":"RECALL"},{"data":"Choke","floor":32.0,"key":"SMITH"},{"data":"Tactician","floor":42,"key":"SMITH"},{"data":"Reflex","floor":46,"key":"SMITH"},{"data":"Cloak And Dagger","floor":49,"key":"SMITH"},{"data":"Accuracy","floor":53,"key":"SMITH"}],"circlet_count":0,"master_deck":["AscendersBane","Defend_G","Defend_G","Defend_G","Survivor+1","Neutralize+1","Blade Dance+1","Calculated Gamble+1","Acrobatics+1","Prepared+1","Burst+1","Choke+1","Cloak And Dagger+1","Tactician+1","Reflex+1","Finisher","Accuracy+1"],"relics":["Ring of the Snake","HushsDoor","NeowsBlessing","SatanicBible","Blue Candle","BookofShadows","CeramicFish","Nunchaku","Toy Ornithopter","WristBlade","GuppysCollar","GuppysHead","JudasShadow","Dream Catcher","BookOfRevelations","CaptainsWheel","Eternal Feather","SlaversCollar","NineLifeCat","Torii","Pantograph","Smiling Mask","Potion Belt","Du-Vu Doll","OrangePellets","Bronze Scales","DoctorsRemote"],"acts_visited":["Exordium","TheCity","TheBeyond","TheEnding"],"potions_floor_usage":[36,56,56],"damage_taken":[{"damage":0.0,"enemies":"Small Slimes","floor":1.0,"turns":1.0},{"damage":0.0,"enemies":"2 Louse","floor":3.0,"turns":1.0},{"damage":0.0,"enemies":"3 Sentries","floor":7.0,"turns":1.0},{"damage":0.0,"enemies":"Cultist","floor":8.0,"turns":4.0},{"damage":0.0,"enemies":"Gremlin Nob","floor":12.0,"turns":4.0},{"damage":17.0,"enemies":"Lagavulin","floor":14.0,"turns":6.0},{"damage":0.0,"enemies":"Slime Boss","floor":16.0,"turns":5.0},{"damage":5.0,"enemies":"Shell Parasite","floor":18.0,"turns":3.0},{"damage":11.0,"enemies":"2 Thieves","floor":22.0,"turns":3.0},{"damage":4.0,"enemies":"Slavers","floor":23.0,"turns":7.0},{"damage":0.0,"enemies":"Gremlin Leader","floor":27.0,"turns":3.0},{"damage":0.0,"enemies":"Snecko","floor":31.0,"turns":3.0},{"damage":0,"enemies":"Automaton","floor":33,"turns":6},{"damage":0,"enemies":"3 Darklings","floor":35,"turns":1},{"damage":0,"enemies":"3 Shapes","floor":36,"turns":2},{"damage":0,"enemies":"Mind Bloom Boss Battle","floor":37,"turns":2},{"damage":0,"enemies":"Hiden Room Battle","floor":39,"turns":2},{"damage":0,"enemies":"Nemesis","floor":40,"turns":1},{"damage":0,"enemies":"Transient","floor":44,"turns":5},{"damage":0,"enemies":"3 Darklings","floor":45,"turns":1},{"damage":0,"enemies":"Reptomancer","floor":48,"turns":2},{"damage":2,"enemies":"Donu and Deca","floor":50,"turns":3},{"damage":18,"enemies":"Time Eater","floor":51,"turns":3},{"damage":0,"enemies":"Shield and Spear","floor":55,"turns":1},{"damage":73,"enemies":"The Heart","floor":56,"turns":5}],"seed_played":"2326060413335203591","potions_obtained":[{"floor":3.0,"key":"Fire Potion"},{"floor":7.0,"key":"Energy Potion"},{"floor":16.0,"key":"SteroidPotion"},{"floor":18.0,"key":"Regen Potion"},{"floor":22.0,"key":"DuplicationPotion"},{"floor":31.0,"key":"FairyPotion"},{"floor":35,"key":"Explosive Potion"},{"floor":39,"key":"Poison Potion"},{"floor":40,"key":"GhostInAJar"},{"floor":45,"key":"Block Potion"}],"is_trial":false,"path_per_floor":["M","?","M","$","?","R","E","M","T","?","R","E","R","E","R","B",null,"M","?","?","?","M","E","R","$","T","E","R","?","R","M","R","B",null,"M","M","?","?","?","E","$","R","T","M","M","R","?","E","R","B","B",null,"R","$","E","B",null],"character_chosen":"THE_SILENT","items_purchased":["GuppysCollar","GuppysHead","JudasShadow","NineLifeCat","OrangePellets","Bronze Scales"],"campfire_rested":0,"item_purchase_floors":[17,17,17,34,54,54],"current_hp_per_floor":[59,59,59,59,48,48,48,48,48,33,33,33,33,16,16,16,23,18,18,18,18,7,21,21,21,21,21,25,25,25,25,25,25,2,2,2,2,1,1,1,1,1,1,1,1,1,1,1,1,1,1,1,1,1,1,1],"gold":237,"neow_bonus":"THREE_ENEMY_KILL","is_daily":false,"chose_seed":false,"campfire_upgraded":11,"win_rate":0.0,"timestamp":1610869699,"path_taken":["M","?","M","?","?","R","E","?","T","?","R","E","R","E","R","BOSS","M","?","?","?","M","E","R","$","T","E","R","?","R","M","R","BOSS","M","M","?","?","?","E","$","R","T","M","?","R","?","E","R","BOSS","BOSS","R","$","E","BOSS"],"items_purchased_type":["Relic","Relic","Relic","Relic","Relic","Relic"],"build_version":"2020-12-22","purchased_purges":5,"victory":true,"max_hp_per_floor":[66,66,66,66,66,66,66,66,66,66,66,66,66,66,66,66,25,25,25,25,25,25,25,25,25,25,25,25,25,25,25,25,25,2,2,2,2,1,1,1,1,1,1,1,1,1,1,1,1,1,1,1,1,1,1,1],"card_choices":[{"not_picked":["Skewer","A Thousand Cuts","Dodge and Roll"],"picked":"SKIP","floor":1.0},{"not_picked":["Expertise","Caltrops"],"picked":"Blade Dance","floor":3.0},{"not_picked":["Dash","Flechettes"],"picked":"Calculated Gamble","floor":7.0},{"not_picked":["Underhanded Strike","Prepared"],"picked":"Acrobatics","floor":8.0},{"not_picked":["Dagger Spray","Distraction","Outmaneuver"],"picked":"SKIP","floor":12.0},{"not_picked":["Grand Finale","Quick Slash"],"picked":"Prepared","floor":14.0},{"not_picked":["Venomology","Die Die Die"],"picked":"Burst","floor":16.0},{"not_picked":["Quick Slash","PiercingWail","Well Laid Plans"],"picked":"SKIP","floor":18.0},{"not_picked":["Acrobatics","Setup","Quick Slash+1"],"picked":"SKIP","floor":22.0},{"not_picked":["Flying Knee","Dodge and Roll","Riddle With Holes+1"],"picked":"SKIP","floor":23.0},{"not_picked":["Skewer","Escape Plan","Expertise"],"picked":"SKIP","floor":27.0},{"not_picked":["Skewer","Masterful Stab"],"picked":"Choke","floor":31.0},{"not_picked":["Deadly Poison+1","PiercingWail"],"picked":"Cloak And Dagger","floor":35},{"not_picked":["Outmaneuver","Flechettes+1"],"picked":"Tactician","floor":36},{"not_picked":["Expertise","Catalyst"],"picked":"Reflex","floor":37},{"not_picked":["Terror","Backstab","PiercingWail+1"],"picked":"SKIP","floor":40},{"not_picked":["Cloak And Dagger","Bane","Expertise"],"picked":"SKIP","floor":44},{"not_picked":["Expertise+1","Tactician"],"picked":"Finisher","floor":45},{"not_picked":["Outmaneuver+1","Setup","All Out Attack"],"picked":"SKIP","floor":48},{"not_picked":["Calculated Gamble","Concentrate","Underhanded Strike+1"],"picked":"SKIP","floor":55}],"player_experience":1821761,"relics_obtained":[{"floor":7.0,"key":"Blue Candle"},{"floor":9.0,"key":"BookofShadows"},{"floor":12.0,"key":"Nunchaku"},{"floor":14.0,"key":"Toy Ornithopter"},{"floor":23.0,"key":"BookOfRevelations"},{"floor":26.0,"key":"CaptainsWheel"},{"floor":27.0,"key":"Eternal Feather"},{"floor":37,"key":"Torii"},{"floor":39,"key":"Pantograph"},{"floor":39,"key":"Smiling Mask"},{"floor":40,"key":"Potion Belt"},{"floor":48,"key":"Du-Vu Doll"},{"floor":55,"key":"DoctorsRemote"}],"event_choices":[{"cards_removed":["Strike_G"],"damage_healed":0.0,"max_hp_gain":0.0,"max_hp_loss":0.0,"gold_gain":0.0,"event_name":"The Cleric","player_choice":"Card Removal","floor":2.0,"gold_loss":75.0,"damage_taken":0.0},{"damage_healed":0.0,"max_hp_gain":0.0,"max_hp_loss":0.0,"gold_gain":75.0,"event_name":"World of Goop","player_choice":"Gather Gold","floor":5.0,"gold_loss":0.0,"damage_taken":11.0},{"damage_healed":0.0,"max_hp_gain":0.0,"max_hp_loss":0.0,"gold_gain":0.0,"event_name":"Upgrade Shrine","player_choice":"Upgraded","floor":19.0,"gold_loss":0.0,"damage_taken":0.0,"cards_upgraded":["Prepared"]},{"damage_healed":0.0,"max_hp_gain":0.0,"max_hp_loss":0.0,"gold_gain":0.0,"event_name":"Addict","player_choice":"Obtained Relic","floor":20.0,"gold_loss":85.0,"damage_taken":0.0,"relics_obtained":["Dream Catcher"]},{"damage_healed":0.0,"max_hp_gain":0.0,"max_hp_loss":0.0,"gold_gain":0.0,"event_name":"Ghosts","player_choice":"Ignored","floor":21.0,"gold_loss":0.0,"damage_taken":0.0},{"damage_healed":0.0,"max_hp_gain":0.0,"max_hp_loss":0.0,"gold_gain":0.0,"event_name":"Cursed Tome","player_choice":"Ignored","floor":29.0,"gold_loss":0.0,"damage_taken":0.0},{"damage_healed":0,"gold_gain":0,"player_choice":"Fight","damage_taken":0,"max_hp_gain":0,"max_hp_loss":0,"event_name":"MindBloom","floor":37,"gold_loss":0},{"damage_healed":0,"gold_gain":0,"player_choice":"Max HP","damage_taken":0,"max_hp_gain":0,"max_hp_loss":0,"event_name":"Winding Halls","floor":38,"gold_loss":0},{"damage_healed":0,"gold_gain":0,"player_choice":"Fight","damage_taken":0,"max_hp_gain":0,"max_hp_loss":0,"event_name":"HidenRoomEvent","floor":39,"gold_loss":0},{"damage_healed":0,"gold_gain":0,"cards_transformed":["Defend_G"],"player_choice":"Transformed","damage_taken":0,"max_hp_gain":0,"max_hp_loss":0,"event_name":"Transmorgrifier","floor":47,"gold_loss":0,"cards_obtained":["Accuracy"]}],"is_beta":false,"boss_relics":[{"not_picked":["Busted Crown","Astrolabe"],"picked":"WristBlade"},{"not_picked":[]},{"not_picked":["Snecko Eye","Tiny House"],"picked":"SlaversCollar"},{"not_picked":[]}],"items_purged_floors":[17,25,34,41,54],"is_endless":false,"potions_floor_spawned":[3,7,8,16,18,22,31,35,39,40,45,55],"ascension_level":20}}