{"host":"8lgo2trwv2o0qyml","time":1610915564,"event":{"mods":["BaseMod","Colored Map","Colored Powertips","DeckTracker","Highlight Path","Hubris","Infinite Spire","Minty Spire (QoL Compilation)","Quick Restart","Random Character Button","Relic Sorter","Replay The Spire","StSLib","SuperFastMode","Synergy Search"],"gold_per_floor":[116,128,128,128,143,143,222,222,222,253,253,253,28,62,62,159,159,170,183,98,109,129,129,164,9,9,9,44,44,54,70,70,172,172,184,201,201,201,101,434,39,65,65,65,93,126,126,146,146,162],"floor_reached":51,"playtime":3865,"items_purged":["Strike_G","Defend_G"],"score":881,"play_id":"42784d64-226f-4280-a023-646790c184bc","local_time":"20210117153244","is_ascension_mode":false,"campfire_choices":[{"data":"Corpse Explosion","floor":6,"key":"SMITH"},{"data":"Riddle With Holes","floor":8,"key":"SMITH"},{"data":"Dagger Spray","floor":11,"key":"SMITH"},{"data":"After Image","floor":15,"key":"SMITH"},{"data":"Replay:Bag of Tricks","floor":23,"key":"SMITH"},{"data":"Mind Blast","floor":27,"key":"SMITH"},{"data":"ReplayTheSpireMod:Shiv Toss","floor":29,"key":"SMITH"},{"data":"Choke","floor":32,"key":"SMITH"},{"data":"infinitespire:Punishment","floor":44,"key":"SMITH"},{"data":"ReplayTheSpireMod:Scrap Shanks","floor":49,"key":"SMITH"}],"circlet_count":0,"master_deck":["Strike_G","Strike_G","Strike_G","Strike_G","Defend_G","Defend_G","Defend_G","Defend_G","Survivor","Neutralize","Toxin Wave+1","Riddle With Holes+1","Corpse Explosion+1","Dagger Spray+1","After Image+1","Mind Blast+1","Choke+1","Dagger Throw","Replay:Bag of Tricks+1","Underhanded Strike","Dodge and Roll","Hidden Blade","Prepared+1","ReplayTheSpireMod:Shiv Toss+1","Expertise","Deflect","Prepared","Venomology","All Out Attack+1","ReplayTheSpireMod:Scrap Shanks+1","After Image+1","After Image+1","Thinking Ahead","Dash","Forethought","Flechettes","Hidden Blade","Blade Dance","After Image+1","Outmaneuver+1","infinitespire:Punishment+1","Eviscerate+1","ReplayTheSpireMod:Shiv Toss","infinitespire:Collect","Heel Hook"],"relics":["Ring of the Serpent","NeowsBlessing","Ninja Scroll","Pantograph","Ice Cream","ClockworkSouvenir","Toy Ornithopter","Replay:Grab Bag","Coffee Dripper","Busted Crown","hubris:ScarierMask","The Specimen","Omamori","Membership Card","Anchor","Blood Vial","Honey Jar","DollysMirror","BargainBundle","Old Coin","DollysMirror","Oddly Smooth Stone","Replay:Multitool","infinitespire:FocusingShard","Eternal Feather","Replay:Bandana"],"acts_visited":["Exordium","TheCity","TheBeyond"],"potions_floor_usage":[10,16,16,22,28,33,40,40,42,45,46,46,50,50,50],"damage_taken":[{"damage":0,"enemies":"Cultist","floor":1,"turns":1},{"damage":0,"enemies":"2 Louse","floor":2,"turns":1},{"damage":0,"enemies":"Jaw Worm","floor":5,"turns":1},{"damage":1,"enemies":"Lagavulin","floor":10,"turns":4},{"damage":15,"enemies":"3 Sentries","floor":14,"turns":8},{"damage":43,"enemies":"Hexaghost","floor":16,"turns":10},{"damage":0,"enemies":"2 Thieves","floor":18,"turns":3},{"damage":0,"enemies":"3 Byrds","floor":19,"turns":3},{"damage":0,"enemies":"Centurion and Healer","floor":21,"turns":5},{"damage":3,"enemies":"Snake Plant","floor":22,"turns":4},{"damage":3,"enemies":"Slavers","floor":24,"turns":4},{"damage":19,"enemies":"Book of Stabbing","floor":28,"turns":4},{"damage":0,"enemies":"3 Cultists","floor":30,"turns":5},{"damage":0,"enemies":"Cultist and Chosen","floor":31,"turns":4},{"damage":62,"enemies":"Collector","floor":33,"turns":7},{"damage":0,"enemies":"3 Darklings","floor":35,"turns":3},{"damage":0,"enemies":"Orb Walker","floor":36,"turns":3},{"damage":5,"enemies":"Nemesis","floor":40,"turns":7},{"damage":2,"enemies":"Nightmare","floor":42,"turns":8},{"damage":0,"enemies":"Nemesis","floor":45,"turns":6},{"damage":16,"enemies":"Writhing Mass","floor":46,"turns":5},{"damage":0,"enemies":"Spire Growth","floor":48,"turns":4},{"damage":20,"enemies":"infinitespire:MassOfShapes","floor":50,"turns":10}],"seed_played":"2137324793104583480","potions_obtained":[{"floor":1,"key":"PowerPotion"},{"floor":5,"key":"Fire Potion"},{"floor":14,"key":"SneckoOil"},{"floor":18,"key":"Fire Potion"},{"floor":24,"key":"DistilledChaos"},{"floor":28,"key":"BlessingOfTheForge"},{"floor":33,"key":"PowerPotion"},{"floor":35,"key":"Weak Potion"},{"floor":36,"key":"SteroidPotion"},{"floor":40,"key":"Energy Potion"},{"floor":48,"key":"BlessingOfTheForge"}],"is_trial":false,"path_per_floor":["M","M","?","?","M","R","T","R","T","E","R","?","$","E","R","B",null,"M","M","?","M","M","R","E","$","T","R","E","R","M","M","R","B",null,"M","M","?","AVR","$","E","$","NM","T","R","E","M","?","M","R","B",null],"character_chosen":"THE_SILENT","items_purchased":["Choke","ClockworkSouvenir","Membership Card","BargainBundle","Thinking Ahead","Dash","Forethought","Flechettes","Hidden Blade","DollysMirror","Oddly Smooth Stone","GhostInAJar","Replay:Multitool"],"campfire_rested":0,"item_purchase_floors":[13,13,25,39,39,39,39,39,39,41,41,41,41],"current_hp_per_floor":[70,70,70,70,70,70,70,70,70,69,69,69,69,54,54,27,70,70,70,70,70,70,70,67,67,67,67,51,51,53,55,55,8,70,70,70,70,70,70,65,65,68,68,70,70,64,48,50,70,50],"gold":162,"neow_bonus":"THREE_ENEMY_KILL","is_daily":false,"chose_seed":false,"campfire_upgraded":10,"win_rate":0.0,"timestamp":1610915564,"path_taken":["M","M","?","?","M","R","?","R","T","E","R","?","$","E","R","BOSS","M","?","?","M","M","R","E","$","T","R","E","R","M","M","R","BOSS","M","M","?","AVR","?","E","$","NM","T","R","E","M","?","M","R","BOSS"],"items_purchased_type":["Card","Relic","Relic","Relic","Card","Card","Card","Card","Card","Relic","Relic","Potion","Relic"],"build_version":"2020-12-22","purchased_purges":2,"victory":true,"max_hp_per_floor":[70,70,70,70,70,70,70,70,70,70,70,70,70,70,70,70,70,70,70,70,70,70,70,70,70,70,70,70,70,70,70,70,70,70,70,70,70,70,70,70,70,70,70,70,70,70,70,70,70,70],"card_choices":[{"not_picked":["Sucker Punch","hubris:SlightOfHand"],"picked":"Toxin Wave","floor":1},{"not_picked":["Outmaneuver","Heel Hook"],"picked":"Riddle With Holes","floor":2},{"not_picked":["Sucker Punch","Backflip"],"picked":"Corpse Explosion","floor":5},{"not_picked":["Dagger Throw","Underhanded Strike"],"picked":"Dagger Spray","floor":10},{"not_picked":["Riddle With Holes","Acrobatics"],"picked":"Dagger Throw","floor":14},{"not_picked":["ReplayTheSpireMod:Necrosis","Tools of the Trade"],"picked":"Replay:Bag of Tricks","floor":16},{"not_picked":[],"picked":"Underhanded Strike","floor":18},{"not_picked":[],"picked":"Dodge and Roll","floor":19},{"not_picked":[],"picked":"Hidden Blade","floor":21},{"not_picked":[],"picked":"Prepared+1","floor":22},{"not_picked":[],"picked":"ReplayTheSpireMod:Shiv Toss","floor":24},{"not_picked":[],"picked":"Expertise","floor":28},{"not_picked":[],"picked":"Deflect","floor":30},{"not_picked":[],"picked":"Prepared","floor":31},{"not_picked":[],"picked":"Venomology","floor":33},{"not_picked":["Bouncing Flask"],"picked":"All Out Attack+1","floor":35},{"not_picked":["Well Laid Plans+1"],"picked":"ReplayTheSpireMod:Scrap Shanks","floor":36},{"not_picked":["Reflex"],"picked":"Blade Dance","floor":40},{"not_picked":["Sucker Punch"],"picked":"Outmaneuver+1","floor":42},{"not_picked":["infinitespire:FinalStrike","infinitespire:Menacing"],"picked":"infinitespire:Punishment","floor":42},{"not_picked":["Heel Hook+1"],"picked":"Eviscerate+1","floor":45},{"not_picked":["Noxious Fumes+1"],"picked":"ReplayTheSpireMod:Shiv Toss","floor":46},{"not_picked":["infinitespire:Oblivion","infinitespire:DeathsTouch"],"picked":"infinitespire:Collect","floor":47},{"not_picked":["Backflip"],"picked":"Heel Hook","floor":48}],"player_experience":90591,"relics_obtained":[{"floor":7,"key":"Ninja Scroll"},{"floor":9,"key":"Pantograph"},{"floor":10,"key":"Ice Cream"},{"floor":14,"key":"Toy Ornithopter"},{"floor":24,"key":"Omamori"},{"floor":26,"key":"Anchor"},{"floor":28,"key":"Blood Vial"},{"floor":40,"key":"Old Coin"},{"floor":42,"key":"infinitespire:FocusingShard"},{"floor":43,"key":"Eternal Feather"},{"floor":45,"key":"Replay:Bandana"}],"event_choices":[{"damage_healed":0,"gold_gain":0,"player_choice":"Ignored","damage_taken":0,"max_hp_gain":0,"max_hp_loss":0,"event_name":"Golden Wing","floor":3,"gold_loss":0},{"damage_healed":0,"gold_gain":0,"player_choice":"2 cards matched","damage_taken":0,"max_hp_gain":0,"max_hp_loss":0,"event_name":"Match and Keep!","floor":12,"gold_loss":0,"cards_obtained":["After Image","Mind Blast"]},{"damage_healed":0,"gold_gain":0,"player_choice":"Obtained Relic","damage_taken":0,"relics_obtained":["The Specimen"],"max_hp_gain":0,"max_hp_loss":0,"event_name":"Addict","floor":20,"gold_loss":85},{"damage_healed":0,"gold_gain":0,"player_choice":"Copied","damage_taken":0,"max_hp_gain":0,"max_hp_loss":0,"event_name":"Duplicator","floor":37,"gold_loss":0,"cards_obtained":["After Image"]}],"is_beta":false,"boss_relics":[{"not_picked":["hubris:HollowSoul","Runic Dome"],"picked":"Replay:Grab Bag"},{"not_picked":["Cursed Key","Velvet Choker"],"picked":"Coffee Dripper"},{"not_picked":["hubris:GrandSneckoEye","Abe\u0027s Treasure"],"picked":"Busted Crown"},{"not_picked":["hubris:BlackHole","hubris:Stopwatch"],"picked":"Ring of the Serpent"},{"not_picked":["Ring of Chaos","Snecko Eye"],"picked":"hubris:ScarierMask"},{"not_picked":["Replay:Bronze Core","Snecko Scales"],"picked":"Honey Jar"}],"items_purged_floors":[38,41],"is_endless":false,"potions_floor_spawned":[1,5,14,18,24,28,31,33,35,36,40,48],"ascension_level":0}}