{"host":"56ghxnzsglgdq727","time":1610846942,"event":{"mods":["AchievementEnabler","BaseMod","Downfall","Duelist Mod","Minty Spire (QoL Compilation)","Rare Cards Sparkle","StSLib","The Bug Knight","The Exalted","The Senshi","The Wild Card"],"gold_per_floor":[12,60,119,44,44,62,62,79,79,31,64,84,84,97,97,192,192,209,409,424,442,81,81,116,116,186,197,197,229,154,154,154,154,154],"floor_reached":33,"language":"ENG","playtime":1501,"items_purged":["theDuelist:Sparks","theDuelist:Sparks"],"score":466,"play_id":"b9a2848d-ef62-433a-aee9-f56fcabaabc7","local_time":"20210116202902","is_ascension_mode":true,"campfire_choices":[{"data":"theDuelist:ArmageddonDragonEmp","floor":13,"key":"SMITH"},{"data":"theDuelist:ChimeratechOverdragon","floor":15,"key":"SMITH"},{"floor":23,"key":"REST"},{"floor":25,"key":"REST"},{"data":"theDuelist:DragonPiper","floor":28,"key":"SMITH"},{"data":"theDuelist:BabyDragon","floor":32,"key":"SMITH"}],"circlet_count":0,"master_deck":["theDuelist:BabyDragon+1","theDuelist:CastleWalls","theDuelist:CaveDragon","theDuelist:CaveDragon","theDuelist:LesserDragon","theDuelist:LesserDragon","theDuelist:YamataDragon","theDuelist:ArmageddonDragonEmp+1","theDuelist:DragonPiper+1","theDuelist:ChimeratechOverdragon+1","theDuelist:SliferSky","theDuelist:AtomicScrapDragon+1"],"relics":["theDuelist:MillenniumPuzzle","theDuelist:CardPoolRelic","theDuelist:CardPoolBasicRelic","theDuelist:BoosterPackPoolRelic","theDuelist:CardPoolAddRelic","theDuelist:CardPoolMinusRelic","theDuelist:CardPoolSaveRelic","theDuelist:CardPoolOptionsRelic","Magic Flower","theDuelist:PointPass","Bottled Flame","Akabeko","Black Star","theDuelist:KaibaToken","CeramicFish","theDuelist:MetronomeRelicB","Bromod:ArcaneDeflection","Red Skull","theDuelist:ElectricBurst"],"acts_visited":["Exordium","TheCity"],"potions_floor_usage":[14,16,18,24,24,33],"damage_taken":[{"damage":7,"enemies":"2 Louse","floor":1,"turns":2},{"damage":0,"enemies":"Jaw Worm","floor":6,"turns":3},{"damage":1,"enemies":"Small Slimes","floor":8,"turns":4},{"damage":13,"enemies":"3 Sentries","floor":11,"turns":10},{"damage":0,"enemies":"Exordium Wildlife","floor":12,"turns":3},{"damage":8,"enemies":"Gremlin Gang","floor":14,"turns":7},{"damage":7,"enemies":"The Guardian","floor":16,"turns":5},{"damage":3,"enemies":"Spheric Guardian","floor":18,"turns":3},{"damage":21,"enemies":"3 Byrds","floor":20,"turns":5},{"damage":30,"enemies":"Cultist and Chosen","floor":21,"turns":4},{"damage":5,"enemies":"Book of Stabbing","floor":24,"turns":3},{"damage":3,"enemies":"Centurion and Healer","floor":27,"turns":5},{"damage":0,"enemies":"theDuelist:KaibaA2","floor":29,"turns":1},{"damage":62,"enemies":"Automaton","floor":33,"turns":6}],"seed_played":"-6234910408712714382","potions_obtained":[{"floor":12,"key":"theDuelist:CoolBottle"},{"floor":14,"key":"Dexterity Potion"},{"floor":16,"key":"ColorlessPotion"},{"floor":20,"key":"theDuelist:SolderPotionB"},{"floor":29,"key":"theDuelist:StunPotion"}],"is_trial":false,"path_per_floor":["M","$","?","$","?","M","?","M","T","$","E","M","R","M","R","B",null,"M","?","M","M","$","R","E","R","T","M","R","E","?","?","R","B"],"character_chosen":"THE_DUELIST","items_purchased":["theDuelist:PointPass","theDuelist:ArmageddonDragonEmp","theDuelist:StunPotion","theDuelist:KaibaToken"],"campfire_rested":2,"item_purchase_floors":[2,2,10,22],"current_hp_per_floor":[65,65,65,65,65,65,65,64,64,64,51,51,51,43,43,36,69,66,66,45,15,15,39,34,58,58,55,55,55,55,55,55,0,0],"gold":154,"neow_bonus":"ONE_RARE_RELIC","is_daily":false,"chose_seed":false,"campfire_upgraded":4,"win_rate":0.0,"timestamp":1610846942,"path_taken":["M","$","?","$","?","M","?","M","T","?","E","?","R","M","R","BOSS","M","?","M","M","$","R","E","R","T","?","R","E","?","?","R","BOSS"],"items_purchased_type":["Relic","Card","Potion","Relic"],"build_version":"2020-12-22","purchased_purges":2,"victory":false,"max_hp_per_floor":[80,80,80,80,80,80,80,80,80,80,80,80,80,80,80,80,80,80,80,80,80,80,80,80,80,80,80,80,80,80,80,80,80,80],"card_choices":[{"not_picked":["theDuelist:TwinHeadedFire","theDuelist:MadSwordBeast","theDuelist:CyberDinosaur","theDuelist:CurseDragon","theDuelist:GiantRex"],"picked":"SKIP","floor":1},{"not_picked":["theDuelist:ViceDragon","theDuelist:LesserDragon","theDuelist:Hydrogeddon","theDuelist:Beatraptor","theDuelist:Earthquake"],"picked":"SKIP","floor":6},{"not_picked":["theDuelist:MirageDragon","theDuelist:MaskedDragon","theDuelist:BusterBlader","theDuelist:BlackPtera","theDuelist:BeserkDragon"],"picked":"SKIP","floor":8},{"not_picked":["theDuelist:CyberDinosaur","theDuelist:BabyDragon","theDuelist:MaskedDragon","theDuelist:MoltenDestruction","theDuelist:DefenseZone"],"picked":"SKIP","floor":11},{"not_picked":["theDuelist:TwinHeadedFire","theDuelist:RedRisingDragon","theDuelist:MaskedDragon","theDuelist:Frostosaurus"],"picked":"theDuelist:DragonPiper","floor":12},{"not_picked":["theDuelist:MythicWaterDragon","theDuelist:QueenDragunDjinn","theDuelist:Frostosaurus","theDuelist:BusterBladerDDS"],"picked":"theDuelist:ChimeratechOverdragon","floor":14},{"not_picked":["theDuelist:SeismicShockwave","theDuelist:QueenDragunDjinn","theDuelist:OceanDragonLord","theDuelist:Lancephorhynchus"],"picked":"theDuelist:SliferSky","floor":16},{"not_picked":["theDuelist:YamataDragon","theDuelist:MaskedDragon","theDuelist:Freezadon","theDuelist:DefenseZone","theDuelist:CyberTwinDragon"],"picked":"SKIP","floor":18},{"not_picked":["theDuelist:Pyrorex","theDuelist:Hydrogeddon","theDuelist:SphereChaos","theDuelist:BabyDragon","theDuelist:Frostosaurus"],"picked":"SKIP","floor":20},{"not_picked":["theDuelist:SnowDragon","theDuelist:MythicWaterDragon","theDuelist:CyberEltanin","theDuelist:CurseDragon"],"picked":"theDuelist:AtomicScrapDragon","floor":21},{"not_picked":["theDuelist:SpiralSpearStrike","theDuelist:AxeDespair","theDuelist:CurseDragon","theDuelist:DragonZombie","theDuelist:Sabersaurus"],"picked":"SKIP","floor":24},{"not_picked":["theDuelist:Pyrorex","theDuelist:HazyFlameHydra","theDuelist:Kabazauls","theDuelist:Hydrogeddon+1","theDuelist:SilverWing"],"picked":"SKIP","floor":27},{"not_picked":["theDuelist:TwinHeadedFire","theDuelist:CyberValley","theDuelist:CyberDinosaur","theDuelist:CurseDragon+1","theDuelist:MadSwordBeast"],"picked":"SKIP","floor":29}],"player_experience":272294,"relics_obtained":[{"floor":9,"key":"Bottled Flame"},{"floor":11,"key":"Akabeko"},{"floor":24,"key":"CeramicFish"},{"floor":24,"key":"theDuelist:MetronomeRelicB"},{"floor":26,"key":"Bromod:ArcaneDeflection"},{"floor":29,"key":"Red Skull"},{"floor":29,"key":"theDuelist:ElectricBurst"}],"event_choices":[{"damage_healed":0,"gold_gain":59,"player_choice":"Gained Gold","damage_taken":0,"max_hp_gain":0,"max_hp_loss":0,"event_name":"Golden Wing","floor":3,"gold_loss":0},{"damage_healed":0,"gold_gain":0,"player_choice":"Leave","duelist":true,"damage_taken":0,"max_hp_gain":0,"max_hp_loss":0,"event_name":"Tomb of the Nameless","floor":7,"gold_loss":0},{"damage_healed":0,"gold_gain":200,"player_choice":"Gold","damage_taken":0,"max_hp_gain":0,"max_hp_loss":0,"event_name":"Wheel of Change","floor":19,"gold_loss":0},{"cards_removed":["theDuelist:CastleWalls"],"damage_healed":0,"gold_gain":0,"player_choice":"Gave Gold","damage_taken":0,"max_hp_gain":0,"max_hp_loss":0,"event_name":"Beggar","floor":30,"gold_loss":75},{"damage_healed":0,"gold_gain":0,"player_choice":"Forge","damage_taken":0,"max_hp_gain":0,"max_hp_loss":0,"event_name":"Accursed Blacksmith","floor":31,"gold_loss":0,"cards_upgraded":["theDuelist:AtomicScrapDragon"]}],"is_beta":false,"boss_relics":[{"not_picked":["Bromod:ArcaneBarrier","Runic Pyramid"],"picked":"Black Star"}],"items_purged_floors":[4,22],"is_endless":false,"potions_floor_spawned":[12,14,16,20,29],"killed_by":"Automaton","ascension_level":8}}