{"host":"o8ich17pcr9p9m1c","time":1610880999,"event":{"mods":["Ascension Unlocker","BaseMod","Block Reminder","Colored Map","Colored Powertips","DeckTracker","Highlight Path","Minty Spire (QoL Compilation)","Quick Restart","Random Character Button","StSLib","SuperFastMode","UnlockEverythingMod"],"gold_per_floor":[114,114,264,163,163,192,117,152,204,127,156,156,171,191,191,287,287,307,323,43,43,43,43],"floor_reached":22,"language":"JPN","playtime":4300,"items_purged":["Doubt","Strike_P"],"score":550,"play_id":"807b2da5-1bfa-4262-9fa3-92b406f412b8","local_time":"20210117195639","is_ascension_mode":true,"campfire_choices":[{"data":"CrushJoints","floor":15,"key":"SMITH"}],"circlet_count":0,"master_deck":["AscendersBane","Strike_P","Strike_P","Defend_P","Defend_P","Defend_P","Eruption","Vigilance","CrushJoints+1","EmptyFist","SashWhip","WreathOfFlame","EmptyFist","Evaluate","BowlingBash","Wallop","Devotion","WaveOfTheHand","Adaptation","Wireheading","Parasite","Meditate"],"relics":["PureWater","NeowsBlessing","Lantern","Art of War","Damaru","Golden Idol","Coffee Dripper","Membership Card"],"acts_visited":["Exordium","TheCity"],"potions_floor_usage":[11,16,16,16,18],"damage_taken":[{"damage":0,"enemies":"Jaw Worm","floor":1,"turns":1},{"damage":0,"enemies":"Gremlin Nob","floor":6,"turns":1},{"damage":0,"enemies":"3 Sentries","floor":8,"turns":1},{"damage":0,"enemies":"Gremlin Nob","floor":11,"turns":2},{"damage":0,"enemies":"2 Louse","floor":13,"turns":2},{"damage":0,"enemies":"Small Slimes","floor":14,"turns":2},{"damage":32,"enemies":"Slime Boss","floor":16,"turns":8},{"damage":13,"enemies":"2 Thieves","floor":18,"turns":4},{"damage":10,"enemies":"Chosen","floor":19,"turns":6},{"damage":33,"enemies":"Centurion and Healer","floor":22,"turns":5}],"seed_played":"-4786558468764254166","potions_obtained":[{"floor":8,"key":"Block Potion"},{"floor":11,"key":"EntropicBrew"},{"floor":13,"key":"LiquidMemories"},{"floor":16,"key":"DistilledChaos"}],"is_trial":false,"path_per_floor":["M","?","?","$","?","E","?","E","T","$","E","?","M","M","R","B",null,"M","M","$","?","M"],"character_chosen":"WATCHER","items_purchased":["EmptyFist","EmptyFist","PowerPotion","Membership Card","SteroidPotion","Wireheading"],"campfire_rested":0,"item_purchase_floors":[4,10,10,20,20,20],"current_hp_per_floor":[61,54,54,54,59,59,59,59,59,59,59,34,34,34,34,2,55,42,32,32,32,0,0],"gold":43,"neow_bonus":"THREE_ENEMY_KILL","is_daily":false,"chose_seed":false,"campfire_upgraded":1,"win_rate":0.0,"timestamp":1610880999,"path_taken":["M","?","?","$","?","E","?","E","T","$","E","?","M","M","R","BOSS","M","M","$","?","?"],"items_purchased_type":["Card","Card","Potion","Relic","Potion","Card"],"build_version":"2020-12-22","purchased_purges":2,"victory":false,"max_hp_per_floor":[68,68,68,68,73,73,73,73,73,73,73,73,73,73,73,73,73,73,73,73,73,73,73],"card_choices":[{"not_picked":["ThirdEye","Perseverance"],"picked":"CrushJoints","floor":1},{"not_picked":["Swivel","Collect"],"picked":"SashWhip","floor":6},{"not_picked":["ForeignInfluence","FlurryOfBlows"],"picked":"WreathOfFlame","floor":8},{"not_picked":["FlurryOfBlows","WreathOfFlame"],"picked":"Evaluate","floor":11},{"not_picked":["Halt","FollowUp"],"picked":"BowlingBash","floor":13},{"not_picked":["CrushJoints","Protect"],"picked":"Wallop","floor":14},{"not_picked":["Blasphemy","Wish"],"picked":"Devotion","floor":16},{"not_picked":["BowlingBash","FlurryOfBlows"],"picked":"WaveOfTheHand","floor":18},{"not_picked":["BattleHymn","PathToVictory+1"],"picked":"Adaptation","floor":19}],"player_experience":6966,"relics_obtained":[{"floor":6,"key":"Lantern"},{"floor":8,"key":"Art of War"},{"floor":11,"key":"Damaru"}],"event_choices":[{"cards_removed":["Defend_P"],"damage_healed":0,"gold_gain":0,"player_choice":"Card Removal","damage_taken":7,"max_hp_gain":0,"max_hp_loss":0,"event_name":"Golden Wing","floor":2,"gold_loss":0},{"damage_healed":0,"gold_gain":150,"player_choice":"AGREE","damage_taken":0,"max_hp_gain":0,"max_hp_loss":0,"event_name":"Liars Game","floor":3,"gold_loss":0,"cards_obtained":["Doubt"]},{"damage_healed":0,"gold_gain":0,"player_choice":"Donut","damage_taken":0,"max_hp_gain":5,"max_hp_loss":0,"event_name":"Big Fish","floor":5,"gold_loss":0},{"cards_removed":["Strike_P"],"damage_healed":0,"gold_gain":0,"player_choice":"Card Removal","damage_taken":0,"max_hp_gain":0,"max_hp_loss":0,"event_name":"The Cleric","floor":7,"gold_loss":75},{"damage_healed":0,"gold_gain":0,"player_choice":"Take Damage","damage_taken":25,"relics_obtained":["Golden Idol"],"max_hp_gain":0,"max_hp_loss":0,"event_name":"Golden Idol","floor":12,"gold_loss":0},{"damage_healed":0,"gold_gain":0,"player_choice":"2 cards matched","damage_taken":0,"max_hp_gain":0,"max_hp_loss":0,"event_name":"Match and Keep!","floor":21,"gold_loss":0,"cards_obtained":["Parasite","Meditate"]}],"is_beta":false,"boss_relics":[{"not_picked":["Runic Dome","HolyWater"],"picked":"Coffee Dripper"}],"items_purged_floors":[4,20],"is_endless":false,"potions_floor_spawned":[8,11,13,16],"killed_by":"Centurion and Healer","ascension_level":20}}