{"host":"6ayekdpky30mcb5q","time":1610918204,"event":{"mods":["Act Like it!","Bard","BaseMod","Colored Map","GifTheSpireLib","Gremlin Mod","Hallownest","Hermit","Hero for Fun","Highlight Path","Jorbs\u0027s Wanderer Trilogy","Minty Spire (QoL Compilation)","StSLib","The Bladedancer","The Bug Knight","The Disciple","The Forsaken","WoW Paladin Mod"],"gold_per_floor":[19,19,30,48,61,86,86,86,86,11,44,44,68,107,107,233,233,247,271,17,33,46,46,79,79,79,98,122,122,122,145,145,273,336,359,382,129,129,147,147,171,171,171,185,205,239,254,293,293,293,293,293,168,212,212],"floor_reached":56,"language":"ENG","playtime":885,"items_purged":["Do_Nothing+1","Defend_Y","Yawn+1"],"score":1728,"play_id":"b556e08c-54f0-424e-8781-b03b40f8c8a1","local_time":"20210117151644","is_ascension_mode":false,"campfire_choices":[{"floor":7.0,"key":"RECALL"},{"data":"1","floor":15.0,"key":"LIFT"},{"data":"2","floor":23.0,"key":"LIFT"},{"data":"3","floor":25.0,"key":"LIFT"},{"data":"Serious_Punch","floor":30,"key":"SMITH"},{"data":"Yawn","floor":32,"key":"SMITH"},{"data":"Get_Hopes_Up","floor":40,"key":"SMITH"},{"data":"Strike_Y","floor":42,"key":"SMITH"},{"data":"Wear_Disguise","floor":49,"key":"SMITH"},{"data":"Defend_Y","floor":52,"key":"SMITH"}],"circlet_count":0,"master_deck":["Strike_Y+1","Strike_Y+1","Strike_Y+1","Strike_Y+1","Strike_Y+1","Defend_Y+1","Defend_Y+1","Defend_Y","Defend_Y+1","Wear_Disguise+1","Serious_Punch+1","Get_Hopes_Up+1"],"relics":["Cape","NeowsBlessing","Whetstone","Golden Idol","War Paint","Singing Bowl","Girya","FossilizedHelix","SlaversCollar","Gremlin Horn","Bottled Flame","Tiny House","HandDrill","theForsaken:Kindling","Anchor","Bronze Scales","Bag of Preparation"],"acts_visited":["Exordium","TheCity","TheBeyond","TheEnding"],"potions_floor_usage":[],"damage_taken":[{"damage":0.0,"enemies":"Jaw Worm","floor":1.0,"turns":1.0},{"damage":0.0,"enemies":"2 Louse","floor":3.0,"turns":1.0},{"damage":0.0,"enemies":"Small Slimes","floor":4.0,"turns":2.0},{"damage":0.0,"enemies":"3 Louse","floor":5.0,"turns":2.0},{"damage":0.0,"enemies":"3 Sentries","floor":6.0,"turns":2.0},{"damage":0.0,"enemies":"Lagavulin","floor":11.0,"turns":1.0},{"damage":0.0,"enemies":"Blue Slaver","floor":13.0,"turns":1.0},{"damage":0.0,"enemies":"HollowMod:MossKnight","floor":14.0,"turns":1.0},{"damage":0.0,"enemies":"Slime Boss","floor":16.0,"turns":1.0},{"damage":0.0,"enemies":"2 Thieves","floor":18.0,"turns":2.0},{"damage":0.0,"enemies":"3 Byrds","floor":19.0,"turns":2.0},{"damage":0.0,"enemies":"3 Cultists","floor":21.0,"turns":1.0},{"damage":0.0,"enemies":"Centurion and Healer","floor":22.0,"turns":1.0},{"damage":0.0,"enemies":"HollowMod:Nosk","floor":24.0,"turns":1.0},{"damage":0.0,"enemies":"Shelled Parasite and Fungi","floor":27.0,"turns":1.0},{"damage":0.0,"enemies":"Cultist and Chosen","floor":28.0,"turns":1.0},{"damage":0,"enemies":"3 Cultists","floor":31,"turns":1},{"damage":0,"enemies":"Collector","floor":33,"turns":1},{"damage":0,"enemies":"3 Darklings","floor":35,"turns":1},{"damage":0,"enemies":"Orb Walker","floor":36,"turns":1},{"damage":0,"enemies":"Maw","floor":39,"turns":1},{"damage":0,"enemies":"Writhing Mass","floor":41,"turns":1},{"damage":0,"enemies":"Spire Growth","floor":44,"turns":1},{"damage":0,"enemies":"3 Darklings","floor":45,"turns":2},{"damage":0,"enemies":"HollowMod:StalkingDevout","floor":46,"turns":1},{"damage":0,"enemies":"Transient","floor":47,"turns":1},{"damage":0,"enemies":"Reptomancer","floor":48,"turns":1},{"damage":0,"enemies":"Awakened One","floor":50,"turns":2},{"damage":0,"enemies":"Shield and Spear","floor":54,"turns":1},{"damage":0,"enemies":"The Heart","floor":55,"turns":1}],"seed_played":"-668203206540781791","potions_obtained":[{"floor":1.0,"key":"Weak Potion"},{"floor":3.0,"key":"SkillPotion"},{"floor":11.0,"key":"Strength Potion"},{"floor":21.0,"key":"Fruit Juice"},{"floor":24.0,"key":"Energy Potion"}],"is_trial":false,"path_per_floor":["M","?","M","M","M","E","R","?","T","$","E","?","M","E","R","B",null,"M","M","$","M","M","R","E","R","T","M","M","?","R","M","R","B",null,"M","M","$","?","M","R","M","R","T","M","M","E","M","E","R","B",null,"R","$","E","B",null],"character_chosen":"OPM","items_purchased":["Gremlin Horn","HandDrill"],"campfire_rested":0,"item_purchase_floors":[20,37],"current_hp_per_floor":[999,999,999,999,999,999,999,920,920,920,922,922,922,924,924,924,924,926,928,928,935,937,937,939,939,939,941,943,943,943,945,945,945,952,954,956,956,956,958,958,960,960,960,962,964,966,968,970,970,970,970,970,970,972,972],"gold":212,"neow_bonus":"THREE_ENEMY_KILL","is_daily":false,"chose_seed":false,"campfire_upgraded":6,"win_rate":0.0,"timestamp":1610918204,"path_taken":["M","?","M","M","M","E","R","?","T","$","E","?","M","E","R","BOSS","M","M","$","M","M","R","E","R","T","M","M","?","R","M","R","BOSS","M","M","$","?","M","R","M","R","T","M","?","E","M","E","R","BOSS","R","$","E","BOSS"],"items_purchased_type":["Relic","Relic"],"build_version":"2020-12-22","purchased_purges":3,"victory":true,"max_hp_per_floor":[999,999,999,999,999,999,999,920,920,920,922,922,922,924,924,924,924,926,928,928,935,937,937,939,939,939,941,943,943,943,945,945,945,952,954,956,956,956,958,958,960,960,960,962,964,966,968,970,970,970,970,970,970,972,972],"card_choices":[{"not_picked":["Slap","Side_Hop"],"picked":"Do_Nothing","floor":1.0},{"not_picked":["Normal_Punch","Do_Nothing"],"picked":"Yawn","floor":3.0},{"not_picked":["Side_Hop","Normal_Punch"],"picked":"Wear_Disguise","floor":4.0},{"not_picked":["Do_Nothing","Ignore","Consecutive_Normal_Punch"],"picked":"SKIP","floor":5.0},{"not_picked":["Toss_Stone","Yawn","Wear_Disguise"],"picked":"SKIP","floor":6.0},{"not_picked":["Toss_Stone","Slap","Hop"],"picked":"Singing Bowl","floor":11.0},{"not_picked":["Toss_Stone","Side_Hop"],"picked":"Oh","floor":13.0},{"not_picked":["Yawn","Do_Nothing","Consecutive_Normal_Punch"],"picked":"Singing Bowl","floor":14.0},{"not_picked":["Hip_Strike","Oh"],"picked":"Serious_Punch","floor":16.0},{"not_picked":["Side_Hop+1","Normal_Punch+1","Hop"],"picked":"Singing Bowl","floor":18.0},{"not_picked":["Side_Hop","Consecutive_Normal_Punch+1","Slap"],"picked":"Singing Bowl","floor":19.0},{"not_picked":["Toss_Stone+1","Slap","Hop"],"picked":"Singing Bowl","floor":21.0},{"not_picked":["Side_Hop+1","Ignore+1","Yawn"],"picked":"Singing Bowl","floor":22.0},{"not_picked":["Terrifying_Presence","Hop","Do_Nothing"],"picked":"Singing Bowl","floor":24.0},{"not_picked":["Consecutive_Normal_Punch","Side_Hop","Do_Nothing"],"picked":"Singing Bowl","floor":27.0},{"not_picked":["Do_Nothing+1","Toss_Stone+1","Yawn+1"],"picked":"Singing Bowl","floor":28.0},{"not_picked":["Toss_Stone","Hop","Do_Nothing+1"],"picked":"Singing Bowl","floor":31},{"not_picked":["Oh","Hip_Strike"],"picked":"Get_Hopes_Up","floor":33},{"not_picked":["Toss_Stone+1","Wear_Disguise","Slap+1"],"picked":"Singing Bowl","floor":34},{"not_picked":["Hop","Slap","Side_Hop+1"],"picked":"Singing Bowl","floor":35},{"not_picked":["Wear_Disguise+1","Yawn+1","Slap+1"],"picked":"Singing Bowl","floor":36},{"not_picked":["Do_Nothing+1","Oh","Ignore+1"],"picked":"Singing Bowl","floor":39},{"not_picked":["Do_Nothing","Side_Hop+1","Toss_Stone+1"],"picked":"Singing Bowl","floor":41},{"not_picked":["Consecutive_Normal_Punch+1","Ignore+1","Side_Hop"],"picked":"Singing Bowl","floor":44},{"not_picked":["Side_Hop","Slap","Yawn"],"picked":"Singing Bowl","floor":45},{"not_picked":["Side_Hop+1","Normal_Punch","Wear_Disguise+1"],"picked":"Singing Bowl","floor":46},{"not_picked":["Side_Hop+1","Normal_Punch","Hop"],"picked":"Singing Bowl","floor":47},{"not_picked":["Side_Hop","Ignore","Wear_Disguise"],"picked":"Singing Bowl","floor":48},{"not_picked":["Yawn","Wear_Disguise+1","Side_Hop"],"picked":"Singing Bowl","floor":54}],"player_experience":567473,"relics_obtained":[{"floor":6.0,"key":"Whetstone"},{"floor":9.0,"key":"War Paint"},{"floor":11.0,"key":"Singing Bowl"},{"floor":14.0,"key":"FossilizedHelix"},{"floor":24.0,"key":"Bottled Flame"},{"floor":43,"key":"theForsaken:Kindling"},{"floor":46,"key":"Anchor"},{"floor":48,"key":"Bronze Scales"},{"floor":54,"key":"Bag of Preparation"}],"event_choices":[{"damage_healed":0.0,"max_hp_gain":0.0,"max_hp_loss":0.0,"gold_gain":0.0,"event_name":"Shining Light","player_choice":"Entered Light","floor":2.0,"gold_loss":0.0,"damage_taken":200.0,"cards_upgraded":["Strike_Y","Strike_Y"]},{"damage_healed":0.0,"max_hp_gain":0.0,"max_hp_loss":79.0,"gold_gain":0.0,"event_name":"Golden Idol","player_choice":"Lose Max HP","floor":8.0,"gold_loss":0.0,"damage_taken":0.0,"relics_obtained":["Golden Idol"]},{"damage_healed":0.0,"max_hp_gain":0.0,"max_hp_loss":0.0,"gold_gain":0.0,"event_name":"Scrap Ooze","player_choice":"Success","floor":12.0,"gold_loss":0.0,"damage_taken":7.0,"relics_obtained":["Girya"]},{"damage_healed":311,"gold_gain":0,"player_choice":"Heal","damage_taken":0,"max_hp_gain":0,"max_hp_loss":0,"event_name":"The Library","floor":29,"gold_loss":0},{"cards_removed":["Oh"],"damage_healed":0,"gold_gain":0,"player_choice":"Purged","damage_taken":0,"max_hp_gain":0,"max_hp_loss":0,"event_name":"Purifier","floor":38,"gold_loss":0}],"is_beta":false,"boss_relics":[{"not_picked":["Velvet Choker","Cursed Key"],"picked":"SlaversCollar"},{"not_picked":["Pandora\u0027s Box","SacredBark"],"picked":"Tiny House"}],"items_purged_floors":[10,37,53],"is_endless":false,"potions_floor_spawned":[1,3,11,13,14,18,21,24,35,36,44,47],"ascension_level":0}}