{"host":"s35zr3gblm7slh1q","time":1610858385,"event":{"mods":["BaseMod","Colored Powertips","Downfall","Hermit","Highlight Path","Marisa????????","Minty Spire (QoL Compilation)","Permanent Neow","StSLib"],"gold_per_floor":[99,99,99,109,120,120,147,147,55,55,55,66,66,66,84,179,179,179,44,55,55,75,75,75,75,92,92,106,106,106,106,122,224,224,224,274,274,274,274,289,289,315,315,364,364,376,376,476,490,490],"floor_reached":51,"language":"ENG","playtime":2566,"items_purged":[],"score":679,"play_id":"a9cea5d4-c5d3-4d1b-b5e6-7834f6f28611","local_time":"20210116233945","is_ascension_mode":false,"campfire_choices":[{"data":"champ:Taunt","floor":1,"key":"SMITH"},{"data":"champ:Shatter","floor":6,"key":"SMITH"},{"data":"champ:LastStand","floor":8,"key":"SMITH"},{"data":"champ:Lariat","floor":11,"key":"SMITH"},{"floor":13,"key":"REST"},{"data":"champ:DefensiveStyle","floor":18,"key":"SMITH"},{"data":"champ:HoldFirm","floor":30,"key":"SMITH"},{"data":"champ:MurderStrike","floor":35,"key":"SMITH"},{"floor":43,"key":"DIG"},{"floor":45,"key":"DIG"},{"floor":47,"key":"DIG"}],"circlet_count":0,"master_deck":["champ:Strike","champ:Strike","champ:Defend","champ:Defend","champ:Defend","champ:Defend","champ:Execute","champ:LastStand+1","champ:RageSigil","champ:Shatter+1","champ:DefensiveStyle+1","champ:Lariat+1","champ:Backstep+1","champ:FlashCut","champ:HoldFirm+1","CurseOfTheBell","champ:ShieldSigil","champ:ShieldWall","champ:Lariat+1","champ:ShieldSigil","champ:FlashCut+1","champ:FocusedDefense","champ:DefensiveStyle","champ:MurderStrike+1","expansioncontent:YouAreMine","champ:ShieldSigil+1"],"relics":["champ:ChampionCrown","Gremlin Horn","Juzu Bracelet","Calling Bell","Eternal Feather","Pocketwatch","downfall:RedIOU","Pantograph","Empty Cage","Shovel","Darkstone Periapt","Orichalcum","PreservedInsect","Happy Flower","Vajra","Oddly Smooth Stone"],"acts_visited":["Exordium","TheCity","TheBeyond"],"potions_floor_usage":[26,33,50,50,50],"damage_taken":[{"damage":19,"enemies":"Jaw Worm","floor":4,"turns":7},{"damage":30,"enemies":"Small Slimes","floor":5,"turns":4},{"damage":30,"enemies":"downfall:FleeingMerchant","floor":9,"turns":4},{"damage":25,"enemies":"2 Louse","floor":12,"turns":3},{"damage":1,"enemies":"Large Slime","floor":15,"turns":6},{"damage":55,"enemies":"WA_ARCHETYPE_RETAIN","floor":16,"turns":10},{"damage":20,"enemies":"downfall:FleeingMerchant","floor":19,"turns":4},{"damage":12,"enemies":"Shell Parasite","floor":20,"turns":3},{"damage":0,"enemies":"Spheric Guardian","floor":22,"turns":3},{"damage":10,"enemies":"Snake Plant","floor":26,"turns":2},{"damage":0,"enemies":"Cultist and Chosen","floor":28,"turns":4},{"damage":17,"enemies":"Centurion and Healer","floor":32,"turns":6},{"damage":70,"enemies":"IC_MUSHROOM_ARCHETYPE","floor":33,"turns":8},{"damage":5,"enemies":"IC_MUSHROOM_ARCHETYPE","floor":36,"turns":7},{"damage":18,"enemies":"3 Shapes","floor":40,"turns":3},{"damage":10,"enemies":"Orb Walker","floor":46,"turns":3},{"damage":61,"enemies":"Transient","floor":49,"turns":5},{"damage":35,"enemies":"SI_POISON_ARCHETYPE","floor":50,"turns":6}],"seed_played":"-4057069761823196886","potions_obtained":[{"floor":4,"key":"DuplicationPotion"},{"floor":16,"key":"champ:OpenerPotion"},{"floor":22,"key":"FearPotion"},{"floor":26,"key":"Ancient Potion"},{"floor":28,"key":"champ:CounterPotion"},{"floor":36,"key":"Strength Potion"}],"is_trial":false,"path_per_floor":["R","?","T","M","M","R","T","R","$","?","R","M","R","?","M","B",null,"R","$","M","?","M","?","T","?","M","?","M","?","R","?","M","B",null,"R","?","?","?","?","M","T","?","R","T","R","M","R","?","M","B",null],"character_chosen":"THE_CHAMP","items_purchased":["champ:Lariat","champ:ShieldWall","champ:Lariat"],"campfire_rested":1,"item_purchase_floors":[9,19,19],"current_hp_per_floor":[90,95,95,86,81,81,81,81,76,76,76,76,95,95,94,39,95,95,95,93,93,93,93,93,93,83,83,83,83,95,95,78,35,95,95,90,90,90,81,63,63,63,78,78,93,93,95,95,34,24],"gold":490,"neow_bonus":"ONE_RANDOM_RARE_CARD","is_daily":false,"chose_seed":false,"campfire_upgraded":7,"win_rate":0.0,"timestamp":1610858385,"path_taken":["R","?","?","M","M","R","T","R","$","?","R","M","R","?","M","BOSS","R","$","M","?","M","?","T","?","M","?","M","?","R","?","M","BOSS","R","?","?","?","?","M","T","?","R","?","R","M","R","?","M","BOSS"],"items_purchased_type":["Card","Card","Card"],"build_version":"2020-12-22","purchased_purges":0,"victory":true,"max_hp_per_floor":[90,95,95,95,95,95,95,95,95,95,95,95,95,95,95,95,95,95,95,95,95,95,95,95,95,95,95,95,95,95,95,95,95,95,95,95,95,95,95,95,95,95,95,95,95,95,95,95,95,95],"card_choices":[{"not_picked":["champ:EnGarde","champ:PreciseThrust"],"picked":"champ:RageSigil","floor":4},{"not_picked":["champ:DefensiveShout","champ:Lariat"],"picked":"champ:Shatter","floor":5},{"not_picked":["champ:SetATrap","champ:BladeFlurry"],"picked":"champ:DefensiveStyle","floor":9},{"not_picked":["champ:BerserkersShout","champ:Haymaker"],"picked":"champ:Backstep","floor":12},{"not_picked":["champ:Shatter","champ:StrikeOfGenius"],"picked":"champ:FlashCut","floor":15},{"not_picked":["champ:ShieldThrow","champ:SwordThrow"],"picked":"champ:HoldFirm","floor":16},{"not_picked":["champ:EndlessRage","champ:ArenaPreparation"],"picked":"champ:ShieldSigil","floor":19},{"not_picked":["champ:ArenaPreparation+1","champ:Shatter+1"],"picked":"champ:ShieldSigil","floor":20},{"not_picked":["champ:DeathBlow","champ:RageSigil+1"],"picked":"champ:FlashCut+1","floor":22},{"not_picked":["champ:Shatter","champ:CrownThrow"],"picked":"champ:DefensiveStyle","floor":26},{"not_picked":["champ:PerfectedStrike+1","champ:BringItOn","champ:BerserkersShout+1"],"picked":"SKIP","floor":28},{"not_picked":["champ:PerfectedStrike","champ:IronFortress+1","champ:CalledShot+1"],"picked":"SKIP","floor":32},{"not_picked":["champ:LastStand","champ:Improvising"],"picked":"champ:MurderStrike","floor":33},{"not_picked":["expansioncontent:Hexaburn","expansioncontent:AwakenDeath"],"picked":"expansioncontent:YouAreMine","floor":38},{"not_picked":["champ:FlashCut","champ:CrownThrow+1"],"picked":"champ:ShieldSigil+1","floor":40},{"not_picked":["champ:Haymaker+1","champ:CrownThrow+1","champ:FanOfKnives"],"picked":"SKIP","floor":46},{"not_picked":["champ:GutPunch","champ:Shatter+1","champ:IgnorePain"],"picked":"SKIP","floor":49}],"player_experience":347527,"relics_obtained":[{"floor":3,"key":"Gremlin Horn"},{"floor":7,"key":"Juzu Bracelet"},{"floor":17,"key":"MealTicket"},{"floor":17,"key":"Eternal Feather"},{"floor":17,"key":"Pocketwatch"},{"floor":24,"key":"Pantograph"},{"floor":36,"key":"Shovel"},{"floor":41,"key":"Darkstone Periapt"},{"floor":42,"key":"Orichalcum"},{"floor":43,"key":"PreservedInsect"},{"floor":44,"key":"Happy Flower"},{"floor":45,"key":"Vajra"},{"floor":47,"key":"Oddly Smooth Stone"}],"event_choices":[{"damage_healed":0,"gold_gain":0,"player_choice":"Donut","damage_taken":0,"max_hp_gain":5,"max_hp_loss":0,"event_name":"Big Fish","floor":2,"gold_loss":0},{"damage_healed":0,"gold_gain":0,"player_choice":"Grow","damage_taken":0,"max_hp_gain":0,"max_hp_loss":0,"event_name":"Living Wall","floor":14,"gold_loss":0,"cards_upgraded":["champ:Backstep"]},{"damage_healed":0,"gold_gain":0,"player_choice":"Read","damage_taken":0,"max_hp_gain":0,"max_hp_loss":0,"event_name":"The Library","floor":25,"gold_loss":0,"cards_obtained":["champ:FocusedDefense"]},{"cards_removed":["champ:Taunt"],"damage_healed":0,"gold_gain":0,"player_choice":"Removed Skill","damage_taken":0,"max_hp_gain":0,"max_hp_loss":0,"event_name":"Falling","floor":37,"gold_loss":0},{"damage_healed":0,"gold_gain":0,"player_choice":"Damaged","damage_taken":9,"max_hp_gain":0,"max_hp_loss":0,"event_name":"Wheel of Change","floor":39,"gold_loss":0}],"is_beta":false,"boss_relics":[{"not_picked":["Runic Pyramid","Black Star"],"picked":"Calling Bell"},{"not_picked":["Sozu","Cursed Key"],"picked":"Empty Cage"}],"items_purged_floors":[],"is_endless":false,"potions_floor_spawned":[4,16,22,26,28,36,46],"ascension_level":0}}