{"host":"uyrebrj0204enqpc","time":1610893666,"event":{"mods":["Act Like it!","Bard","BaseMod","Block Reminder","Challenge The Spire","Colored Map","Colored Powertips","DeckTracker","Downfall","GifTheSpireLib","HexUI Lib","Highlight Path","Hubris","Infinite Spire","Minty Spire (QoL Compilation)","Pale of the Ancients","Quick Restart","Random Character Button","Relic Sorter","Relic Stats","Shop Mod","StSLib","The Blue Laboratory","The Bug Knight","The Cursed","The Jungle","The Marked","Wandering Minibosses"],"gold_per_floor":[113,113,123,137,87,87,103,103,130,130,157,175,100,128,128,223,223,234,234,303,317,337,362,362,362,362],"floor_reached":25,"language":"ENG","playtime":1582,"items_purged":["bronze:Defend"],"score":248,"play_id":"9479e990-2b4c-44d8-a7e1-612fb3063a1b","local_time":"20210117092746","is_ascension_mode":false,"campfire_choices":[{"data":"bronze:Repair","floor":6.0,"key":"SMITH"},{"data":"bronze:Replicate","floor":10.0,"key":"SMITH"},{"data":"bronze:Shell","floor":15.0,"key":"SMITH"},{"floor":24.0,"key":"REST"}],"circlet_count":0,"master_deck":["bronze:Strike","bronze:Strike","bronze:Strike","bronze:Defend","bronze:Defend","bronze:Replicate+1","bronze:Goto","bronze:Shield","bronze:Repair+1","bronze:Shell+1","bronze:ShipIt","bronze:Verify","bronze:Flail","wanderingMiniBosses:FinaleOfPromise","bronze:Iterate"],"relics":["bronze:BronzeCore","infinitespire:Satchel","infinitespire:PuzzleCube","Vajra","hubris:MobiusCoin","hubris:TerracottaHorce","wanderingMiniBosses:Blackblade","WingedGreaves"],"acts_visited":["Exordium","TheCity"],"potions_floor_usage":[],"damage_taken":[{"damage":3.0,"enemies":"2 Louse","floor":1.0,"turns":2.0},{"damage":1.0,"enemies":"Jaw Worm","floor":3.0,"turns":5.0},{"damage":0.0,"enemies":"Cultist","floor":4.0,"turns":4.0},{"damage":1.0,"enemies":"2 Fungi Beasts","floor":7.0,"turns":5.0},{"damage":0.0,"enemies":"Looter","floor":12.0,"turns":3.0},{"damage":0.0,"enemies":"3 Sentries","floor":14.0,"turns":8.0},{"damage":49.0,"enemies":"Hexaghost","floor":16.0,"turns":11.0},{"damage":24.0,"enemies":"Spheric Guardian","floor":18.0,"turns":8.0},{"damage":4.0,"enemies":"3 Byrds","floor":20.0,"turns":5.0},{"damage":20.0,"enemies":"Centurion and Healer","floor":21.0,"turns":6.0},{"damage":21.0,"enemies":"Cultist and Chosen","floor":22.0,"turns":5.0},{"damage":29.0,"enemies":"Gremlin Leader","floor":23.0,"turns":5.0},{"damage":49,"enemies":"Nightmare","floor":25,"turns":5}],"seed_played":"1984850793584975892","potions_obtained":[{"floor":7.0,"key":"Energy Potion"},{"floor":12.0,"key":"Weak Potion"},{"floor":14.0,"key":"FearPotion"},{"floor":16.0,"key":"champ:CounterPotion"},{"floor":21.0,"key":"Explosive Potion"},{"floor":22.0,"key":"LiquidMemories"}],"is_trial":false,"path_per_floor":["M","?","M","M","?","R","M","?","T","R","T","M","$","E","R","B",null,"M","?","M","M","M","E","R","NM"],"character_chosen":"THE_AUTOMATON","items_purchased":[],"campfire_rested":1,"item_purchase_floors":[],"current_hp_per_floor":[74,71,70,70,70,70,77,70,70,70,70,77,77,77,77,37,67,53,53,59,49,38,9,32,0,0],"gold":362,"neow_bonus":"TEN_PERCENT_HP_BONUS","is_daily":false,"chose_seed":false,"campfire_upgraded":3,"win_rate":0.0,"timestamp":1610893666,"path_taken":["M","?","M","M","?","R","M","?","T","R","?","?","?","E","R","BOSS","M","?","M","M","M","E","R","NM"],"items_purchased_type":[],"build_version":"2020-12-22","purchased_purges":1,"victory":false,"max_hp_per_floor":[77,77,77,77,77,77,77,77,77,77,77,77,77,77,77,77,77,77,77,77,77,77,77,77,77,77],"relic_stats":{"counters":[13,72],"obtain_stats":[{"hubris:MobiusCoin":14,"bronze:BronzeCore":0,"wanderingMiniBosses:Blackblade":21,"infinitespire:Satchel":2,"Vajra":11,"WingedGreaves":23,"infinitespire:PuzzleCube":9,"hubris:TerracottaHorce":17},{"hubris:MobiusCoin":6,"bronze:BronzeCore":0,"wanderingMiniBosses:Blackblade":10,"infinitespire:Satchel":1,"Vajra":4,"WingedGreaves":12,"infinitespire:PuzzleCube":4,"hubris:TerracottaHorce":7},{"hubris:MobiusCoin":27,"bronze:BronzeCore":0,"wanderingMiniBosses:Blackblade":57,"infinitespire:Satchel":2,"Vajra":16,"WingedGreaves":67,"infinitespire:PuzzleCube":16,"hubris:TerracottaHorce":38}]},"card_choices":[{"not_picked":["bronze:Overheat","bronze:BugBarrage","bronze:DelayedGuard"],"picked":"SKIP","floor":1.0},{"not_picked":["bronze:Shell","bronze:ClassDefault"],"picked":"bronze:Shield","floor":3.0},{"not_picked":["bronze:DelayedGuard","bronze:DelayedSlice"],"picked":"bronze:Repair","floor":4.0},{"not_picked":["bronze:FollowUp","bronze:WildBeam","bronze:Invalidate"],"picked":"SKIP","floor":7.0},{"not_picked":["bronze:OilSpill","bronze:DelayedGuard"],"picked":"bronze:Shell","floor":12.0},{"not_picked":["bronze:Turbo","bronze:BronzeArmor"],"picked":"bronze:ShipIt","floor":14.0},{"not_picked":["bronze:RecursiveStrike","bronze:ShipIt"],"picked":"bronze:Verify","floor":16.0},{"not_picked":["bronze:CloningBeam","bronze:WhirlingStrike","bronze:Overheat"],"picked":"SKIP","floor":18.0},{"not_picked":["bronze:Turbo","bronze:Allocate"],"picked":"bronze:Flail","floor":20.0},{"not_picked":[],"picked":"wanderingMiniBosses:FinaleOfPromise","floor":21.0},{"not_picked":["bronze:Return","bronze:ChosenStrike","bronze:GetLatest"],"picked":"SKIP","floor":21.0},{"not_picked":["bronze:Fortify+1","bronze:Backtrace","bronze:WhirlingStrike"],"picked":"SKIP","floor":22.0},{"not_picked":["bronze:BugBarrage","bronze:WhirlingStrike"],"picked":"bronze:Iterate","floor":23.0}],"player_experience":1052427,"relics_obtained":[{"floor":9.0,"key":"infinitespire:PuzzleCube"},{"floor":11.0,"key":"Vajra"},{"floor":14.0,"key":"hubris:MobiusCoin"},{"floor":21.0,"key":"wanderingMiniBosses:Blackblade"},{"floor":23.0,"key":"WingedGreaves"}],"event_choices":[{"damage_healed":0.0,"max_hp_gain":0.0,"max_hp_loss":0.0,"gold_gain":0.0,"event_name":"Scrap Ooze","player_choice":"Success","floor":2.0,"gold_loss":0.0,"damage_taken":3.0,"relics_obtained":["infinitespire:Satchel"]},{"cards_removed":["bronze:Defend"],"damage_healed":0.0,"max_hp_gain":0.0,"max_hp_loss":0.0,"gold_gain":0.0,"event_name":"The Cleric","player_choice":"Card Removal","floor":5.0,"gold_loss":50.0,"damage_taken":0.0},{"cards_removed":["bronze:Strike"],"damage_healed":0.0,"max_hp_gain":0.0,"max_hp_loss":0.0,"gold_gain":0.0,"event_name":"Golden Wing","player_choice":"Card Removal","floor":8.0,"gold_loss":0.0,"damage_taken":7.0}],"is_beta":false,"boss_relics":[{"not_picked":["hubris:GrandSneckoEye","Black Star"],"picked":"hubris:TerracottaHorce"}],"items_purged_floors":[13],"is_endless":false,"potions_floor_spawned":[7,12,14,16,21,22],"killed_by":"Nightmare","ascension_level":0}}