{"host":"axuns55dzq466eei","time":1610887804,"event":{"mods":["BaseMod","Colored Map","Keyboard Shortcuts","Minty Spire (QoL Compilation)","StSLib","SuperFastMode"],"gold_per_floor":[111,111,71,146,146,172,172,202,202,221,241,258,141,151,151,151,151],"floor_reached":16,"language":"KOR","playtime":547,"items_purged":["Strike_B"],"score":320,"play_id":"4fb50f0c-5ab1-4a2b-8e9c-1bf3a0727577","local_time":"20210117215004","is_ascension_mode":true,"campfire_choices":[{"data":"Self Repair","floor":7,"key":"SMITH"},{"floor":15,"key":"REST"}],"circlet_count":0,"master_deck":["AscendersBane","Strike_B","Strike_B","Strike_B","Defend_B","Defend_B","Defend_B","Defend_B","Zap","Dualcast+1","Gash+1","Self Repair+1","Chill","Coolheaded","Heatsinks","Coolheaded","Glacier","Storm","Cold Snap"],"relics":["Cracked Core","NeowsBlessing","Bag of Preparation","Blood Vial","Unceasing Top","Darkstone Periapt"],"acts_visited":["Exordium"],"potions_floor_usage":[12],"damage_taken":[{"damage":0,"enemies":"Jaw Worm","floor":1,"turns":1},{"damage":0,"enemies":"Lagavulin","floor":6,"turns":1},{"damage":0,"enemies":"Gremlin Nob","floor":8,"turns":1},{"damage":0,"enemies":"Small Slimes","floor":10,"turns":5},{"damage":0,"enemies":"2 Louse","floor":11,"turns":4},{"damage":33,"enemies":"Exordium Wildlife","floor":12,"turns":7},{"damage":2,"enemies":"Blue Slaver","floor":14,"turns":6},{"damage":69,"enemies":"Slime Boss","floor":16,"turns":9}],"seed_played":"-1582105992335776516","potions_obtained":[{"floor":1,"key":"AttackPotion"},{"floor":6,"key":"PotionOfCapacity"},{"floor":14,"key":"PotionOfCapacity"}],"is_trial":false,"path_per_floor":["M","?","$","?","T","E","R","E","T","M","M","M","$","M","R","B"],"character_chosen":"DEFECT","items_purchased":["Self Repair","Storm"],"campfire_rested":1,"item_purchase_floors":[3,13],"current_hp_per_floor":[64,43,43,32,32,32,32,34,34,46,48,27,27,37,58,0,0],"gold":151,"neow_bonus":"THREE_ENEMY_KILL","is_daily":false,"chose_seed":false,"campfire_upgraded":1,"win_rate":0.0,"timestamp":1610887804,"path_taken":["M","?","$","?","?","E","R","E","T","M","M","M","?","?","R","BOSS"],"items_purchased_type":["Card","Card"],"build_version":"2020-12-22","purchased_purges":1,"victory":false,"max_hp_per_floor":[71,71,71,71,71,71,71,71,71,71,71,71,71,71,71,71,71],"card_choices":[{"not_picked":["Blizzard","Go for the Eyes"],"picked":"Gash","floor":1},{"not_picked":["Streamline","Reinforced Body"],"picked":"Chill","floor":6},{"not_picked":["Streamline","Static Discharge"],"picked":"Coolheaded","floor":8},{"not_picked":["Cold Snap","Gash"],"picked":"Heatsinks","floor":10},{"not_picked":["Rebound","Darkness"],"picked":"Coolheaded","floor":11},{"not_picked":["Heatsinks","Storm"],"picked":"Glacier","floor":12},{"not_picked":["Ball Lightning","Leap"],"picked":"Cold Snap","floor":14}],"player_experience":1079395,"relics_obtained":[{"floor":5,"key":"Bag of Preparation"},{"floor":6,"key":"Blood Vial"},{"floor":8,"key":"Unceasing Top"},{"floor":9,"key":"Darkstone Periapt"}],"event_choices":[{"damage_healed":0,"gold_gain":0,"player_choice":"Entered Light","damage_taken":21,"max_hp_gain":0,"max_hp_loss":0,"event_name":"Shining Light","floor":2,"gold_loss":0,"cards_upgraded":["Dualcast","Gash"]},{"damage_healed":0,"gold_gain":75,"player_choice":"Gather Gold","damage_taken":11,"max_hp_gain":0,"max_hp_loss":0,"event_name":"World of Goop","floor":4,"gold_loss":0}],"is_beta":false,"boss_relics":[],"items_purged_floors":[13],"is_endless":false,"potions_floor_spawned":[1,6,14],"killed_by":"Slime Boss","ascension_level":20}}