{"host":"e2ju6k0wppswbhbd","time":1610917099,"event":{"mods":["BaseMod","Minty Spire (QoL Compilation)","Rare Cards Sparkle","StSLib"],"gold_per_floor":[115,129,41,58,58,83,37,56,82,56,56,70,103,123,123,222,222,237,152,152,162,162,162,191,191,191,222,232,232,246,0,0,97,97,113,0,16,16,31,31,31,44,44,44,95,106,106,140,140,140,140],"floor_reached":50,"language":"FRA","playtime":5963,"items_purged":[],"score":597,"play_id":"28ad69f9-7d02-46c6-84c6-2bc3c59ba49a","local_time":"20210117215819","is_ascension_mode":false,"campfire_choices":[{"floor":11,"key":"REST"},{"floor":15,"key":"RECALL"},{"data":"Fusion","floor":23,"key":"SMITH"},{"data":"Doom and Gloom","floor":25,"key":"SMITH"},{"floor":29,"key":"REST"},{"floor":32,"key":"REST"},{"data":"Defragment","floor":40,"key":"SMITH"},{"data":"Capacitor","floor":44,"key":"SMITH"},{"floor":47,"key":"REST"},{"data":"Conserve Battery","floor":49,"key":"SMITH"}],"circlet_count":0,"master_deck":["Strike_B","Strike_B","Strike_B","Defend_B","Defend_B","Defend_B","Defend_B","Zap","Dualcast","Fusion+1","Coolheaded","Genetic Algorithm","Redo","Sunder","Ball Lightning","Double Energy","Steam","Leap","Beam Cell","Melter","Defragment+1","Cold Snap","Biased Cognition","White Noise","Conserve Battery+1","Aggregate+1","Cold Snap","Forethought","Doom and Gloom+1","Writhe","Chaos","Streamline","Ball Lightning","Apotheosis","Capacitor+1","Machine Learning","CurseOfTheBell","Stack+1","Hologram+1","Madness","Trip","Redo","Scrape+1","Shame","Undo+1","White Noise+1","Blizzard"],"relics":["Cracked Core","Strawberry","Regal Pillow","Smiling Mask","Cursed Key","Pocketwatch","Akabeko","Ancient Tea Set","Calling Bell","Blood Vial","Pear","Torii","Red Mask","Ornamental Fan","Lizard Tail","Calipers","Juzu Bracelet"],"acts_visited":["Exordium","TheCity","TheBeyond"],"potions_floor_usage":[2,6,8,13,16,16,21,30,35,48],"damage_taken":[{"damage":0,"enemies":"Cultist","floor":1,"turns":3},{"damage":0,"enemies":"Small Slimes","floor":2,"turns":3},{"damage":1,"enemies":"Jaw Worm","floor":4,"turns":3},{"damage":47,"enemies":"3 Sentries","floor":6,"turns":13},{"damage":10,"enemies":"Large Slime","floor":8,"turns":5},{"damage":9,"enemies":"Exordium Thugs","floor":10,"turns":5},{"damage":1,"enemies":"3 Louse","floor":12,"turns":4},{"damage":10,"enemies":"Lagavulin","floor":13,"turns":6},{"damage":1,"enemies":"Looter","floor":14,"turns":2},{"damage":8,"enemies":"The Guardian","floor":16,"turns":12},{"damage":17,"enemies":"3 Byrds","floor":18,"turns":6},{"damage":1,"enemies":"Chosen","floor":21,"turns":4},{"damage":6,"enemies":"Gremlin Leader","floor":24,"turns":11},{"damage":32,"enemies":"Slavers","floor":27,"turns":5},{"damage":23,"enemies":"Shelled Parasite and Fungi","floor":28,"turns":4},{"damage":11,"enemies":"Centurion and Healer","floor":30,"turns":3},{"damage":68,"enemies":"Champ","floor":33,"turns":11},{"damage":0,"enemies":"Orb Walker","floor":35,"turns":3},{"damage":16,"enemies":"3 Darklings","floor":37,"turns":5},{"damage":7,"enemies":"4 Shapes","floor":39,"turns":5},{"damage":17,"enemies":"Jaw Worm Horde","floor":42,"turns":5},{"damage":83,"enemies":"2 Orb Walkers","floor":45,"turns":6},{"damage":8,"enemies":"Spire Growth","floor":46,"turns":7},{"damage":0,"enemies":"Nemesis","floor":48,"turns":8},{"damage":89,"enemies":"Time Eater","floor":50,"turns":7}],"seed_played":"-8296113976158767541","potions_obtained":[{"floor":1,"key":"BlessingOfTheForge"},{"floor":4,"key":"SpeedPotion"},{"floor":6,"key":"Explosive Potion"},{"floor":10,"key":"BlessingOfTheForge"},{"floor":13,"key":"PowerPotion"},{"floor":14,"key":"FearPotion"},{"floor":18,"key":"Dexterity Potion"},{"floor":27,"key":"FocusPotion"},{"floor":33,"key":"EssenceOfSteel"},{"floor":35,"key":"Energy Potion"},{"floor":45,"key":"FearPotion"},{"floor":46,"key":"LiquidMemories"},{"floor":48,"key":"PotionOfCapacity"}],"is_trial":false,"path_per_floor":["M","M","$","M","?","E","$","M","T","M","R","M","E","M","R","B",null,"M","?","?","M","?","R","E","R","T","E","M","R","M","$","R","B",null,"M","?","M","?","M","R","?","M","T","R","?","M","R","E","R","B"],"character_chosen":"DEFECT","items_purchased":["Redo","Sunder","Steam","Apotheosis","Capacitor"],"campfire_rested":4,"item_purchase_floors":[3,3,7,31,31],"current_hp_per_floor":[75,75,75,74,74,34,34,24,24,15,54,53,43,42,42,34,82,65,65,65,64,64,64,58,58,58,26,3,42,31,31,70,2,92,92,92,76,71,66,66,66,51,51,51,25,19,61,63,63,0,0],"gold":140,"neow_bonus":"THREE_CARDS","is_daily":false,"chose_seed":false,"campfire_upgraded":5,"win_rate":0.0,"timestamp":1610917099,"path_taken":["M","M","$","M","?","E","?","M","T","M","R","M","E","M","R","BOSS","M","?","?","M","?","R","E","R","T","E","?","R","M","$","R","BOSS","M","?","M","?","M","R","?","?","T","R","?","M","R","E","R","BOSS"],"items_purchased_type":["Card","Card","Card","Card","Card"],"build_version":"2020-12-22","purchased_purges":0,"victory":false,"max_hp_per_floor":[75,75,75,75,75,82,82,82,82,82,82,82,82,82,82,82,82,82,82,82,82,82,82,82,82,82,82,82,82,82,82,82,82,92,92,92,92,92,92,92,92,92,92,92,92,92,92,92,92,92,92],"card_choices":[{"not_picked":["Blizzard","Compile Driver"],"picked":"Fusion","floor":0},{"not_picked":["Hologram","Glacier"],"picked":"Coolheaded","floor":1},{"not_picked":["Fusion","Recycle"],"picked":"Genetic Algorithm","floor":2},{"not_picked":["Coolheaded","Lockon"],"picked":"Ball Lightning","floor":4},{"not_picked":["Fission","Blizzard"],"picked":"Double Energy","floor":6},{"not_picked":["Fusion","Darkness"],"picked":"Leap","floor":8},{"not_picked":["Rebound","Barrage"],"picked":"Beam Cell","floor":10},{"not_picked":["Turbo","Hologram"],"picked":"Melter","floor":12},{"not_picked":["Loop","Sweeping Beam"],"picked":"Defragment","floor":13},{"not_picked":["Heatsinks","Gash"],"picked":"Cold Snap","floor":14},{"not_picked":["Meteor Strike","All For One"],"picked":"Biased Cognition","floor":16},{"not_picked":["Genetic Algorithm","Gash+1"],"picked":"White Noise","floor":18},{"not_picked":["White Noise+1","Compile Driver"],"picked":"Aggregate+1","floor":21},{"not_picked":["Rebound","Lockon"],"picked":"Doom and Gloom","floor":24},{"not_picked":["Conserve Battery","Go for the Eyes"],"picked":"Chaos","floor":27},{"not_picked":["Gash","Thunder Strike"],"picked":"Streamline","floor":28},{"not_picked":["Compile Driver","Go for the Eyes"],"picked":"Ball Lightning","floor":30},{"not_picked":["Rainbow","Amplify"],"picked":"Machine Learning","floor":33},{"not_picked":["Turbo+1","Self Repair"],"picked":"Stack+1","floor":35},{"not_picked":["Ball Lightning+1","Compile Driver+1"],"picked":"Hologram+1","floor":37},{"not_picked":["PanicButton","Flash of Steel"],"picked":"Madness","floor":38},{"not_picked":["PanicButton","Forethought"],"picked":"Trip","floor":38},{"not_picked":["Streamline","Machine Learning"],"picked":"Redo","floor":39},{"not_picked":["Stack","Sweeping Beam"],"picked":"Scrape+1","floor":42},{"not_picked":["Conserve Battery+1","Fission"],"picked":"Undo+1","floor":45},{"not_picked":["Double Energy","Coolheaded"],"picked":"White Noise+1","floor":46},{"not_picked":["Reprogram+1","Turbo+1"],"picked":"Blizzard","floor":48}],"player_experience":2700173,"relics_obtained":[{"floor":6,"key":"Strawberry"},{"floor":9,"key":"Regal Pillow"},{"floor":13,"key":"Smiling Mask"},{"floor":24,"key":"Akabeko"},{"floor":27,"key":"Ancient Tea Set"},{"floor":34,"key":"Blood Vial"},{"floor":34,"key":"Pear"},{"floor":34,"key":"Torii"},{"floor":43,"key":"Lizard Tail"},{"floor":45,"key":"Calipers"},{"floor":48,"key":"Juzu Bracelet"}],"event_choices":[{"cards_removed":["Strike_B"],"damage_healed":0,"gold_gain":0,"player_choice":"Offered Basic","damage_taken":0,"max_hp_gain":0,"max_hp_loss":0,"event_name":"Bonfire Elementals","floor":5,"gold_loss":0},{"damage_healed":0,"gold_gain":0,"player_choice":"Obtained Relic","damage_taken":0,"relics_obtained":["Pocketwatch"],"max_hp_gain":0,"max_hp_loss":0,"event_name":"Addict","floor":19,"gold_loss":85},{"damage_healed":0,"gold_gain":0,"player_choice":"Read","damage_taken":0,"max_hp_gain":0,"max_hp_loss":0,"event_name":"The Library","floor":20,"gold_loss":0,"cards_obtained":["Conserve Battery"]},{"damage_healed":0,"gold_gain":0,"player_choice":"2 cards matched","damage_taken":0,"max_hp_gain":0,"max_hp_loss":0,"event_name":"Match and Keep!","floor":22,"gold_loss":0,"cards_obtained":["Cold Snap","Forethought"]},{"damage_healed":0,"gold_gain":0,"player_choice":"Paid","damage_taken":0,"relics_obtained":["Red Mask"],"max_hp_gain":0,"max_hp_loss":0,"event_name":"Tomb of Lord Red Mask","floor":36,"gold_loss":113},{"damage_healed":0,"gold_gain":0,"player_choice":"Memory 2","damage_taken":5,"max_hp_gain":0,"max_hp_loss":0,"event_name":"SensoryStone","floor":38,"gold_loss":0},{"damage_healed":0,"gold_gain":0,"player_choice":"Gave Potion","damage_taken":0,"relics_obtained":["Ornamental Fan"],"max_hp_gain":0,"max_hp_loss":0,"event_name":"WeMeetAgain","floor":41,"gold_loss":0},{"damage_healed":0,"gold_gain":0,"player_choice":"Fight","damage_taken":0,"max_hp_gain":0,"max_hp_loss":0,"event_name":"Mysterious Sphere","floor":45,"gold_loss":0}],"is_beta":false,"boss_relics":[{"not_picked":["Sozu","Fusion Hammer"],"picked":"Cursed Key"},{"not_picked":["Philosopher\u0027s Stone","Nuclear Battery"],"picked":"Calling Bell"}],"items_purged_floors":[],"is_endless":false,"potions_floor_spawned":[1,4,6,10,13,14,18,27,33,35,45,46,48],"killed_by":"Time Eater","ascension_level":0}}