{"host":"Bilverbakes","time":1610908804,"event":{"mods":["2.2 Compatiblity","AchievementEnabler","BaseMod","Bestiary","Colored Map","Minty Spire (QoL Compilation)","Relic Stats","StSLib","ojb\u0027s Info Mod"],"gold_per_floor":[118,83,101,81,94,126,139,155,155,27,27,27],"floor_reached":11,"language":"ENG","playtime":508,"items_purged":[],"score":150,"play_id":"0f59ff47-fb24-4489-bdc3-0e63acb82d5b","local_time":"20210117124004","is_ascension_mode":true,"campfire_choices":[],"circlet_count":0,"master_deck":["AscendersBane","Strike_G","Strike_G","Strike_G","Strike_G","Strike_G","Defend_G","Defend_G","Defend_G","Defend_G","Defend_G","Survivor","Neutralize","Dash","Underhanded Strike","Wraith Form v2","Quick Slash","Leg Sweep"],"relics":["Black Star","Snake Skull","Vajra","Orichalcum"],"acts_visited":["Exordium"],"potions_floor_usage":[6,6,7,11],"damage_taken":[{"damage":7,"enemies":"Jaw Worm","floor":1,"turns":5},{"damage":5,"enemies":"Small Slimes","floor":3,"turns":6},{"damage":6,"enemies":"Cultist","floor":5,"turns":5},{"damage":28,"enemies":"Gremlin Nob","floor":6,"turns":4},{"damage":15,"enemies":"Exordium Wildlife","floor":7,"turns":9},{"damage":7,"enemies":"Gremlin Gang","floor":8,"turns":7},{"damage":8,"enemies":"3 Sentries","floor":11,"turns":3}],"seed_played":"4721157080526536505","potions_obtained":[{"floor":1,"key":"SpeedPotion"},{"floor":3,"key":"CunningPotion"},{"floor":4,"key":"DistilledChaos"},{"floor":6,"key":"Swift Potion"}],"is_trial":false,"path_per_floor":["M","?","M","?","M","E","M","M","T","$","E"],"character_chosen":"THE_SILENT","items_purchased":["Leg Sweep","Strength Potion"],"campfire_rested":0,"item_purchase_floors":[10,10],"current_hp_per_floor":[52,66,61,61,55,27,12,5,5,5,0,0],"gold":27,"neow_bonus":"BOSS_RELIC","is_daily":false,"chose_seed":false,"campfire_upgraded":0,"win_rate":0.0,"timestamp":1610908804,"path_taken":["M","?","M","?","M","E","M","?","T","$","E"],"items_purchased_type":["Card","Potion"],"build_version":"2020-12-18","purchased_purges":0,"victory":false,"max_hp_per_floor":[66,66,66,66,66,66,66,66,66,66,66,66],"relic_stats":{"counters":[7,39],"Snake Skull":[0],"Black Star":1,"Orichalcum":[6],"obtain_stats":[{"Vajra":6,"Snake Skull":6,"Black Star":0,"Orichalcum":9,"Ring of the Snake":0},{"Vajra":4,"Snake Skull":4,"Black Star":0,"Orichalcum":6,"Ring of the Snake":0},{"Vajra":20,"Snake Skull":20,"Black Star":0,"Orichalcum":36,"Ring of the Snake":0}]},"card_choices":[{"not_picked":["Distraction","Prepared","Deflect"],"picked":"SKIP","floor":1},{"not_picked":["Cloak And Dagger","Outmaneuver"],"picked":"Dash","floor":3},{"not_picked":["Prepared","Bane"],"picked":"Underhanded Strike","floor":5},{"not_picked":["Cloak And Dagger","Bane"],"picked":"Wraith Form v2","floor":6},{"not_picked":["Tactician","Setup","Outmaneuver"],"picked":"SKIP","floor":7},{"not_picked":["Escape Plan","Acrobatics"],"picked":"Quick Slash","floor":8}],"player_experience":720821,"relics_obtained":[{"floor":6,"key":"Snake Skull"},{"floor":6,"key":"Vajra"},{"floor":9,"key":"Orichalcum"}],"event_choices":[{"damage_healed":16,"gold_gain":0,"player_choice":"Healed","damage_taken":0,"max_hp_gain":0,"max_hp_loss":0,"event_name":"The Cleric","floor":2,"gold_loss":35},{"damage_healed":0,"gold_gain":0,"player_choice":"Bought 1 Potion","damage_taken":0,"max_hp_gain":0,"max_hp_loss":0,"event_name":"The Woman in Blue","floor":4,"gold_loss":0}],"is_beta":true,"boss_relics":[],"items_purged_floors":[],"is_endless":false,"potions_floor_spawned":[1,3,6],"killed_by":"3 Sentries","ascension_level":20}}