{"host":"5jzx1090woovszu4","time":1610927646,"event":{"mods":["BaseMod","Minty Spire (QoL Compilation)","Robot Space Explorer","Spicy Shops","StSLib","The Marked"],"gold_per_floor":[119,134,29,29,93,118,128,153,153,185,185,4,4,23,23,127,177,195,294,323,323,323,323,352,367,367,367,379,46,90,61,61,166,475,485,485,503,518,543,585,585,585,585,585,326,346,387,20,20,20,20],"floor_reached":50,"language":"ENG","playtime":3825,"items_purged":["RobotSpaceExplorer:ShockKick"],"score":707,"play_id":"b6fd48b1-8fcb-48b7-9ab5-a535aad916c4","local_time":"20210118005406","daily_mods":["Draft","Elite Swarm"],"is_ascension_mode":false,"campfire_choices":[{"data":"RobotSpaceExplorer:Explosion","floor":11,"key":"SMITH"},{"data":"Apotheosis","floor":13,"key":"SMITH"},{"floor":15,"key":"REST"},{"floor":23,"key":"REST"},{"floor":27,"key":"REST"},{"data":"Master of Strategy","floor":32,"key":"SMITH"},{"floor":41,"key":"REST"},{"floor":44,"key":"REST"},{"floor":49,"key":"REST"}],"circlet_count":0,"master_deck":["RobotSpaceExplorer:ScrapMissile","RobotSpaceExplorer:MiniDrones","RobotSpaceExplorer:IronShell","RobotSpaceExplorer:Smokescreen","RobotSpaceExplorer:SurgingStrike","RobotSpaceExplorer:ScrapShield","RobotSpaceExplorer:MiniDrones","RobotSpaceExplorer:ImprovisedAttack","RobotSpaceExplorer:Jetpack","RobotSpaceExplorer:SurgingShield","RobotSpaceExplorer:Ammunition","RobotSpaceExplorer:FrostMissile","RobotSpaceExplorer:Electroshield","RobotSpaceExplorer:Ammunition","RobotSpaceExplorer:MiniBoosters+1","RobotSpaceExplorer:Arsenal","RobotSpaceExplorer:PlasmaMissile","RobotSpaceExplorer:Autoloader","RobotSpaceExplorer:Explosion+1","Apotheosis+1","RobotSpaceExplorer:ChargingLaser","RobotSpaceExplorer:PowerCollector","RobotSpaceExplorer:Explosion","RobotSpaceExplorer:PlasmaMissile","Master of Strategy+1","RobotSpaceExplorer:Comet","RobotSpaceExplorer:Jetpack","RobotSpaceExplorer:ChargingLaser","CurseOfTheBell","Madness","RobotSpaceExplorer:ScrapShield+1","RobotSpaceExplorer:Accelerator"],"relics":["RobotSpaceExplorer:RoboCore","Toy Ornithopter","Gambling Chip","StrikeDummy","Oddly Smooth Stone","Tiny House","Red Mask","Nilry\u0027s Codex","Vajra","Ancient Tea Set","CeramicFish","Calling Bell","Bag of Marbles","Pantograph","Old Coin","Toxic Egg 2","Lantern","Bottled Lightning","Blood Vial","Ornamental Fan","Sundial"],"acts_visited":["Exordium","TheCity","TheBeyond"],"potions_floor_usage":[18,20,20,35,39,42,50],"damage_taken":[{"damage":0,"enemies":"Jaw Worm","floor":1,"turns":2},{"damage":0,"enemies":"Cultist","floor":2,"turns":3},{"damage":13,"enemies":"3 Sentries","floor":6,"turns":6},{"damage":0,"enemies":"2 Louse","floor":7,"turns":2},{"damage":9,"enemies":"Gremlin Nob","floor":8,"turns":4},{"damage":0,"enemies":"3 Sentries","floor":10,"turns":2},{"damage":10,"enemies":"Looter","floor":14,"turns":2},{"damage":24,"enemies":"The Guardian","floor":16,"turns":6},{"damage":1,"enemies":"Chosen","floor":18,"turns":5},{"damage":29,"enemies":"Masked Bandits","floor":20,"turns":4},{"damage":29,"enemies":"Slavers","floor":24,"turns":5},{"damage":0,"enemies":"Spheric Guardian","floor":25,"turns":1},{"damage":0,"enemies":"Centurion and Healer","floor":28,"turns":3},{"damage":0,"enemies":"Gremlin Leader","floor":30,"turns":5},{"damage":0,"enemies":"Automaton","floor":33,"turns":4},{"damage":6,"enemies":"3 Darklings","floor":35,"turns":5},{"damage":22,"enemies":"3 Shapes","floor":38,"turns":4},{"damage":2,"enemies":"Jaw Worm Horde","floor":39,"turns":3},{"damage":35,"enemies":"Reptomancer","floor":40,"turns":5},{"damage":0,"enemies":"Nemesis","floor":42,"turns":2},{"damage":24,"enemies":"4 Shapes","floor":46,"turns":3},{"damage":34,"enemies":"Reptomancer","floor":47,"turns":5},{"damage":70,"enemies":"Time Eater","floor":50,"turns":9}],"seed_played":"-5779874518089617229","potions_obtained":[{"floor":6,"key":"FearPotion"},{"floor":7,"key":"Explosive Potion"},{"floor":8,"key":"AttackPotion"},{"floor":17,"key":"Energy Potion"},{"floor":28,"key":"Weak Potion"},{"floor":33,"key":"BlessingOfTheForge"},{"floor":35,"key":"SmokeBomb"},{"floor":38,"key":"ColorlessPotion"},{"floor":47,"key":"RobotSpaceExplorer:RecyclePotion"}],"is_trial":true,"path_per_floor":["M","M","$","?","?","E","M","E","T","E","R","$","R","M","R","B",null,"M","?","?","?","?","R","E","M","T","R","M","$","E","$","R","B",null,"M","?","?","M","M","E","R","E","T","R","$","M","E","$","R","B"],"character_chosen":"RobotSpaceExplorer","items_purchased":["RobotSpaceExplorer:MiniBoosters","Apotheosis","RobotSpaceExplorer:PlasmaMissile","Master of Strategy","RobotSpaceExplorer:Jetpack","Bottled Lightning","Ornamental Fan","Sundial"],"campfire_rested":6,"item_purchase_floors":[3,12,29,29,31,45,48,48],"current_hp_per_floor":[75,75,75,80,80,67,67,58,58,58,58,58,58,48,72,48,85,85,85,61,61,45,70,41,41,41,66,66,66,66,66,66,66,85,79,79,68,46,49,14,39,44,44,69,69,45,11,11,36,0,0],"gold":20,"neow_bonus":"","is_daily":false,"chose_seed":false,"campfire_upgraded":3,"win_rate":0.0,"timestamp":1610927646,"path_taken":["M","M","$","?","?","E","?","E","T","E","R","?","R","M","R","BOSS","M","?","?","?","?","R","E","M","T","R","M","$","E","?","R","BOSS","M","?","?","M","?","E","R","E","T","R","$","M","E","$","R","BOSS"],"items_purchased_type":["Card","Card","Card","Card","Card","Relic","Relic","Relic"],"build_version":"2020-12-22","purchased_purges":1,"victory":false,"max_hp_per_floor":[75,75,75,80,80,80,80,80,80,80,80,80,80,80,80,80,85,85,85,85,85,85,85,85,85,85,85,85,85,85,85,85,85,85,85,85,85,85,85,85,85,85,85,85,85,85,85,85,85,85,85],"card_choices":[{"not_picked":["RobotSpaceExplorer:SlimeMissile","RobotSpaceExplorer:Pulsar"],"picked":"RobotSpaceExplorer:ScrapMissile","floor":0},{"not_picked":["RobotSpaceExplorer:MetalStrike","RobotSpaceExplorer:Jetpack"],"picked":"RobotSpaceExplorer:MiniDrones","floor":0},{"not_picked":["RobotSpaceExplorer:FrostMissile","RobotSpaceExplorer:Smokescreen"],"picked":"RobotSpaceExplorer:Electropulse","floor":0},{"not_picked":["RobotSpaceExplorer:StunGrenade","RobotSpaceExplorer:MetalStrike"],"picked":"RobotSpaceExplorer:IronShell","floor":0},{"not_picked":["RobotSpaceExplorer:ScrapMissile","RobotSpaceExplorer:IronShell"],"picked":"RobotSpaceExplorer:Smokescreen","floor":0},{"not_picked":["RobotSpaceExplorer:StunGrenade","RobotSpaceExplorer:Pulsar"],"picked":"RobotSpaceExplorer:SurgingStrike","floor":0},{"not_picked":["RobotSpaceExplorer:StunGrenade","RobotSpaceExplorer:MiniDrones"],"picked":"RobotSpaceExplorer:ScrapShield","floor":0},{"not_picked":["RobotSpaceExplorer:Probe","RobotSpaceExplorer:JunkDive"],"picked":"RobotSpaceExplorer:MiniDrones","floor":0},{"not_picked":["RobotSpaceExplorer:JunkDive","RobotSpaceExplorer:MetalStrike"],"picked":"RobotSpaceExplorer:ImprovisedAttack","floor":0},{"not_picked":["RobotSpaceExplorer:Probe","RobotSpaceExplorer:Counterblock"],"picked":"RobotSpaceExplorer:Jetpack","floor":0},{"not_picked":["RobotSpaceExplorer:FranticSearch","RobotSpaceExplorer:Probe"],"picked":"RobotSpaceExplorer:SurgingShield","floor":0},{"not_picked":["RobotSpaceExplorer:SurgingStrike","RobotSpaceExplorer:Counterblock"],"picked":"RobotSpaceExplorer:Ammunition","floor":0},{"not_picked":["RobotSpaceExplorer:Blitz","RobotSpaceExplorer:MetalStrike"],"picked":"RobotSpaceExplorer:FrostMissile","floor":0},{"not_picked":["RobotSpaceExplorer:ShockKick","RobotSpaceExplorer:ShovelStrike"],"picked":"RobotSpaceExplorer:Electroshield","floor":0},{"not_picked":["RobotSpaceExplorer:SurgingStrike","RobotSpaceExplorer:GlueShot"],"picked":"RobotSpaceExplorer:ShockKick","floor":0},{"not_picked":["RobotSpaceExplorer:MiniDrones","RobotSpaceExplorer:Pulsar"],"picked":"RobotSpaceExplorer:Ammunition","floor":1},{"not_picked":["RobotSpaceExplorer:MiniDrones","RobotSpaceExplorer:DoubleBlock","RobotSpaceExplorer:ImprovisedAttack"],"picked":"SKIP","floor":2},{"not_picked":["RobotSpaceExplorer:Accelerator","RobotSpaceExplorer:Blaster"],"picked":"RobotSpaceExplorer:Arsenal","floor":6},{"not_picked":["RobotSpaceExplorer:Ammunition","RobotSpaceExplorer:Counterblock"],"picked":"RobotSpaceExplorer:PlasmaMissile","floor":7},{"not_picked":["RobotSpaceExplorer:BlastShield","RobotSpaceExplorer:Wormhole"],"picked":"RobotSpaceExplorer:Autoloader","floor":8},{"not_picked":["RobotSpaceExplorer:BlastShield","RobotSpaceExplorer:Exploration"],"picked":"RobotSpaceExplorer:Explosion","floor":10},{"not_picked":["RobotSpaceExplorer:RigExplosive","RobotSpaceExplorer:FrostMissile","RobotSpaceExplorer:StunGrenade"],"picked":"SKIP","floor":14},{"not_picked":["RobotSpaceExplorer:Multitool","RobotSpaceExplorer:ShockMissile"],"picked":"RobotSpaceExplorer:ChargingLaser","floor":16},{"not_picked":["RobotSpaceExplorer:ShovelStrike","RobotSpaceExplorer:Jetpack"],"picked":"RobotSpaceExplorer:PowerCollector","floor":17},{"not_picked":["RobotSpaceExplorer:FrostMissile","RobotSpaceExplorer:BigMissile","RobotSpaceExplorer:ScrapMissile"],"picked":"SKIP","floor":18},{"not_picked":["RobotSpaceExplorer:Blaster","RobotSpaceExplorer:Exploration"],"picked":"RobotSpaceExplorer:Explosion","floor":24},{"not_picked":["RobotSpaceExplorer:FrostMissile","RobotSpaceExplorer:GlueShot+1","RobotSpaceExplorer:IronShell"],"picked":"SKIP","floor":25},{"not_picked":["RobotSpaceExplorer:DualCore","RobotSpaceExplorer:StarDust+1","RobotSpaceExplorer:MetalStrike"],"picked":"SKIP","floor":28},{"not_picked":["RobotSpaceExplorer:DroneSwarm","RobotSpaceExplorer:Asteroid"],"picked":"RobotSpaceExplorer:Comet","floor":30},{"not_picked":["RobotSpaceExplorer:Blaster","RobotSpaceExplorer:BlastShield"],"picked":"RobotSpaceExplorer:ChargingLaser","floor":33},{"not_picked":["RobotSpaceExplorer:Pulsar+1","RobotSpaceExplorer:Probe","RobotSpaceExplorer:SurgingStrike+1"],"picked":"SKIP","floor":35},{"not_picked":["RobotSpaceExplorer:SurgingStrike+1","RobotSpaceExplorer:MakeshiftVolley","RobotSpaceExplorer:PowerCollector"],"picked":"SKIP","floor":38},{"not_picked":["RobotSpaceExplorer:SwiftStep","RobotSpaceExplorer:TurboDodge"],"picked":"RobotSpaceExplorer:ScrapShield+1","floor":39},{"not_picked":["RobotSpaceExplorer:BlastShield+1","RobotSpaceExplorer:Explosion"],"picked":"RobotSpaceExplorer:Wormhole+1","floor":40},{"not_picked":["RobotSpaceExplorer:ShockKick","RobotSpaceExplorer:Ammunition+1","RobotSpaceExplorer:StunGrenade"],"picked":"SKIP","floor":46},{"not_picked":["RobotSpaceExplorer:ChargingLaser","RobotSpaceExplorer:Scanner"],"picked":"RobotSpaceExplorer:Accelerator","floor":47}],"player_experience":608555,"relics_obtained":[{"floor":6,"key":"Toy Ornithopter"},{"floor":8,"key":"Gambling Chip"},{"floor":9,"key":"StrikeDummy"},{"floor":10,"key":"Oddly Smooth Stone"},{"floor":20,"key":"Red Mask"},{"floor":22,"key":"Nilry\u0027s Codex"},{"floor":24,"key":"Vajra"},{"floor":26,"key":"Ancient Tea Set"},{"floor":30,"key":"CeramicFish"},{"floor":34,"key":"Bag of Marbles"},{"floor":34,"key":"Pantograph"},{"floor":34,"key":"Old Coin"},{"floor":40,"key":"Toxic Egg 2"},{"floor":43,"key":"Lantern"},{"floor":47,"key":"Blood Vial"}],"event_choices":[{"damage_healed":0,"gold_gain":0,"player_choice":"Donut","damage_taken":0,"max_hp_gain":5,"max_hp_loss":0,"event_name":"Big Fish","floor":4,"gold_loss":0},{"damage_healed":0,"gold_gain":64,"player_choice":"Gained Gold","damage_taken":0,"max_hp_gain":0,"max_hp_loss":0,"event_name":"Golden Wing","floor":5,"gold_loss":0},{"damage_healed":0,"gold_gain":99,"player_choice":"Stole From Cult","damage_taken":0,"max_hp_gain":0,"max_hp_loss":0,"event_name":"Nest","floor":19,"gold_loss":0},{"damage_healed":0,"gold_gain":0,"player_choice":"Fought Bandits","damage_taken":0,"max_hp_gain":0,"max_hp_loss":0,"event_name":"Masked Bandits","floor":20,"gold_loss":0},{"damage_healed":0,"gold_gain":0,"player_choice":"Ignored","damage_taken":0,"max_hp_gain":0,"max_hp_loss":0,"event_name":"Vampires","floor":21,"gold_loss":0},{"damage_healed":0,"gold_gain":0,"player_choice":"Obtained Book","damage_taken":16,"max_hp_gain":0,"max_hp_loss":0,"event_name":"Cursed Tome","floor":22,"gold_loss":0},{"cards_removed":["RobotSpaceExplorer:Electropulse"],"damage_healed":0,"gold_gain":0,"player_choice":"Removed Attack","damage_taken":0,"max_hp_gain":0,"max_hp_loss":0,"event_name":"Falling","floor":36,"gold_loss":0},{"damage_healed":0,"gold_gain":0,"player_choice":"Embrace Madness","damage_taken":11,"max_hp_gain":0,"max_hp_loss":0,"event_name":"Winding Halls","floor":37,"gold_loss":0,"cards_obtained":["Madness","Madness"]}],"is_beta":false,"boss_relics":[{"not_picked":["Coffee Dripper","Astrolabe"],"picked":"Tiny House"},{"not_picked":["Busted Crown","SlaversCollar"],"picked":"Calling Bell"}],"items_purged_floors":[29],"is_endless":false,"potions_floor_spawned":[6,7,8,28,33,35,38,47],"killed_by":"Time Eater","ascension_level":0}}