{"host":"sc0o2qwpf9j16a4i","time":1610884936,"event":{"mods":["AchievementEnabler","BaseMod","BetterRewards","Block Reminder","Colored Map","Colored Powertips","Custom Start","Highlight Path","Minty Spire (QoL Compilation)","Relic Stats"],"gold_per_floor":[115,115,75,93,114,153,153,173,173,9,30,30,30,44,44,44,44],"floor_reached":16,"language":"ENG","playtime":317,"items_purged":["Strike_B"],"score":304,"play_id":"d69d26cc-2d69-4837-bde0-fec77903f52c","local_time":"20210117140216","is_ascension_mode":true,"campfire_choices":[{"floor":7,"key":"REST"},{"floor":12,"key":"REST"},{"data":"Beam Cell","floor":15,"key":"SMITH"}],"circlet_count":0,"master_deck":["AscendersBane","Strike_B","Strike_B","Strike_B","Defend_B","Defend_B","Defend_B","Defend_B","Zap","Dualcast","Sweeping Beam","Gash","Ball Lightning","Loop+1","Chill","Self Repair+1","Gash","Beam Cell+1"],"relics":["Cracked Core","Shuriken","Frozen Egg 2","Golden Idol","Matryoshka","Ornamental Fan"],"acts_visited":["Exordium"],"potions_floor_usage":[6,6,8],"damage_taken":[{"damage":16,"enemies":"Small Slimes","floor":1,"turns":4},{"damage":0,"enemies":"2 Louse","floor":4,"turns":2},{"damage":0,"enemies":"Cultist","floor":5,"turns":3},{"damage":25,"enemies":"3 Sentries","floor":6,"turns":5},{"damage":4,"enemies":"Blue Slaver","floor":8,"turns":3},{"damage":7,"enemies":"Red Slaver","floor":11,"turns":3},{"damage":16,"enemies":"2 Fungi Beasts","floor":14,"turns":3},{"damage":41,"enemies":"Slime Boss","floor":16,"turns":6}],"seed_played":"-8761924335124018183","potions_obtained":[{"floor":3,"key":"PotionOfCapacity"},{"floor":3,"key":"SteroidPotion"},{"floor":4,"key":"Block Potion"},{"floor":5,"key":"Fruit Juice"},{"floor":6,"key":"Block Potion"}],"is_trial":false,"path_per_floor":["M","?","?","M","M","E","R","M","T","$","M","R","?","M","R","B"],"character_chosen":"DEFECT","items_purchased":["Shuriken","Frozen Egg 2","Self Repair+1"],"campfire_rested":2,"item_purchase_floors":[0,0,10],"current_hp_per_floor":[28,28,28,28,28,8,28,24,24,24,27,47,47,41,41,0,0],"gold":44,"neow_bonus":"","is_daily":false,"chose_seed":false,"campfire_upgraded":1,"win_rate":0.0,"timestamp":1610884936,"path_taken":["M","?","?","M","?","E","R","M","T","$","M","R","?","M","R","BOSS"],"items_purchased_type":["Relic","Relic","Card"],"build_version":"2020-12-22","purchased_purges":1,"victory":false,"max_hp_per_floor":[71,64,64,64,64,69,69,69,69,69,69,69,69,69,69,69,69],"relic_stats":{"counters":[54,243],"Shuriken":[6],"Golden Idol":27,"Ornamental Fan":[8],"obtain_stats":[{"Ice Cream":0,"Darkstone Periapt":7,"Lantern":0,"Regal Pillow":0,"Gremlin Horn":9,"CeramicFish":9,"Juzu Bracelet":26,"Ginger":11,"Old Coin":14,"Sozu":17,"Matryoshka":6,"Gambling Chip":0,"MealTicket":11,"Philosopher\u0027s Stone":17,"Kunai":24,"Cracked Core":0,"Golden Idol":10,"Astrolabe":17,"Omamori":7,"Letter Opener":0,"Orichalcum":19,"Frozen Egg 2":0,"Question Card":20,"Cables":9,"OrangePellets":0,"Shuriken":0,"Ornamental Fan":9,"Bronze Scales":7,"Art of War":12,"Membership Card":0,"FossilizedHelix":0},{"Ice Cream":0,"Darkstone Periapt":38,"Lantern":15,"Regal Pillow":15,"Gremlin Horn":38,"CeramicFish":19,"Juzu Bracelet":14,"Ginger":27,"Old Coin":21,"Sozu":9,"Matryoshka":50,"Gambling Chip":24,"MealTicket":7,"Philosopher\u0027s Stone":30,"Kunai":13,"Cracked Core":0,"Golden Idol":26,"Astrolabe":22,"Omamori":5,"Letter Opener":34,"Orichalcum":43,"Frozen Egg 2":46,"Question Card":32,"Cables":6,"OrangePellets":34,"Shuriken":46,"Ornamental Fan":51,"Bronze Scales":19,"Art of War":20,"Membership Card":24,"FossilizedHelix":24},{"Ice Cream":0,"Darkstone Periapt":171,"Lantern":67,"Regal Pillow":67,"Gremlin Horn":171,"CeramicFish":83,"Juzu Bracelet":66,"Ginger":117,"Old Coin":91,"Sozu":36,"Matryoshka":228,"Gambling Chip":102,"MealTicket":26,"Philosopher\u0027s Stone":134,"Kunai":59,"Cracked Core":0,"Golden Idol":109,"Astrolabe":98,"Omamori":19,"Letter Opener":154,"Orichalcum":200,"Frozen Egg 2":214,"Question Card":144,"Cables":21,"OrangePellets":154,"Shuriken":214,"Ornamental Fan":231,"Bronze Scales":83,"Art of War":86,"Membership Card":102,"FossilizedHelix":102}]},"card_choices":[{"not_picked":["Leap","Conserve Battery"],"picked":"Sweeping Beam","floor":1},{"not_picked":["Leap","Hologram"],"picked":"Gash","floor":4},{"not_picked":["Conserve Battery","Coolheaded"],"picked":"Ball Lightning","floor":5},{"not_picked":["Conserve Battery","Compile Driver"],"picked":"Loop+1","floor":6},{"not_picked":["Rainbow","BootSequence"],"picked":"Chill","floor":8},{"not_picked":["Sweeping Beam","Redo"],"picked":"Gash","floor":11},{"not_picked":["Steam","Melter"],"picked":"Beam Cell","floor":14}],"player_experience":688808,"relics_obtained":[{"floor":6,"key":"Matryoshka"},{"floor":9,"key":"Ornamental Fan"}],"event_choices":[{"damage_healed":0,"gold_gain":0,"player_choice":"Lose Max HP","damage_taken":0,"relics_obtained":["Golden Idol"],"max_hp_gain":0,"max_hp_loss":7,"event_name":"Golden Idol","floor":2,"gold_loss":0},{"damage_healed":0,"gold_gain":0,"player_choice":"Bought 3 Potions","damage_taken":0,"max_hp_gain":0,"max_hp_loss":0,"event_name":"The Woman in Blue","floor":3,"gold_loss":0},{"damage_healed":0,"gold_gain":0,"player_choice":"Ignored","damage_taken":0,"max_hp_gain":0,"max_hp_loss":0,"event_name":"WeMeetAgain","floor":13,"gold_loss":0}],"is_beta":false,"boss_relics":[],"items_purged_floors":[10],"is_endless":false,"potions_floor_spawned":[4,5,6],"killed_by":"Slime Boss","ascension_level":20}}