{"host":"li7nr9q4d53iu1rb","time":1610846504,"event":{"mods":["AchievementEnabler","BaseMod","Colored Map","Colored Powertips","Downfall","Highlight Path","Minty Spire (QoL Compilation)","Permanent Neow","Quick Restart","Random Character Button","StSLib"],"gold_per_floor":[112,112,112,176,190,222,222,249,249,268,300,310,310,360,360,455,455,467,517,567,577,380,409,479,479,479,479,510,510,560,573,573,669,669,689,739,759,809,477,502,502,519,519,539,67,117,184,219,219,219,219,219,55,90,90,90],"floor_reached":55,"language":"ENG","playtime":3735,"items_purged":["Defend_R","Defend_R","Bash"],"score":1000,"play_id":"b66ccdc1-11a2-492a-b9c4-fac2d25a54da","local_time":"20210116212144","is_ascension_mode":true,"campfire_choices":[{"floor":7,"key":"REST"},{"floor":13,"key":"RECALL"},{"data":"Body Slam","floor":15,"key":"SMITH"},{"floor":25,"key":"REST"},{"data":"True Grit","floor":27,"key":"SMITH"},{"floor":29,"key":"REST"},{"data":"Warcry","floor":32,"key":"SMITH"},{"floor":41,"key":"REST"},{"data":"Thinking Ahead","floor":49,"key":"SMITH"},{"data":"Demon Form","floor":52,"key":"SMITH"}],"circlet_count":0,"master_deck":["Strike_R","Strike_R","Strike_R","Strike_R","Defend_R","Wild Strike","Iron Wave","Anger","Body Slam+1","Warcry","Clash","Clash","True Grit+1","Offering","Impervious","Shrug It Off+1","Shrug It Off+1","Warcry+1","Clash","Headbutt+1","Clash+1","Pommel Strike+1","Body Slam+1","Battle Trance","Anger+1","Iron Wave","Clash","Clash","Demon Form+1","Burning Pact+1","Rage","Clash","Rage","Body Slam","Armaments+1","Headbutt","Anger","Warcry+1","Burning Pact","Headbutt","Thinking Ahead+1","Deep Breath","Warcry+1","Dark Embrace+1","Second Wind","Evolve","Warcry"],"relics":["Burning Blood","FossilizedHelix","Ornamental Fan","SsserpentHead","Dream Catcher","Boot","Kunai","Philosopher\u0027s Stone","Orrery","Ice Cream","Oddly Smooth Stone","Prayer Wheel","Sozu","Bag of Preparation","Gambling Chip","Shuriken","InkBottle","Centennial Puzzle"],"acts_visited":["Exordium","TheCity","TheBeyond","TheEnding"],"potions_floor_usage":[6,8,21,23,28,28,31],"damage_taken":[{"damage":0,"enemies":"Cultist","floor":1,"turns":3},{"damage":0,"enemies":"Small Slimes","floor":4,"turns":3},{"damage":0,"enemies":"2 Louse","floor":5,"turns":2},{"damage":35,"enemies":"3 Sentries","floor":6,"turns":8},{"damage":18,"enemies":"Lagavulin","floor":8,"turns":6},{"damage":0,"enemies":"2 Fungi Beasts","floor":10,"turns":2},{"damage":3,"enemies":"Gremlin Nob","floor":11,"turns":4},{"damage":0,"enemies":"Red Slaver","floor":12,"turns":2},{"damage":61,"enemies":"Hexaghost","floor":16,"turns":14},{"damage":6,"enemies":"Spheric Guardian","floor":18,"turns":3},{"damage":16,"enemies":"2 Thieves","floor":21,"turns":4},{"damage":19,"enemies":"Book of Stabbing","floor":23,"turns":5},{"damage":15,"enemies":"Snake Plant","floor":24,"turns":4},{"damage":0,"enemies":"Slavers","floor":28,"turns":5},{"damage":0,"enemies":"3 Cultists","floor":31,"turns":5},{"damage":40,"enemies":"Champ","floor":33,"turns":10},{"damage":6,"enemies":"3 Darklings","floor":35,"turns":4},{"damage":0,"enemies":"Orb Walker","floor":37,"turns":2},{"damage":34,"enemies":"Nemesis","floor":40,"turns":5},{"damage":2,"enemies":"3 Darklings","floor":42,"turns":5},{"damage":0,"enemies":"Transient","floor":44,"turns":5},{"damage":0,"enemies":"Maw","floor":47,"turns":5},{"damage":6,"enemies":"Reptomancer","floor":48,"turns":5},{"damage":32,"enemies":"Awakened One","floor":50,"turns":7},{"damage":33,"enemies":"Shield and Spear","floor":54,"turns":4},{"damage":54,"enemies":"The Heart","floor":55,"turns":2}],"seed_played":"-5495128760884593500","potions_obtained":[{"floor":1,"key":"SteroidPotion"},{"floor":6,"key":"champ:CounterPotion"},{"floor":16,"key":"Dexterity Potion"},{"floor":18,"key":"SpeedPotion"},{"floor":20,"key":"EssenceOfSteel"},{"floor":20,"key":"Explosive Potion"},{"floor":21,"key":"Dexterity Potion"},{"floor":28,"key":"Fruit Juice"}],"is_trial":false,"path_per_floor":["M","T","?","M","M","E","R","E","T","M","E","M","R","?","R","B",null,"M","?","?","M","$","E","M","R","T","R","E","R","?","M","R","B",null,"M","?","M","?","$","E","R","M","T","M","$","?","M","E","R","B",null,"R","$","E","B"],"character_chosen":"IRONCLAD","items_purchased":["Warcry","Orrery","Rage","Clash","Bag of Preparation","Burning Pact","Headbutt","Thinking Ahead","Deep Breath","Evolve"],"campfire_rested":4,"item_purchase_floors":[22,22,39,39,39,45,45,45,45,53],"current_hp_per_floor":[72,72,72,72,72,43,64,52,52,58,61,67,67,67,67,12,72,72,72,72,62,62,49,40,61,61,61,67,72,72,77,77,43,77,77,77,77,77,77,49,72,76,76,77,77,77,77,77,77,51,77,77,77,50,0,0],"gold":90,"neow_bonus":"ONE_RARE_RELIC","is_daily":false,"chose_seed":false,"campfire_upgraded":5,"win_rate":0.0,"timestamp":1610846504,"path_taken":["M","?","?","?","M","E","R","E","T","M","E","M","R","?","R","BOSS","M","?","?","M","$","E","?","R","T","R","E","R","?","M","R","BOSS","M","?","M","?","$","E","R","M","T","M","$","?","?","E","R","BOSS","R","$","E","BOSS"],"items_purchased_type":["Card","Relic","Card","Card","Relic","Card","Card","Card","Card","Card"],"build_version":"2020-12-22","purchased_purges":3,"victory":false,"max_hp_per_floor":[72,72,72,72,72,72,72,72,72,72,72,72,72,72,72,72,72,72,72,72,72,72,72,72,72,72,72,72,72,72,77,77,77,77,77,77,77,77,77,77,77,77,77,77,77,77,77,77,77,77,77,77,77,77,77,77],"card_choices":[{"not_picked":["Cleave","Armaments"],"picked":"Wild Strike","floor":1},{"not_picked":["Twin Strike","Searing Blow"],"picked":"Iron Wave","floor":4},{"not_picked":["Blood for Blood","Intimidate"],"picked":"Anger","floor":5},{"not_picked":["Searing Blow","Sever Soul"],"picked":"Body Slam","floor":6},{"not_picked":["Sentinel","Burning Pact"],"picked":"Warcry","floor":7},{"not_picked":["Limit Break","Clothesline"],"picked":"Clash","floor":8},{"not_picked":["Body Slam","Headbutt"],"picked":"Clash","floor":10},{"not_picked":["Flame Barrier","Sentinel","Rupture"],"picked":"SKIP","floor":11},{"not_picked":["Rupture","Flame Barrier"],"picked":"True Grit","floor":12},{"not_picked":["Immolate","Limit Break"],"picked":"Impervious","floor":16},{"not_picked":["Twin Strike+1","Power Through+1"],"picked":"Shrug It Off+1","floor":18},{"not_picked":["Sword Boomerang+1","Power Through"],"picked":"Shrug It Off+1","floor":21},{"not_picked":["Body Slam","Impervious"],"picked":"Clash","floor":22},{"not_picked":["Heavy Blade","Havoc"],"picked":"Headbutt+1","floor":22},{"not_picked":["Heavy Blade","Inflame"],"picked":"Clash+1","floor":22},{"not_picked":["Iron Wave+1","Demon Form"],"picked":"Pommel Strike+1","floor":22},{"not_picked":["Flame Barrier","Limit Break"],"picked":"Body Slam+1","floor":23},{"not_picked":["Dropkick","Perfected Strike","Armaments"],"picked":"SKIP","floor":24},{"not_picked":["Power Through","Pummel"],"picked":"Battle Trance","floor":25},{"not_picked":["Warcry","Carnage"],"picked":"Anger+1","floor":28},{"not_picked":["Feel No Pain","Whirlwind"],"picked":"Iron Wave","floor":29},{"not_picked":["Twin Strike","Havoc"],"picked":"Clash","floor":31},{"not_picked":["Second Wind","Havoc+1","True Grit"],"picked":"SKIP","floor":31},{"not_picked":["Impervious","Brutality"],"picked":"Demon Form","floor":33},{"not_picked":["Intimidate+1","Blood for Blood+1","Spot Weakness"],"picked":"SKIP","floor":35},{"not_picked":["Fire Breathing+1","Feel No Pain","Sever Soul+1"],"picked":"SKIP","floor":35},{"not_picked":["Iron Wave","Clothesline"],"picked":"Burning Pact+1","floor":37},{"not_picked":["Dark Embrace+1","Heavy Blade","Dual Wield+1"],"picked":"SKIP","floor":37},{"not_picked":["Perfected Strike","Anger"],"picked":"Rage","floor":40},{"not_picked":["Battle Trance","Flex"],"picked":"Body Slam","floor":41},{"not_picked":["Clothesline","Heavy Blade"],"picked":"Armaments+1","floor":42},{"not_picked":["Dropkick+1","Bloodletting"],"picked":"Headbutt","floor":42},{"not_picked":["Juggernaut","Havoc+1"],"picked":"Anger","floor":44},{"not_picked":["Rupture","Armaments"],"picked":"Warcry+1","floor":44},{"not_picked":["Armaments","Wild Strike"],"picked":"Warcry+1","floor":47},{"not_picked":["Shrug It Off+1","Headbutt"],"picked":"Dark Embrace+1","floor":47},{"not_picked":["Power Through+1","Juggernaut"],"picked":"Second Wind","floor":48},{"not_picked":["Shockwave+1","Spot Weakness"],"picked":"Warcry","floor":54}],"player_experience":241853,"relics_obtained":[{"floor":2,"key":"Ornamental Fan"},{"floor":6,"key":"Dream Catcher"},{"floor":8,"key":"Boot"},{"floor":11,"key":"Kunai"},{"floor":23,"key":"Ice Cream"},{"floor":26,"key":"Oddly Smooth Stone"},{"floor":28,"key":"Prayer Wheel"},{"floor":40,"key":"Gambling Chip"},{"floor":43,"key":"Shuriken"},{"floor":48,"key":"InkBottle"},{"floor":54,"key":"Centennial Puzzle"}],"event_choices":[{"damage_healed":0,"gold_gain":0,"player_choice":"Trade","damage_taken":0,"relics_obtained":["SsserpentHead"],"max_hp_gain":0,"max_hp_loss":0,"event_name":"FaceTrader","floor":3,"gold_loss":0},{"damage_healed":0,"gold_gain":0,"cards_transformed":["Defend_R"],"player_choice":"Change","damage_taken":0,"max_hp_gain":0,"max_hp_loss":0,"event_name":"Living Wall","floor":14,"gold_loss":0,"cards_obtained":["Offering"]},{"damage_healed":0,"gold_gain":0,"player_choice":"Ignored","damage_taken":0,"max_hp_gain":0,"max_hp_loss":0,"event_name":"Vampires","floor":19,"gold_loss":0},{"damage_healed":0,"gold_gain":0,"player_choice":"Got Potions","damage_taken":0,"max_hp_gain":0,"max_hp_loss":0,"event_name":"Lab","floor":20,"gold_loss":0},{"damage_healed":0,"gold_gain":0,"player_choice":"Read","damage_taken":0,"max_hp_gain":0,"max_hp_loss":0,"event_name":"The Library","floor":30,"gold_loss":0,"cards_obtained":["Clash"]},{"damage_healed":0,"gold_gain":0,"player_choice":"Ignored","damage_taken":0,"max_hp_gain":0,"max_hp_loss":0,"event_name":"Tomb of Lord Red Mask","floor":36,"gold_loss":0},{"cards_removed":["Strike_R"],"damage_healed":0,"gold_gain":0,"player_choice":"Removed Attack","damage_taken":0,"max_hp_gain":0,"max_hp_loss":0,"event_name":"Falling","floor":38,"gold_loss":0},{"damage_healed":0,"gold_gain":0,"player_choice":"Ignored","damage_taken":0,"max_hp_gain":0,"max_hp_loss":0,"event_name":"SecretPortal","floor":46,"gold_loss":0}],"is_beta":false,"boss_relics":[{"not_picked":["Snecko Eye","Black Blood"],"picked":"Philosopher\u0027s Stone"},{"not_picked":["Tiny House","Fusion Hammer"],"picked":"Sozu"}],"items_purged_floors":[39,45,53],"is_endless":false,"potions_floor_spawned":[1,6,16,18,21,28,35,40,44],"killed_by":"The Heart","ascension_level":3}}