{"host":"fm9e0lfunjlbhzxv","time":1610859022,"event":{"mods":["2.2 Compatiblity","AchievementEnabler","Alarm Clock","BaseMod","Bestiary","Colored Map","Colored Powertips","Key Reminder","Minty Spire (QoL Compilation)","Permanent Neow","Rare Cards Sparkle","Relic Stats","StSLib","The IronCluck","slay the spire mod where everything is the same but ironclad has a cowboy hat"],"gold_per_floor":[15,15,15,33,52,52,88,106,186,220,220,241,257,257,257,382,382,400,102,121,31,31,31,67,67,92,92,115,130,130,55,55,176,176,190,190,46,65,65,100,114,114,137,156,177,177,208,231,231,231,231,231,2,37,37,37],"floor_reached":55,"language":"ENG","playtime":3912,"items_purged":["Strike_B","Defend_B","Strike_B","Strike_B"],"score":830,"play_id":"513686dd-454e-4438-ade4-c76985a3a6b2","local_time":"20210116205022","is_ascension_mode":true,"campfire_choices":[{"data":"Consume","floor":6,"key":"SMITH"},{"floor":11,"key":"REST"},{"floor":15,"key":"REST"},{"data":"Creative AI","floor":23,"key":"SMITH"},{"floor":25,"key":"REST"},{"data":"Defragment","floor":27,"key":"SMITH"},{"floor":30,"key":"REST"},{"data":"Hologram","floor":32,"key":"SMITH"},{"floor":42,"key":"REST"},{"floor":49,"key":"RECALL"},{"data":"Discovery","floor":52,"key":"SMITH"}],"circlet_count":0,"master_deck":["Defend_B","Zap","Dualcast","Sweeping Beam","Consume+1","Go for the Eyes","Melter","Go for the Eyes","Coolheaded","Doom and Gloom","Creative AI+1","Cold Snap+1","Capacitor","Capacitor","Conserve Battery","Hologram+1","Defragment+1","Cold Snap","Buffer","Self Repair+1","Discovery+1","Sunder+1","Hologram+1","Barrage+1","Conserve Battery+1","Magnetism","Hologram+1"],"relics":["Cracked Core","Golden Idol","Lizard Tail","Letter Opener","Smiling Mask","Velvet Choker","DollysMirror","Symbiotic Virus","Snecko Eye","Toy Ornithopter","Sundial","Art of War","Du-Vu Doll","Bottled Lightning"],"acts_visited":["Exordium","TheCity","TheBeyond","TheEnding"],"potions_floor_usage":[10,13,33,38,40,47,47,48,54,55],"damage_taken":[{"damage":6,"enemies":"2 Louse","floor":1,"turns":2},{"damage":0,"enemies":"Small Slimes","floor":4,"turns":3},{"damage":1,"enemies":"Cultist","floor":5,"turns":3},{"damage":32,"enemies":"Gremlin Nob","floor":7,"turns":4},{"damage":0,"enemies":"3 Louse","floor":8,"turns":2},{"damage":17,"enemies":"3 Sentries","floor":10,"turns":6},{"damage":13,"enemies":"Lots of Slimes","floor":12,"turns":3},{"damage":8,"enemies":"Gremlin Gang","floor":13,"turns":3},{"damage":32,"enemies":"The Guardian","floor":16,"turns":12},{"damage":2,"enemies":"Chosen","floor":18,"turns":5},{"damage":26,"enemies":"3 Byrds","floor":20,"turns":6},{"damage":21,"enemies":"Book of Stabbing","floor":24,"turns":8},{"damage":33,"enemies":"Snake Plant","floor":28,"turns":5},{"damage":14,"enemies":"Centurion and Healer","floor":29,"turns":6},{"damage":14,"enemies":"Champ","floor":33,"turns":14},{"damage":43,"enemies":"3 Darklings","floor":35,"turns":7},{"damage":38,"enemies":"Orb Walker","floor":38,"turns":4},{"damage":16,"enemies":"Giant Head","floor":40,"turns":11},{"damage":16,"enemies":"Transient","floor":41,"turns":5},{"damage":28,"enemies":"3 Darklings","floor":44,"turns":4},{"damage":18,"enemies":"Sphere and 2 Shapes","floor":45,"turns":5},{"damage":13,"enemies":"Nemesis","floor":47,"turns":11},{"damage":8,"enemies":"4 Shapes","floor":48,"turns":5},{"damage":21,"enemies":"Donu and Deca","floor":50,"turns":12},{"damage":108,"enemies":"Shield and Spear","floor":54,"turns":9},{"damage":54,"enemies":"The Heart","floor":55,"turns":5}],"seed_played":"1614855099835814582","potions_obtained":[{"floor":7,"key":"SkillPotion"},{"floor":8,"key":"GamblersBrew"},{"floor":10,"key":"EssenceOfSteel"},{"floor":12,"key":"BlessingOfTheForge"},{"floor":28,"key":"Regen Potion"},{"floor":29,"key":"ColorlessPotion"},{"floor":33,"key":"Regen Potion"},{"floor":41,"key":"Swift Potion"},{"floor":44,"key":"DistilledChaos"},{"floor":47,"key":"Fruit Juice"},{"floor":54,"key":"LiquidMemories"}],"is_trial":false,"path_per_floor":["M","?","?","M","M","R","E","M","T","E","R","M","M","?","R","B",null,"M","$","M","$","?","R","E","R","T","R","M","M","R","?","R","B",null,"M","?","$","M","?","E","M","R","T","M","M","?","E","M","R","B",null,"R","$","E","B"],"character_chosen":"DEFECT","items_purchased":["Capacitor","DollysMirror","Conserve Battery","Defragment","Discovery","Magnetism"],"campfire_rested":5,"item_purchase_floors":[19,19,19,21,37,53],"current_hp_per_floor":[83,61,61,61,60,60,28,28,28,11,37,24,16,16,42,10,89,87,87,61,61,61,61,40,66,66,66,33,19,45,45,45,31,89,46,46,46,13,13,27,21,47,47,29,21,21,43,50,50,39,89,89,89,49,0,0],"gold":37,"neow_bonus":"TWENTY_PERCENT_HP_BONUS","is_daily":false,"chose_seed":false,"campfire_upgraded":5,"win_rate":0.0,"timestamp":1610859022,"path_taken":["M","?","?","M","M","R","E","M","T","E","R","M","M","?","R","BOSS","M","$","M","$","?","R","E","R","T","R","M","M","R","?","R","BOSS","M","?","$","?","?","E","M","R","T","M","M","?","E","M","R","BOSS","R","$","E","BOSS"],"items_purchased_type":["Card","Relic","Card","Card","Card","Card"],"build_version":"2020-12-22","purchased_purges":4,"victory":false,"max_hp_per_floor":[89,89,89,89,89,89,89,89,89,89,89,89,89,89,89,89,89,89,89,89,89,89,89,89,89,89,89,89,89,89,89,89,89,89,89,89,89,89,89,89,89,89,89,89,89,89,89,89,89,89,89,89,89,94,94,94],"relic_stats":{"Lizard Tail":47,"counters":[26,160],"Golden Idol":173,"Sundial":[10],"Snecko Eye":[163,134,141,134],"Art of War":[8],"Letter Opener":[167],"Smiling Mask":250,"obtain_stats":[{"Golden Idol":2,"Velvet Choker":17,"Letter Opener":9,"Smiling Mask":10,"keyreminder:keyreminder":26,"Du-Vu Doll":47,"Lizard Tail":7,"DollysMirror":19,"Sundial":40,"Snecko Eye":34,"Art of War":43,"Bottled Lightning":54,"Cracked Core":0,"Symbiotic Virus":24,"Toy Ornithopter":36},{"Golden Idol":1,"Velvet Choker":9,"Letter Opener":5,"Smiling Mask":6,"keyreminder:keyreminder":12,"Du-Vu Doll":22,"Lizard Tail":4,"DollysMirror":10,"Sundial":18,"Snecko Eye":15,"Art of War":19,"Bottled Lightning":25,"Cracked Core":0,"Symbiotic Virus":12,"Toy Ornithopter":16},{"Golden Idol":2,"Velvet Choker":38,"Letter Opener":14,"Smiling Mask":20,"keyreminder:keyreminder":57,"Du-Vu Doll":129,"Lizard Tail":12,"DollysMirror":43,"Sundial":104,"Snecko Eye":82,"Art of War":109,"Bottled Lightning":155,"Cracked Core":0,"Symbiotic Virus":57,"Toy Ornithopter":89}],"Toy Ornithopter":35},"card_choices":[{"not_picked":["Streamline","Steam"],"picked":"Sweeping Beam","floor":1},{"not_picked":["Gash","Double Energy"],"picked":"Go for the Eyes","floor":4},{"not_picked":["Barrage","Double Energy"],"picked":"Melter","floor":5},{"not_picked":["Streamline","Beam Cell"],"picked":"Go for the Eyes","floor":7},{"not_picked":["Streamline","Reprogram"],"picked":"Coolheaded","floor":8},{"not_picked":["Ball Lightning","Tempest"],"picked":"Doom and Gloom","floor":10},{"not_picked":["Undo","Tempest"],"picked":"Leap","floor":12},{"not_picked":["Double Energy","Scrape"],"picked":"FTL","floor":13},{"not_picked":["Rainbow","Fission"],"picked":"Creative AI","floor":16},{"not_picked":["Skim","Reprogram"],"picked":"Cold Snap+1","floor":18},{"not_picked":["Conserve Battery","Streamline"],"picked":"Hologram","floor":20},{"not_picked":["Streamline","Lockon","Gash"],"picked":"SKIP","floor":24},{"not_picked":["Stack","Leap","White Noise"],"picked":"SKIP","floor":28},{"not_picked":["Leap+1","Doom and Gloom+1"],"picked":"Cold Snap","floor":29},{"not_picked":["Rainbow","Thunder Strike"],"picked":"Buffer","floor":33},{"not_picked":["Sweeping Beam+1","Ball Lightning"],"picked":"Self Repair+1","floor":35},{"not_picked":["Turbo","Static Discharge+1"],"picked":"Sunder+1","floor":38},{"not_picked":["Barrage","Leap+1"],"picked":"Hologram+1","floor":40},{"not_picked":["Skim","Storm","Auto Shields"],"picked":"SKIP","floor":41},{"not_picked":["Doom and Gloom","Cold Snap","Steam+1"],"picked":"SKIP","floor":44},{"not_picked":["Ball Lightning+1","Force Field"],"picked":"Barrage+1","floor":45},{"not_picked":["Darkness+1","Coolheaded","Hello World"],"picked":"SKIP","floor":47},{"not_picked":["Thunder Strike","Reinforced Body"],"picked":"Conserve Battery+1","floor":48},{"not_picked":["Coolheaded+1","Steam"],"picked":"Hologram+1","floor":54}],"player_experience":413303,"relics_obtained":[{"floor":7,"key":"Lizard Tail"},{"floor":9,"key":"Letter Opener"},{"floor":10,"key":"Smiling Mask"},{"floor":24,"key":"Symbiotic Virus"},{"floor":40,"key":"Sundial"},{"floor":43,"key":"Art of War"},{"floor":47,"key":"Du-Vu Doll"},{"floor":54,"key":"Bottled Lightning"}],"event_choices":[{"damage_healed":0,"gold_gain":0,"player_choice":"Take Damage","damage_taken":22,"relics_obtained":["Golden Idol"],"max_hp_gain":0,"max_hp_loss":0,"event_name":"Golden Idol","floor":2,"gold_loss":0},{"damage_healed":0,"gold_gain":0,"cards_transformed":["Strike_B"],"player_choice":"Change","damage_taken":0,"max_hp_gain":0,"max_hp_loss":0,"event_name":"Living Wall","floor":3,"gold_loss":0,"cards_obtained":["Consume"]},{"damage_healed":0,"gold_gain":0,"player_choice":"Searched \u00270\u0027 times","damage_taken":0,"max_hp_gain":0,"max_hp_loss":0,"event_name":"Dead Adventurer","floor":14,"gold_loss":0},{"damage_healed":0,"gold_gain":0,"player_choice":"Ignored","damage_taken":0,"max_hp_gain":0,"max_hp_loss":0,"event_name":"Vampires","floor":22,"gold_loss":0},{"cards_removed":["Defend_B"],"damage_healed":0,"gold_gain":0,"player_choice":"Gave Gold","damage_taken":0,"max_hp_gain":0,"max_hp_loss":0,"event_name":"Beggar","floor":31,"gold_loss":75},{"cards_removed":["Leap"],"damage_healed":0,"gold_gain":0,"player_choice":"Gave Card","damage_taken":0,"relics_obtained":["Toy Ornithopter"],"max_hp_gain":0,"max_hp_loss":0,"event_name":"WeMeetAgain","floor":36,"gold_loss":0},{"cards_removed":["FTL"],"damage_healed":0,"gold_gain":0,"player_choice":"Removed Attack","damage_taken":0,"max_hp_gain":0,"max_hp_loss":0,"event_name":"Falling","floor":39,"gold_loss":0},{"cards_removed":["Defend_B"],"damage_healed":0,"gold_gain":0,"player_choice":"Purged","damage_taken":0,"max_hp_gain":0,"max_hp_loss":0,"event_name":"Purifier","floor":46,"gold_loss":0}],"is_beta":false,"boss_relics":[{"not_picked":["Runic Dome","Philosopher\u0027s Stone"],"picked":"Velvet Choker"},{"not_picked":["Sozu","Cursed Key"],"picked":"Snecko Eye"}],"items_purged_floors":[19,21,37,53],"is_endless":false,"potions_floor_spawned":[7,8,10,12,28,29,33,41,44,45,47,54],"killed_by":"The Heart","ascension_level":2}}