{"host":"fq53p46eudtfn1d2","time":1610860610,"event":{"mods":["BaseMod","Better Sensory Stone","Colored Powertips","Energized Spire","Magitek Elite","Minty Spire (QoL Compilation)","Permanent Neow","Quick Restart","StSLib"],"gold_per_floor":[109,123,135,135,153,187,48,82,128,148,166,182,182,182],"floor_reached":13,"language":"ENG","playtime":1029,"items_purged":[],"score":104,"play_id":"db6864bd-0565-4d9f-aa8f-89cfbea55921","local_time":"20210117001650","daily_mods":["Draft"],"is_ascension_mode":true,"campfire_choices":[],"circlet_count":0,"master_deck":["Dispel","Quake","Tornado","Faith","Aero","Gaia_Gear","Icebrand+1","Transpose_P","Icebrand","Haste","Crystal_Sword","Magus_Robe","Crystal_Sword","Float2_Spell","Gaia_Gear","Gaia_Gear","Esuna","Esuna+","Aero","Meteor","Focus","Meteor","Heavy_Shield","Faith","Faith","Aero"],"relics":["Pendant","Kunai","Gremlin Horn","Whetstone"],"acts_visited":["Exordium"],"potions_floor_usage":[6,11,13],"damage_taken":[{"damage":10,"enemies":"Jaw Worm","floor":1,"turns":4},{"damage":0,"enemies":"Cultist","floor":2,"turns":5},{"damage":5,"enemies":"Small Slimes","floor":3,"turns":4},{"damage":6,"enemies":"Blue Slaver","floor":5,"turns":6},{"damage":8,"enemies":"3 Sentries","floor":6,"turns":9},{"damage":13,"enemies":"Lagavulin","floor":8,"turns":7},{"damage":0,"enemies":"2 Fungi Beasts","floor":10,"turns":4},{"damage":0,"enemies":"3 Louse","floor":11,"turns":2},{"damage":0,"enemies":"Lots of Slimes","floor":12,"turns":2},{"damage":21,"enemies":"Gremlin Nob","floor":13,"turns":5}],"seed_played":"-5087992938461794221","potions_obtained":[{"floor":1,"key":"DuplicationPotion"},{"floor":6,"key":"Fire Potion"},{"floor":8,"key":"LiquidBronze"},{"floor":10,"key":"DistilledChaos"},{"floor":12,"key":"Weak Potion"}],"is_trial":true,"path_per_floor":["M","M","M","?","M","E","$","E","T","M","M","M","E"],"character_chosen":"MAGITEKELITE","items_purchased":["Focus","Meteor"],"campfire_rested":0,"item_purchase_floors":[7,7],"current_hp_per_floor":[53,53,48,48,42,34,34,21,21,21,21,21,0,0],"gold":182,"neow_bonus":"","is_daily":false,"chose_seed":false,"campfire_upgraded":0,"win_rate":0.0,"timestamp":1610860610,"path_taken":["M","M","M","?","?","E","$","E","T","M","M","M","E"],"items_purchased_type":["Card","Card"],"build_version":"2020-12-22","purchased_purges":0,"victory":false,"max_hp_per_floor":[63,63,63,63,63,63,63,63,63,63,63,63,63,63],"card_choices":[{"not_picked":["Cursed_Shield","Slow"],"picked":"Dispel","floor":0},{"not_picked":["Circlet","Mythril_Knife"],"picked":"Quake","floor":0},{"not_picked":["Astra","Thunder_Blade"],"picked":"Tornado","floor":0},{"not_picked":["Gaia_Gear","Rasp"],"picked":"Faith","floor":0},{"not_picked":["Man_Eater","Mythril_Knife"],"picked":"Aero","floor":0},{"not_picked":["Astra","Barrier"],"picked":"Gaia_Gear","floor":0},{"not_picked":["Meltdown","Mythril_Knife"],"picked":"Icebrand","floor":0},{"not_picked":["Circlet","Rasp"],"picked":"Transpose_P","floor":0},{"not_picked":["Gladius","Gaia_Gear"],"picked":"Icebrand","floor":0},{"not_picked":["Mythril_Knife","Flametongue"],"picked":"Haste","floor":0},{"not_picked":["Rasp","Water"],"picked":"Crystal_Sword","floor":0},{"not_picked":["Mythril_Knife","Quake"],"picked":"Magus_Robe","floor":0},{"not_picked":["Man_Eater","Flametongue"],"picked":"Crystal_Sword","floor":0},{"not_picked":["Falchion","Crystal_Sword"],"picked":"Float2_Spell","floor":0},{"not_picked":["Heavy_Shield","Enhancer"],"picked":"Gaia_Gear","floor":0},{"not_picked":["Cursed_Shield","Flare"],"picked":"Gaia_Gear","floor":1},{"not_picked":["Cursed_Shield","Crystal_Sword"],"picked":"Esuna","floor":2},{"not_picked":["Dispel","Minerva_Bustier"],"picked":"Esuna","floor":3},{"not_picked":["Gladius","Quake"],"picked":"Aero","floor":5},{"not_picked":["Icebrand","Meltdown"],"picked":"Meteor","floor":6},{"not_picked":["Gladius","Vox"],"picked":"Heavy_Shield","floor":8},{"not_picked":["Flametongue","Remember"],"picked":"Faith","floor":10},{"not_picked":["Haste","Magnus_Hat"],"picked":"Faith","floor":11},{"not_picked":["Quake","Crystal_Sword"],"picked":"Aero","floor":12}],"player_experience":448853,"relics_obtained":[{"floor":6,"key":"Kunai"},{"floor":8,"key":"Gremlin Horn"},{"floor":9,"key":"Whetstone"}],"event_choices":[{"damage_healed":0,"gold_gain":0,"player_choice":"Forge","damage_taken":0,"max_hp_gain":0,"max_hp_loss":0,"event_name":"Accursed Blacksmith","floor":4,"gold_loss":0,"cards_upgraded":["Esuna"]}],"is_beta":false,"boss_relics":[],"items_purged_floors":[],"is_endless":false,"potions_floor_spawned":[1,6,8,10,12],"killed_by":"Gremlin Nob","ascension_level":1}}