{"host":"43eszqhj3e37fphl","time":1610884505,"event":{"mods":["100% Spire Juice","Act Like it!","BaseMod","Colored Map","Colored Powertips","Downfall","GungeonMod","Hallownest","Hermit","Marisa????????","Minty Spire (QoL Compilation)","READ ME - Guardian Mod","Rare Cards Sparkle","StSLib","The Animator","The Bug Knight","The Forsaken","The Jungle","The Necromancer","The Poker Player"],"gold_per_floor":[99,117,131,231,681,698,722,735,10,10,27,27,12,12,32,179,229,129,139,155,206,206,206,206,42,58,78,7,7,10,10,10],"floor_reached":31,"language":"ENG","playtime":2100,"items_purged":["downfall:Icky"],"score":302,"play_id":"ae1edd3a-b220-4599-a1fb-7c4d65e33d97","local_time":"20210117125505","is_ascension_mode":false,"campfire_choices":[{"floor":1.0,"key":"RECALL"},{"data":"DemoMod:PotionOfGunFriendShip","floor":12.0,"key":"SMITH"},{"data":"DemoMod:BSG","floor":18.0,"key":"SMITH"},{"floor":23.0,"key":"REST"}],"circlet_count":0,"master_deck":["DemoMod:Strike_Huntress","DemoMod:Strike_Huntress","DemoMod:Strike_Huntress","DemoMod:Defend_Huntress","DemoMod:Defend_Huntress","DemoMod:Defend_Huntress","DemoMod:Defend_Huntress","DemoMod:Roll+1","DemoMod:ManualReload","DemoMod:RustySidearm","DemoMod:CrossBow","DemoMod:BoxingGlove","DemoMod:AC15","downfall:Icky","downfall:Icky","DemoMod:Camera","DemoMod:AbyssalTentacle","DemoMod:PotionOfGunFriendShip+1","DemoMod:ShadowBullets","DemoMod:MegaHand","DemoMod:HardPowerCard","theForsaken:PlagueCurse","DemoMod:BlackHoleGun","DemoMod:LifeOrb","DemoMod:MachoBrace","DemoMod:PotionOfGunFriendShip+1","DemoMod:HuntsMan","DemoMod:HungryBullets","DemoMod:ConditionalReflex+1","DemoMod:GunstockTap","DemoMod:FullFirepower","DemoMod:BoxingGlove+1","DemoMod:TableSutra","DemoMod:CombinedRifle"],"relics":["DemoMod:Dog","Lee\u0027s Waffle","DemoMod:GnawedKey","Meat on the Bone","theForsaken:PlagueMask","Pear","Tiny House","downfall:HeartBlessingBlue","CaptainsWheel","Strange Spoon","theJungle:BirthdayCake","DemoMod:GlassGuonStoneRelic","Kunai"],"acts_visited":["Exordium","Exordium"],"potions_floor_usage":[25,25,25,27,28],"damage_taken":[{"damage":2.0,"enemies":"Jaw Worm","floor":2.0,"turns":4.0},{"damage":3.0,"enemies":"Small Slimes","floor":3.0,"turns":3.0},{"damage":12.0,"enemies":"2 Louse","floor":6.0,"turns":2.0},{"damage":44.0,"enemies":"Large Slime","floor":8.0,"turns":10.0},{"damage":5.0,"enemies":"downfall:FleeingMerchant","floor":9.0,"turns":4.0},{"damage":13.0,"enemies":"Exordium Thugs","floor":11.0,"turns":3.0},{"damage":10.0,"enemies":"downfall:FleeingMerchant","floor":13.0,"turns":4.0},{"damage":0.0,"enemies":"Blue Slaver","floor":15.0,"turns":2.0},{"damage":14.0,"enemies":"WA_ARCHETYPE_RETAIN","floor":16.0,"turns":4.0},{"damage":25.0,"enemies":"theJungle:5_Spyders","floor":19.0,"turns":6.0},{"damage":18.0,"enemies":"Shell Parasite","floor":20.0,"turns":5.0},{"damage":16.0,"enemies":"theJungle:Snecko_Cultist_And_Trap","floor":21.0,"turns":5.0},{"damage":23,"enemies":"downfall:FleeingMerchant","floor":25,"turns":4},{"damage":41,"enemies":"theJungle:2_Flameangoes","floor":26,"turns":8},{"damage":24,"enemies":"theJungle:SlimyTreeVines","floor":27,"turns":6},{"damage":3,"enemies":"downfall:FleeingMerchant","floor":28,"turns":4},{"damage":52,"enemies":"JungleHuntersEvent","floor":30,"turns":8},{"damage":17,"enemies":"downfall:FleeingMerchant","floor":31,"turns":2}],"seed_played":"-5688903470120377691","potions_obtained":[{"floor":3.0,"key":"Regen Potion"},{"floor":6.0,"key":"SteroidPotion"},{"floor":11.0,"key":"Ancient Potion"},{"floor":16.0,"key":"Regen Potion"},{"floor":17.0,"key":"Guardian:BlockOnCardUsePotion"},{"floor":20.0,"key":"ColorlessPotion"},{"floor":26,"key":"Guardian:BlockOnCardUsePotion"},{"floor":27,"key":"SkillPotion"}],"is_trial":false,"path_per_floor":["R","M","M","?","?","M","T","M","$","?","M","R","$","?","M","B",null,"R","M","M","M","?","R","T","$","M","M","$","?","?","$"],"character_chosen":"HUNTRESS","items_purchased":["Lee\u0027s Waffle","DemoMod:GnawedKey","DemoMod:PotionOfGunFriendShip","DemoMod:ShadowBullets","Meat on the Bone","FearPotion","Strange Spoon","DemoMod:TableSutra"],"campfire_rested":1,"item_purchase_floors":[9,9,9,9,9,9,25,28],"current_hp_per_floor":[77,75,72,72,72,60,60,16,84,84,71,71,61,61,71,57,99,109,96,78,62,54,86,86,63,34,28,37,57,17,0,0],"gold":10,"neow_bonus":"TEN_PERCENT_HP_BONUS","is_daily":false,"chose_seed":false,"campfire_upgraded":2,"win_rate":0.0,"timestamp":1610884505,"path_taken":["R","M","M","?","?","M","T","M","$","?","M","R","$","?","M","BOSS","R","M","M","M","?","R","T","$","M","M","$","?","?","$"],"items_purchased_type":["Relic","Relic","Card","Card","Relic","Potion","Relic","Card"],"build_version":"2020-12-22","purchased_purges":1,"victory":false,"max_hp_per_floor":[77,77,77,77,77,77,77,77,84,84,84,84,84,84,94,94,99,109,109,109,109,109,109,109,109,109,109,109,129,129,129,129],"card_choices":[{"not_picked":["DemoMod:GunstockTap","DemoMod:EasyReloadBullets"],"picked":"DemoMod:BoxingGlove","floor":2.0},{"not_picked":["DemoMod:GunstockTap","DemoMod:BattleInHaste"],"picked":"DemoMod:AC15","floor":3.0},{"not_picked":["DemoMod:HighKaliber","DemoMod:HungryBullets"],"picked":"DemoMod:Camera","floor":6.0},{"not_picked":["DemoMod:HuntsMan","DemoMod:DoubleSwitch"],"picked":"DemoMod:AbyssalTentacle","floor":8.0},{"not_picked":["DemoMod:BattleInHaste","DemoMod:HuntsMan"],"picked":"DemoMod:BSG","floor":9.0},{"not_picked":["DemoMod:StickyCrossBow","DemoMod:LifeOrb"],"picked":"DemoMod:MegaHand","floor":11.0},{"not_picked":["DemoMod:DoubleSwitch","DemoMod:MegaHand"],"picked":"DemoMod:HardPowerCard","floor":13.0},{"not_picked":["DemoMod:Ejector","DemoMod:JK47"],"picked":"DemoMod:Purify","floor":15.0},{"not_picked":["DemoMod:FullFirepower","DemoMod:DoubleVision"],"picked":"DemoMod:BlackHoleGun","floor":16.0},{"not_picked":["DemoMod:ConditionalReflex","DemoMod:Camera"],"picked":"DemoMod:LifeOrb","floor":17.0},{"not_picked":["DemoMod:FastSwitch","DemoMod:PracticeMakesPerfect"],"picked":"DemoMod:MachoBrace","floor":19.0},{"not_picked":["DemoMod:DirectionalPad","DemoMod:Ejector"],"picked":"DemoMod:PotionOfGunFriendShip+1","floor":20.0},{"not_picked":["DemoMod:PracticeMakesPerfect+1","DemoMod:BattleInHaste"],"picked":"DemoMod:HuntsMan","floor":21.0},{"not_picked":["DemoMod:HardPowerCard","DemoMod:Camera"],"picked":"DemoMod:HungryBullets","floor":25},{"not_picked":["DemoMod:JK47","DemoMod:HuntsMan"],"picked":"DemoMod:ConditionalReflex+1","floor":26},{"not_picked":["DemoMod:LifeOrb","DemoMod:SkilledReload"],"picked":"DemoMod:GunstockTap","floor":26},{"not_picked":["DemoMod:AC15","DemoMod:FeignSurrender"],"picked":"DemoMod:FullFirepower","floor":27},{"not_picked":["DemoMod:GunstockTap","DemoMod:FortunesFavor"],"picked":"DemoMod:BoxingGlove+1","floor":28},{"not_picked":["DemoMod:FastSwitch","DemoMod:SniperShot"],"picked":"DemoMod:CombinedRifle","floor":30}],"player_experience":35033,"relics_obtained":[{"floor":15.0,"key":"Pear"},{"floor":24,"key":"CaptainsWheel"},{"floor":30,"key":"Kunai"}],"event_choices":[{"damage_healed":0.0,"max_hp_gain":0.0,"max_hp_loss":0.0,"gold_gain":0.0,"event_name":"Plague Doctor","player_choice":"Obtain Plague Curse","floor":14.0,"gold_loss":0.0,"damage_taken":0.0,"cards_obtained":["theForsaken:PlagueCurse"]}],"is_beta":false,"boss_relics":[{"not_picked":["Runic Pyramid","Velvet Choker"],"picked":"Tiny House"}],"items_purged_floors":[9],"is_endless":false,"potions_floor_spawned":[3,6,11,16,20,26,27],"killed_by":"downfall:FleeingMerchant","ascension_level":0}}