{"host":"kda2p2afd6bvz6qo","time":1610843258,"event":{"mods":["BaseMod","Colored Map","Minty Spire (QoL Compilation)","Relic Stats"],"gold_per_floor":[109,109,124,143,143,143,172,186,186,198,198,198],"floor_reached":11,"language":"ENG","playtime":357,"items_purged":[],"score":150,"play_id":"9527062e-1aa5-4d5b-9908-348e4d62b03d","local_time":"20210117002738","is_ascension_mode":true,"campfire_choices":[{"data":"Neutralize","floor":6.0,"key":"SMITH"}],"circlet_count":0,"master_deck":["AscendersBane","Strike_G","Strike_G","Strike_G","Strike_G","Strike_G","Defend_G","Defend_G","Defend_G","Defend_G","Defend_G","Survivor","Neutralize+1","Blade Dance","Malaise","Blade Dance","Heel Hook","Accuracy","Cloak And Dagger","Corpse Explosion"],"relics":["Ring of the Snake","NeowsBlessing","Ice Cream","StoneCalendar"],"acts_visited":["Exordium"],"potions_floor_usage":[],"damage_taken":[{"damage":0.0,"enemies":"2 Louse","floor":1.0,"turns":1.0},{"damage":0.0,"enemies":"Cultist","floor":3.0,"turns":1.0},{"damage":0.0,"enemies":"Jaw Worm","floor":4.0,"turns":1.0},{"damage":22.0,"enemies":"Gremlin Nob","floor":7.0,"turns":4.0},{"damage":5.0,"enemies":"Red Slaver","floor":8.0,"turns":3.0},{"damage":0.0,"enemies":"Exordium Wildlife","floor":10.0,"turns":4.0},{"damage":29,"enemies":"3 Sentries","floor":11,"turns":5}],"seed_played":"-7882141501967751932","potions_obtained":[{"floor":1.0,"key":"LiquidMemories"},{"floor":8.0,"key":"Block Potion"}],"is_trial":false,"path_per_floor":["M","?","M","M","?","R","E","M","T","M","E"],"character_chosen":"THE_SILENT","items_purchased":[],"campfire_rested":0,"item_purchase_floors":[],"current_hp_per_floor":[59,59,59,59,50,50,28,23,23,23,0,0],"gold":198,"neow_bonus":"THREE_ENEMY_KILL","is_daily":false,"chose_seed":false,"campfire_upgraded":1,"win_rate":0.0,"timestamp":1610843258,"path_taken":["M","?","M","?","?","R","E","?","T","M","E"],"items_purchased_type":[],"build_version":"2020-12-22","purchased_purges":0,"victory":false,"max_hp_per_floor":[66,66,66,66,66,66,66,66,66,66,66,66],"relic_stats":{"counters":[7,19],"StoneCalendar":[0],"obtain_stats":[{"Ice Cream":7,"NeowsBlessing":0,"StoneCalendar":9,"Ring of the Snake":0},{"Ice Cream":4,"NeowsBlessing":0,"StoneCalendar":5,"Ring of the Snake":0},{"Ice Cream":7,"NeowsBlessing":0,"StoneCalendar":10,"Ring of the Snake":0}],"Ring of the Snake":[14]},"card_choices":[{"not_picked":["Terror","Outmaneuver"],"picked":"Blade Dance","floor":1.0},{"not_picked":["Poisoned Stab","Outmaneuver"],"picked":"Blade Dance","floor":3.0},{"not_picked":["Well Laid Plans","Cloak And Dagger"],"picked":"Heel Hook","floor":4.0},{"not_picked":["Expertise","Prepared"],"picked":"Accuracy","floor":7.0},{"not_picked":["Reflex","Blade Dance"],"picked":"Cloak And Dagger","floor":8.0},{"not_picked":["Infinite Blades","Accuracy"],"picked":"Corpse Explosion","floor":10.0}],"player_experience":138627,"relics_obtained":[{"floor":7.0,"key":"Ice Cream"},{"floor":9.0,"key":"StoneCalendar"}],"event_choices":[{"damage_healed":0.0,"max_hp_gain":0.0,"max_hp_loss":0.0,"gold_gain":0.0,"event_name":"Match and Keep!","player_choice":"1 cards matched","floor":2.0,"gold_loss":0.0,"damage_taken":0.0,"cards_obtained":["Malaise"]},{"damage_healed":0.0,"max_hp_gain":0.0,"max_hp_loss":0.0,"gold_gain":0.0,"event_name":"Wheel of Change","player_choice":"Damaged","floor":5.0,"gold_loss":0.0,"damage_taken":9.0}],"is_beta":false,"boss_relics":[],"items_purged_floors":[],"is_endless":false,"potions_floor_spawned":[1,8],"killed_by":"3 Sentries","ascension_level":20}}