{"host":"ordk2y2ebcetabk6","time":1610857628,"event":{"mods":["AlwaysNeverKeys","Astrologer","Bard","BaseMod","Better Debug","Colored Map","Colored Powertips","Dark Map","Hermit","Highlight Path","Minty Spire (QoL Compilation)","Permanent Neow","Rare Cards Sparkle","StSLib","TheLocksmith","Wandering Minibosses","Wide Potions","thorton"],"gold_per_floor":[127,157,180,192,223,235,271,358,370,45,45,58,74,84,84,84,84],"floor_reached":16,"language":"ENG","playtime":542,"items_purged":[],"score":94,"play_id":"ffe26da2-1932-4ba8-b641-f7db6396f124","local_time":"20210116212708","is_ascension_mode":false,"campfire_choices":[{"data":"PathToVictory","floor":6.0,"key":"SMITH"},{"data":"Mayhem","floor":11,"key":"SMITH"},{"data":"CrushJoints","floor":15,"key":"SMITH"}],"circlet_count":0,"master_deck":["Strike_P","Strike_P","Strike_P","Strike_P","Defend_P","Defend_P","Defend_P","Defend_P","Eruption","Vigilance","PathToVictory+1","JustLucky","Mayhem+1","CrushJoints+1"],"relics":["PureWater","MawBank","Odd Mushroom","Bag of Preparation","Bronze Scales"],"acts_visited":["Exordium"],"potions_floor_usage":[7,16,16],"damage_taken":[{"damage":3.0,"enemies":"Jaw Worm","floor":1.0,"turns":6.0},{"damage":0.0,"enemies":"Cultist","floor":2.0,"turns":3.0},{"damage":6.0,"enemies":"Small Slimes","floor":3.0,"turns":4.0},{"damage":3.0,"enemies":"2 Fungi Beasts","floor":5.0,"turns":5.0},{"damage":17,"enemies":"The Mushroom Lair","floor":7,"turns":6},{"damage":4,"enemies":"Blue Slaver","floor":12,"turns":4},{"damage":3,"enemies":"3 Louse","floor":13,"turns":2},{"damage":14,"enemies":"Exordium Wildlife","floor":14,"turns":6},{"damage":11,"enemies":"The Guardian","floor":16,"turns":10}],"seed_played":"-3781240915962183668","potions_obtained":[{"floor":2.0,"key":"Swift Potion"},{"floor":5.0,"key":"BottledMiracle"},{"floor":7,"key":"SpeedPotion"},{"floor":12,"key":"Strength Potion"}],"is_trial":false,"path_per_floor":["M","M","M","?","M","R","?","?","T","$","R","M","M","M","R","B"],"character_chosen":"WATCHER","items_purchased":["Mayhem","Bronze Scales"],"campfire_rested":0,"item_purchase_floors":[10,10],"current_hp_per_floor":[69,69,63,63,60,60,43,32,32,32,32,28,25,11,11,0,0],"gold":84,"neow_bonus":"RANDOM_COMMON_RELIC","is_daily":false,"chose_seed":false,"campfire_upgraded":3,"win_rate":0.0,"timestamp":1610857628,"path_taken":["M","M","M","?","?","R","?","?","T","$","R","M","M","M","R","BOSS"],"items_purchased_type":["Card","Relic"],"build_version":"2020-12-22","purchased_purges":0,"victory":false,"max_hp_per_floor":[72,72,72,72,72,72,72,72,72,72,72,72,72,72,72,72,72],"card_choices":[{"not_picked":["Prostrate","Indignation"],"picked":"PathToVictory","floor":1.0},{"not_picked":["WaveOfTheHand","ThirdEye","FollowUp"],"picked":"SKIP","floor":2.0},{"not_picked":["Evaluate","Protect","Fasting2"],"picked":"SKIP","floor":3.0},{"not_picked":["SandsOfTime","CutThroughFate"],"picked":"JustLucky","floor":5.0},{"not_picked":["Swivel","SandsOfTime","DeceiveReality"],"picked":"SKIP","floor":12},{"not_picked":["JustLucky","Consecrate","Establishment"],"picked":"SKIP","floor":13},{"not_picked":["Halt","Consecrate"],"picked":"CrushJoints","floor":14}],"player_experience":1099096,"relics_obtained":[{"floor":7,"key":"Odd Mushroom"},{"floor":9,"key":"Bag of Preparation"}],"event_choices":[{"damage_healed":0.0,"max_hp_gain":0.0,"max_hp_loss":0.0,"gold_gain":0.0,"event_name":"NoteForYourself","player_choice":"Ignored","floor":4.0,"gold_loss":0.0,"damage_taken":0.0},{"damage_healed":0,"gold_gain":0,"player_choice":"Fought Mushrooms","damage_taken":0,"max_hp_gain":0,"max_hp_loss":0,"event_name":"Mushrooms","floor":7,"gold_loss":0},{"damage_healed":0,"gold_gain":75,"player_choice":"Gather Gold","damage_taken":11,"max_hp_gain":0,"max_hp_loss":0,"event_name":"World of Goop","floor":8,"gold_loss":0}],"is_beta":false,"boss_relics":[],"items_purged_floors":[],"is_endless":false,"potions_floor_spawned":[2,5,7,12,14],"killed_by":"The Guardian","ascension_level":0}}