{"host":"1a3cjta80tad0aqj","time":1610889443,"event":{"mods":["2.2 Compatiblity","AchievementEnabler","BaseMod","Colored Map","DeckTracker","KOR Keyword Fix","Keyboard Shortcuts","Minty Spire (QoL Compilation)","Permanent Neow","Quick Restart","Random Character Button","StSLib","SuperFastMode","everything is the same but u backflip on backflip"],"gold_per_floor":[113,132,132,147,147,147,165,240,267,277,83,98,98,48,48,146,146,158,73,172,191,209,209,209],"floor_reached":23,"language":"KOR","playtime":673,"items_purged":["Strike_P","Strike_P"],"score":284,"play_id":"b437230a-3488-48e4-aa86-6d58cc85de82","local_time":"20210117221723","is_ascension_mode":true,"campfire_choices":[{"data":"Eruption","floor":6,"key":"SMITH"},{"floor":13,"key":"REST"},{"data":"BowlingBash","floor":15,"key":"SMITH"}],"circlet_count":0,"master_deck":["AscendersBane","Strike_P","Defend_P","Defend_P","Eruption+1","Vigilance","BowlingBash+1","SashWhip","CutThroughFate","InnerPeace"],"relics":["PureWater","Centennial Puzzle","Membership Card","Philosopher\u0027s Stone","Dream Catcher"],"acts_visited":["Exordium","TheCity"],"potions_floor_usage":[12,21],"damage_taken":[{"damage":0,"enemies":"Small Slimes","floor":1,"turns":2},{"damage":2,"enemies":"2 Louse","floor":2,"turns":4},{"damage":0,"enemies":"Cultist","floor":4,"turns":2},{"damage":7,"enemies":"3 Louse","floor":7,"turns":2},{"damage":0,"enemies":"2 Fungi Beasts","floor":10,"turns":2},{"damage":10,"enemies":"Lots of Slimes","floor":12,"turns":2},{"damage":43,"enemies":"The Guardian","floor":16,"turns":11},{"damage":10,"enemies":"Chosen","floor":18,"turns":3},{"damage":9,"enemies":"2 Thieves","floor":21,"turns":2},{"damage":27,"enemies":"Snecko","floor":22,"turns":5},{"damage":18,"enemies":"Book of Stabbing","floor":23,"turns":3}],"seed_played":"4402080317016042670","potions_obtained":[{"floor":2,"key":"ColorlessPotion"},{"floor":7,"key":"EssenceOfSteel"}],"is_trial":false,"path_per_floor":["M","M","?","M","?","R","M","?","T","M","$","M","R","$","R","B",null,"M","?","?","M","M","E"],"character_chosen":"WATCHER","items_purchased":["Membership Card"],"campfire_rested":1,"item_purchase_floors":[11],"current_hp_per_floor":[65,63,63,63,63,63,56,45,45,45,45,35,56,56,56,13,57,47,47,47,38,11,0,0],"gold":209,"neow_bonus":"REMOVE_CARD","is_daily":false,"chose_seed":false,"campfire_upgraded":2,"win_rate":0.0,"timestamp":1610889443,"path_taken":["M","M","?","M","?","R","?","?","T","M","$","M","R","$","R","BOSS","M","?","?","M","M","E"],"items_purchased_type":["Relic"],"build_version":"2020-12-22","purchased_purges":2,"victory":false,"max_hp_per_floor":[72,72,72,72,72,72,72,72,72,72,72,72,72,72,72,72,72,72,72,72,72,72,72,72],"card_choices":[{"not_picked":["Evaluate","Fasting2","WheelKick"],"picked":"SKIP","floor":1},{"not_picked":["Consecrate","ThirdEye","SandsOfTime"],"picked":"SKIP","floor":2},{"not_picked":["FollowUp","Protect"],"picked":"BowlingBash","floor":4},{"not_picked":["Evaluate","SignatureMove"],"picked":"SashWhip","floor":7},{"not_picked":["Prostrate","WreathOfFlame","Crescendo"],"picked":"SKIP","floor":10},{"not_picked":["Pray","Blasphemy"],"picked":"CutThroughFate","floor":12},{"not_picked":["Protect","CrushJoints","Swivel"],"picked":"SKIP","floor":18},{"not_picked":["Crescendo+1","Sanctity"],"picked":"InnerPeace","floor":21},{"not_picked":["Vengeance","Consecrate","FlurryOfBlows"],"picked":"SKIP","floor":22}],"player_experience":709657,"relics_obtained":[{"floor":9,"key":"Centennial Puzzle"}],"event_choices":[{"cards_removed":["Strike_P"],"damage_healed":0,"gold_gain":0,"player_choice":"Forget","damage_taken":0,"max_hp_gain":0,"max_hp_loss":0,"event_name":"Living Wall","floor":3,"gold_loss":0},{"cards_removed":["Defend_P"],"damage_healed":0,"gold_gain":0,"player_choice":"Purged","damage_taken":0,"max_hp_gain":0,"max_hp_loss":0,"event_name":"Purifier","floor":5,"gold_loss":0},{"damage_healed":0,"gold_gain":75,"player_choice":"Gather Gold","damage_taken":11,"max_hp_gain":0,"max_hp_loss":0,"event_name":"World of Goop","floor":8,"gold_loss":0},{"damage_healed":0,"gold_gain":0,"player_choice":"Obtained Relic","damage_taken":0,"relics_obtained":["Dream Catcher"],"max_hp_gain":0,"max_hp_loss":0,"event_name":"Addict","floor":19,"gold_loss":85},{"damage_healed":0,"gold_gain":99,"player_choice":"Stole From Cult","damage_taken":0,"max_hp_gain":0,"max_hp_loss":0,"event_name":"Nest","floor":20,"gold_loss":0}],"is_beta":false,"boss_relics":[{"not_picked":["Calling Bell","Ectoplasm"],"picked":"Philosopher\u0027s Stone"}],"items_purged_floors":[11,14],"is_endless":false,"potions_floor_spawned":[2,7,10],"killed_by":"Book of Stabbing","ascension_level":11}}