{"host":"lzzv50t0ea3gz1kk","time":1610873179,"event":{"mods":["ATMod(°¢èªMod)","Act Like it!","BaseMod","Gensokyo","Hallownest","Hermit","Marisa£¨ìFÓê¡¡Ä§ÀíÉ³£©","Minty Spire (QoL Compilation)","Replay The Spire","Robot Space Explorer","StSLib","The Animator"],"gold_per_floor":[10,110,110,110,127,158,158,158,158,18,37,53,53,78,78,183,183,198,217,236,248,128,128,128,128],"floor_reached":24,"language":"ZHS","playtime":1289,"items_purged":[],"score":267,"play_id":"1cba7b1e-701a-40a3-9365-67f32c4fb57b","local_time":"20210117164619","is_ascension_mode":true,"campfire_choices":[{"data":"Eruption","floor":7.0,"key":"SMITH"},{"floor":15.0,"key":"DIG"},{"floor":23,"key":"REST"}],"circlet_count":0,"master_deck":["Strike_P","Strike_P","Strike_P","Strike_P","Defend_P","Defend_P","Defend_P","Defend_P","Eruption+1","Replay:AtTheReady","Clumsy","FearNoEvil","Replay:BluntJabs","FlurryOfBlows","Halt","Replay:Vibes","AT_MachinaRedman","ClearTheMind","Tantrum+1","Replay:BluntJabs+1","AT_OneInchPunch","Replay:ManipulateFuture+1","BattleHymn+1","Replay:Battleflow"],"relics":["PureWater","AT_ATBox","Gensokyo:NagashiBinaDoll","Gensokyo:Justice","Blood Vial","Prayer Wheel","GoldenEye","Replay:WaspNest","Ancient Tea Set","Philosopher\u0027s Stone","Gensokyo:SpiderMask"],"acts_visited":["Gensokyo:Gensokyo","Gensokyo:Gensokyoer"],"potions_floor_usage":[16,18,18],"damage_taken":[{"damage":3.0,"enemies":"Gensokyo:Gryphon","floor":1.0,"turns":5.0},{"damage":3.0,"enemies":"Gensokyo:Python","floor":5.0,"turns":4.0},{"damage":0.0,"enemies":"Gensokyo:Mamizou","floor":6.0,"turns":8.0},{"damage":0.0,"enemies":"Gensokyo:3_Fairies","floor":11.0,"turns":3.0},{"damage":7.0,"enemies":"Gensokyo:Python_and_Kodama","floor":12.0,"turns":4.0},{"damage":4.0,"enemies":"Gensokyo:Cirno","floor":14.0,"turns":4.0},{"damage":70,"enemies":"Gensokyo:Reimu","floor":16,"turns":18},{"damage":15,"enemies":"Gensokyo:3_Dogs","floor":18,"turns":4},{"damage":26,"enemies":"Gensokyo:CosmicMonolith","floor":19,"turns":4},{"damage":11,"enemies":"Gensokyo:Wraith","floor":20,"turns":4},{"damage":44,"enemies":"Gensokyo:Slime_Group","floor":21,"turns":4},{"damage":39,"enemies":"Gensokyo:Swordslinger","floor":24,"turns":2}],"seed_played":"-1044202662480738664","potions_obtained":[{"floor":1.0,"key":"Energy Potion"},{"floor":11.0,"key":"LifebloodPotion"},{"floor":14.0,"key":"SkillPotion"},{"floor":18,"key":"Fruit Juice"},{"floor":21,"key":"FearPotion"}],"is_trial":false,"path_per_floor":["M","?","?","?","M","E","R","?","T","?","M","M","$","E","R","B",null,"M","M","M","M","?","R","M"],"character_chosen":"WATCHER","items_purchased":[],"campfire_rested":1,"item_purchase_floors":[],"current_hp_per_floor":[83,83,83,83,80,80,80,80,80,80,82,77,77,75,75,7,86,76,52,43,1,1,28,0,0],"gold":128,"neow_bonus":"TWENTY_PERCENT_HP_BONUS","is_daily":false,"chose_seed":false,"campfire_upgraded":1,"win_rate":0.0,"timestamp":1610873179,"path_taken":["M","?","?","?","M","E","R","?","T","?","M","M","?","E","R","BOSS","M","M","?","M","?","R","M"],"items_purchased_type":[],"build_version":"2020-12-22","purchased_purges":0,"victory":false,"max_hp_per_floor":[86,86,86,86,86,86,86,86,86,86,86,86,86,86,86,86,86,91,91,91,91,91,91,91,91],"card_choices":[{"not_picked":["Weave","CrushJoints"],"picked":"Replay:AtTheReady","floor":1.0},{"not_picked":["CrushJoints","ThirdEye","EmptyBody"],"picked":"SKIP","floor":5.0},{"not_picked":["Fasting2","Adaptation"],"picked":"FearNoEvil","floor":6.0},{"not_picked":["SashWhip","Prostrate"],"picked":"Replay:BluntJabs","floor":11.0},{"not_picked":["Replay:Cycle","Omniscience"],"picked":"FlurryOfBlows","floor":11.0},{"not_picked":["ThirdEye","WreathOfFlame"],"picked":"Halt","floor":12.0},{"not_picked":["Evaluate","Replay:Cycle","Replay:BluntJabs"],"picked":"SKIP","floor":12.0},{"not_picked":["FlyingSleeves","SignatureMove"],"picked":"Replay:Vibes","floor":14.0},{"not_picked":["Brilliance","Replay:AllIn"],"picked":"AT_MachinaRedman","floor":16},{"not_picked":["InnerPeace","JustLucky"],"picked":"ClearTheMind","floor":18},{"not_picked":["Replay:Vibes+1","CarveReality"],"picked":"Tantrum+1","floor":18},{"not_picked":["Evaluate","ClearTheMind"],"picked":"Replay:BluntJabs+1","floor":19},{"not_picked":["BowlingBash","FlurryOfBlows","LikeWater"],"picked":"SKIP","floor":19},{"not_picked":["BattleHymn","AT_SoftenMuscles"],"picked":"AT_OneInchPunch","floor":20},{"not_picked":["Scrawl","InnerPeace+1"],"picked":"Replay:ManipulateFuture+1","floor":20},{"not_picked":["Wireheading","SashWhip"],"picked":"BattleHymn+1","floor":21},{"not_picked":["Replay:AtTheReady+1","Crescendo"],"picked":"Replay:Battleflow","floor":21}],"player_experience":337776,"relics_obtained":[{"floor":6.0,"key":"Blood Vial"},{"floor":9.0,"key":"Prayer Wheel"},{"floor":14.0,"key":"Replay:WaspNest"},{"floor":15.0,"key":"Ancient Tea Set"}],"event_choices":[],"is_beta":false,"boss_relics":[{"not_picked":["Pandora\u0027s Box","Fusion Hammer"],"picked":"Philosopher\u0027s Stone"}],"items_purged_floors":[],"is_endless":false,"potions_floor_spawned":[1,11,14,18,21],"killed_by":"Gensokyo:Swordslinger","ascension_level":1}}