{"host":"c5slkkw8hp42e20v","time":1610881463,"event":{"mods":["AchievementEnabler","BaseMod","Better Note","BetterRewards","Clawfect","Colored Powertips","DeckTracker","Friendly Minions","GifTheSpireLib","Hermit","Highlight Path","Minty Spire (QoL Compilation)","Quick Restart","Rare Cards Sparkle","Replay The Spire","Spicy Shops","StSLib","The Animator","The Hierophant","The Poker Player","????"],"gold_per_floor":[119,172,172,185,235,265,185,212,236,252,272,287,287,214,214,313,313,327,327,347,347,146,146,146,146,214,242,256,256,274,289,17,122,122,33,52,52,52],"floor_reached":37,"language":"ENG","playtime":1806,"items_purged":[],"score":536,"play_id":"3169f3e4-676e-4650-ba47-b40d84748a28","local_time":"20210117050423","is_ascension_mode":false,"campfire_choices":[{"floor":15,"key":"REST"},{"floor":23,"key":"REST"}],"circlet_count":0,"master_deck":["Gash","Gash","Gash","Gash","Gash","Consume","Hello World","Pot Of Greed","Pot Of Greed","Gash","Gash","Gash","Gash","Rebound","Clawfect:ClawForTheEyes+1","Clawfect:ScrapingClaw","Creative AI","Hello World","Pot Of Greed","Clawfect:ClawpileDriver","Gash","Rebound+1","Clawfect:ClawSnap+1","Clawfect:ClawSnap+1","ReplayTheSpireMod:GoodbyeWorld+1","ReplayGash","White Noise+1","ReplayRNGCard","ReplayGash","Pot Of Greed","Gash","Clawfect:Clawter","Clawfect:ClawSnap","Clawfect:ClawAndGloom","Clawfect:ClawpileDriver","Rainbow","Blizzard","ReplaySolidLightProjector","Aggregate","ReplaySolidLightProjector","Leap","Storm+1","Pot Of Greed","Clawfect:ClawCell+1"],"relics":["Clawfect:DRClaw","NeowsBlessing","Eternal Feather","Grinning Jar","Ring of Greed","Ring of Shattering","The Courier","Membership Card","Anchor","ReplayTheSpireMod:TigerMarble","Blood Vial","Replay:Arrowhead","Ring of Chaos","ReplayTheSpireMod:Lightbulb","Orichalcum","Orrery","Replay:Bottled Steam","Bottled Lightning","Gremlin Horn","Centennial Puzzle","Pandora\u0027s Box"],"acts_visited":["Exordium","TheCity","TheBeyond"],"potions_floor_usage":[],"damage_taken":[{"damage":2,"enemies":"Small Slimes","floor":1,"turns":2},{"damage":11,"enemies":"Jaw Worm","floor":4,"turns":2},{"damage":0,"enemies":"Gremlin Nob","floor":6,"turns":2},{"damage":0,"enemies":"Cultist","floor":7,"turns":4},{"damage":0,"enemies":"Lagavulin","floor":8,"turns":4},{"damage":9,"enemies":"Exordium Wildlife","floor":10,"turns":4},{"damage":11,"enemies":"Large Slime","floor":11,"turns":3},{"damage":12,"enemies":"3 Louse","floor":12,"turns":4},{"damage":22,"enemies":"3 Sentries","floor":14,"turns":5},{"damage":25,"enemies":"Hexaghost","floor":16,"turns":5},{"damage":15,"enemies":"Spheric Guardian","floor":18,"turns":4},{"damage":25,"enemies":"3 Byrds","floor":20,"turns":6},{"damage":35,"enemies":"Slavers","floor":27,"turns":6},{"damage":3,"enemies":"Cultist and Chosen","floor":28,"turns":5},{"damage":10,"enemies":"Snake Plant","floor":30,"turns":5},{"damage":3,"enemies":"Centurion and Healer","floor":31,"turns":6},{"damage":3,"enemies":"Champ","floor":33,"turns":7},{"damage":0,"enemies":"Orb Walker","floor":35,"turns":3},{"damage":63,"enemies":"3 Shapes","floor":36,"turns":4},{"damage":14,"enemies":"Maw","floor":37,"turns":6}],"seed_played":"5078226246619847606","potions_obtained":[{"floor":1,"key":"Energy Potion"},{"floor":2,"key":"EntropicBrew"},{"floor":6,"key":"Dexterity Potion"}],"is_trial":false,"path_per_floor":["M","?","?","M","?","E","M","E","T","M","M","M","?","E","R","B",null,"M","?","M","?","$","R","?","?","T","E","M","?","M","M","R","B",null,"M","M","M"],"character_chosen":"DEFECT","items_purchased":["ReplayTheSpireMod:Lightbulb","Orichalcum","Orrery","Gremlin Horn","Gash","Clawfect:Clawter","Clawfect:ClawSnap","Clawfect:ClawAndGloom","Clawfect:ClawpileDriver","Centennial Puzzle"],"campfire_rested":2,"item_purchase_floors":[22,22,22,32,32,32,32,32,32,32],"current_hp_per_floor":[73,73,61,50,50,50,50,50,50,43,34,24,24,4,38,15,75,60,60,37,37,37,75,75,75,75,40,39,39,31,30,51,50,75,75,12,0,0],"gold":52,"neow_bonus":"THREE_ENEMY_KILL","is_daily":false,"chose_seed":false,"campfire_upgraded":0,"win_rate":0.0,"timestamp":1610881463,"path_taken":["M","?","?","M","?","E","?","E","T","M","M","M","?","E","R","BOSS","M","?","M","?","$","R","?","?","T","E","?","?","M","M","R","BOSS","M","?","M"],"items_purchased_type":["Relic","Relic","Relic","Relic","Card","Card","Card","Card","Card","Relic"],"build_version":"2020-12-22","purchased_purges":0,"victory":false,"max_hp_per_floor":[75,75,75,75,75,75,75,75,75,75,75,75,75,75,75,75,75,75,75,75,75,75,75,75,75,75,75,75,75,75,75,75,75,75,75,75,75,75],"card_choices":[{"not_picked":["Conserve Battery","Clawfect:ClawCell"],"picked":"Consume","floor":1},{"not_picked":["Steam","ReplayTheSpireMod:Reroute Power"],"picked":"Hello World","floor":2},{"not_picked":["Stack","Crystallizer"],"picked":"Gash","floor":4},{"not_picked":["Conserve Battery","Creative AI"],"picked":"Gash","floor":6},{"not_picked":["Leap","Clawfect:Clawrage"],"picked":"Gash","floor":7},{"not_picked":["FTL","Clawfect:ClawingBeam"],"picked":"Gash","floor":8},{"not_picked":["Panic Button","Buffer"],"picked":"Rebound","floor":10},{"not_picked":["Fusion","Clawfect:Clawrage"],"picked":"Panic Button","floor":11},{"not_picked":["Aggregate","ReplayTheSpireMod:System Scan"],"picked":"Clawfect:ClawForTheEyes","floor":12},{"not_picked":["Gash","Redo"],"picked":"Clawfect:ScrapingClaw","floor":14},{"not_picked":["ReplayTheSpireMod:Omega Cannon","Echo Form"],"picked":"Creative AI","floor":16},{"not_picked":["Hologram","ReplayTheSpireMod:Reroute Power+1"],"picked":"Hello World","floor":18},{"not_picked":["Redo","ReplayTheSpireMod:Reroute Power"],"picked":"Clawfect:ClawpileDriver","floor":20},{"not_picked":["ReplayTheSpireMod:Calculation Training+1","Heatsinks"],"picked":"Gash","floor":22},{"not_picked":["Skim","Coolheaded"],"picked":"Rebound+1","floor":22},{"not_picked":["Gash+1","Storm"],"picked":"Clawfect:ClawSnap+1","floor":22},{"not_picked":["Stack+1","Gash"],"picked":"Clawfect:ClawSnap+1","floor":22},{"not_picked":["FTL","Leap+1"],"picked":"ReplayTheSpireMod:GoodbyeWorld+1","floor":22},{"not_picked":["Steam Power","Clawfect:Clawline+1","Hello World"],"picked":"SKIP","floor":27},{"not_picked":["BasicCrystalCard","ReplayTheSpireMod:Repulse"],"picked":"White Noise+1","floor":28},{"not_picked":["Steam","Hello World"],"picked":"ReplayRNGCard","floor":30},{"not_picked":["Coolheaded+1","Lockon"],"picked":"ReplayGash","floor":31},{"not_picked":["Reboot","Mirror Shield"],"picked":"Rainbow","floor":33},{"not_picked":["Fusion","ReplaySolidLightProjector"],"picked":"Storm+1","floor":35},{"not_picked":["White Noise+1","Leap"],"picked":"Clawfect:ClawCell+1","floor":36}],"player_experience":79337,"relics_obtained":[{"floor":2,"key":"Eternal Feather"},{"floor":5,"key":"Ring of Greed"},{"floor":5,"key":"Ring of Shattering"},{"floor":5,"key":"The Courier"},{"floor":5,"key":"Membership Card"},{"floor":6,"key":"Anchor"},{"floor":8,"key":"ReplayTheSpireMod:TigerMarble"},{"floor":9,"key":"Blood Vial"},{"floor":14,"key":"Replay:Arrowhead"},{"floor":26,"key":"Replay:Bottled Steam"},{"floor":27,"key":"Bottled Lightning"}],"event_choices":[{"damage_healed":0,"gold_gain":0,"player_choice":"Success","damage_taken":12,"relics_obtained":["Grinning Jar"],"max_hp_gain":0,"max_hp_loss":0,"event_name":"Scrap Ooze","floor":3,"gold_loss":0},{"cards_removed":["Panic Button"],"damage_healed":0,"gold_gain":0,"player_choice":"Purged","damage_taken":0,"max_hp_gain":0,"max_hp_loss":0,"event_name":"Purifier","floor":13,"gold_loss":0},{"damage_healed":0,"gold_gain":0,"player_choice":"Ignored","damage_taken":0,"max_hp_gain":0,"max_hp_loss":0,"event_name":"betterNote:BetterNote","floor":19,"gold_loss":0,"cards_obtained":["Slice"]},{"damage_healed":0,"gold_gain":0,"player_choice":"Ignored","damage_taken":0,"max_hp_gain":0,"max_hp_loss":0,"event_name":"Ghosts","floor":21,"gold_loss":0},{"damage_healed":0,"gold_gain":0,"player_choice":"Read","damage_taken":0,"max_hp_gain":0,"max_hp_loss":0,"event_name":"The Library","floor":24,"gold_loss":0,"cards_obtained":["ReplayGash"]},{"cards_removed":["CommonCold"],"damage_healed":0,"gold_gain":0,"player_choice":"Card Removal","damage_taken":0,"max_hp_gain":0,"max_hp_loss":0,"event_name":"Wheel of Change","floor":25,"gold_loss":0},{"damage_healed":0,"gold_gain":0,"player_choice":"Upgraded","damage_taken":0,"max_hp_gain":0,"max_hp_loss":0,"event_name":"Upgrade Shrine","floor":29,"gold_loss":0,"cards_upgraded":["Clawfect:ClawForTheEyes"]}],"is_beta":false,"boss_relics":[{"not_picked":["Runic Pyramid","Empty Cage"],"picked":"Ring of Chaos"},{"not_picked":["Velvet Choker","ReplayTheSpireMod:DimensionalGlitch"],"picked":"Pandora\u0027s Box"}],"items_purged_floors":[],"is_endless":false,"potions_floor_spawned":[1,6,10,11,14,16,20,31,35],"killed_by":"Maw","ascension_level":0}}