{"host":"yvb207ks1sg3cxef","time":1610879236,"event":{"mods":["2.2 Compatiblity","BaseMod","Bestiary","Colored Powertips","Minty Spire (QoL Compilation)","Permanent Neow","Quick Restart","Relic Stats","StSLib"],"gold_per_floor":[20,32,42,42,54,54,69,104,104,120,120,150,161,177,177,275,275,291,305,220,220,246,246,279,279,279,279,296,327,343,361,361,361,361],"floor_reached":33,"language":"ENG","playtime":1273,"items_purged":[],"score":627,"play_id":"b5ec4644-967a-4eb1-8cf9-7e6c62837243","local_time":"20210117155716","is_ascension_mode":true,"campfire_choices":[{"data":"MasterReality","floor":6.0,"key":"SMITH"},{"data":"CrushJoints","floor":15.0,"key":"SMITH"},{"data":"1","floor":23.0,"key":"LIFT"},{"floor":25.0,"key":"REST"},{"data":"Adaptation","floor":32,"key":"SMITH"}],"circlet_count":0,"master_deck":["AscendersBane","Strike_P","Strike_P","Strike_P","Strike_P","Defend_P","Defend_P","Defend_P+1","Defend_P","Eruption","Vigilance","WheelKick","CrushJoints+1","Evaluate+1","MasterReality+1","FlurryOfBlows","Protect","Tantrum","Evaluate","Decay","Protect","FlurryOfBlows","DeusExMachina","Evaluate","Wireheading","Evaluate+1","Adaptation+1","Evaluate","Halt","ConjureBlade"],"relics":["PureWater","FossilizedHelix","Nunchaku","Mummified Hand","War Paint","SlaversCollar","Girya","Akabeko","Dream Catcher","Shuriken","Incense Burner"],"acts_visited":["Exordium","TheCity"],"potions_floor_usage":[30,33],"damage_taken":[{"damage":0.0,"enemies":"Jaw Worm","floor":1.0,"turns":2.0},{"damage":0.0,"enemies":"Cultist","floor":2.0,"turns":2.0},{"damage":0.0,"enemies":"2 Louse","floor":3.0,"turns":3.0},{"damage":0.0,"enemies":"Red Slaver","floor":5.0,"turns":2.0},{"damage":0.0,"enemies":"Looter","floor":7.0,"turns":3.0},{"damage":24.0,"enemies":"3 Sentries","floor":8.0,"turns":12.0},{"damage":0.0,"enemies":"3 Louse","floor":10.0,"turns":2.0},{"damage":0.0,"enemies":"Gremlin Nob","floor":12.0,"turns":3.0},{"damage":3.0,"enemies":"Lots of Slimes","floor":13.0,"turns":4.0},{"damage":0.0,"enemies":"Blue Slaver","floor":14.0,"turns":2.0},{"damage":0.0,"enemies":"Slime Boss","floor":16.0,"turns":5.0},{"damage":3.0,"enemies":"Shell Parasite","floor":18.0,"turns":3.0},{"damage":18.0,"enemies":"2 Thieves","floor":19.0,"turns":3.0},{"damage":11.0,"enemies":"Book of Stabbing","floor":24.0,"turns":3.0},{"damage":0.0,"enemies":"3 Cultists","floor":28.0,"turns":5.0},{"damage":22,"enemies":"Slavers","floor":29,"turns":5},{"damage":0,"enemies":"Shelled Parasite and Fungi","floor":30,"turns":2},{"damage":3,"enemies":"Centurion and Healer","floor":31,"turns":5},{"damage":36,"enemies":"Collector","floor":33,"turns":3}],"seed_played":"-2733406019736069757","potions_obtained":[{"floor":7.0,"key":"Explosive Potion"},{"floor":10.0,"key":"CultistPotion"},{"floor":12.0,"key":"SpeedPotion"},{"floor":13.0,"key":"SteroidPotion"},{"floor":28.0,"key":"Ancient Potion"},{"floor":29,"key":"DistilledChaos"},{"floor":31,"key":"AttackPotion"}],"is_trial":false,"path_per_floor":["M","M","M","?","M","R","M","E","T","M","?","E","M","M","R","B",null,"M","M","?","?","T","R","E","R","T","?","M","E","M","M","R","B"],"character_chosen":"WATCHER","items_purchased":[],"campfire_rested":1,"item_purchase_floors":[],"current_hp_per_floor":[65,65,65,65,65,65,65,41,41,41,41,41,38,38,38,38,64,61,43,43,30,30,30,19,42,42,42,42,20,20,17,17,0,0],"gold":361,"neow_bonus":"ONE_RARE_RELIC","is_daily":false,"chose_seed":false,"campfire_upgraded":3,"win_rate":0.0,"timestamp":1610879236,"path_taken":["M","M","M","?","?","R","M","E","T","M","?","E","?","M","R","BOSS","M","M","?","?","?","R","E","R","T","?","M","E","?","M","R","BOSS"],"items_purchased_type":[],"build_version":"2020-12-22","purchased_purges":0,"victory":false,"max_hp_per_floor":[72,72,72,72,72,72,72,72,72,72,72,72,72,72,72,72,72,72,72,72,77,77,77,77,77,77,77,77,77,77,77,77,77,77],"relic_stats":{"Nunchaku":[11],"Dream Catcher":1,"counters":[19,69],"Mummified Hand":[15],"Shuriken":[10],"War Paint":["Defend_P","Evaluate"],"obtain_stats":[{"SlaversCollar":17,"Girya":20,"Nunchaku":8,"Dream Catcher":24,"Mummified Hand":9,"Shuriken":26,"Incense Burner":29,"PureWater":0,"War Paint":12,"FossilizedHelix":0,"Akabeko":22},{"SlaversCollar":11,"Girya":13,"Nunchaku":6,"Dream Catcher":14,"Mummified Hand":6,"Shuriken":14,"Incense Burner":16,"PureWater":0,"War Paint":8,"FossilizedHelix":0,"Akabeko":13},{"SlaversCollar":40,"Girya":46,"Nunchaku":24,"Dream Catcher":49,"Mummified Hand":24,"Shuriken":49,"Incense Burner":59,"PureWater":0,"War Paint":29,"FossilizedHelix":0,"Akabeko":46}]},"card_choices":[{"not_picked":["FlyingSleeves","Prostrate"],"picked":"WheelKick","floor":1.0},{"not_picked":["ClearTheMind","Vengeance"],"picked":"CrushJoints","floor":2.0},{"not_picked":["Swivel","SandsOfTime"],"picked":"Evaluate","floor":3.0},{"not_picked":["CrushJoints","ClearTheMind"],"picked":"FlurryOfBlows","floor":5.0},{"not_picked":["EmptyBody","CrushJoints"],"picked":"Protect","floor":7.0},{"not_picked":["Meditate","Consecrate"],"picked":"Tantrum","floor":8.0},{"not_picked":["FollowUp","Prostrate"],"picked":"Evaluate","floor":10.0},{"not_picked":["Tantrum","Consecrate"],"picked":"Protect","floor":12.0},{"not_picked":["WreathOfFlame","WaveOfTheHand","JustLucky"],"picked":"SKIP","floor":13.0},{"not_picked":["ClearTheMind","JustLucky"],"picked":"FlurryOfBlows","floor":14.0},{"not_picked":["Alpha","Omniscience"],"picked":"DeusExMachina","floor":16.0},{"not_picked":["CrushJoints+1","EmptyBody","Swivel"],"picked":"SKIP","floor":18.0},{"not_picked":["Indignation","ClearTheMind"],"picked":"Evaluate","floor":19.0},{"not_picked":["Indignation","ForeignInfluence"],"picked":"Wireheading","floor":24.0},{"not_picked":["Protect","EmptyFist"],"picked":"Evaluate+1","floor":25.0},{"not_picked":["Prostrate","Brilliance"],"picked":"Adaptation","floor":28.0},{"not_picked":["Collect","PathToVictory"],"picked":"Evaluate","floor":29},{"not_picked":["JustLucky","BowlingBash"],"picked":"Halt","floor":30},{"not_picked":["BowlingBash","Evaluate"],"picked":"ConjureBlade","floor":31}],"player_experience":372253,"relics_obtained":[{"floor":8.0,"key":"Nunchaku"},{"floor":9.0,"key":"Mummified Hand"},{"floor":12.0,"key":"War Paint"},{"floor":22.0,"key":"Akabeko"},{"floor":24.0,"key":"Dream Catcher"},{"floor":26.0,"key":"Shuriken"},{"floor":29,"key":"Incense Burner"}],"event_choices":[{"damage_healed":0.0,"max_hp_gain":0.0,"max_hp_loss":0.0,"gold_gain":0.0,"event_name":"Match and Keep!","player_choice":"1 cards matched","floor":4.0,"gold_loss":0.0,"damage_taken":0.0,"cards_obtained":["MasterReality"]},{"damage_healed":0.0,"max_hp_gain":0.0,"max_hp_loss":0.0,"gold_gain":0.0,"event_name":"Wheel of Change","player_choice":"Cursed","floor":11.0,"gold_loss":0.0,"damage_taken":0.0,"cards_obtained":["Decay"]},{"damage_healed":0.0,"max_hp_gain":0.0,"max_hp_loss":0.0,"gold_gain":0.0,"event_name":"Addict","player_choice":"Obtained Relic","floor":20.0,"gold_loss":85.0,"damage_taken":0.0,"relics_obtained":["Girya"]},{"damage_healed":0.0,"max_hp_gain":5.0,"max_hp_loss":0.0,"gold_gain":0.0,"event_name":"Forgotten Altar","player_choice":"Shed Blood","floor":21.0,"gold_loss":0.0,"damage_taken":18.0},{"damage_healed":0.0,"max_hp_gain":0.0,"max_hp_loss":0.0,"gold_gain":0.0,"event_name":"Match and Keep!","player_choice":"0 cards matched","floor":27.0,"gold_loss":0.0,"damage_taken":0.0,"cards_obtained":[]}],"is_beta":false,"boss_relics":[{"not_picked":["Philosopher\u0027s Stone","Cursed Key"],"picked":"SlaversCollar"}],"items_purged_floors":[],"is_endless":false,"potions_floor_spawned":[7,10,12,13,16,28,29,31],"killed_by":"Collector","ascension_level":12}}