{"host":"ml2ro5l6hu6y0pll","time":1610909176,"event":{"mods":["AchievementEnabler","BaseMod","Colored Map","Colored Powertips","Custom Start","Googly Eyes","Minty Spire (QoL Compilation)","Quick Restart","Rare Cards Sparkle","Relic Stats","StSLib","everything is the same but u backflip on backflip"],"gold_per_floor":[113,113,126,126,201,236,29,55,55,55,74,106,106,123,123,198,198,209,229,229,55,135,169,169,179,206,206,59,94,94,109,109,180,180,197,252,252,96,151,151,151,151],"floor_reached":41,"language":"ENG","playtime":1087,"items_purged":["Strike_R","Strike_R"],"score":907,"play_id":"426019d1-dfa4-468a-8950-ebff76f97b9d","local_time":"20210117184616","is_ascension_mode":true,"campfire_choices":[{"data":"Whirlwind","floor":10,"key":"SMITH"},{"data":"Whirlwind","floor":13,"key":"SMITH"},{"data":"Inflame","floor":15,"key":"SMITH"},{"floor":24,"key":"REST"},{"floor":27,"key":"REST"},{"floor":32,"key":"REST"},{"floor":40,"key":"REST"}],"circlet_count":0,"master_deck":["AscendersBane","Strike_R","Strike_R","Defend_R","Defend_R","Defend_R","Defend_R","Bash","Pummel","Inflame+1","True Grit","Thunderclap","Whirlwind+1","Headbutt","Sword Boomerang","Whirlwind+1","Inflame","Double Tap","Clothesline","Heavy Blade","Demon Form","Fiend Fire","True Grit+1","Limit Break","Flame Barrier"],"relics":["Burning Blood","NeowsBlessing","Pocketwatch","Potion Belt","Self Forming Clay","Shuriken","Snecko Eye","Bottled Tornado","Centennial Puzzle","Strawberry","Pen Nib","Lantern","Velvet Choker","StoneCalendar","Chemical X","Anchor"],"acts_visited":["Exordium","TheCity","TheBeyond"],"potions_floor_usage":[8,29,31],"damage_taken":[{"damage":0,"enemies":"Small Slimes","floor":1,"turns":1},{"damage":0,"enemies":"2 Louse","floor":3,"turns":1},{"damage":0,"enemies":"Lagavulin","floor":6,"turns":1},{"damage":15,"enemies":"3 Sentries","floor":8,"turns":4},{"damage":2,"enemies":"Jaw Worm","floor":11,"turns":3},{"damage":8,"enemies":"Gremlin Nob","floor":12,"turns":3},{"damage":14,"enemies":"Exordium Thugs","floor":14,"turns":4},{"damage":0,"enemies":"Slime Boss","floor":16,"turns":6},{"damage":17,"enemies":"Shell Parasite","floor":18,"turns":4},{"damage":11,"enemies":"Spheric Guardian","floor":19,"turns":3},{"damage":40,"enemies":"Slavers","floor":23,"turns":3},{"damage":16,"enemies":"Snake Plant","floor":25,"turns":3},{"damage":15,"enemies":"Book of Stabbing","floor":29,"turns":3},{"damage":8,"enemies":"Cultist and Chosen","floor":31,"turns":3},{"damage":29,"enemies":"Collector","floor":33,"turns":5},{"damage":21,"enemies":"3 Darklings","floor":35,"turns":3},{"damage":54,"enemies":"2 Orb Walkers","floor":36,"turns":3},{"damage":54,"enemies":"Reptomancer","floor":41,"turns":3}],"seed_played":"6273181493782332100","potions_obtained":[{"floor":3,"key":"AttackPotion"},{"floor":6,"key":"EssenceOfSteel"},{"floor":12,"key":"BlessingOfTheForge"},{"floor":18,"key":"BlessingOfTheForge"},{"floor":29,"key":"Weak Potion"},{"floor":35,"key":"LiquidBronze"}],"is_trial":false,"path_per_floor":["M","?","M","?","?","E","$","E","T","R","M","E","R","M","R","B",null,"M","M","?","$","T","E","R","M","T","R","$","E","?","M","R","B",null,"M","?","?","$","T","R","E"],"character_chosen":"IRONCLAD","items_purchased":["Whirlwind","Flex","Demon Form","Pen Nib","Chemical X"],"campfire_rested":4,"item_purchase_floors":[7,7,21,28,38],"current_hp_per_floor":[74,74,75,80,69,75,75,66,66,66,70,68,68,60,60,66,77,66,61,66,66,66,32,56,46,53,79,79,70,45,43,70,47,81,66,18,18,18,18,45,0,0],"gold":151,"neow_bonus":"THREE_ENEMY_KILL","is_daily":false,"chose_seed":false,"campfire_upgraded":3,"win_rate":0.0,"timestamp":1610909176,"path_taken":["M","?","M","?","?","E","$","E","T","R","M","E","R","?","R","BOSS","M","M","?","$","?","E","R","?","T","R","$","E","?","M","R","BOSS","M","?","?","$","?","R","E"],"items_purchased_type":["Card","Card","Card","Relic","Relic"],"build_version":"2020-12-22","purchased_purges":2,"victory":false,"max_hp_per_floor":[75,75,75,80,80,80,80,80,80,80,80,80,80,80,80,80,80,80,80,80,80,80,80,80,80,87,87,87,87,92,92,92,92,92,92,92,92,92,92,92,92,92],"relic_stats":{"Centennial Puzzle":[21],"counters":[18,56],"Self Forming Clay":[87],"Shuriken":[9],"Snecko Eye":[52,59,57,74],"StoneCalendar":[0],"Pen Nib":[3],"Chemical X":[3],"obtain_stats":[{"Potion Belt":8,"Lantern":29,"NeowsBlessing":0,"Self Forming Clay":9,"Velvet Choker":34,"StoneCalendar":36,"Pen Nib":28,"Bottled Tornado":22,"Burning Blood":0,"Centennial Puzzle":23,"Anchor":39,"Shuriken":12,"Strawberry":26,"Snecko Eye":17,"Chemical X":38,"Pocketwatch":6},{"Potion Belt":4,"Lantern":13,"NeowsBlessing":0,"Self Forming Clay":4,"Velvet Choker":15,"StoneCalendar":17,"Pen Nib":12,"Bottled Tornado":10,"Burning Blood":0,"Centennial Puzzle":11,"Anchor":17,"Shuriken":6,"Strawberry":12,"Snecko Eye":8,"Chemical X":17,"Pocketwatch":3},{"Potion Belt":7,"Lantern":39,"NeowsBlessing":0,"Self Forming Clay":7,"Velvet Choker":47,"StoneCalendar":53,"Pen Nib":36,"Bottled Tornado":30,"Burning Blood":0,"Centennial Puzzle":33,"Anchor":53,"Shuriken":13,"Strawberry":36,"Snecko Eye":23,"Chemical X":53,"Pocketwatch":3}],"Burning Blood":97,"Pocketwatch":[66]},"card_choices":[{"not_picked":["Flex","Sentinel"],"picked":"Pummel","floor":1},{"not_picked":["Flex","Perfected Strike"],"picked":"True Grit","floor":3},{"not_picked":["Shrug It Off","Dual Wield"],"picked":"Thunderclap","floor":6},{"not_picked":["Sever Soul","Perfected Strike"],"picked":"Headbutt","floor":8},{"not_picked":["Havoc","Inflame"],"picked":"Sword Boomerang","floor":11},{"not_picked":["Armaments","Anger"],"picked":"Whirlwind","floor":12},{"not_picked":["Pommel Strike","Heavy Blade"],"picked":"Inflame","floor":14},{"not_picked":["Barricade","Fiend Fire"],"picked":"Double Tap","floor":16},{"not_picked":["Sentinel","Second Wind"],"picked":"Clothesline","floor":18},{"not_picked":["Havoc","Headbutt"],"picked":"Heavy Blade","floor":19},{"not_picked":["Thunderclap","Intimidate"],"picked":"Fiend Fire","floor":23},{"not_picked":["Wild Strike","Iron Wave"],"picked":"True Grit+1","floor":25},{"not_picked":["Intimidate","Twin Strike","Clothesline"],"picked":"SKIP","floor":29},{"not_picked":["Battle Trance","Armaments","Sword Boomerang"],"picked":"SKIP","floor":31},{"not_picked":["Impervious","Immolate"],"picked":"Limit Break","floor":33},{"not_picked":["Hemokinesis+1","Carnage+1"],"picked":"Flame Barrier","floor":35}],"player_experience":806768,"relics_obtained":[{"floor":6,"key":"Pocketwatch"},{"floor":8,"key":"Potion Belt"},{"floor":9,"key":"Self Forming Clay"},{"floor":12,"key":"Shuriken"},{"floor":22,"key":"Bottled Tornado"},{"floor":23,"key":"Centennial Puzzle"},{"floor":26,"key":"Strawberry"},{"floor":29,"key":"Lantern"},{"floor":36,"key":"StoneCalendar"},{"floor":39,"key":"Anchor"}],"event_choices":[{"damage_healed":0,"gold_gain":0,"cards_transformed":["Strike_R"],"player_choice":"Change","damage_taken":0,"max_hp_gain":0,"max_hp_loss":0,"event_name":"Living Wall","floor":2,"gold_loss":0,"cards_obtained":["Inflame"]},{"damage_healed":0,"gold_gain":0,"player_choice":"Donut","damage_taken":0,"max_hp_gain":5,"max_hp_loss":0,"event_name":"Big Fish","floor":4,"gold_loss":0},{"damage_healed":0,"gold_gain":75,"player_choice":"Gather Gold","damage_taken":11,"max_hp_gain":0,"max_hp_loss":0,"event_name":"World of Goop","floor":5,"gold_loss":0},{"cards_removed":["Flex"],"damage_healed":5,"gold_gain":0,"player_choice":"Offered Common","damage_taken":0,"max_hp_gain":0,"max_hp_loss":0,"event_name":"Bonfire Elementals","floor":20,"gold_loss":0},{"cards_removed":["Flex"],"damage_healed":5,"gold_gain":0,"player_choice":"Offered Special","damage_taken":0,"max_hp_gain":0,"max_hp_loss":0,"event_name":"Bonfire Elementals","floor":20,"gold_loss":0},{"damage_healed":0,"gold_gain":0,"player_choice":"Shed Blood","damage_taken":30,"max_hp_gain":5,"max_hp_loss":0,"event_name":"Forgotten Altar","floor":30,"gold_loss":0},{"damage_healed":0,"gold_gain":0,"player_choice":"Fight","damage_taken":0,"max_hp_gain":0,"max_hp_loss":0,"event_name":"Mysterious Sphere","floor":36,"gold_loss":0},{"damage_healed":0,"gold_gain":0,"player_choice":"Memory 1","damage_taken":0,"max_hp_gain":0,"max_hp_loss":0,"event_name":"SensoryStone","floor":37,"gold_loss":0}],"is_beta":false,"boss_relics":[{"not_picked":["Coffee Dripper","Busted Crown"],"picked":"Snecko Eye"},{"not_picked":["Runic Cube","Philosopher\u0027s Stone"],"picked":"Velvet Choker"}],"items_purged_floors":[7,21],"is_endless":false,"potions_floor_spawned":[3,6,12,18,29,35],"killed_by":"Reptomancer","ascension_level":15}}