{"host":"v12rs5fa82x0s25t","time":1610856891,"event":{"mods":["BaseMod","Colored Map","Downfall","Minty Spire (QoL Compilation)","StSLib","The Cursed"],"gold_per_floor":[99,115,125,125,139,139,139,150,150,168,168,183,183,198,215,311,311,311,327,346,359,42,42,42,42,52,66,3,3,3,36,56,154,154,154,170,185,196,0,10,92,92,107,107,107,125,125,145,165,165,165,165],"floor_reached":50,"language":"ENG","playtime":58961,"items_purged":[],"score":489,"play_id":"2bafff8c-d53a-4f91-85c3-8e0a5cf44623","local_time":"20210116231451","is_ascension_mode":false,"campfire_choices":[{"data":"Guardian:CurlUp","floor":1.0,"key":"SMITH"},{"floor":9.0,"key":"REST"},{"floor":11.0,"key":"REST"},{"data":"Guardian:Suspension","floor":13.0,"key":"SMITH"},{"data":"Guardian:PrismaticBeam","floor":18.0,"key":"SMITH"},{"data":"Mayhem","floor":23.0,"key":"SMITH"},{"data":"Guardian:ConstructionForm","floor":25.0,"key":"SMITH"},{"data":"Guardian:DecasProtection","floor":29.0,"key":"SMITH"},{"data":"Guardian:Preprogram","floor":35.0,"key":"SMITH"},{"floor":42,"key":"REST"},{"floor":45,"key":"REST"}],"circlet_count":0,"master_deck":["Guardian:Strike_Guardian","Guardian:Strike_Guardian","Guardian:Strike_Guardian","Guardian:Defend_Guardian","Guardian:Defend_Guardian","Guardian:Defend_Guardian","Guardian:Defend_Guardian","Guardian:CurlUp+1","Guardian:TwinSlam","Guardian:Suspension+1","Parasite","Guardian:ChargeCore","Guardian:Recover","Guardian:PrismaticBeam+1","Guardian:TemporalShield","Guardian:RevengeProtocol","CurseOfTheBell","Guardian:ConstructionForm+1","Guardian:CrystalBeam","Guardian:RollAttack+1","Guardian:Incinerate","Guardian:PiercingHide+1","Guardian:Reroute","Guardian:PrismaticBeam+1","Mayhem+1","Guardian:TimeBomb","Guardian:EvasiveProtocol","Guardian:DecasProtection+1","Guardian:TimeCapacitor+1","Guardian:TemporalStrike+1","Guardian:Preprogram+1","Guardian:EvasiveProtocol","Guardian:FloatingOrbs","Guardian:StasisStrike","Guardian:TemporalShield+1","Guardian:ShieldCharger","Guardian:ChargeCore+1","Guardian:DonusPower+1","Guardian:TemporalStrike+1","Guardian:FloatingOrbs","Guardian:HyperBeam_Guardian","Guardian:PolyBeam+1","Guardian:ArmoredProtocol","Guardian:FloatingOrbs+1","Guardian:SpikerProtocol+1","Guardian:Planning","Guardian:ShieldCharger+1","Guardian:Preprogram+1","Guardian:TemporalStrike+1"],"relics":["Guardian:ModeShifter","Guardian:PickAxe","Gremlin Horn","Calling Bell","Bag of Marbles","White Beast Statue","Prayer Wheel","Pantograph","Sozu","Pen Nib","Question Card"],"acts_visited":["Exordium","TheCity","TheBeyond"],"potions_floor_usage":[40],"damage_taken":[{"damage":1.0,"enemies":"Cultist","floor":2.0,"turns":5.0},{"damage":0.0,"enemies":"2 Louse","floor":3.0,"turns":4.0},{"damage":13.0,"enemies":"2 Louse","floor":4.0,"turns":10.0},{"damage":7.0,"enemies":"Jaw Worm","floor":5.0,"turns":6.0},{"damage":16.0,"enemies":"2 Fungi Beasts","floor":8.0,"turns":5.0},{"damage":10.0,"enemies":"Lots of Slimes","floor":10.0,"turns":4.0},{"damage":12.0,"enemies":"Gremlin Gang","floor":12.0,"turns":3.0},{"damage":7.0,"enemies":"Blue Slaver","floor":14.0,"turns":3.0},{"damage":7.0,"enemies":"Lots of Slimes","floor":15.0,"turns":4.0},{"damage":40.0,"enemies":"WA_ARCHETYPE_RETAIN","floor":16.0,"turns":22.0},{"damage":0.0,"enemies":"Chosen","floor":19.0,"turns":6.0},{"damage":15.0,"enemies":"3 Cultists","floor":20.0,"turns":8.0},{"damage":5.0,"enemies":"Snecko","floor":21.0,"turns":4.0},{"damage":0.0,"enemies":"downfall:FleeingMerchant","floor":22.0,"turns":4.0},{"damage":3.0,"enemies":"Cultist and Chosen","floor":26.0,"turns":8.0},{"damage":12.0,"enemies":"Snake Plant","floor":27.0,"turns":4.0},{"damage":5.0,"enemies":"downfall:FleeingMerchant","floor":28.0,"turns":4.0},{"damage":40.0,"enemies":"Book of Stabbing","floor":31.0,"turns":7.0},{"damage":9.0,"enemies":"Sentry and Sphere","floor":32.0,"turns":4.0},{"damage":28.0,"enemies":"DF_ARCHETYPE_CLAW","floor":33.0,"turns":12.0},{"damage":15.0,"enemies":"3 Darklings","floor":36.0,"turns":5.0},{"damage":18,"enemies":"Orb Walker","floor":37,"turns":5},{"damage":26,"enemies":"Spire Growth","floor":38,"turns":7},{"damage":0,"enemies":"downfall:FleeingMerchant","floor":39,"turns":4},{"damage":0,"enemies":"Transient","floor":40,"turns":5},{"damage":30,"enemies":"Sphere and 2 Shapes","floor":43,"turns":5},{"damage":0,"enemies":"Maw","floor":46,"turns":7},{"damage":27,"enemies":"Writhing Mass","floor":48,"turns":7},{"damage":17,"enemies":"3 Darklings","floor":49,"turns":5},{"damage":44,"enemies":"IC_BLOCK_ARCHETYPE","floor":50,"turns":2}],"seed_played":"2099531427745853924","potions_obtained":[{"floor":8.0,"key":"EssenceOfSteel"},{"floor":12.0,"key":"Weak Potion"},{"floor":14.0,"key":"Ancient Potion"},{"floor":16.0,"key":"Guardian:BlockOnCardUsePotion"},{"floor":19.0,"key":"Regen Potion"},{"floor":20.0,"key":"Fire Potion"},{"floor":21.0,"key":"Strength Potion"},{"floor":22.0,"key":"Guardian:BlockOnCardUsePotion"},{"floor":27.0,"key":"Energy Potion"},{"floor":28.0,"key":"Guardian:AcceleratePotion"},{"floor":31.0,"key":"LiquidBronze"},{"floor":32.0,"key":"Energy Potion"},{"floor":33.0,"key":"SteroidPotion"}],"is_trial":false,"path_per_floor":["R","M","M","?","M","?","T","M","R","M","R","M","R","M","M","B",null,"R","M","M","M","$","R","T","R","M","M","$","R","?","E","M","B",null,"R","M","M","M","$","M","T","R","M","?","R","M","?","M","M","B"],"character_chosen":"GUARDIAN","items_purchased":["Mayhem","Guardian:TimeBomb","Guardian:EvasiveProtocol","Guardian:Gem_Cyan","Pen Nib","Guardian:FloatingOrbs"],"campfire_rested":4,"item_purchase_floors":[22,22,22,28,39,39],"current_hp_per_floor":[88,87,87,50,43,43,43,27,53,43,69,57,57,50,43,3,88,88,88,83,78,78,78,78,78,75,63,58,58,58,18,9,6,88,88,73,55,29,29,29,29,55,25,25,51,51,51,24,7,0,0,0],"gold":165,"neow_bonus":"TEN_PERCENT_HP_BONUS","is_daily":false,"chose_seed":false,"campfire_upgraded":7,"win_rate":0.0,"timestamp":1610856891,"path_taken":["R","M","?","?","M","?","T","?","R","M","R","M","R","M","M","BOSS","R","M","M","M","$","R","T","R","M","M","$","R","?","E","M","BOSS","R","M","M","M","$","M","T","R","M","?","R","M","?","M","M","BOSS"],"items_purchased_type":["Card","Card","Card","Card","Relic","Card"],"build_version":"2020-12-22","purchased_purges":0,"victory":false,"max_hp_per_floor":[88,88,88,88,88,88,88,88,88,88,88,88,88,88,88,88,88,88,88,88,88,88,88,88,88,88,88,88,88,88,88,88,88,88,88,88,88,88,88,88,88,88,88,88,88,88,88,88,88,88,88,88],"card_choices":[{"not_picked":["Guardian:BodySlam","Guardian:Gem_Cyan"],"picked":"Guardian:Gem_Lightblue","floor":2.0},{"not_picked":["Guardian:Reroute","Guardian:Repulse"],"picked":"Guardian:Suspension","floor":3.0},{"not_picked":["Guardian:Gem_Purple","Guardian:Repulse"],"picked":"Guardian:Gem_Red","floor":5.0},{"not_picked":["Guardian:Repulse","Guardian:Suspension"],"picked":"Guardian:ChargeCore","floor":8.0},{"not_picked":["Guardian:DonusPower","Guardian:Gem_Lightblue"],"picked":"Guardian:PrimingBeam","floor":10.0},{"not_picked":["Guardian:Reroute","Guardian:Harden"],"picked":"Guardian:Recover","floor":12.0},{"not_picked":["Guardian:Gem_Cyan","Guardian:DecasProtection"],"picked":"Guardian:PrismaticBeam","floor":14.0},{"not_picked":["Guardian:Gem_Red","Guardian:WalkerClaw"],"picked":"Guardian:TemporalShield","floor":15.0},{"not_picked":["Guardian:SphericShield","Guardian:HyperBeam_Guardian"],"picked":"Guardian:RevengeProtocol","floor":16.0},{"not_picked":["Guardian:Suspension","Guardian:Gem_Crimson"],"picked":"Guardian:ConstructionForm","floor":19.0},{"not_picked":["Guardian:Preprogram","Guardian:TemporalStrike"],"picked":"Guardian:CrystalBeam","floor":19.0},{"not_picked":["Guardian:ChargeCore","Guardian:Incinerate"],"picked":"Guardian:RollAttack+1","floor":20.0},{"not_picked":["Guardian:VentSteam","Guardian:BodySlam"],"picked":"Guardian:Incinerate","floor":20.0},{"not_picked":["Guardian:Gem_Green","Guardian:BodySlam"],"picked":"Guardian:PiercingHide+1","floor":21.0},{"not_picked":["Guardian:Clone","Guardian:WalkerClaw"],"picked":"Guardian:Reroute","floor":21.0},{"not_picked":["Guardian:Gem_Lightblue","Guardian:RollAttack"],"picked":"Guardian:PrismaticBeam+1","floor":22.0},{"not_picked":["Guardian:SphericShield","Guardian:Gem_Lightblue"],"picked":"Guardian:DecasProtection","floor":26.0},{"not_picked":["Guardian:PrimingBeam","Guardian:Suspension","Guardian:TemporalShield"],"picked":"SKIP","floor":26.0},{"not_picked":["Guardian:BronzeOrb","Guardian:EvasiveProtocol"],"picked":"Guardian:TimeCapacitor+1","floor":27.0},{"not_picked":["Guardian:Suspension","Guardian:RollAttack"],"picked":"Guardian:TimeCapacitor","floor":27.0},{"not_picked":["Guardian:PrimingBeam","Guardian:EvasiveProtocol"],"picked":"Guardian:TemporalStrike+1","floor":28.0},{"not_picked":["Guardian:ShieldCharger","Guardian:Suspension+1"],"picked":"Guardian:Preprogram","floor":31.0},{"not_picked":["Guardian:PrismaticBarrier","Guardian:Gem_Synthetic"],"picked":"Guardian:EvasiveProtocol","floor":32.0},{"not_picked":["Guardian:TemporalShield+1","Guardian:PiercingHide"],"picked":"Guardian:FloatingOrbs","floor":32.0},{"not_picked":["Guardian:SphericShield","Guardian:AncientConstruct"],"picked":"Guardian:StasisStrike","floor":33.0},{"not_picked":["Guardian:PrismaticBarrier+1","Guardian:Gem_Yellow"],"picked":"Guardian:TemporalShield+1","floor":36.0},{"not_picked":["Guardian:Harden","Guardian:TemporalStrike+1"],"picked":"Guardian:Gem_Cyan","floor":36.0},{"not_picked":["Guardian:Reroute","Guardian:Gem_Green"],"picked":"Guardian:ShieldCharger","floor":37},{"not_picked":["Guardian:PrimingBeam+1","Guardian:Gem_Fragmented"],"picked":"Guardian:ChargeCore+1","floor":37},{"not_picked":["Guardian:VentSteam","Guardian:PiercingHide+1"],"picked":"Guardian:Gem_White","floor":38},{"not_picked":["Guardian:ShieldSpikes","Guardian:GuardianWhirl"],"picked":"Guardian:DonusPower+1","floor":38},{"not_picked":["Guardian:Gem_Synthetic","Guardian:ChargeCore+1"],"picked":"Guardian:TemporalStrike+1","floor":39},{"not_picked":["Guardian:TemporalShield","Guardian:PrimingBeam"],"picked":"Guardian:HyperBeam_Guardian","floor":40},{"not_picked":["Guardian:DonusPower+1","Guardian:RollAttack+1"],"picked":"Guardian:PolyBeam+1","floor":40},{"not_picked":["Guardian:Recover","Guardian:Gem_Lightblue","Guardian:Preprogram"],"picked":"Guardian:ArmoredProtocol","floor":43},{"not_picked":["Guardian:VentSteam+1","Guardian:ShieldCharger","Guardian:PolyBeam+1","Guardian:TemporalShield"],"picked":"SKIP","floor":43},{"not_picked":["Guardian:BodySlam+1","Guardian:RefractedBeam+1","Guardian:TemporalStrike"],"picked":"Guardian:FloatingOrbs+1","floor":46},{"not_picked":["Guardian:Gem_Green","Guardian:GuardianWhirl","Guardian:PrismaticBarrier"],"picked":"Guardian:SpikerProtocol+1","floor":46},{"not_picked":["Guardian:RollAttack","Guardian:TimeBomb+1","Guardian:Harden+1"],"picked":"Guardian:Planning","floor":48},{"not_picked":["Guardian:Gem_Red","Guardian:Suspension+1","Guardian:Planning"],"picked":"Guardian:ShieldCharger+1","floor":48},{"not_picked":["Guardian:ShieldCharger","Guardian:GuardianWhirl+1","Guardian:Gem_Red"],"picked":"Guardian:Preprogram+1","floor":49},{"not_picked":["Guardian:Gem_Lightblue","Guardian:StasisStrike","Guardian:PiercingHide"],"picked":"Guardian:TemporalStrike+1","floor":49}],"player_experience":561329,"relics_obtained":[{"floor":7.0,"key":"Gremlin Horn"},{"floor":17.0,"key":"Bag of Marbles"},{"floor":17.0,"key":"White Beast Statue"},{"floor":17.0,"key":"Prayer Wheel"},{"floor":31.0,"key":"Pantograph"},{"floor":41,"key":"Question Card"}],"event_choices":[{"cards_removed":["Guardian:TimeCapacitor"],"damage_healed":0,"gold_gain":0,"player_choice":"Removed Power","damage_taken":0,"max_hp_gain":0,"max_hp_loss":0,"event_name":"Falling","floor":44,"gold_loss":0}],"is_beta":false,"boss_relics":[{"not_picked":["Black Star","Guardian:StasisSlotReductionRelic"],"picked":"Calling Bell"},{"not_picked":["SlaversCollar","Tiny House"],"picked":"Sozu"}],"items_purged_floors":[],"is_endless":false,"potions_floor_spawned":[8,12,14,15,16,19,20,21,22,26,27,28,31,32,33,36,37,38,39,40,43,46,48,49],"killed_by":"IC_BLOCK_ARCHETYPE","ascension_level":0}}