{"host":"natui9yr7uuq78xo","time":1610921243,"event":{"mods":["BaseMod","Better Third Choice","BetterRewards","Minty Spire (QoL Compilation)","StSLib","The Necromancer"],"gold_per_floor":[111,123,123,133,146,179,193,226,226,226,3,37,37,37,37,132,132,151,163,88,88,98,114,114,149,149,80,93,103,103,116,116,116,116],"floor_reached":33,"language":"ENG","playtime":1765,"items_purged":[],"score":303,"play_id":"48e493e4-6efa-47c3-bc3c-74b95b3dc845","local_time":"20210117120723","is_ascension_mode":true,"campfire_choices":[{"data":"Negative_Energy_Burst","floor":10.0,"key":"SMITH"},{"data":"Summon_Undead_Army","floor":15.0,"key":"SMITH"},{"data":"Bone_Shift","floor":30,"key":"SMITH"},{"floor":32,"key":"REST"}],"circlet_count":0,"master_deck":["Strike_W","Strike_W","Defend_W","Defend_W","Defend_W","Negative_Energy_Arrows","Bone_Wall","Summon_Vampire_Lady+1","Negative_Energy_Burst+1","Summon_Undead_Army+1","Consume_Illness","Acid_Javelin","Uncharnel","Skeleton_Dragon","Thousand_Bone_Knives","Uncharnel","Detonate_Bones","Stop_Heart","Negative_Energy_Shield+1","Bone_Shift+1","Bone_Armory","Vampiric_Strike","Toxic_Smoke_Screen","Life_Drain"],"relics":["Vampire_Amulet","Gremlin Horn","Toy Ornithopter","Pantograph","Art of War","Omamori","Empty Cage","Lizard Tail","Blue Candle","The Courier"],"acts_visited":["Exordium","TheCity"],"potions_floor_usage":[28],"damage_taken":[{"damage":11.0,"enemies":"Cultist","floor":1.0,"turns":5.0},{"damage":5.0,"enemies":"Jaw Worm","floor":2.0,"turns":6.0},{"damage":6.0,"enemies":"Small Slimes","floor":4.0,"turns":3.0},{"damage":13.0,"enemies":"3 Louse","floor":5.0,"turns":3.0},{"damage":14.0,"enemies":"Gremlin Nob","floor":6.0,"turns":4.0},{"damage":10.0,"enemies":"2 Fungi Beasts","floor":7.0,"turns":2.0},{"damage":19.0,"enemies":"3 Sentries","floor":8.0,"turns":4.0},{"damage":14.0,"enemies":"Gremlin Nob","floor":12.0,"turns":3.0},{"damage":41.0,"enemies":"The Guardian","floor":16.0,"turns":9.0},{"damage":22.0,"enemies":"Spheric Guardian","floor":18.0,"turns":5.0},{"damage":24.0,"enemies":"2 Thieves","floor":19.0,"turns":4.0},{"damage":26.0,"enemies":"Snecko","floor":22.0,"turns":4.0},{"damage":12.0,"enemies":"Snake Plant","floor":23.0,"turns":5.0},{"damage":40.0,"enemies":"Slavers","floor":25.0,"turns":6.0},{"damage":22,"enemies":"Sentry and Sphere","floor":28,"turns":5},{"damage":32,"enemies":"Centurion and Healer","floor":29,"turns":9},{"damage":76,"enemies":"3 Cultists","floor":31,"turns":6},{"damage":99,"enemies":"Collector","floor":33,"turns":8}],"seed_played":"-8640260051527432114","potions_obtained":[{"floor":1.0,"key":"SkillPotion"},{"floor":4.0,"key":"FearPotion"},{"floor":7.0,"key":"Dexterity Potion"},{"floor":12.0,"key":"DistilledChaos"},{"floor":19.0,"key":"FairyPotion"},{"floor":22.0,"key":"Swift Potion"},{"floor":25.0,"key":"ColorlessPotion"},{"floor":31,"key":"GamblersBrew"}],"is_trial":false,"path_per_floor":["M","M","?","M","M","E","M","E","T","R","$","E","$","$","R","B",null,"M","M","?","T","M","M","?","E","T","$","M","M","R","M","R","B"],"character_chosen":"NECROMANCER","items_purchased":["Thousand_Bone_Knives","Art of War","Bone_Armory","Vampiric_Strike"],"campfire_rested":1,"item_purchase_floors":[11,11,27,27],"current_hp_per_floor":[65,68,68,68,67,62,59,49,49,49,49,42,42,42,42,44,68,51,37,37,37,18,14,14,23,23,23,25,25,25,12,32,0,0],"gold":116,"neow_bonus":"THREE_RARE_CARDS","is_daily":false,"chose_seed":false,"campfire_upgraded":3,"win_rate":0.0,"timestamp":1610921243,"path_taken":["M","M","?","?","?","E","M","E","T","R","?","E","?","$","R","BOSS","M","M","?","?","M","?","?","E","T","$","M","M","R","M","R","BOSS"],"items_purchased_type":["Card","Relic","Card","Card"],"build_version":"2020-12-22","purchased_purges":0,"victory":false,"max_hp_per_floor":[68,68,68,68,68,68,68,68,68,68,68,68,68,68,68,68,68,68,68,68,68,68,68,68,68,68,68,68,68,68,68,68,68,68],"card_choices":[{"not_picked":["Hellfire","Cloudkill"],"picked":"Summon_Vampire_Lady","floor":0.0},{"not_picked":["Life_Drain","Flesh_Made_Foul"],"picked":"Negative_Energy_Burst","floor":1.0},{"not_picked":["Chill_Blood","Bone_Armor"],"picked":"Summon_Undead_Army","floor":2.0},{"not_picked":["Life_Drain","Death_March_Dance"],"picked":"Consume_Illness","floor":4.0},{"not_picked":["Bone_Armor","Death_Coil"],"picked":"Acid_Javelin","floor":5.0},{"not_picked":["Finger_Of_Death","Bones_to_Steel"],"picked":"Uncharnel","floor":6.0},{"not_picked":["Uncharnel","Shackles_Of_Pain","Acid_Javelin"],"picked":"SKIP","floor":7.0},{"not_picked":["Blood_Whip","Deaths_Shadow"],"picked":"Skeleton_Dragon","floor":8.0},{"not_picked":["Blood_Whip","Necromantic_Selection"],"picked":"Uncharnel","floor":12.0},{"not_picked":["Blood_Magic","Reap_The_Weak"],"picked":"Detonate_Bones","floor":16.0},{"not_picked":["Finger_Of_Death","Negative_Energy_Shield","Vampiric_Strike"],"picked":"SKIP","floor":18.0},{"not_picked":["Bone_Bullets+1","Summon_Undead_Army"],"picked":"Stop_Heart","floor":19.0},{"not_picked":["Negative_Energy_Mist","Negative_Energy_Burst+1"],"picked":"Negative_Energy_Shield+1","floor":22.0},{"not_picked":["Finger_Of_Death+1","Reap_The_Weak","Blood_Whip"],"picked":"SKIP","floor":23.0},{"not_picked":["Scare","Acid_Javelin"],"picked":"Bone_Shift","floor":25.0},{"not_picked":["Consume_Illness","Negative_Energy_Burst"],"picked":"Toxic_Smoke_Screen","floor":28},{"not_picked":["Bone_Spikes","Bone_Bullets"],"picked":"Life_Drain","floor":29},{"not_picked":["Stop_Heart","Negative_Energy_Mist","Violent_Necrosis+1"],"picked":"SKIP","floor":31}],"player_experience":327106,"relics_obtained":[{"floor":6.0,"key":"Gremlin Horn"},{"floor":8.0,"key":"Toy Ornithopter"},{"floor":9.0,"key":"Pantograph"},{"floor":12.0,"key":"Omamori"},{"floor":25.0,"key":"Blue Candle"},{"floor":26.0,"key":"The Courier"}],"event_choices":[{"damage_healed":0.0,"max_hp_gain":0.0,"max_hp_loss":0.0,"gold_gain":0.0,"event_name":"Upgrade Shrine","player_choice":"Upgraded","floor":3.0,"gold_loss":0.0,"damage_taken":0.0,"cards_upgraded":["Summon_Vampire_Lady"]},{"cards_removed":["Defend_W"],"damage_healed":0.0,"max_hp_gain":0.0,"max_hp_loss":0.0,"gold_gain":0.0,"event_name":"Beggar","player_choice":"Gave Gold","floor":20.0,"gold_loss":75.0,"damage_taken":0.0},{"damage_healed":0.0,"max_hp_gain":0.0,"max_hp_loss":0.0,"gold_gain":0.0,"event_name":"The Mausoleum","player_choice":"Opened","floor":24.0,"gold_loss":0.0,"damage_taken":0.0,"relics_obtained":["Lizard Tail"]}],"is_beta":false,"boss_relics":[{"not_picked":["Busted Crown","Runic Pyramid"],"picked":"Empty Cage"}],"items_purged_floors":[],"is_endless":false,"potions_floor_spawned":[1,4,7,8,12,19,22,25,31],"killed_by":"Collector","ascension_level":1}}