{"host":"h3vysik1bw5w0dm6","time":1610896819,"event":{"mods":["AchievementEnabler","Aspiration","BaseMod","Better Note","Better Sensory Stone","Better Vampires","BetterRewards","Colored Powertips","Conspire","Downfall","Friendly Minions","Googly Eyes","Gremlin Skip","Halation","Infinite Spire","Minty Spire (QoL Compilation)","Quick Restart","Shop Mod","StSLib"],"gold_per_floor":[112,112,72,90,102,137,147,147,147,163,128,4,35,67,67,164,164,180,180,57,57,57,57,106,131,131,145,175,175,194,209,209,309,309,322,385,402,402,418,447,461,473,473,500,517,617,617,651,651,755,755,755],"floor_reached":51,"language":"ENG","playtime":5458,"items_purged":["champ:StanceDance"],"score":945,"play_id":"08aedd34-c617-4ae7-9488-5725d24e2350","local_time":"20210117162019","daily_mods":["Red Cards","Green Cards","Blue Cards","Purple Cards","Heirloom"],"is_ascension_mode":false,"campfire_choices":[{"floor":8.0,"key":"REST"},{"data":"champ:GladiatorStyle","floor":15.0,"key":"SMITH"},{"data":"infinitespire:Collect","floor":23,"key":"SMITH"},{"data":"Guardian:Suspension","floor":29,"key":"SMITH"},{"data":"BootSequence","floor":32,"key":"SMITH"},{"data":"Venomology","floor":49,"key":"SMITH"}],"circlet_count":0,"master_deck":["Strike_R","Strike_R","Strike_R","Strike_R","Strike_R","Defend_R","Defend_R","Defend_R","Defend_R","champ:GladiatorStyle+1","Offering","After Image+1","sneckomod:UnknownBlock+1","After Image+1","infinitespire:Collect+1","Guardian:Suspension+1","Slimebound:Gluttony+1","BootSequence+1","Venomology+1","Slimebound:SplitAcid+1","bronze:Backtrace+1","sneckomod:SoulDraw+1","Guardian:ExploitGems","infinitespire:Starlight"],"relics":["Burning Blood","halation:VictoryRuler","conspire:TopHat","halation:QuantumPhysicsTextbook","infinitespire:Beetle Shell","Slimebound:StickyStick","aspiration:DefectSkillbook","conspire:GlowingRock","halation:AfternoonTea","halation:PrussianBluePaint","Calipers","aspiration:FetidBarrel","Black Star","conspire:Boomerang","Ancient Tea Set","aspiration:HummingbirdHeart","Slimebound:PreparedRelic","Regal Pillow","halation:PromiseList","infinitespire:CursedDice","halation:PinkSoulGem","Self Forming Clay","Bag of Preparation","Mark of Pain"],"acts_visited":["Exordium","TheCity","TheBeyond","Exordium"],"potions_floor_usage":[16,16,33,36,36,37,39,40,40,42,44,45,46,46,46,48,50,50],"damage_taken":[{"damage":12.0,"enemies":"Jaw Worm","floor":1.0,"turns":5.0},{"damage":3.0,"enemies":"Small Slimes","floor":4.0,"turns":3.0},{"damage":1.0,"enemies":"Cultist","floor":5.0,"turns":4.0},{"damage":37.0,"enemies":"Gremlin Nob","floor":6.0,"turns":5.0},{"damage":5.0,"enemies":"Looter","floor":7.0,"turns":4.0},{"damage":10.0,"enemies":"Blue Slaver","floor":10.0,"turns":7.0},{"damage":6.0,"enemies":"3 Sentries","floor":13.0,"turns":6.0},{"damage":33.0,"enemies":"Lagavulin","floor":14.0,"turns":8.0},{"damage":28,"enemies":"The Guardian","floor":16,"turns":18},{"damage":11,"enemies":"Shell Parasite","floor":18,"turns":5},{"damage":10,"enemies":"Book of Stabbing","floor":25,"turns":4},{"damage":6,"enemies":"Chosen","floor":27,"turns":3},{"damage":6,"enemies":"conspire:Head Lice","floor":28,"turns":5},{"damage":6,"enemies":"Sentry and Sphere","floor":30,"turns":4},{"damage":6,"enemies":"Snake Plant","floor":31,"turns":4},{"damage":6,"enemies":"conspire:MysteriousRune","floor":33,"turns":6},{"damage":19,"enemies":"3 Darklings","floor":35,"turns":3},{"damage":6,"enemies":"conspire:MimicChest","floor":36,"turns":5},{"damage":6,"enemies":"3 Shapes","floor":37,"turns":4},{"damage":6,"enemies":"3 Darklings","floor":39,"turns":4},{"damage":42,"enemies":"Reptomancer","floor":40,"turns":5},{"damage":6,"enemies":"Writhing Mass","floor":41,"turns":6},{"damage":6,"enemies":"Transient","floor":42,"turns":5},{"damage":6,"enemies":"Giant Head","floor":44,"turns":4},{"damage":6,"enemies":"Maw","floor":45,"turns":4},{"damage":4,"enemies":"infinitespire:Three Voidlings","floor":46,"turns":3},{"damage":0,"enemies":"Nightmare_Alpha","floor":46,"turns":14},{"damage":1,"enemies":"Reptomancer","floor":48,"turns":8},{"damage":6,"enemies":"Awakened One","floor":50,"turns":18}],"seed_played":"-2716805023141027529","potions_obtained":[{"floor":3.0,"key":"Energy Potion"},{"floor":3.0,"key":"DistilledChaos"},{"floor":3.0,"key":"Explosive Potion"},{"floor":7.0,"key":"Fire Potion"},{"floor":10.0,"key":"AttackPotion"},{"floor":13.0,"key":"Strength Potion"},{"floor":16,"key":"Swift Potion"},{"floor":30,"key":"ColorlessPotion"},{"floor":35,"key":"Swift Potion"},{"floor":39,"key":"infinitespire:BlackPotion"},{"floor":41,"key":"DuplicationPotion"},{"floor":45,"key":"champ:CounterPotion"},{"floor":48,"key":"LiquidBronze"}],"is_trial":true,"path_per_floor":["M","?","?","M","M","E","M","R","T","M","?","$","E","E","R","B",null,"M","?","$","?","AVR","R","T","E","T","M","E","R","M","M","R","B",null,"M","?","M","?","M","E","M","M","T","E","M","?","?","E","R","B",null],"character_chosen":"IRONCLAD","items_purchased":["champ:GladiatorStyle","Block Potion","PowerPotion"],"campfire_rested":1,"item_purchase_floors":[12,12,20],"current_hp_per_floor":[74,67,67,70,75,44,45,69,69,65,80,80,80,53,53,31,80,75,75,75,75,75,75,75,71,71,71,71,71,71,71,71,71,80,67,67,67,90,90,54,54,54,54,54,54,66,66,81,81,90,90,90],"gold":755,"neow_bonus":"","is_daily":false,"chose_seed":false,"campfire_upgraded":5,"win_rate":0.0,"timestamp":1610896819,"path_taken":["M","?","?","M","M","E","M","R","T","?","?","$","E","E","R","BOSS","M","?","$","?","AVR","R","?","E","T","M","E","R","M","M","R","BOSS","M","?","M","?","M","E","M","?","T","E","M","?","?","E","R","BOSS"],"items_purchased_type":["Card","Potion","Potion"],"build_version":"2020-12-22","purchased_purges":1,"victory":false,"max_hp_per_floor":[80,80,80,80,80,80,80,80,80,80,80,80,80,80,80,80,80,80,80,80,80,80,80,80,80,80,80,80,80,80,80,80,80,80,80,80,80,90,90,90,90,90,90,90,90,90,90,90,90,90,90,90],"card_choices":[{"not_picked":["CutThroughFate","bronze:DelayedSlice","sneckomod:UnknownClassGREEN"],"picked":"SKIP","floor":1.0},{"not_picked":["BowlingBash","Body Slam","Bouncing Flask"],"picked":"SKIP","floor":4.0},{"not_picked":["Slimebound:SplitAcid","Guardian:Recover","champ:FocusedBerserking"],"picked":"SKIP","floor":5.0},{"not_picked":["bronze:Turbo","champ:BerserkersShout","Slimebound:GrowthPunch"],"picked":"SKIP","floor":6.0},{"not_picked":["hexamod:ThermalTransfer","sneckomod:UnknownClassGUARDIAN"],"picked":"champ:StanceDance","floor":7.0},{"not_picked":["Sucker Punch","sneckomod:WideSting","Prepared"],"picked":"SKIP","floor":10.0},{"not_picked":["sneckomod:UnknownVulnerable","Metallicize"],"picked":"Offering","floor":13.0},{"not_picked":["Slimebound:RollThrough","Slimebound:MinionMaster","Headbutt"],"picked":"SKIP","floor":14.0},{"not_picked":["Slimebound:DuplicatedForm","Reboot"],"picked":"After Image","floor":16},{"not_picked":["bronze:Deprecate+1","Slimebound:LeechEnergy","bronze:Separator"],"picked":"sneckomod:UnknownBlock+1","floor":18},{"not_picked":["Hologram","Slimebound:PressTheAttack","Guardian:PiercingHide"],"picked":"Guardian:Suspension","floor":25},{"not_picked":["Guardian:BronzeArmor","Guardian:TemporalShield+1","Dagger Spray","Slimebound:ItLooksTasty"],"picked":"SKIP","floor":27},{"not_picked":["Carnage","Guardian:ShieldCharger","hexamod:PhantomFireball"],"picked":"Slimebound:Gluttony+1","floor":28},{"not_picked":["Slimebound:SplitBruiser","hexamod:SpectersWail","champ:RapidStrikes","CutThroughFate"],"picked":"SKIP","floor":30},{"not_picked":["sneckomod:UnknownClassTHE_CHAMP_GRAY+1","Tantrum","bronze:Boost"],"picked":"BootSequence","floor":31},{"not_picked":["Offering","Reaper","Guardian:StasisField"],"picked":"Slimebound:OozeBath","floor":33},{"not_picked":["hexamod:SpectersWail+1","Streamline","Redo","sneckomod:UnknownClassSLIMEBOUND+1"],"picked":"SKIP","floor":35},{"not_picked":["sneckomod:UnknownClassHEXA_GHOST_PURPLE+1","Slimebound:ForwardTackle","Guardian:Reroute+1"],"picked":"Venomology","floor":36},{"not_picked":["Slimebound:FinishingTackle","hexamod:SpectersWail","champ:Shatter+1"],"picked":"Slimebound:SplitAcid+1","floor":37},{"not_picked":["EmptyMind","Guardian:CrystalBeam+1","bronze:Separator","champ:Encircle"],"picked":"SKIP","floor":39},{"not_picked":["champ:Haymaker","bronze:CleanCode","bronze:DelayedSlice+1"],"picked":"bronze:Backtrace+1","floor":40},{"not_picked":["Heavy Blade+1","CutThroughFate+1","Guardian:Gem_Green","sneckomod:UnknownClassINFINITE_BLACK"],"picked":"SKIP","floor":41},{"not_picked":["Slimebound:ItLooksTasty+1","Slimebound:FormOfPuddle","champ:StanceDance+1"],"picked":"sneckomod:SoulDraw+1","floor":42},{"not_picked":["Cloak And Dagger","Pommel Strike+1","Slimebound:GoopSpray+1"],"picked":"Guardian:ExploitGems","floor":44},{"not_picked":["Reflex","Guardian:Gem_Lightblue","bronze:Iterate+1","hexamod:SwordOfDarkness"],"picked":"SKIP","floor":45},{"not_picked":["infinitespire:TheBestDefense","infinitespire:Gouge"],"picked":"infinitespire:Starlight","floor":46},{"not_picked":["champ:Improvising","champ:BerserkersShout+1","bronze:DelayedGuard","Halt+1"],"picked":"SKIP","floor":48}],"player_experience":366555,"relics_obtained":[{"floor":6.0,"key":"conspire:TopHat"},{"floor":9.0,"key":"halation:QuantumPhysicsTextbook"},{"floor":13.0,"key":"infinitespire:Beetle Shell"},{"floor":14.0,"key":"Slimebound:StickyStick"},{"floor":24,"key":"halation:AfternoonTea"},{"floor":25,"key":"halation:PrussianBluePaint"},{"floor":26,"key":"Calipers"},{"floor":28,"key":"aspiration:FetidBarrel"},{"floor":36,"key":"conspire:Boomerang"},{"floor":40,"key":"Ancient Tea Set"},{"floor":40,"key":"aspiration:HummingbirdHeart"},{"floor":43,"key":"Slimebound:PreparedRelic"},{"floor":44,"key":"Regal Pillow"},{"floor":44,"key":"halation:PromiseList"},{"floor":46,"key":"infinitespire:CursedDice"},{"floor":48,"key":"Self Forming Clay"},{"floor":48,"key":"Bag of Preparation"}],"event_choices":[{"cards_removed":["Bash"],"damage_healed":0.0,"max_hp_gain":0.0,"max_hp_loss":0.0,"gold_gain":0.0,"event_name":"Golden Wing","player_choice":"Card Removal","floor":2.0,"gold_loss":0.0,"damage_taken":7.0},{"damage_healed":0.0,"max_hp_gain":0.0,"max_hp_loss":0.0,"gold_gain":0.0,"event_name":"The Woman in Blue","player_choice":"Bought 3 Potions","floor":3.0,"gold_loss":0.0,"damage_taken":0.0},{"damage_healed":20.0,"max_hp_gain":0.0,"max_hp_loss":0.0,"gold_gain":0.0,"event_name":"The Cleric","player_choice":"Healed","floor":11.0,"gold_loss":35.0,"damage_taken":0.0},{"damage_healed":0,"gold_gain":0,"player_choice":"Upgraded","damage_taken":0,"max_hp_gain":0,"max_hp_loss":0,"event_name":"Upgrade Shrine","floor":19,"gold_loss":0,"cards_upgraded":["After Image"]},{"damage_healed":0,"gold_gain":0,"player_choice":"Copied","damage_taken":0,"max_hp_gain":0,"max_hp_loss":0,"event_name":"Duplicator","floor":21,"gold_loss":0,"cards_obtained":["After Image"]},{"cards_removed":["Slimebound:OozeBath"],"damage_healed":13,"gold_gain":0,"player_choice":"Offered Rare","damage_taken":0,"max_hp_gain":10,"max_hp_loss":0,"event_name":"Bonfire Elementals","floor":38,"gold_loss":0}],"is_beta":false,"boss_relics":[{"not_picked":["Philosopher\u0027s Stone","Tiny House"],"picked":"aspiration:DefectSkillbook"},{"not_picked":["Runic Dome","halation:HeavySnake"],"picked":"Black Star"},{"not_picked":["halation:MonkeysPaw","Cursed Key"],"picked":"Mark of Pain"}],"items_purged_floors":[20],"is_endless":true,"potions_floor_spawned":[7,10,13,16,30,31,35,39,41,45,46,48],"ascension_level":0}}