{"host":"dowi7cgbhepuzvpj","time":1610916594,"event":{"mods":["AchievementEnabler","BaseMod","Colored Map","Highlight Path","Keyboard Shortcuts","Minty Spire (QoL Compilation)","Permanent Neow","Quick Restart","StSLib","SuperFastMode"],"gold_per_floor":[17,17,28,28,44,71,71,91,91,91,9,9,9,23,23,97,97,116,116,96,112,52,52,63,63,109,109,121,121,141,160,160,160,160],"floor_reached":33,"language":"KOR","playtime":965,"items_purged":["Strike_R"],"score":494,"play_id":"c35d39f1-5a22-4f48-a446-ced695c5bfae","local_time":"20210118054954","is_ascension_mode":true,"campfire_choices":[{"data":"Bash","floor":10.0,"key":"SMITH"},{"data":"Flex","floor":13.0,"key":"SMITH"},{"data":"Flame Barrier","floor":15.0,"key":"SMITH"},{"data":"Inflame","floor":23.0,"key":"SMITH"},{"data":"Power Through","floor":27.0,"key":"SMITH"},{"data":"Power Through","floor":29.0,"key":"SMITH"},{"data":"Twin Strike","floor":32,"key":"SMITH"}],"circlet_count":0,"master_deck":["AscendersBane","Strike_R","Strike_R","Defend_R","Defend_R","Defend_R","Defend_R","Bash+1","Pummel","Shrug It Off+1","Thunderclap","Battle Trance","Flame Barrier+1","Power Through+1","Flex+1","Twin Strike","Shrug It Off","Offering","Pummel","Inflame+1","Power Through+1","Shrug It Off","Twin Strike+1","Battle Trance+1","Feed"],"relics":["Black Blood","PreservedInsect","The Courier","Paper Frog","Ancient Tea Set"],"acts_visited":["Exordium","TheCity"],"potions_floor_usage":[],"damage_taken":[{"damage":15.0,"enemies":"Jaw Worm","floor":1.0,"turns":5.0},{"damage":6.0,"enemies":"Cultist","floor":3.0,"turns":5.0},{"damage":3.0,"enemies":"2 Louse","floor":5.0,"turns":3.0},{"damage":52.0,"enemies":"Gremlin Nob","floor":6.0,"turns":5.0},{"damage":1.0,"enemies":"2 Fungi Beasts","floor":8.0,"turns":6.0},{"damage":0.0,"enemies":"3 Louse","floor":14.0,"turns":4.0},{"damage":30.0,"enemies":"The Guardian","floor":16.0,"turns":14.0},{"damage":6.0,"enemies":"3 Byrds","floor":18.0,"turns":4.0},{"damage":19.0,"enemies":"Chosen","floor":21.0,"turns":4.0},{"damage":14.0,"enemies":"Centurion and Healer","floor":24.0,"turns":9.0},{"damage":31.0,"enemies":"Shelled Parasite and Fungi","floor":28.0,"turns":9.0},{"damage":7,"enemies":"Chosen and Byrds","floor":30,"turns":7},{"damage":32,"enemies":"Sentry and Sphere","floor":31,"turns":8},{"damage":44,"enemies":"Automaton","floor":33,"turns":6}],"seed_played":"-3638863440715388066","potions_obtained":[{"floor":1.0,"key":"DuplicationPotion"},{"floor":8.0,"key":"FairyPotion"},{"floor":14.0,"key":"BlessingOfTheForge"},{"floor":20.0,"key":"Swift Potion"},{"floor":24.0,"key":"Energy Potion"},{"floor":30,"key":"BloodPotion"}],"is_trial":false,"path_per_floor":["M","?","M","$","M","E","?","M","T","R","$","?","R","M","R","B",null,"M","?","?","M","$","R","M","T","T","R","M","R","M","M","R","B"],"character_chosen":"IRONCLAD","items_purchased":["Flex","Twin Strike"],"campfire_rested":0,"item_purchase_floors":[11,11],"current_hp_per_floor":[59,59,59,59,62,16,16,21,21,21,21,21,21,27,27,28,63,69,69,69,62,62,62,60,60,60,60,41,41,46,26,26,0,0],"gold":160,"neow_bonus":"TRANSFORM_TWO_CARDS","is_daily":false,"chose_seed":false,"campfire_upgraded":7,"win_rate":0.0,"timestamp":1610916594,"path_taken":["M","?","?","?","M","E","?","M","T","R","$","?","R","M","R","BOSS","M","?","?","M","$","R","?","?","T","R","M","R","M","M","R","BOSS"],"items_purchased_type":["Card","Card"],"build_version":"2020-12-22","purchased_purges":1,"victory":false,"max_hp_per_floor":[75,75,75,75,75,75,75,75,75,75,75,75,75,75,75,75,75,75,75,75,75,75,75,75,75,75,75,75,75,75,75,75,75,75],"card_choices":[{"not_picked":["Sever Soul","Anger"],"picked":"Thunderclap","floor":1.0},{"not_picked":["Dual Wield","Evolve"],"picked":"Battle Trance","floor":3.0},{"not_picked":["Sword Boomerang","Rage"],"picked":"Flame Barrier","floor":5.0},{"not_picked":["Havoc","True Grit"],"picked":"Power Through","floor":6.0},{"not_picked":["Burning Pact","Thunderclap","Iron Wave"],"picked":"SKIP","floor":8.0},{"not_picked":["Wild Strike","Body Slam"],"picked":"Shrug It Off","floor":14.0},{"not_picked":["Berserk","Juggernaut"],"picked":"Offering","floor":16.0},{"not_picked":["Wild Strike","Clothesline"],"picked":"Pummel","floor":18.0},{"not_picked":["Burning Pact","Bloodletting"],"picked":"Power Through","floor":21.0},{"not_picked":["Body Slam","Havoc"],"picked":"Shrug It Off","floor":24.0},{"not_picked":["Shockwave","Sever Soul"],"picked":"Twin Strike","floor":28.0},{"not_picked":["Havoc","Headbutt"],"picked":"Battle Trance+1","floor":30},{"not_picked":["Headbutt+1","Body Slam"],"picked":"Feed","floor":31}],"player_experience":817893,"relics_obtained":[{"floor":6.0,"key":"PreservedInsect"},{"floor":9.0,"key":"The Courier"},{"floor":25.0,"key":"Paper Frog"},{"floor":26.0,"key":"Ancient Tea Set"}],"event_choices":[{"damage_healed":0.0,"max_hp_gain":0.0,"max_hp_loss":0.0,"gold_gain":0.0,"event_name":"Accursed Blacksmith","player_choice":"Forge","floor":2.0,"gold_loss":0.0,"damage_taken":0.0,"cards_upgraded":["Shrug It Off"]},{"damage_healed":0.0,"max_hp_gain":0.0,"max_hp_loss":0.0,"gold_gain":0.0,"event_name":"Dead Adventurer","player_choice":"Searched \u00270\u0027 times","floor":7.0,"gold_loss":0.0,"damage_taken":0.0},{"damage_healed":0.0,"max_hp_gain":0.0,"max_hp_loss":0.0,"gold_gain":0.0,"event_name":"Scrap Ooze","player_choice":"Fled","floor":12.0,"gold_loss":0.0,"damage_taken":0.0},{"damage_healed":0.0,"max_hp_gain":0.0,"max_hp_loss":0.0,"gold_gain":0.0,"event_name":"The Library","player_choice":"Read","floor":19.0,"gold_loss":0.0,"damage_taken":0.0,"cards_obtained":["Inflame"]},{"damage_healed":0.0,"max_hp_gain":0.0,"max_hp_loss":0.0,"gold_gain":0.0,"event_name":"The Woman in Blue","player_choice":"Bought 1 Potion","floor":20.0,"gold_loss":0.0,"damage_taken":0.0}],"is_beta":false,"boss_relics":[{"not_picked":["Astrolabe","Ectoplasm"],"picked":"Black Blood"}],"items_purged_floors":[22],"is_endless":false,"potions_floor_spawned":[1,8,14,24,30],"killed_by":"Automaton","ascension_level":20}}