{"host":"2se5dq1do2gp0x9k","time":1610925013,"event":{"mods":["AchievementEnabler","BaseMod","Block Reminder","Colored Map","Colored Powertips","Minty Spire (QoL Compilation)","Relic Stats","StSLib","SuperFastMode"],"gold_per_floor":[111,31,31,106,119,144,164,164,187,207,79,79,96,115,115,218,218,236,151,161,61,61,61,95,95,95,129,129,129,129],"floor_reached":29,"language":"ENG","playtime":1135,"items_purged":["Strike_G","Strike_G"],"score":417,"play_id":"d6a623fb-435a-4440-ba30-79e182f7333c","local_time":"20210117151013","is_ascension_mode":true,"campfire_choices":[{"data":"Noxious Fumes","floor":8.0,"key":"SMITH"},{"floor":12.0,"key":"REST"},{"data":"Malaise","floor":15.0,"key":"SMITH"},{"data":"Burst","floor":23.0,"key":"SMITH"}],"circlet_count":0,"master_deck":["AscendersBane","Strike_G","Defend_G","Defend_G","Defend_G","Defend_G","Defend_G","Survivor+1","Neutralize","Malaise+1","Terror+1","Noxious Fumes+1","Poisoned Stab","Crippling Poison","Backflip","Poisoned Stab","Well Laid Plans+1","Acrobatics","Burst+1","Heel Hook","Deadly Poison","Ghostly","Ghostly","Ghostly","Ghostly","Ghostly"],"relics":["Ring of the Snake","War Paint","Centennial Puzzle","Empty Cage","Torii","Blue Candle","Boot","CeramicFish"],"acts_visited":["Exordium","TheCity"],"potions_floor_usage":[27,29,29,29],"damage_taken":[{"damage":0.0,"enemies":"2 Louse","floor":1.0,"turns":4.0},{"damage":4.0,"enemies":"Small Slimes","floor":5.0,"turns":4.0},{"damage":34.0,"enemies":"3 Sentries","floor":6.0,"turns":10.0},{"damage":6.0,"enemies":"Jaw Worm","floor":7.0,"turns":5.0},{"damage":6.0,"enemies":"3 Louse","floor":10.0,"turns":3.0},{"damage":2.0,"enemies":"2 Fungi Beasts","floor":13.0,"turns":3.0},{"damage":4.0,"enemies":"Gremlin Gang","floor":14.0,"turns":4.0},{"damage":2.0,"enemies":"Hexaghost","floor":16.0,"turns":9.0},{"damage":8.0,"enemies":"Shell Parasite","floor":18.0,"turns":7.0},{"damage":7.0,"enemies":"Spheric Guardian","floor":20.0,"turns":4.0},{"damage":8,"enemies":"Gremlin Leader","floor":24,"turns":7},{"damage":10,"enemies":"Book of Stabbing","floor":27,"turns":9},{"damage":32,"enemies":"Cultist and Chosen","floor":29,"turns":8}],"seed_played":"-5529538512448379241","potions_obtained":[{"floor":5.0,"key":"Swift Potion"},{"floor":7.0,"key":"SkillPotion"},{"floor":13.0,"key":"GhostInAJar"},{"floor":14.0,"key":"SteroidPotion"},{"floor":16.0,"key":"Dexterity Potion"},{"floor":24,"key":"EntropicBrew"}],"is_trial":false,"path_per_floor":["M","$","?","?","M","E","M","R","T","M","$","R","M","M","R","B",null,"M","?","M","$","?","R","E","$","T","E","?","M"],"character_chosen":"THE_SILENT","items_purchased":["Noxious Fumes","Poisoned Stab"],"campfire_rested":1,"item_purchase_floors":[2,11],"current_hp_per_floor":[63,63,68,57,53,19,13,13,13,7,7,27,25,21,21,19,56,48,48,41,41,34,34,26,26,26,16,16,0,0],"gold":129,"neow_bonus":"THREE_RARE_CARDS","is_daily":false,"chose_seed":false,"campfire_upgraded":3,"win_rate":0.0,"timestamp":1610925013,"path_taken":["M","$","?","?","M","E","M","R","T","M","?","R","M","M","R","BOSS","M","?","M","$","?","R","E","$","T","E","?","M"],"items_purchased_type":["Card","Card"],"build_version":"2020-12-22","purchased_purges":2,"victory":false,"max_hp_per_floor":[63,63,68,68,68,68,68,68,68,68,68,68,68,68,68,68,68,68,68,68,68,34,34,34,34,34,34,34,34,34],"relic_stats":{"Centennial Puzzle":[27],"Torii":10,"counters":[13,77],"Blue Candle":[0],"CeramicFish":0,"War Paint":["Survivor","Terror"],"Boot":[8],"obtain_stats":[{"Centennial Puzzle":9,"Torii":19,"Blue Candle":24,"CeramicFish":27,"War Paint":6,"Empty Cage":17,"Boot":26,"Ring of the Snake":0},{"Centennial Puzzle":4,"Torii":9,"Blue Candle":11,"CeramicFish":12,"War Paint":3,"Empty Cage":8,"Boot":11,"Ring of the Snake":0},{"Centennial Puzzle":23,"Torii":49,"Blue Candle":60,"CeramicFish":69,"War Paint":18,"Empty Cage":42,"Boot":60,"Ring of the Snake":0}],"Ring of the Snake":[26]},"card_choices":[{"not_picked":["A Thousand Cuts","Envenom"],"picked":"Malaise","floor":0.0},{"not_picked":["Acrobatics","Eviscerate"],"picked":"Terror","floor":1.0},{"not_picked":["Cloak And Dagger","Quick Slash"],"picked":"Poisoned Stab","floor":5.0},{"not_picked":["Choke","Reflex","Terror"],"picked":"SKIP","floor":6.0},{"not_picked":["Sucker Punch","Calculated Gamble"],"picked":"Crippling Poison","floor":7.0},{"not_picked":["Tools of the Trade","Setup"],"picked":"Backflip","floor":10.0},{"not_picked":["Endless Agony","Poisoned Stab"],"picked":"Well Laid Plans","floor":13.0},{"not_picked":["Dodge and Roll","Backflip"],"picked":"Acrobatics","floor":14.0},{"not_picked":["Glass Knife","Phantasmal Killer"],"picked":"Burst","floor":16.0},{"not_picked":["Cloak And Dagger","Acrobatics"],"picked":"Heel Hook","floor":18.0},{"not_picked":["Bane","Predator"],"picked":"Deadly Poison","floor":20.0},{"not_picked":["Deadly Poison","Die Die Die","Bane+1"],"picked":"SKIP","floor":24},{"not_picked":["Cloak And Dagger+1","Accuracy","Footwork"],"picked":"SKIP","floor":27}],"player_experience":3897585,"relics_obtained":[{"floor":6.0,"key":"War Paint"},{"floor":9.0,"key":"Centennial Puzzle"},{"floor":24,"key":"Blue Candle"},{"floor":26,"key":"Boot"},{"floor":27,"key":"CeramicFish"}],"event_choices":[{"damage_healed":0.0,"max_hp_gain":5.0,"max_hp_loss":0.0,"gold_gain":0.0,"event_name":"Big Fish","player_choice":"Donut","floor":3.0,"gold_loss":0.0,"damage_taken":0.0},{"damage_healed":0.0,"max_hp_gain":0.0,"max_hp_loss":0.0,"gold_gain":75.0,"event_name":"World of Goop","player_choice":"Gather Gold","floor":4.0,"gold_loss":0.0,"damage_taken":11.0},{"damage_healed":0.0,"max_hp_gain":0.0,"max_hp_loss":0.0,"gold_gain":0.0,"event_name":"Addict","player_choice":"Obtained Relic","floor":19.0,"gold_loss":85.0,"damage_taken":0.0,"relics_obtained":["Torii"]},{"damage_healed":0.0,"max_hp_gain":0.0,"max_hp_loss":34.0,"gold_gain":0.0,"event_name":"Ghosts","player_choice":"Became a Ghost","floor":22.0,"gold_loss":0.0,"damage_taken":0.0,"cards_obtained":["Ghostly","Ghostly","Ghostly","Ghostly","Ghostly"]},{"damage_healed":0,"gold_gain":0,"player_choice":"Forge","damage_taken":0,"max_hp_gain":0,"max_hp_loss":0,"event_name":"Accursed Blacksmith","floor":28,"gold_loss":0,"cards_upgraded":["Well Laid Plans"]}],"is_beta":false,"boss_relics":[{"not_picked":["Snecko Eye","Fusion Hammer"],"picked":"Empty Cage"}],"items_purged_floors":[11,21],"is_endless":false,"potions_floor_spawned":[5,7,13,14,16,24],"killed_by":"Cultist and Chosen","ascension_level":10}}