{"host":"vlqejv0notyktumz","time":1610914003,"event":{"mods":["AchievementEnabler","BaseMod","Colored Map","Colored Powertips","Downfall","Googly Eyes","Minty Spire (QoL Compilation)","StSLib"],"gold_per_floor":[119,137,154,33,33,33,62,62,62,62,91,91,108,8,8,105,105,124,124,124,143,18,18,33,33,33,60,80,80,112,127,127,127,127],"floor_reached":33,"language":"ENG","playtime":734,"items_purged":["Strike_B","Strike_B","Strike_B"],"score":410,"play_id":"eecf23d2-1aa5-4d80-9912-d8a787c65ab8","local_time":"20210117140643","is_ascension_mode":true,"campfire_choices":[{"data":"Hologram","floor":6,"key":"SMITH"},{"data":"Conserve Battery","floor":8,"key":"SMITH"},{"data":"Streamline","floor":12,"key":"SMITH"},{"floor":15,"key":"REST"},{"data":"Ball Lightning","floor":23,"key":"SMITH"},{"data":"Ball Lightning","floor":29,"key":"SMITH"},{"floor":32,"key":"REST"}],"circlet_count":0,"master_deck":["Strike_B","Defend_B","Defend_B","Defend_B","Defend_B","Dualcast","Ball Lightning+1","Ball Lightning+1","Hologram+1","Conserve Battery+1","Streamline+1","Ball Lightning","Seek","Sweeping Beam+1","Melter+1"],"relics":["Cracked Core","Nunchaku","Incense Burner","White Beast Statue","Nuclear Battery","Nloth\u0027s Gift","PreservedInsect","Bag of Preparation","Juzu Bracelet"],"acts_visited":["Exordium","TheCity"],"potions_floor_usage":[7,16,16,27,33,33,33],"damage_taken":[{"damage":0,"enemies":"Small Slimes","floor":1,"turns":3},{"damage":0,"enemies":"Cultist","floor":2,"turns":2},{"damage":2,"enemies":"Jaw Worm","floor":3,"turns":2},{"damage":10,"enemies":"Gremlin Nob","floor":7,"turns":3},{"damage":10,"enemies":"Lagavulin","floor":11,"turns":5},{"damage":0,"enemies":"Red Slaver","floor":13,"turns":2},{"damage":29,"enemies":"Hexaghost","floor":16,"turns":8},{"damage":1,"enemies":"Spheric Guardian","floor":18,"turns":3},{"damage":0,"enemies":"Chosen","floor":21,"turns":3},{"damage":14,"enemies":"Snake Plant","floor":24,"turns":4},{"damage":5,"enemies":"Gremlin Leader","floor":27,"turns":4},{"damage":3,"enemies":"Snecko","floor":28,"turns":4},{"damage":19,"enemies":"Book of Stabbing","floor":30,"turns":4},{"damage":13,"enemies":"Sentry and Sphere","floor":31,"turns":4},{"damage":48,"enemies":"Automaton","floor":33,"turns":6}],"seed_played":"-9076156265034019377","potions_obtained":[{"floor":2,"key":"FearPotion"},{"floor":3,"key":"SneckoOil"},{"floor":11,"key":"SneckoOil"},{"floor":13,"key":"Weak Potion"},{"floor":16,"key":"Explosive Potion"},{"floor":18,"key":"Strength Potion"},{"floor":24,"key":"CultistPotion"},{"floor":27,"key":"SteroidPotion"},{"floor":28,"key":"AttackPotion"}],"is_trial":false,"path_per_floor":["M","M","M","$","?","R","E","R","T","$","E","R","M","$","R","B",null,"M","$","?","M","$","R","M","?","T","E","M","R","E","M","R","B"],"character_chosen":"DEFECT","items_purchased":["Conserve Battery"],"campfire_rested":2,"item_purchase_floors":[4],"current_hp_per_floor":[68,68,66,66,66,66,56,56,56,56,46,46,46,46,68,39,66,65,65,65,65,65,65,51,51,51,46,43,43,24,11,33,0,0],"gold":127,"neow_bonus":"RANDOM_COMMON_RELIC","is_daily":false,"chose_seed":false,"campfire_upgraded":5,"win_rate":0.0,"timestamp":1610914003,"path_taken":["M","M","M","$","?","R","E","R","T","?","E","R","M","$","R","BOSS","M","$","?","M","$","R","?","?","T","E","M","R","E","M","R","BOSS"],"items_purchased_type":["Card"],"build_version":"2020-12-22","purchased_purges":3,"victory":false,"max_hp_per_floor":[75,75,75,75,75,75,75,75,75,75,75,75,75,75,75,75,75,75,75,75,75,75,75,75,75,75,75,75,75,75,75,75,75,75],"card_choices":[{"not_picked":["Coolheaded","Tempest"],"picked":"Ball Lightning","floor":1},{"not_picked":["Aggregate","Conserve Battery"],"picked":"Ball Lightning","floor":2},{"not_picked":["Streamline","Genetic Algorithm"],"picked":"Hologram","floor":3},{"not_picked":["Conserve Battery","Reboot"],"picked":"Streamline","floor":7},{"not_picked":["Sweeping Beam","Coolheaded","Turbo"],"picked":"SKIP","floor":11},{"not_picked":["Steam Power","Steam"],"picked":"Ball Lightning","floor":13},{"not_picked":["Rainbow","Biased Cognition"],"picked":"Seek","floor":16},{"not_picked":["Streamline","Steam Power"],"picked":"Sweeping Beam+1","floor":18},{"not_picked":["Sweeping Beam","Tempest","Coolheaded"],"picked":"SKIP","floor":21},{"not_picked":["Cold Snap+1","Rip and Tear","Hologram"],"picked":"SKIP","floor":24},{"not_picked":["Rip and Tear+1","Machine Learning","Turbo"],"picked":"SKIP","floor":27},{"not_picked":["Steam","Meteor Strike","Ball Lightning"],"picked":"SKIP","floor":28},{"not_picked":["Self Repair","Conserve Battery"],"picked":"Melter+1","floor":30},{"not_picked":["Stack","Loop","Storm"],"picked":"SKIP","floor":31}],"player_experience":354869,"relics_obtained":[{"floor":7,"key":"Incense Burner"},{"floor":9,"key":"White Beast Statue"},{"floor":11,"key":"Omamori"},{"floor":26,"key":"PreservedInsect"},{"floor":27,"key":"Bag of Preparation"},{"floor":30,"key":"Juzu Bracelet"}],"event_choices":[{"cards_removed":["Zap"],"damage_healed":0,"gold_gain":0,"player_choice":"Offered Basic","damage_taken":0,"max_hp_gain":0,"max_hp_loss":0,"event_name":"Bonfire Elementals","floor":5,"gold_loss":0},{"damage_healed":0,"gold_gain":0,"player_choice":"Traded Relic","damage_taken":0,"relics_obtained":["Nloth\u0027s Gift"],"max_hp_gain":0,"max_hp_loss":0,"event_name":"N\u0027loth","floor":20,"relics_lost":["Omamori"],"gold_loss":0},{"damage_healed":0,"gold_gain":0,"player_choice":"Ignored","damage_taken":0,"max_hp_gain":0,"max_hp_loss":0,"event_name":"Ghosts","floor":25,"gold_loss":0}],"is_beta":false,"boss_relics":[{"not_picked":["Runic Dome","Cursed Key"],"picked":"Nuclear Battery"}],"items_purged_floors":[4,14,22],"is_endless":false,"potions_floor_spawned":[2,3,11,13,16,18,21,24,27,28,30,31],"killed_by":"Automaton","ascension_level":8}}