{"host":"2pmmafybkq7zb6na","time":1610876595,"event":{"mods":["AchievementEnabler","BaseMod","Colored Map","Highlight Path","Keyboard Shortcuts","Minty Spire (QoL Compilation)","Quick Restart","StSLib","SuperFastMode"],"gold_per_floor":[111,286,236,10,20,53,53,64,64,0,0,20,47,58,58,160,160,173,173],"floor_reached":18,"language":"KOR","playtime":492,"items_purged":["Strike_R","Defend_R"],"score":197,"play_id":"6b9d8819-3c17-4f0f-a393-5ab99d71c75a","local_time":"20210117184315","is_ascension_mode":false,"campfire_choices":[{"data":"Inflame","floor":7.0,"key":"SMITH"},{"data":"Thunderclap","floor":11.0,"key":"SMITH"},{"data":"Armaments","floor":15.0,"key":"SMITH"}],"circlet_count":0,"master_deck":["Strike_R","Strike_R","Strike_R","Strike_R","Defend_R","Defend_R","Defend_R","Bash","Sword Boomerang","Inflame+1","Clash","Thunderclap+1","Body Slam+1","Armaments+1","Pummel+1","Feed+1"],"relics":["Burning Blood","NeowsBlessing","Membership Card","Centennial Puzzle","Molten Egg 2","Charon\u0027s Ashes","Runic Pyramid"],"acts_visited":["Exordium","TheCity"],"potions_floor_usage":[18],"damage_taken":[{"damage":0.0,"enemies":"Jaw Worm","floor":1.0,"turns":1.0},{"damage":0.0,"enemies":"2 Louse","floor":5.0,"turns":1.0},{"damage":0.0,"enemies":"3 Sentries","floor":6.0,"turns":2.0},{"damage":1.0,"enemies":"Cultist","floor":8.0,"turns":3.0},{"damage":4.0,"enemies":"2 Fungi Beasts","floor":12.0,"turns":2.0},{"damage":14.0,"enemies":"Gremlin Nob","floor":13.0,"turns":3.0},{"damage":0.0,"enemies":"Large Slime","floor":14.0,"turns":4.0},{"damage":37.0,"enemies":"The Guardian","floor":16.0,"turns":7.0},{"damage":7,"enemies":"Shell Parasite","floor":18,"turns":3}],"seed_played":"2262814289069321454","potions_obtained":[{"floor":5.0,"key":"PowerPotion"},{"floor":12.0,"key":"Fire Potion"},{"floor":13.0,"key":"Energy Potion"},{"floor":16.0,"key":"DuplicationPotion"}],"is_trial":false,"path_per_floor":["M","?","?","$","M","E","R","M","T","$","R","M","E","M","R","B",null,"M"],"character_chosen":"IRONCLAD","items_purchased":["Membership Card","Inflame","Body Slam+1"],"campfire_rested":0,"item_purchase_floors":[4,4,10],"current_hp_per_floor":[80,80,80,80,80,80,80,80,80,80,80,80,72,78,78,47,80,79,79],"gold":173,"neow_bonus":"THREE_ENEMY_KILL","is_daily":false,"chose_seed":false,"campfire_upgraded":3,"win_rate":0.0,"timestamp":1610876595,"path_taken":["M","?","?","$","M","E","R","M","T","?","R","M","E","M","R","BOSS","M"],"items_purchased_type":["Relic","Card","Card"],"build_version":"2020-12-22","purchased_purges":2,"victory":false,"max_hp_per_floor":[80,80,80,80,80,80,80,80,80,80,80,80,80,80,80,80,80,80,80],"card_choices":[{"not_picked":["Iron Wave","Flex"],"picked":"Sword Boomerang","floor":1.0},{"not_picked":["Cleave","Carnage"],"picked":"Clash","floor":5.0},{"not_picked":["Pummel","Ghostly Armor","Clothesline"],"picked":"SKIP","floor":6.0},{"not_picked":["Body Slam","Power Through"],"picked":"Thunderclap","floor":8.0},{"not_picked":["Spot Weakness","True Grit"],"picked":"Armaments","floor":12.0},{"not_picked":["Heavy Blade+1","Combust"],"picked":"Pummel+1","floor":13.0},{"not_picked":["Clothesline+1","Rampage+1","Spot Weakness"],"picked":"SKIP","floor":14.0},{"not_picked":["Limit Break","Impervious"],"picked":"Feed+1","floor":16.0}],"player_experience":73686,"relics_obtained":[{"floor":6.0,"key":"Centennial Puzzle"},{"floor":9.0,"key":"Molten Egg 2"},{"floor":13.0,"key":"Charon\u0027s Ashes"}],"event_choices":[{"damage_healed":0.0,"max_hp_gain":0.0,"max_hp_loss":0.0,"gold_gain":175.0,"event_name":"Liars Game","player_choice":"AGREE","floor":2.0,"gold_loss":0.0,"damage_taken":0.0,"cards_obtained":["Doubt"]},{"cards_removed":["Doubt"],"damage_healed":0.0,"max_hp_gain":0.0,"max_hp_loss":0.0,"gold_gain":0.0,"event_name":"The Cleric","player_choice":"Card Removal","floor":3.0,"gold_loss":50.0,"damage_taken":0.0}],"is_beta":false,"boss_relics":[{"not_picked":["Velvet Choker","SlaversCollar"],"picked":"Runic Pyramid"}],"items_purged_floors":[4,10],"is_endless":false,"potions_floor_spawned":[5,12,13,14,16],"killed_by":"Shell Parasite","ascension_level":0}}