{"host":"sc0o2qwpf9j16a4i","time":1610879066,"event":{"mods":["AchievementEnabler","BaseMod","BetterRewards","Block Reminder","Colored Map","Colored Powertips","Custom Start","Highlight Path","Minty Spire (QoL Compilation)","Relic Stats"],"gold_per_floor":[116,116,116,129,148,148,148,173,173,173,11,31,106,125,125,223,223,239,264,264,287,308,308,344,344,344,344,1,1,1,21,21,117,117,137,137,22,41,62,102,117,29,79,79,100,139,139,182,182,182,182,182],"floor_reached":51,"language":"ENG","playtime":2071,"items_purged":["Strike_G","Strike_G","Strike_G","Pain","Defend_G"],"score":1994,"play_id":"aca23ce2-0ef3-4066-afcc-7a64814606eb","local_time":"20210117122426","is_ascension_mode":true,"campfire_choices":[{"data":"Noxious Fumes","floor":6,"key":"SMITH"},{"data":"Catalyst","floor":15,"key":"SMITH"},{"data":"Wraith Form v2","floor":23,"key":"SMITH"},{"data":"Footwork","floor":25,"key":"SMITH"},{"data":"Footwork","floor":27,"key":"SMITH"},{"data":"Adrenaline","floor":29,"key":"SMITH"},{"data":"After Image","floor":32,"key":"SMITH"},{"floor":44,"key":"RECALL"},{"data":"Envenom","floor":47,"key":"SMITH"},{"data":"Infinite Blades","floor":49,"key":"SMITH"}],"circlet_count":0,"master_deck":["AscendersBane","Defend_G","Defend_G","Defend_G","Survivor","Neutralize","Noxious Fumes+1","Dagger Spray","Blade Dance","Footwork+1","After Image+1","Catalyst+1","Leg Sweep","Poisoned Stab","Crippling Poison","Backstab","Deadly Poison+1","Deadly Poison","Bane","Footwork+1","Wraith Form v2+1","Dodge and Roll+1","Catalyst+1","Adrenaline+1","Catalyst+1","Cloak And Dagger+1","Infinite Blades+1","Envenom+1","All Out Attack+1","Bane+1","Die Die Die+1","Cloak And Dagger+1","Calculated Gamble+1","Blur+1","Footwork","Corpse Explosion+1"],"relics":["Ring of the Snake","Calipers","Turnip","Question Card","Membership Card","Singing Bowl","Bronze Scales","Mango","Regal Pillow","Whetstone","Eternal Feather","Bottled Tornado","Potion Belt","Orichalcum","Golden Idol","Strawberry","Oddly Smooth Stone","Runic Pyramid","Mummified Hand","WingedGreaves","Toxic Egg 2","Astrolabe","WarpedTongs","Gremlin Horn","Nunchaku","Kunai"],"acts_visited":["Exordium","TheCity","TheBeyond"],"potions_floor_usage":[4,16,16,18,22,24,39,46,51],"damage_taken":[{"damage":0,"enemies":"Jaw Worm","floor":1,"turns":5},{"damage":0,"enemies":"Small Slimes","floor":4,"turns":2},{"damage":0,"enemies":"Cultist","floor":5,"turns":3},{"damage":3,"enemies":"Looter","floor":8,"turns":3},{"damage":0,"enemies":"3 Louse","floor":12,"turns":2},{"damage":5,"enemies":"Exordium Thugs","floor":14,"turns":4},{"damage":6,"enemies":"Slime Boss","floor":16,"turns":7},{"damage":7,"enemies":"2 Thieves","floor":18,"turns":4},{"damage":0,"enemies":"Spheric Guardian","floor":19,"turns":5},{"damage":1,"enemies":"Snecko","floor":21,"turns":3},{"damage":8,"enemies":"Shelled Parasite and Fungi","floor":22,"turns":5},{"damage":0,"enemies":"Gremlin Leader","floor":24,"turns":4},{"damage":4,"enemies":"Centurion and Healer","floor":31,"turns":5},{"damage":12,"enemies":"Automaton","floor":33,"turns":7},{"damage":5,"enemies":"3 Shapes","floor":35,"turns":3},{"damage":0,"enemies":"Orb Walker","floor":38,"turns":3},{"damage":0,"enemies":"Writhing Mass","floor":39,"turns":4},{"damage":1,"enemies":"Giant Head","floor":40,"turns":7},{"damage":1,"enemies":"3 Darklings","floor":41,"turns":4},{"damage":4,"enemies":"Spire Growth","floor":45,"turns":6},{"damage":30,"enemies":"Reptomancer","floor":46,"turns":6},{"damage":2,"enemies":"Giant Head","floor":48,"turns":7},{"damage":9,"enemies":"Donu and Deca","floor":50,"turns":5},{"damage":88,"enemies":"Awakened One","floor":51,"turns":5}],"seed_played":"-890630178869244825","potions_obtained":[{"floor":1,"key":"FearPotion"},{"floor":5,"key":"Ancient Potion"},{"floor":8,"key":"SkillPotion"},{"floor":19,"key":"CunningPotion"},{"floor":22,"key":"DistilledChaos"},{"floor":38,"key":"CultistPotion"},{"floor":41,"key":"Ancient Potion"},{"floor":46,"key":"Ancient Potion"}],"is_trial":false,"path_per_floor":["M","?","?","M","M","R","?","M","T","?","$","M","?","M","R","B",null,"M","M","?","M","M","R","E","R","T","R","$","R","$","M","R","B",null,"M","?","$","M","M","E","M","$","T","R","M","E","R","E","R","B","B"],"character_chosen":"THE_SILENT","items_purchased":["Calipers","Turnip","Noxious Fumes","Question Card","Dagger Spray","GhostInAJar","Membership Card","Singing Bowl","Bronze Scales","Blade Dance","Footwork","Mango","Regal Pillow","After Image","Whetstone","Eternal Feather","Bottled Tornado","Catalyst","Potion Belt","Orichalcum","Leg Sweep","Poisoned Stab","Block Potion","Oddly Smooth Stone","Bane","Toxic Egg 2","Catalyst+1","Cloak And Dagger+1","Infinite Blades","Block Potion","Calculated Gamble+1"],"campfire_rested":0,"item_purchase_floors":[0,0,0,0,0,0,0,0,0,0,0,0,0,0,0,0,0,0,0,0,0,0,0,11,11,28,28,28,28,28,37],"current_hp_per_floor":[32,32,32,32,32,44,44,41,48,48,48,50,39,34,49,43,72,65,67,67,68,62,77,77,87,87,87,87,87,87,85,89,77,86,81,81,81,83,83,84,83,83,83,93,91,61,82,82,97,88,0,0],"gold":182,"neow_bonus":"","is_daily":false,"chose_seed":false,"campfire_upgraded":9,"win_rate":0.0,"timestamp":1610879066,"path_taken":["M","?","?","M","M","R","?","?","T","?","$","M","?","M","R","BOSS","M","M","?","M","M","R","E","R","T","R","$","R","?","M","R","BOSS","M","?","$","M","M","E","?","$","T","R","M","E","R","E","R","BOSS","BOSS"],"items_purchased_type":["Relic","Relic","Card","Relic","Card","Potion","Relic","Relic","Relic","Card","Card","Relic","Relic","Card","Relic","Relic","Relic","Card","Relic","Relic","Card","Card","Potion","Relic","Card","Relic","Card","Card","Card","Potion","Card"],"build_version":"2020-12-22","purchased_purges":5,"victory":false,"max_hp_per_floor":[80,72,72,72,72,72,72,72,79,79,79,81,81,81,81,81,81,81,83,83,85,87,87,87,87,87,87,87,87,87,89,89,89,89,89,89,89,91,91,93,93,93,93,93,95,95,95,97,97,97,97,97],"relic_stats":{"Regal Pillow":0,"Singing Bowl":18,"Gremlin Horn":[9,9],"counters":[101,562],"Golden Idol":149,"Astrolabe":["All Out Attack","Bane","Die Die Die"],"Eternal Feather":239,"Whetstone":["Quick Slash","Neutralize","Strike_G","Strike_G"],"Orichalcum":[228],"Question Card":22,"WarpedTongs":[47],"Nunchaku":[3],"Mummified Hand":[289],"Bronze Scales":[266],"Turnip":[12],"Kunai":[5],"obtain_stats":[{"TwistedFunnel":0,"Calipers":0,"Gremlin Horn":40,"Vajra":11,"Whetstone":48,"Bottled Tornado":30,"Blood Vial":0,"Centennial Puzzle":9,"Lizard Tail":9,"HornCleat":19,"Strawberry":43,"MealTicket":23,"Philosopher\u0027s Stone":34,"Kunai":48,"Toxic Egg 2":28,"Pear":12,"Astrolabe":34,"Oddly Smooth Stone":0,"Tingsha":47,"Eternal Feather":0,"Pen Nib":0,"Letter Opener":28,"Paper Crane":0,"Question Card":0,"Akabeko":55,"WarpedTongs":36,"OrangePellets":0,"Shuriken":45,"Bronze Scales":0,"Snecko Eye":17,"Pandora\u0027s Box":0,"StrikeDummy":41,"Unceasing Top":36,"Lantern":24,"Regal Pillow":0,"Torii":7,"Singing Bowl":0,"Mango":0,"Snake Skull":26,"Bag of Preparation":44,"Incense Burner":0,"Cursed Key":17,"Ancient Tea Set":42,"ClockworkSouvenir":0,"Dream Catcher":7,"Nunchaku":46,"Shovel":0,"Ninja Scroll":43,"Mummified Hand":0,"WingedGreaves":26,"Red Mask":24,"InkBottle":45,"Ring of the Snake":0,"Runic Pyramid":17,"Potion Belt":0,"Lee\u0027s Waffle":21,"The Specimen":41,"Golden Idol":2,"Omamori":14,"Orichalcum":46,"Frozen Egg 2":0,"MawBank":13,"Medical Kit":0,"White Beast Statue":22,"Peace Pipe":42,"Anchor":44,"Busted Crown":34,"Ornamental Fan":55,"Turnip":0,"Art of War":6,"Membership Card":37,"FossilizedHelix":26},{"TwistedFunnel":48,"Calipers":77,"Gremlin Horn":95,"Vajra":4,"Whetstone":73,"Bottled Tornado":12,"Blood Vial":48,"Centennial Puzzle":4,"Lizard Tail":52,"HornCleat":30,"Strawberry":40,"MealTicket":9,"Philosopher\u0027s Stone":66,"Kunai":99,"Toxic Egg 2":89,"Pear":54,"Astrolabe":91,"Oddly Smooth Stone":48,"Tingsha":73,"Eternal Feather":77,"Pen Nib":22,"Letter Opener":63,"Paper Crane":48,"Question Card":77,"Akabeko":47,"WarpedTongs":92,"OrangePellets":48,"Shuriken":72,"Bronze Scales":77,"Snecko Eye":6,"Pandora\u0027s Box":0,"StrikeDummy":40,"Unceasing Top":38,"Lantern":61,"Regal Pillow":77,"Torii":51,"Singing Bowl":77,"Mango":77,"Snake Skull":32,"Bag of Preparation":41,"Incense Burner":48,"Cursed Key":29,"Ancient Tea Set":71,"ClockworkSouvenir":48,"Dream Catcher":4,"Nunchaku":98,"Shovel":48,"Ninja Scroll":18,"Mummified Hand":48,"WingedGreaves":89,"Red Mask":10,"InkBottle":19,"Ring of the Snake":0,"Runic Pyramid":84,"Potion Belt":48,"Lee\u0027s Waffle":30,"The Specimen":17,"Golden Idol":78,"Omamori":28,"Orichalcum":19,"Frozen Egg 2":22,"MawBank":5,"Medical Kit":22,"White Beast Statue":8,"Peace Pipe":18,"Anchor":72,"Busted Crown":13,"Ornamental Fan":76,"Turnip":77,"Art of War":25,"Membership Card":15,"FossilizedHelix":62},{"TwistedFunnel":262,"Calipers":453,"Gremlin Horn":529,"Vajra":27,"Whetstone":403,"Bottled Tornado":73,"Blood Vial":262,"Centennial Puzzle":27,"Lizard Tail":287,"HornCleat":155,"Strawberry":210,"MealTicket":57,"Philosopher\u0027s Stone":365,"Kunai":552,"Toxic Egg 2":500,"Pear":295,"Astrolabe":512,"Oddly Smooth Stone":262,"Tingsha":403,"Eternal Feather":453,"Pen Nib":120,"Letter Opener":344,"Paper Crane":262,"Question Card":453,"Akabeko":254,"WarpedTongs":515,"OrangePellets":262,"Shuriken":396,"Bronze Scales":453,"Snecko Eye":41,"Pandora\u0027s Box":0,"StrikeDummy":210,"Unceasing Top":200,"Lantern":335,"Regal Pillow":453,"Torii":283,"Singing Bowl":453,"Mango":453,"Snake Skull":167,"Bag of Preparation":217,"Incense Burner":262,"Cursed Key":151,"Ancient Tea Set":387,"ClockworkSouvenir":262,"Dream Catcher":27,"Nunchaku":545,"Shovel":262,"Ninja Scroll":103,"Mummified Hand":262,"WingedGreaves":500,"Red Mask":60,"InkBottle":109,"Ring of the Snake":0,"Runic Pyramid":479,"Potion Belt":262,"Lee\u0027s Waffle":155,"The Specimen":96,"Golden Idol":458,"Omamori":144,"Orichalcum":109,"Frozen Egg 2":120,"MawBank":31,"Medical Kit":120,"White Beast Statue":48,"Peace Pipe":103,"Anchor":396,"Busted Crown":81,"Ornamental Fan":443,"Turnip":453,"Art of War":132,"Membership Card":86,"FossilizedHelix":338}],"Ring of the Snake":[158]},"card_choices":[{"not_picked":["Backflip","PiercingWail","Escape Plan"],"picked":"Crippling Poison","floor":1},{"not_picked":["Slice","Dagger Throw","PiercingWail"],"picked":"Backstab","floor":4},{"not_picked":["Leg Sweep","Slice","Quick Slash"],"picked":"Deadly Poison","floor":5},{"not_picked":["Blade Dance","Predator","Cloak And Dagger"],"picked":"Deadly Poison","floor":8},{"not_picked":["Outmaneuver","Prepared","Reflex","Dagger Throw"],"picked":"Singing Bowl","floor":12},{"not_picked":["Deadly Poison","Underhanded Strike","Eviscerate"],"picked":"Footwork","floor":14},{"not_picked":["Die Die Die","Grand Finale","Corpse Explosion"],"picked":"Wraith Form v2","floor":16},{"not_picked":["Escape Plan","Flechettes","Deflect"],"picked":"Dodge and Roll+1","floor":18},{"not_picked":["Infinite Blades","Deadly Poison+1","Acrobatics","Cloak And Dagger"],"picked":"Singing Bowl","floor":19},{"not_picked":["Blade Dance+1","Backflip","Tactician","Underhanded Strike"],"picked":"Singing Bowl","floor":21},{"not_picked":["Slice","Bane","Deflect","Infinite Blades"],"picked":"Singing Bowl","floor":22},{"not_picked":["Acrobatics","Deflect","Backflip"],"picked":"Adrenaline","floor":24},{"not_picked":["All Out Attack+1","Flechettes","Heel Hook","Poisoned Stab"],"picked":"Singing Bowl","floor":31},{"not_picked":["Wraith Form v2","Bullet Time+1","Night Terror+1"],"picked":"Envenom","floor":33},{"not_picked":["Bane","Expertise+1","Infinite Blades"],"picked":"Cloak And Dagger+1","floor":35},{"not_picked":["Bane","Finisher","Quick Slash","Eviscerate"],"picked":"Singing Bowl","floor":38},{"not_picked":["Dodge and Roll+1","Reflex+1","Terror+1"],"picked":"Blur+1","floor":39},{"not_picked":["Caltrops","Endless Agony","Expertise+1","Blade Dance+1"],"picked":"Singing Bowl","floor":40},{"not_picked":["Infinite Blades","Dagger Spray","Expertise+1"],"picked":"Footwork","floor":41},{"not_picked":["Sucker Punch","Dagger Spray+1","Cloak And Dagger+1","Terror+1"],"picked":"Singing Bowl","floor":45},{"not_picked":["Concentrate+1","Skewer","Leg Sweep+1"],"picked":"Corpse Explosion+1","floor":46},{"not_picked":["Dagger Spray","Dagger Throw","Prepared+1","All Out Attack"],"picked":"Singing Bowl","floor":48}],"player_experience":681226,"relics_obtained":[{"floor":9,"key":"Strawberry"},{"floor":24,"key":"Mummified Hand"},{"floor":26,"key":"WingedGreaves"},{"floor":40,"key":"Gremlin Horn"},{"floor":46,"key":"Nunchaku"},{"floor":48,"key":"Kunai"}],"event_choices":[{"damage_healed":0,"gold_gain":0,"player_choice":"Lose Max HP","damage_taken":0,"relics_obtained":["Golden Idol"],"max_hp_gain":0,"max_hp_loss":8,"event_name":"Golden Idol","floor":2,"gold_loss":0},{"damage_healed":0,"gold_gain":0,"player_choice":"Ignored","damage_taken":0,"max_hp_gain":0,"max_hp_loss":0,"event_name":"Golden Wing","floor":3,"gold_loss":0},{"damage_healed":0,"gold_gain":0,"player_choice":"Upgraded","damage_taken":0,"max_hp_gain":0,"max_hp_loss":0,"event_name":"Upgrade Shrine","floor":7,"gold_loss":0,"cards_upgraded":["Deadly Poison"]},{"damage_healed":0,"gold_gain":0,"player_choice":"Leave","damage_taken":0,"max_hp_gain":0,"max_hp_loss":0,"event_name":"The Cleric","floor":10,"gold_loss":0},{"damage_healed":0,"gold_gain":75,"player_choice":"Gather Gold","damage_taken":11,"max_hp_gain":0,"max_hp_loss":0,"event_name":"World of Goop","floor":13,"gold_loss":0},{"damage_healed":0,"gold_gain":0,"player_choice":"Copied","damage_taken":0,"max_hp_gain":0,"max_hp_loss":0,"event_name":"Duplicator","floor":20,"gold_loss":0,"cards_obtained":["Catalyst"]},{"damage_healed":0,"gold_gain":0,"player_choice":"Rummage","damage_taken":0,"relics_obtained":["WarpedTongs"],"max_hp_gain":0,"max_hp_loss":0,"event_name":"Accursed Blacksmith","floor":36,"gold_loss":0,"cards_obtained":["Pain"]}],"is_beta":false,"boss_relics":[{"not_picked":["Empty Cage","Velvet Choker"],"picked":"Runic Pyramid"},{"not_picked":["SacredBark","WristBlade"],"picked":"Astrolabe"}],"items_purged_floors":[0,11,28,37,42],"is_endless":false,"potions_floor_spawned":[1,5,8,19,22,38,41,46],"killed_by":"Awakened One","ascension_level":20}}