{"host":"cdcsem0stf6rethc","time":1610874308,"event":{"mods":["AchievementEnabler","BaseMod","Colored Map","Highlight Path","Minty Spire (QoL Compilation)","StSLib","The Animator"],"gold_per_floor":[219,144,144,44,44,44,44,44,44,44,60,60,74,102,102,102,102],"floor_reached":16,"language":"ENG","playtime":416,"items_purged":["animator:Strike","animator:Strike"],"score":96,"play_id":"0e9858a3-1894-4bf1-8d9c-be1822ae1b6f","local_time":"20210117170508","is_ascension_mode":false,"campfire_choices":[{"data":"animator:ShidoItsuka","floor":6,"key":"SMITH"},{"data":"animator:YamaiSisters","floor":8,"key":"SMITH"},{"data":"animator:YamaiSisters+1","floor":10,"key":"SMITH"},{"data":"animator:YamaiSisters+2","floor":12,"key":"SMITH"},{"data":"animator:ShidoItsuka","floor":15,"key":"SMITH"}],"circlet_count":0,"master_deck":["animator:Strike_DateALive","animator:Defend_DateALive","animator:Strike","animator:Defend","animator:Defend","animator:Defend","animator:ShidoItsuka+1","animator:YamaiSisters+3","animator:ShidoItsuka+1"],"relics":["animator:LivingPicture","animator:TheMissingPiece","Sundial","Anchor"],"acts_visited":["Exordium"],"potions_floor_usage":[16,16],"damage_taken":[{"damage":7,"enemies":"2 Louse","floor":1,"turns":4},{"damage":0,"enemies":"Cultist","floor":11,"turns":4},{"damage":0,"enemies":"Small Slimes","floor":13,"turns":5},{"damage":33,"enemies":"Gremlin Nob","floor":14,"turns":6},{"damage":46,"enemies":"Slime Boss","floor":16,"turns":8}],"seed_played":"-7155228842309368228","potions_obtained":[{"floor":1,"key":"Explosive Potion"},{"floor":13,"key":"AttackPotion"}],"is_trial":false,"path_per_floor":["M","$","?","$","?","R","?","R","T","R","M","R","M","E","R","B"],"character_chosen":"THE_ANIMATOR","items_purchased":[],"campfire_rested":0,"item_purchase_floors":[],"current_hp_per_floor":[59,59,59,59,59,59,66,66,66,66,66,66,66,33,33,0,0],"gold":102,"neow_bonus":"HUNDRED_GOLD","is_daily":false,"chose_seed":true,"campfire_upgraded":5,"win_rate":0.0,"timestamp":1610874308,"path_taken":["M","$","?","$","?","R","?","R","T","R","M","R","M","E","R","BOSS"],"items_purchased_type":[],"build_version":"2020-12-22","purchased_purges":2,"victory":false,"max_hp_per_floor":[66,66,66,66,66,66,66,66,66,66,66,66,66,66,66,66,66],"card_choices":[{"not_picked":["animator:MaesHughes","animator:OrikoMikuni","animator:TukaLunaMarceau"],"picked":"SKIP","floor":1},{"not_picked":["animator:Spearman","animator:YoshinoHimekawa","animator:KyokoSakura"],"picked":"SKIP","floor":11},{"not_picked":["animator:MaesHughes","animator:IzunaHatsuse","animator:RoyMustang"],"picked":"SKIP","floor":13},{"not_picked":["animator:MikuIzayoi","animator:NiaHonjou"],"picked":"animator:ShidoItsuka","floor":14}],"player_experience":197628,"relics_obtained":[{"floor":9,"key":"Sundial"},{"floor":14,"key":"Anchor"}],"event_choices":[{"damage_healed":0,"gold_gain":0,"player_choice":"Ignored","damage_taken":0,"max_hp_gain":0,"max_hp_loss":0,"event_name":"Liars Game","floor":3,"gold_loss":0},{"damage_healed":0,"gold_gain":0,"player_choice":"Leave","damage_taken":0,"max_hp_gain":0,"max_hp_loss":0,"event_name":"The Cleric","floor":5,"gold_loss":0},{"damage_healed":7,"gold_gain":0,"player_choice":"Full Heal","damage_taken":0,"max_hp_gain":0,"max_hp_loss":0,"event_name":"Wheel of Change","floor":7,"gold_loss":0}],"is_beta":false,"boss_relics":[],"items_purged_floors":[2,4],"is_endless":false,"potions_floor_spawned":[1,13],"killed_by":"Slime Boss","ascension_level":0}}