{"host":"2brg86hfzr3u5cix","time":1610860955,"event":{"mods":["AchievementEnabler","Ascension Unlocker","BaseMod","CapriCore","DeckTracker","Highlight Path","Keyboard Shortcuts","Minty Spire (QoL Compilation)","Permanent Neow","Relic Stats","StSLib","Twitch Utils","Uncapped","UnlockEverythingMod"],"gold_per_floor":[110,35,48,63,81,108,108,183,183,209,209,209,209,236,245,245,245],"floor_reached":16,"language":"KOR","playtime":367,"items_purged":["Strike_P"],"score":196,"play_id":"645d6fb2-814d-4f7b-b421-c7577fc8a3b9","local_time":"20210117142235","is_ascension_mode":true,"campfire_choices":[{"data":"Eruption","floor":7.0,"key":"SMITH"},{"floor":12.0,"key":"REST"},{"floor":15,"key":"REST"}],"circlet_count":0,"master_deck":["AscendersBane","Strike_P","Strike_P","Strike_P","Defend_P","Defend_P","Defend_P","Eruption+1","Vigilance","Wireheading","Worship","CrushJoints","CutThroughFate","WreathOfFlame","Halt"],"relics":["PureWater","Dream Catcher","TeardropLocket","Juzu Bracelet","CeramicFish"],"acts_visited":["Exordium"],"potions_floor_usage":[],"damage_taken":[{"damage":11.0,"enemies":"Small Slimes","floor":1.0,"turns":5.0},{"damage":12.0,"enemies":"Jaw Worm","floor":3.0,"turns":4.0},{"damage":8.0,"enemies":"2 Louse","floor":4.0,"turns":2.0},{"damage":0.0,"enemies":"Large Slime","floor":5.0,"turns":3.0},{"damage":16.0,"enemies":"Gremlin Nob","floor":6.0,"turns":3.0},{"damage":0,"enemies":"Slime Boss","floor":16,"turns":5}],"seed_played":"1809932563830354473","potions_obtained":[{"floor":3.0,"key":"AttackPotion"},{"floor":4.0,"key":"Ambrosia"},{"floor":6.0,"key":"Weak Potion"}],"is_trial":false,"path_per_floor":["M","$","M","M","M","E","R","?","T","T","?","R","?","T","R","B"],"character_chosen":"WATCHER","items_purchased":[],"campfire_rested":2,"item_purchase_floors":[],"current_hp_per_floor":[50,50,38,30,30,14,14,3,3,3,3,23,23,23,43,43,43],"gold":245,"neow_bonus":"REMOVE_CARD","is_daily":false,"chose_seed":false,"campfire_upgraded":1,"win_rate":0.0,"timestamp":1610860955,"path_taken":["M","$","M","M","M","E","R","?","T","?","?","R","?","?","R","BOSS"],"items_purchased_type":[],"build_version":"2020-12-22","purchased_purges":1,"victory":false,"max_hp_per_floor":[68,68,68,68,68,68,68,68,68,68,68,68,68,68,68,68,68],"relic_stats":{"Dream Catcher":2,"counters":[6,22],"CeramicFish":9,"Juzu Bracelet":0,"obtain_stats":[{"Dream Catcher":6,"CeramicFish":14,"Juzu Bracelet":10,"TeardropLocket":9,"PureWater":0},{"Dream Catcher":5,"CeramicFish":5,"Juzu Bracelet":5,"TeardropLocket":5,"PureWater":0},{"Dream Catcher":17,"CeramicFish":17,"Juzu Bracelet":17,"TeardropLocket":17,"PureWater":0}]},"card_choices":[{"not_picked":["Evaluate","Nirvana"],"picked":"Wireheading","floor":1.0},{"not_picked":["PathToVictory","Wireheading"],"picked":"Worship","floor":3.0},{"not_picked":["Evaluate","ClearTheMind"],"picked":"CrushJoints","floor":4.0},{"not_picked":["Prostrate","BowlingBash"],"picked":"CutThroughFate","floor":5.0},{"not_picked":["CutThroughFate","Wish"],"picked":"WreathOfFlame","floor":6.0},{"not_picked":["ThirdEye","CrushJoints"],"picked":"Halt","floor":15}],"player_experience":322559,"relics_obtained":[{"floor":6.0,"key":"Dream Catcher"},{"floor":9.0,"key":"TeardropLocket"},{"floor":10.0,"key":"Juzu Bracelet"},{"floor":14,"key":"CeramicFish"}],"event_choices":[{"damage_healed":0.0,"max_hp_gain":0.0,"max_hp_loss":0.0,"gold_gain":75.0,"event_name":"World of Goop","player_choice":"Gather Gold","floor":8.0,"gold_loss":0.0,"damage_taken":11.0},{"damage_healed":0.0,"max_hp_gain":0.0,"max_hp_loss":0.0,"gold_gain":0.0,"event_name":"Shining Light","player_choice":"Ignored","floor":11.0,"gold_loss":0.0,"damage_taken":0.0},{"damage_healed":0,"gold_gain":0,"player_choice":"Fled","damage_taken":0,"max_hp_gain":0,"max_hp_loss":0,"event_name":"Scrap Ooze","floor":13,"gold_loss":0}],"is_beta":false,"boss_relics":[],"items_purged_floors":[2],"is_endless":false,"potions_floor_spawned":[3,4,6],"killed_by":"Slime Boss","ascension_level":20}}