{"host":"j6mgjir4ee1lqn1j","time":1610895694,"event":{"mods":["BaseMod","Colored Map","Colored Powertips","DeckTracker","Highlight Path","Keyboard Shortcuts","Minty Spire (QoL Compilation)","Permanent Neow","Quick Restart","Rare Cards Sparkle","Shop Mod","StSLib","SuperFastMode"],"gold_per_floor":[119,69,69,69,87,87,106,134,134,159,173,201,27,47,47,145,145,158,82,96,115,133,161,76,106,106,16,16,31,31,45,45,149,149,161,179,204,10,29,58,58,83,83,97,0,100,112,130,130,130],"floor_reached":51,"language":"ENG","playtime":4235,"items_purged":["Strike_G","Strike_G"],"score":1014,"play_id":"d1538787-9dca-4875-8ccc-e2bddd367bda","local_time":"20210117100134","is_ascension_mode":true,"campfire_choices":[{"data":"Neutralize","floor":6,"key":"SMITH"},{"data":"Accuracy","floor":15,"key":"SMITH"},{"floor":28,"key":"REST"},{"data":"Burst","floor":30,"key":"SMITH"},{"floor":32,"key":"REST"},{"floor":49,"key":"REST"}],"circlet_count":0,"master_deck":["Strike_G+1","Defend_G+1","Defend_G+1","Defend_G+1","Defend_G+1","Defend_G+1","Survivor+1","Neutralize+1","Reflex+1","Blade Dance+1","Deadly Poison+1","Prepared+1","Phantasmal Killer+1","Infinite Blades+1","Accuracy+1","Panache+1","Cloak And Dagger+1","Burst+1","Calculated Gamble+1","Accuracy+1","Acrobatics+1","Escape Plan+1","Blade Dance+1","Cloak And Dagger+1","Blade Dance+1","Acrobatics+1","Prepared+1","Venomology+1","Blade Dance+1","Terror+1","Blade Dance+1","Well Laid Plans+1","Cloak And Dagger+1","Deflect+1"],"relics":["Black Star","Vajra","Gambling Chip","Anchor","MerchantsRug","SlaversCollar","Mummified Hand","Tiny Chest","Bag of Preparation","Ninja Scroll","Bag of Marbles","Happy Flower","Bottled Tornado","WristBlade","Smiling Mask","Kunai","Pear","Regal Pillow","Mark of the Bloom","Mercury Hourglass","Toxic Egg 2","Whetstone","Red Mask"],"acts_visited":["Exordium","TheCity","TheBeyond"],"potions_floor_usage":[12,16,16,21,23,50],"damage_taken":[{"damage":0,"enemies":"Small Slimes","floor":1,"turns":5},{"damage":0,"enemies":"Jaw Worm","floor":5,"turns":6},{"damage":0,"enemies":"2 Louse","floor":7,"turns":2},{"damage":18,"enemies":"3 Sentries","floor":8,"turns":12},{"damage":27,"enemies":"Gremlin Nob","floor":10,"turns":4},{"damage":0,"enemies":"Lots of Slimes","floor":11,"turns":5},{"damage":0,"enemies":"3 Sentries","floor":12,"turns":5},{"damage":0,"enemies":"Red Slaver","floor":14,"turns":1},{"damage":29,"enemies":"The Guardian","floor":16,"turns":9},{"damage":5,"enemies":"2 Thieves","floor":18,"turns":4},{"damage":0,"enemies":"3 Byrds","floor":20,"turns":4},{"damage":40,"enemies":"Sentry and Sphere","floor":21,"turns":6},{"damage":14,"enemies":"Cultist and Chosen","floor":22,"turns":6},{"damage":0,"enemies":"Gremlin Leader","floor":23,"turns":2},{"damage":2,"enemies":"Book of Stabbing","floor":25,"turns":3},{"damage":0,"enemies":"Snake Plant","floor":29,"turns":1},{"damage":0,"enemies":"Centurion and Healer","floor":31,"turns":2},{"damage":9,"enemies":"Automaton","floor":33,"turns":3},{"damage":0,"enemies":"3 Shapes","floor":35,"turns":1},{"damage":0,"enemies":"Orb Walker","floor":36,"turns":1},{"damage":0,"enemies":"Maw","floor":39,"turns":2},{"damage":0,"enemies":"Reptomancer","floor":40,"turns":2},{"damage":0,"enemies":"Giant Head","floor":42,"turns":1},{"damage":0,"enemies":"3 Darklings","floor":44,"turns":1},{"damage":0,"enemies":"Spire Growth","floor":47,"turns":2},{"damage":0,"enemies":"Maw","floor":48,"turns":2},{"damage":0,"enemies":"Awakened One","floor":50,"turns":3}],"seed_played":"-9065289214936221427","potions_obtained":[{"floor":10,"key":"Explosive Potion"},{"floor":12,"key":"Block Potion"},{"floor":14,"key":"Poison Potion"},{"floor":18,"key":"AttackPotion"},{"floor":20,"key":"Poison Potion"},{"floor":22,"key":"Poison Potion"},{"floor":39,"key":"EssenceOfSteel"},{"floor":42,"key":"Poison Potion"},{"floor":44,"key":"Swift Potion"},{"floor":48,"key":"Energy Potion"}],"is_trial":false,"path_per_floor":["M","?","?","T","M","R","M","E","T","E","M","E","$","M","R","B",null,"M","$","M","M","M","E","?","E","T","?","R","M","R","M","R","B",null,"M","M","T","$","M","E","?","E","T","M","?","?","M","M","R","B",null],"character_chosen":"THE_SILENT","items_purchased":["MerchantsRug","Accuracy","Panache","Cloak And Dagger","Accuracy","Acrobatics","Kunai"],"campfire_rested":3,"item_purchase_floors":[13,13,13,13,19,19,38],"current_hp_per_floor":[70,70,58,58,58,58,58,40,40,13,15,17,17,17,17,23,70,65,65,65,25,11,11,11,9,9,9,30,30,30,30,51,42,70,70,70,77,77,77,87,87,87,87,87,87,87,87,87,87,87],"gold":130,"neow_bonus":"BOSS_RELIC","is_daily":false,"chose_seed":false,"campfire_upgraded":3,"win_rate":0.0,"timestamp":1610895694,"path_taken":["M","?","?","?","M","R","M","E","T","E","M","E","?","M","R","BOSS","M","?","?","M","M","E","?","E","T","?","R","M","R","?","R","BOSS","M","M","?","$","M","E","?","E","T","M","?","?","M","M","R","BOSS"],"items_purchased_type":["Relic","Card","Card","Card","Card","Card","Relic"],"build_version":"2020-12-13","purchased_purges":2,"victory":true,"max_hp_per_floor":[70,70,70,70,70,70,70,70,70,70,70,70,70,70,70,70,70,70,70,70,70,70,70,70,70,70,70,70,70,70,70,70,70,70,70,70,77,77,77,87,87,87,87,87,87,87,87,87,87,87],"card_choices":[{"not_picked":["Slice","Dodge and Roll"],"picked":"Reflex","floor":1},{"not_picked":["Backflip","Expertise"],"picked":"Blade Dance","floor":5},{"not_picked":["Sucker Punch","Bane"],"picked":"Deadly Poison","floor":7},{"not_picked":["Bane","Acrobatics"],"picked":"Prepared","floor":8},{"not_picked":["Cloak And Dagger","Prepared"],"picked":"Phantasmal Killer","floor":10},{"not_picked":["Quick Slash","Underhanded Strike"],"picked":"Infinite Blades","floor":11},{"not_picked":["Choke","Poisoned Stab","Dash"],"picked":"SKIP","floor":12},{"not_picked":["Masterful Stab","Deadly Poison","Tactician"],"picked":"SKIP","floor":14},{"not_picked":["Corpse Explosion","Bullet Time"],"picked":"Burst","floor":16},{"not_picked":["Dagger Spray","Deflect"],"picked":"Calculated Gamble","floor":18},{"not_picked":["Calculated Gamble","Finisher","Choke"],"picked":"SKIP","floor":20},{"not_picked":["Deflect+1","Quick Slash+1"],"picked":"Escape Plan","floor":21},{"not_picked":["Dodge and Roll+1","Calculated Gamble"],"picked":"Blade Dance","floor":22},{"not_picked":["Deflect","Tactician"],"picked":"Cloak And Dagger","floor":23},{"not_picked":["Dagger Throw","Skewer"],"picked":"Blade Dance","floor":25},{"not_picked":["A Thousand Cuts","Slice+1"],"picked":"Acrobatics","floor":29},{"not_picked":["Reflex+1","Deflect"],"picked":"Prepared+1","floor":31},{"not_picked":["Malaise","Corpse Explosion"],"picked":"Venomology","floor":33},{"not_picked":["Dagger Throw+1","Deadly Poison+1"],"picked":"Blade Dance","floor":35},{"not_picked":["Sucker Punch+1","Expertise"],"picked":"Terror+1","floor":36},{"not_picked":["Skewer+1","Reflex","Sucker Punch+1"],"picked":"SKIP","floor":39},{"not_picked":["Choke+1","All Out Attack"],"picked":"Blade Dance","floor":40},{"not_picked":["Endless Agony","Night Terror+1"],"picked":"Well Laid Plans+1","floor":42},{"not_picked":["All Out Attack+1","Deflect+1"],"picked":"Cloak And Dagger+1","floor":44},{"not_picked":["PiercingWail+1","Calculated Gamble+1","Distraction+1"],"picked":"SKIP","floor":47},{"not_picked":["Noxious Fumes+1","Dagger Throw"],"picked":"Deflect+1","floor":48}],"player_experience":20526,"relics_obtained":[{"floor":4,"key":"TungstenRod"},{"floor":8,"key":"Vajra"},{"floor":8,"key":"Gambling Chip"},{"floor":9,"key":"Matryoshka"},{"floor":10,"key":"Anchor"},{"floor":10,"key":"Blood Vial"},{"floor":12,"key":"Lizard Tail"},{"floor":12,"key":"White Beast Statue"},{"floor":23,"key":"Mummified Hand"},{"floor":23,"key":"Tiny Chest"},{"floor":25,"key":"Ninja Scroll"},{"floor":25,"key":"Bag of Marbles"},{"floor":26,"key":"Happy Flower"},{"floor":26,"key":"Bottled Tornado"},{"floor":37,"key":"Strawberry"},{"floor":37,"key":"Smiling Mask"},{"floor":40,"key":"Pear"},{"floor":40,"key":"Regal Pillow"},{"floor":42,"key":"Mercury Hourglass"},{"floor":42,"key":"Toxic Egg 2"},{"floor":43,"key":"Whetstone"}],"event_choices":[{"cards_removed":["Strike_G"],"damage_healed":0,"gold_gain":0,"player_choice":"Card Removal","damage_taken":0,"max_hp_gain":0,"max_hp_loss":0,"event_name":"The Cleric","floor":2,"gold_loss":50},{"damage_healed":0,"gold_gain":0,"player_choice":"Success","damage_taken":12,"relics_obtained":["Sundial"],"max_hp_gain":0,"max_hp_loss":0,"event_name":"Scrap Ooze","floor":3,"gold_loss":0},{"damage_healed":0,"gold_gain":0,"player_choice":"Obtained Relic","damage_taken":0,"relics_obtained":["Bag of Preparation"],"max_hp_gain":0,"max_hp_loss":0,"event_name":"Addict","floor":24,"gold_loss":85},{"cards_removed":["Strike_G"],"damage_healed":0,"gold_gain":0,"player_choice":"Upgrade and Remove","damage_taken":0,"max_hp_gain":0,"max_hp_loss":0,"event_name":"Designer","floor":27,"gold_loss":90,"cards_upgraded":["Defend_G"]},{"damage_healed":0,"gold_gain":0,"player_choice":"Upgrade","damage_taken":0,"relics_obtained":["Mark of the Bloom"],"max_hp_gain":0,"max_hp_loss":0,"event_name":"MindBloom","floor":41,"gold_loss":0,"cards_upgraded":["Strike_G","Defend_G","Defend_G","Defend_G","Defend_G","Survivor","Reflex","Blade Dance","Deadly Poison","Prepared","Phantasmal Killer","Infinite Blades","Panache","Cloak And Dagger","Calculated Gamble","Accuracy","Acrobatics","Escape Plan","Blade Dance","Cloak And Dagger","Blade Dance","Acrobatics","Venomology","Blade Dance","Blade Dance"]},{"damage_healed":0,"gold_gain":0,"player_choice":"Paid","damage_taken":0,"relics_obtained":["Red Mask"],"max_hp_gain":0,"max_hp_loss":0,"event_name":"Tomb of Lord Red Mask","floor":45,"gold_loss":97},{"damage_healed":0,"gold_gain":100,"player_choice":"Pray","damage_taken":0,"max_hp_gain":0,"max_hp_loss":0,"event_name":"Golden Shrine","floor":46,"gold_loss":0}],"is_beta":false,"boss_relics":[{"not_picked":["Astrolabe","Philosopher\u0027s Stone"],"picked":"SlaversCollar"},{"not_picked":["Tiny House","Snecko Eye"],"picked":"WristBlade"}],"items_purged_floors":[19,38],"is_endless":false,"potions_floor_spawned":[10,12,14,18,20,22,39,42,44,48],"ascension_level":1}}