{"host":"dl7h25vjpuplx29g","time":1610857071,"event":{"mods":["BaseMod","Colored Map","Minty Spire (QoL Compilation)","StSLib"],"gold_per_floor":[111,111,36,50,70,70,103,103,103,138,149,23,23,23,23,99,99,109,109,40,40,40,71,71,71,71,103,115,127,139,151,163,175,175],"floor_reached":33,"language":"JPN","playtime":2345,"items_purged":["Strike_B"],"score":513,"play_id":"adcca227-8c13-4abd-86c4-a90529e972dd","local_time":"20210117131751","is_ascension_mode":true,"campfire_choices":[{"data":"Streamline","floor":6.0,"key":"SMITH"},{"data":"Sunder","floor":8.0,"key":"SMITH"},{"data":"Go for the Eyes","floor":15.0,"key":"SMITH"},{"data":"Coolheaded","floor":24,"key":"SMITH"},{"data":"Chill","floor":28,"key":"SMITH"},{"data":"Zap","floor":30,"key":"SMITH"},{"data":"Biased Cognition","floor":32,"key":"SMITH"}],"circlet_count":0,"master_deck":["AscendersBane","Strike_B","Defend_B","Defend_B","Defend_B","Defend_B","Zap+1","Dualcast","Electrodynamics","Cold Snap","Streamline+1","Go for the Eyes+1","Sunder+1","Biased Cognition+1","Steam","Thunder Strike","Steam Power","Chill+1","Machine Learning","Coolheaded+1","Self Repair","Echo Form","Coolheaded+1","Glacier+1"],"relics":["Cracked Core","Kunai","Juzu Bracelet","The Courier","Lee\u0027s Waffle","CultistMask","Coffee Dripper","Shuriken","MealTicket","MawBank","Ornamental Fan"],"acts_visited":["Exordium","TheCity"],"potions_floor_usage":[],"damage_taken":[{"damage":12.0,"enemies":"Small Slimes","floor":1.0,"turns":2.0},{"damage":0.0,"enemies":"Cultist","floor":4.0,"turns":4.0},{"damage":2.0,"enemies":"Jaw Worm","floor":5.0,"turns":3.0},{"damage":20.0,"enemies":"Lagavulin","floor":7.0,"turns":6.0},{"damage":8.0,"enemies":"3 Sentries","floor":10.0,"turns":4.0},{"damage":12.0,"enemies":"Large Slime","floor":11.0,"turns":5.0},{"damage":42.0,"enemies":"Hexaghost","floor":16.0,"turns":9.0},{"damage":7.0,"enemies":"Chosen","floor":18.0,"turns":4.0},{"damage":30,"enemies":"Gremlin Leader","floor":23,"turns":7},{"damage":13,"enemies":"Book of Stabbing","floor":27,"turns":6},{"damage":83,"enemies":"Automaton","floor":33,"turns":12}],"seed_played":"1096613255535023654","potions_obtained":[{"floor":4.0,"key":"GamblersBrew"},{"floor":10.0,"key":"SmokeBomb"},{"floor":14.0,"key":"LiquidMemories"},{"floor":14.0,"key":"PotionOfCapacity"},{"floor":23,"key":"FairyPotion"}],"is_trial":false,"path_per_floor":["M","?","$","M","M","R","E","R","T","E","M","$","?","?","R","B",null,"M","?","$","?","?","E","R","?","T","E","R","?","R","T","R","B"],"character_chosen":"DEFECT","items_purchased":["Lee\u0027s Waffle","Self Repair"],"campfire_rested":0,"item_purchase_floors":[12,20],"current_hp_per_floor":[52,45,45,45,43,43,23,23,23,15,3,78,78,78,78,36,68,61,61,61,61,61,38,38,38,38,32,32,32,32,32,32,0,0],"gold":175,"neow_bonus":"ONE_RANDOM_RARE_CARD","is_daily":false,"chose_seed":false,"campfire_upgraded":7,"win_rate":0.0,"timestamp":1610857071,"path_taken":["M","?","$","M","M","R","E","R","T","E","M","$","?","?","R","BOSS","M","?","$","?","?","E","R","?","T","E","R","?","R","?","R","BOSS"],"items_purchased_type":["Relic","Card"],"build_version":"2020-12-22","purchased_purges":1,"victory":false,"max_hp_per_floor":[71,71,71,71,71,71,71,71,71,71,71,78,78,78,78,78,78,78,78,78,78,78,78,78,78,78,78,78,78,78,78,78,78,78],"card_choices":[{"not_picked":["Darkness","Hello World"],"picked":"Cold Snap","floor":1.0},{"not_picked":["Coolheaded","Leap"],"picked":"Streamline","floor":4.0},{"not_picked":["Beam Cell","Steam"],"picked":"Go for the Eyes","floor":5.0},{"not_picked":["Barrage","Streamline"],"picked":"Sunder","floor":7.0},{"not_picked":["Storm","Gash"],"picked":"Biased Cognition","floor":10.0},{"not_picked":["Beam Cell","Hello World"],"picked":"Steam","floor":11.0},{"not_picked":["Electrodynamics","Reboot"],"picked":"Thunder Strike","floor":16.0},{"not_picked":["Barrage","Redo"],"picked":"Steam Power","floor":18.0},{"not_picked":["Lockon","Rebound"],"picked":"Echo Form","floor":23},{"not_picked":["Storm","Rebound"],"picked":"Glacier+1","floor":27}],"player_experience":1629247,"relics_obtained":[{"floor":7.0,"key":"Kunai"},{"floor":9.0,"key":"Juzu Bracelet"},{"floor":10.0,"key":"The Courier"},{"floor":23,"key":"Shuriken"},{"floor":26,"key":"MealTicket"},{"floor":27,"key":"MawBank"},{"floor":31,"key":"Ornamental Fan"}],"event_choices":[{"cards_removed":["Strike_B"],"damage_healed":0.0,"max_hp_gain":0.0,"max_hp_loss":0.0,"gold_gain":0.0,"event_name":"Golden Wing","player_choice":"Card Removal","floor":2.0,"gold_loss":0.0,"damage_taken":7.0},{"damage_healed":0.0,"max_hp_gain":0.0,"max_hp_loss":0.0,"gold_gain":0.0,"event_name":"FaceTrader","player_choice":"Trade","floor":13.0,"gold_loss":0.0,"damage_taken":0.0,"relics_obtained":["CultistMask"]},{"damage_healed":0.0,"max_hp_gain":0.0,"max_hp_loss":0.0,"gold_gain":0.0,"event_name":"Lab","player_choice":"Got Potions","floor":14.0,"gold_loss":0.0,"damage_taken":0.0},{"damage_healed":0,"gold_gain":0,"player_choice":"3 cards matched","damage_taken":0,"max_hp_gain":0,"max_hp_loss":0,"event_name":"Match and Keep!","floor":19,"gold_loss":0,"cards_obtained":["Chill","Machine Learning","Coolheaded"]},{"damage_healed":0,"gold_gain":0,"player_choice":"Ignored","damage_taken":0,"max_hp_gain":0,"max_hp_loss":0,"event_name":"Vampires","floor":21,"gold_loss":0},{"cards_removed":["Strike_B"],"damage_healed":0,"gold_gain":0,"player_choice":"Elegance","damage_taken":0,"max_hp_gain":0,"max_hp_loss":0,"event_name":"Back to Basics","floor":22,"gold_loss":0},{"damage_healed":0,"gold_gain":0,"player_choice":"Copied","damage_taken":0,"max_hp_gain":0,"max_hp_loss":0,"event_name":"Duplicator","floor":25,"gold_loss":0,"cards_obtained":["Coolheaded"]},{"damage_healed":0,"gold_gain":0,"player_choice":"Ignored","damage_taken":0,"max_hp_gain":0,"max_hp_loss":0,"event_name":"Ghosts","floor":29,"gold_loss":0}],"is_beta":false,"boss_relics":[{"not_picked":["Black Star","SacredBark"],"picked":"Coffee Dripper"}],"items_purged_floors":[3],"is_endless":false,"potions_floor_spawned":[4,10,11,23],"killed_by":"Automaton","ascension_level":16}}