{"host":"640uue19m79c7wbt","time":1610917299,"event":{"mods":["BaseMod","Colored Map","Googly Eyes","Highlight Path","Minty Spire (QoL Compilation)","Quick Restart","StSLib"],"gold_per_floor":[115,115,126,140,140,140,140,140],"floor_reached":7,"language":"ENG","playtime":115,"items_purged":[],"score":66,"play_id":"7b3121fe-ed21-48f7-97f8-0a3c5d305031","local_time":"20210117160139","is_ascension_mode":true,"campfire_choices":[{"data":"Backstab","floor":6.0,"key":"SMITH"}],"circlet_count":0,"master_deck":["AscendersBane","Strike_G","Strike_G","Strike_G","Defend_G","Defend_G","Defend_G","Defend_G","Defend_G","Survivor","Neutralize","Calculated Gamble","Backstab+1"],"relics":["Ring of the Snake","NeowsBlessing"],"acts_visited":["Exordium"],"potions_floor_usage":[7],"damage_taken":[{"damage":0.0,"enemies":"Cultist","floor":1.0,"turns":1.0},{"damage":0.0,"enemies":"Jaw Worm","floor":3.0,"turns":1.0},{"damage":0.0,"enemies":"2 Louse","floor":4.0,"turns":1.0},{"damage":17,"enemies":"Lagavulin","floor":7,"turns":6}],"seed_played":"7251235222411575986","potions_obtained":[{"floor":1.0,"key":"ColorlessPotion"}],"is_trial":false,"path_per_floor":["M","?","M","M","?","R","E"],"character_chosen":"THE_SILENT","items_purchased":[],"campfire_rested":0,"item_purchase_floors":[],"current_hp_per_floor":[63,63,63,63,56,56,39,39],"gold":140,"neow_bonus":"THREE_ENEMY_KILL","is_daily":false,"chose_seed":false,"campfire_upgraded":1,"win_rate":0.0,"timestamp":1610917299,"path_taken":["M","?","?","M","?","R","E"],"items_purchased_type":[],"build_version":"2020-12-22","purchased_purges":0,"victory":false,"max_hp_per_floor":[70,70,70,70,70,70,70,70],"card_choices":[{"not_picked":["Prepared","Flying Knee"],"picked":"Calculated Gamble","floor":1.0},{"not_picked":["Acrobatics","Calculated Gamble"],"picked":"Backstab","floor":3.0},{"not_picked":["Quick Slash","Outmaneuver","Slice"],"picked":"SKIP","floor":4.0}],"player_experience":599229,"relics_obtained":[],"event_choices":[{"cards_removed":["Strike_G"],"damage_healed":0.0,"max_hp_gain":0.0,"max_hp_loss":0.0,"gold_gain":0.0,"event_name":"Purifier","player_choice":"Purged","floor":2.0,"gold_loss":0.0,"damage_taken":0.0},{"cards_removed":["Strike_G"],"damage_healed":0.0,"max_hp_gain":0.0,"max_hp_loss":0.0,"gold_gain":0.0,"event_name":"Golden Wing","player_choice":"Card Removal","floor":5.0,"gold_loss":0.0,"damage_taken":7.0}],"is_beta":false,"boss_relics":[],"items_purged_floors":[],"is_endless":false,"potions_floor_spawned":[1],"killed_by":"Lagavulin","ascension_level":12}}