{"host":"7gewg82ormp6yt4e","time":1610889838,"event":{"mods":["BaseMod","Block Reminder","Colored Map","Colored Powertips","DeckTracker","Highlight Path","Minty Spire (QoL Compilation)","Relic Stats","StSLib","ojb\u0027s Info Mod"],"gold_per_floor":[112,124,143,143,13,42,42,75,75,75,75,95,95,123,123,201,201,219,230,230,230,230,230,247,247,247,259,278,278,43,58,58,134,134,147,159,159,175,175,175,1,27,53,64,64,117,117,117],"floor_reached":47,"language":"JPN","playtime":3153,"items_purged":["Writhe"],"score":1046,"play_id":"c95e63f2-e4f9-442e-b28e-fb196b0bf568","local_time":"20210117222358","is_ascension_mode":true,"campfire_choices":[{"floor":7,"key":"REST"},{"data":"Fission","floor":10,"key":"SMITH"},{"data":"1","floor":13,"key":"LIFT"},{"data":"Turbo","floor":15,"key":"SMITH"},{"data":"2","floor":23,"key":"LIFT"},{"data":"3","floor":25,"key":"LIFT"},{"floor":32,"key":"RECALL"},{"floor":40,"key":"REST"}],"circlet_count":0,"master_deck":["AscendersBane","Defend_B","Defend_B","Defend_B","Defend_B","Zap","Dualcast","Sweeping Beam","Ball Lightning","Undo","Glacier","Fission+1","Turbo+1","All For One","Self Repair","Bite","Bite","Bite","Bite","Buffer","Coolheaded","Trip","Magnetism","Loop+1","Hyperbeam","Scrape","Madness","Madness","Coolheaded","Loop+1","Seek","Doubt","Doom and Gloom+1"],"relics":["Cracked Core","Girya","Ice Cream","The Courier","White Beast Statue","Ancient Tea Set","Fusion Hammer","Ornamental Fan","Kunai","Black Star","Potion Belt","Blood Vial","Calipers","Gambling Chip"],"acts_visited":["Exordium","TheCity","TheBeyond"],"potions_floor_usage":[6,6,8,14,16,19,19,27,33,33,38,42,46,46,46],"damage_taken":[{"damage":7,"enemies":"Cultist","floor":1,"turns":4},{"damage":14,"enemies":"Small Slimes","floor":2,"turns":3},{"damage":7,"enemies":"2 Louse","floor":3,"turns":2},{"damage":6,"enemies":"3 Sentries","floor":6,"turns":8},{"damage":3,"enemies":"Lagavulin","floor":8,"turns":8},{"damage":1,"enemies":"Exordium Thugs","floor":12,"turns":5},{"damage":0,"enemies":"Gremlin Nob","floor":14,"turns":3},{"damage":13,"enemies":"Slime Boss","floor":16,"turns":11},{"damage":12,"enemies":"Spheric Guardian","floor":18,"turns":4},{"damage":15,"enemies":"Shell Parasite","floor":19,"turns":6},{"damage":1,"enemies":"Snecko","floor":24,"turns":5},{"damage":14,"enemies":"Snake Plant","floor":27,"turns":4},{"damage":16,"enemies":"Sentry and Sphere","floor":28,"turns":7},{"damage":5,"enemies":"Snecko","floor":31,"turns":8},{"damage":49,"enemies":"Collector","floor":33,"turns":10},{"damage":19,"enemies":"3 Darklings","floor":35,"turns":4},{"damage":0,"enemies":"Orb Walker","floor":36,"turns":3},{"damage":19,"enemies":"Maw","floor":38,"turns":10},{"damage":10,"enemies":"Giant Head","floor":42,"turns":9},{"damage":54,"enemies":"Jaw Worm Horde","floor":44,"turns":5},{"damage":43,"enemies":"2 Orb Walkers","floor":46,"turns":6},{"damage":51,"enemies":"Transient","floor":47,"turns":5}],"seed_played":"-696120590704840760","potions_obtained":[{"floor":1,"key":"Dexterity Potion"},{"floor":2,"key":"LiquidBronze"},{"floor":6,"key":"ColorlessPotion"},{"floor":12,"key":"AttackPotion"},{"floor":14,"key":"Fire Potion"},{"floor":16,"key":"Weak Potion"},{"floor":18,"key":"LiquidBronze"},{"floor":19,"key":"Strength Potion"},{"floor":24,"key":"Fruit Juice"},{"floor":27,"key":"SpeedPotion"},{"floor":28,"key":"CultistPotion"},{"floor":33,"key":"Strength Potion"},{"floor":35,"key":"FearPotion"},{"floor":38,"key":"Fire Potion"},{"floor":39,"key":"LiquidMemories"},{"floor":42,"key":"BlessingOfTheForge"},{"floor":44,"key":"Regen Potion"},{"floor":46,"key":"PowerPotion"}],"is_trial":false,"path_per_floor":["M","M","M","?","$","E","R","E","T","R","?","M","R","E","R","B",null,"M","M","?","?","?","R","M","R","T","M","M","T","$","M","R","B",null,"M","M","?","M","?","R","$","E","T","M","?","?","M"],"character_chosen":"DEFECT","items_purchased":["Fire Potion","Trip","Magnetism","Potion Belt","Weak Potion"],"campfire_rested":2,"item_purchase_floors":[5,30,30,41,41],"current_hp_per_floor":[57,43,36,36,36,30,51,48,48,48,38,37,37,37,37,24,59,47,39,39,39,39,39,49,49,49,42,47,47,47,54,54,28,48,42,48,38,50,50,54,54,54,54,15,54,41,0,0],"gold":117,"neow_bonus":"ONE_RARE_RELIC","is_daily":false,"chose_seed":false,"campfire_upgraded":2,"win_rate":0.0,"timestamp":1610889838,"path_taken":["M","?","M","?","$","E","R","E","T","R","?","M","R","E","R","BOSS","M","M","?","?","?","R","M","R","T","?","M","?","?","?","R","BOSS","M","M","?","M","?","R","$","E","T","?","?","?","M"],"items_purchased_type":["Potion","Card","Card","Relic","Potion"],"build_version":"2020-12-22","purchased_purges":1,"victory":false,"max_hp_per_floor":[71,71,71,71,71,71,71,71,71,71,71,71,71,71,71,71,71,71,71,71,49,49,49,49,49,49,54,54,54,54,54,54,54,54,54,54,54,54,54,54,54,54,54,54,54,54,54,54],"relic_stats":{"Blood Vial":2,"counters":[22,130],"Ornamental Fan":[88],"Gambling Chip":[1],"Black Star":1,"Kunai":[19],"obtain_stats":[{"Ice Cream":6,"Potion Belt":41,"Girya":0,"Calipers":42,"The Courier":8,"Ancient Tea Set":14,"White Beast Statue":9,"Blood Vial":42,"Ornamental Fan":26,"Gambling Chip":46,"Fusion Hammer":17,"Black Star":34,"Kunai":29,"Cracked Core":0},{"Ice Cream":4,"Potion Belt":18,"Girya":0,"Calipers":19,"The Courier":5,"Ancient Tea Set":7,"White Beast Statue":5,"Blood Vial":19,"Ornamental Fan":11,"Gambling Chip":21,"Fusion Hammer":8,"Black Star":15,"Kunai":13,"Cracked Core":0},{"Ice Cream":17,"Potion Belt":105,"Girya":0,"Calipers":114,"The Courier":25,"Ancient Tea Set":33,"White Beast Statue":25,"Blood Vial":114,"Ornamental Fan":59,"Gambling Chip":125,"Fusion Hammer":44,"Black Star":88,"Kunai":70,"Cracked Core":0}]},"card_choices":[{"not_picked":["Chaos","Coolheaded"],"picked":"Sweeping Beam","floor":1},{"not_picked":["Go for the Eyes","Undo"],"picked":"Ball Lightning","floor":2},{"not_picked":["Leap","Redo"],"picked":"Undo","floor":3},{"not_picked":["Skim","White Noise"],"picked":"Glacier","floor":6},{"not_picked":["Stack","Cold Snap"],"picked":"Fission","floor":8},{"not_picked":["Leap","Rebound","Auto Shields"],"picked":"SKIP","floor":12},{"not_picked":["Scrape","Go for the Eyes"],"picked":"Turbo","floor":14},{"not_picked":["Seek","Amplify"],"picked":"All For One","floor":16},{"not_picked":["Hologram","Loop"],"picked":"Self Repair","floor":18},{"not_picked":["Auto Shields","Conserve Battery","Redo"],"picked":"SKIP","floor":19},{"not_picked":["Compile Driver","Steam"],"picked":"Buffer","floor":24},{"not_picked":["Hologram","Ball Lightning+1"],"picked":"Coolheaded","floor":27},{"not_picked":["Turbo","Hello World","Compile Driver"],"picked":"SKIP","floor":28},{"not_picked":["Turbo","Go for the Eyes"],"picked":"Loop+1","floor":31},{"not_picked":["Multi-Cast","Seek"],"picked":"Hyperbeam","floor":33},{"not_picked":["Stack","Go for the Eyes"],"picked":"Scrape","floor":35},{"not_picked":["Coolheaded","Hello World","Go for the Eyes"],"picked":"SKIP","floor":36},{"not_picked":["Turbo","Leap"],"picked":"Coolheaded","floor":38},{"not_picked":["Barrage","Storm+1"],"picked":"Loop+1","floor":42},{"not_picked":["Ball Lightning+1","Genetic Algorithm+1"],"picked":"Seek","floor":44},{"not_picked":["Compile Driver","Leap+1"],"picked":"Doom and Gloom+1","floor":46}],"player_experience":2607281,"relics_obtained":[{"floor":6,"key":"Ice Cream"},{"floor":8,"key":"The Courier"},{"floor":9,"key":"White Beast Statue"},{"floor":14,"key":"Ancient Tea Set"},{"floor":26,"key":"Ornamental Fan"},{"floor":29,"key":"Kunai"},{"floor":42,"key":"Blood Vial"},{"floor":42,"key":"Calipers"},{"floor":46,"key":"Gambling Chip"}],"event_choices":[{"damage_healed":0,"gold_gain":0,"player_choice":"Fled","damage_taken":0,"max_hp_gain":0,"max_hp_loss":0,"event_name":"Scrap Ooze","floor":4,"gold_loss":0},{"damage_healed":0,"gold_gain":0,"player_choice":"Damaged","damage_taken":10,"max_hp_gain":0,"max_hp_loss":0,"event_name":"Wheel of Change","floor":11,"gold_loss":0},{"damage_healed":0,"gold_gain":0,"player_choice":"Ignored","damage_taken":0,"max_hp_gain":0,"max_hp_loss":0,"event_name":"Ghosts","floor":20,"gold_loss":0},{"damage_healed":0,"gold_gain":0,"player_choice":"Became a vampire","damage_taken":0,"max_hp_gain":0,"max_hp_loss":22,"event_name":"Vampires","floor":21,"gold_loss":0,"cards_obtained":["Bite","Bite","Bite","Bite","Bite"]},{"cards_removed":["Bite"],"damage_healed":0,"gold_gain":0,"player_choice":"Purged","damage_taken":0,"max_hp_gain":0,"max_hp_loss":0,"event_name":"Purifier","floor":22,"gold_loss":0},{"damage_healed":0,"gold_gain":0,"player_choice":"Embrace Madness","damage_taken":10,"max_hp_gain":0,"max_hp_loss":0,"event_name":"Winding Halls","floor":37,"gold_loss":0,"cards_obtained":["Madness","Madness"]},{"damage_healed":0,"gold_gain":0,"player_choice":"Got Potions","damage_taken":0,"max_hp_gain":0,"max_hp_loss":0,"event_name":"Lab","floor":39,"gold_loss":0},{"damage_healed":39,"gold_gain":0,"player_choice":"Heal","damage_taken":0,"max_hp_gain":0,"max_hp_loss":0,"event_name":"MindBloom","floor":45,"gold_loss":0,"cards_obtained":["Doubt"]},{"damage_healed":0,"gold_gain":0,"player_choice":"Fight","damage_taken":0,"max_hp_gain":0,"max_hp_loss":0,"event_name":"Mysterious Sphere","floor":46,"gold_loss":0}],"is_beta":false,"boss_relics":[{"not_picked":["Velvet Choker","Calling Bell"],"picked":"Fusion Hammer"},{"not_picked":["Philosopher\u0027s Stone","Busted Crown"],"picked":"Black Star"}],"items_purged_floors":[5],"is_endless":false,"potions_floor_spawned":[1,2,6,12,14,16,18,19,24,27,28,31,33,35,36,38,42,44,46],"killed_by":"Transient","ascension_level":20}}