{"host":"bydnmyvf669xu6ab","time":1610861686,"event":{"mods":["BaseMod","BetterRewards","Colored Map","Highlight Path","Minty Spire (QoL Compilation)","Poor People Problems","Rare Cards Sparkle","Relic Stats","Shop Mod","Spikes Relics","StSLib","SuperFastMode"],"gold_per_floor":[109,109,12,12,26,60,71,100,171,59,59,111,131,148,148,249,249,264,280,125,150,150,150,168,168,168,194,206,206,216,235,235,332,332,344,360,360,135,145,173,173,173,197,212,434,459,459,478,478,478,478,478,285,314,314,314],"floor_reached":55,"language":"ENG","playtime":2823,"items_purged":[],"score":1002,"play_id":"cd114a2e-3f87-4ce1-854a-60b24c012f8a","local_time":"20210116213446","is_ascension_mode":true,"campfire_choices":[{"floor":11,"key":"REST"},{"data":"Armaments","floor":15,"key":"SMITH"},{"data":"Limit Break","floor":23,"key":"SMITH"},{"data":"Whirlwind","floor":25,"key":"SMITH"},{"data":"Metallicize","floor":32,"key":"SMITH"},{"floor":42,"key":"REST"},{"floor":49,"key":"RECALL"},{"data":"Heavy Blade","floor":52,"key":"SMITH"}],"circlet_count":0,"master_deck":["Strike_R","Strike_R","Strike_R","Strike_R","Defend_R","Defend_R","Defend_R","Defend_R","Bash","Limit Break+1","Armaments+1","Assess","Metallicize","Disarm","Whirlwind+1","Inflame","Spot Weakness","Metallicize+1","Rage","Battle Trance","Reaper","Headbutt","Sword Boomerang+1","Iron Wave+1","Double Tap","Spot Weakness","Heavy Blade+1","Cleave+1","Offering","Body Slam+1","Headbutt","PlatinumSkin","Evolve","Fire Breathing","Iron Wave+1","Pummel+1","True Grit","Ghostly Armor+1"],"relics":["Burning Blood","ExplosiveVial","Unceasing Top","Omamori","Bottled Flame","Ancient Tea Set","Philosopher\u0027s Stone","Anchor","Red Mask","Necronomicon","Regal Pillow","Dream Catcher","Black Star","Membership Card","Juzu Bracelet","ShockBauble","Boot","Eternal Feather","MiniBlackHole","Bottled Tornado","CrustySpines","GiantMaggot"],"acts_visited":["Exordium","TheCity","TheBeyond","TheEnding"],"potions_floor_usage":[14,16,36,44,48,55,55],"damage_taken":[{"damage":9,"enemies":"Small Slimes","floor":1,"turns":4},{"damage":2,"enemies":"Jaw Worm","floor":5,"turns":6},{"damage":43,"enemies":"Lagavulin","floor":6,"turns":10},{"damage":0,"enemies":"Cultist","floor":7,"turns":5},{"damage":32,"enemies":"Gremlin Nob","floor":8,"turns":5},{"damage":2,"enemies":"Looter","floor":13,"turns":4},{"damage":3,"enemies":"Exordium Thugs","floor":14,"turns":4},{"damage":9,"enemies":"The Guardian","floor":16,"turns":9},{"damage":16,"enemies":"Spheric Guardian","floor":18,"turns":6},{"damage":26,"enemies":"Shell Parasite","floor":19,"turns":5},{"damage":23,"enemies":"Masked Bandits","floor":21,"turns":4},{"damage":0,"enemies":"Sentry and Sphere","floor":24,"turns":1},{"damage":10,"enemies":"Book of Stabbing","floor":27,"turns":3},{"damage":0,"enemies":"Centurion and Healer","floor":28,"turns":2},{"damage":2,"enemies":"Shelled Parasite and Fungi","floor":30,"turns":2},{"damage":13,"enemies":"Snecko","floor":31,"turns":4},{"damage":18,"enemies":"Automaton","floor":33,"turns":5},{"damage":14,"enemies":"Orb Walker","floor":35,"turns":3},{"damage":0,"enemies":"3 Darklings","floor":36,"turns":1},{"damage":0,"enemies":"Jaw Worm Horde","floor":39,"turns":1},{"damage":68,"enemies":"Giant Head","floor":40,"turns":8},{"damage":23,"enemies":"Maw","floor":44,"turns":5},{"damage":50,"enemies":"Reptomancer","floor":46,"turns":4},{"damage":9,"enemies":"Writhing Mass","floor":48,"turns":4},{"damage":65,"enemies":"Donu and Deca","floor":50,"turns":6},{"damage":23,"enemies":"Shield and Spear","floor":54,"turns":4},{"damage":133,"enemies":"The Heart","floor":55,"turns":5}],"seed_played":"-825798328216342706","potions_obtained":[{"floor":1,"key":"LiquidBronze"},{"floor":6,"key":"Explosive Potion"},{"floor":21,"key":"SneckoOil"},{"floor":27,"key":"ElixirPotion"},{"floor":31,"key":"Energy Potion"},{"floor":36,"key":"BlessingOfTheForge"},{"floor":46,"key":"Weak Potion"},{"floor":54,"key":"AttackPotion"}],"is_trial":false,"path_per_floor":["M","?","$","?","M","E","M","E","T","$","R","T","M","M","R","B",null,"M","M","$","?","?","R","M","R","T","E","M","$","M","M","R","B",null,"M","M","?","$","M","E","?","R","T","M","?","E","?","M","R","B",null,"R","$","E","B"],"character_chosen":"IRONCLAD","items_purchased":["Limit Break","ExplosiveVial","Armaments","Assess","FairyPotion","Metallicize","Rage","Anchor","Membership Card","Juzu Bracelet","True Grit","LiquidBronze","Bottled Tornado"],"campfire_rested":2,"item_purchase_floors":[0,0,0,0,3,10,10,20,38,38,53,53,53],"current_hp_per_floor":[63,68,68,68,72,35,41,15,15,15,40,40,44,47,47,44,85,75,55,55,59,43,43,49,49,49,45,59,59,63,56,56,44,85,77,83,83,83,85,23,23,63,63,46,46,42,42,39,60,45,85,85,85,68,0,0],"gold":314,"neow_bonus":"","is_daily":false,"chose_seed":false,"campfire_upgraded":5,"win_rate":0.0,"timestamp":1610861686,"path_taken":["M","?","$","?","M","E","M","E","T","?","R","?","?","M","R","BOSS","M","M","$","?","?","R","M","R","T","E","?","$","M","M","R","BOSS","M","M","?","$","M","E","?","R","T","M","?","E","?","M","R","BOSS","R","$","E","BOSS"],"items_purchased_type":["Card","Relic","Card","Card","Potion","Card","Card","Relic","Relic","Relic","Card","Potion","Relic"],"build_version":"2020-12-22","purchased_purges":0,"victory":false,"max_hp_per_floor":[80,85,85,85,85,85,85,85,85,85,85,85,85,85,85,85,85,85,85,85,85,85,85,85,85,85,85,85,85,85,85,85,85,85,85,85,85,85,85,85,85,85,85,85,85,85,85,85,85,85,85,85,85,85,85,85],"relic_stats":{"Regal Pillow":15,"Dream Catcher":1,"counters":[379,1907],"Eternal Feather":21,"Necronomicon":[42],"Black Star":3,"Juzu Bracelet":0,"Boot":[9],"obtain_stats":[{"infinitespire:BottledMercury":29,"Ginger":10,"Whetstone":26,"Bottled Tornado":6,"Boot":54,"Blood Vial":20,"ZombieTooth":53,"Sundial":24,"MealTicket":41,"infinitespire:Golems Mask":25,"Fusion Hammer":17,"HandDrill":0,"Necronomicon":22,"Kunai":0,"MerchantsRug":8,"Pear":4,"GiantMaggot":9,"Blue Candle":41,"Velvet Choker":17,"Eternal Feather":44,"Pen Nib":8,"SlaversCollar":17,"infinitespire:Lychee Nut":26,"Bird Faced Urn":23,"MutagenicStrength":20,"Pandora\u0027s Box":17,"Mark of Pain":17,"infinitespire:PuzzleCube":26,"Unceasing Top":14,"Regal Pillow":0,"Lantern":28,"Torii":27,"Magic Flower":48,"RoseTintedShades":7,"Bag of Preparation":0,"HeavenlyBonsai":24,"Cursed Key":34,"Ancient Tea Set":19,"Smiling Mask":30,"Burning Blood":0,"Matryoshka":0,"Toolbox":24,"Chemical X":0,"InkBottle":0,"Paper Frog":42,"Potion Belt":38,"Lee\u0027s Waffle":24,"Self Forming Clay":12,"Golden Idol":3,"Thread and Needle":39,"infinitespire:Joker Card":8,"PreservedInsect":0,"The Courier":23,"Omamori":12,"infinitespire:CheckeredPen":9,"infinitespire:Lucky Rock":9,"Frozen Egg 2":9,"MawBank":7,"Busted Crown":34,"ExplosiveVial":0,"SpikesRelics:DaevaFist":7,"Art of War":11,"Bottled Lightning":43,"Toy Ornithopter":23,"infinitespire:Midas Blood":13,"ShockBauble":19,"Calipers":0,"Tiny House":17,"Nilry\u0027s Codex":30,"Vajra":26,"Sozu":17,"Lizard Tail":28,"Centennial Puzzle":30,"HornCleat":26,"DollysMirror":28,"Strawberry":31,"Prayer Wheel":0,"Philosopher\u0027s Stone":17,"Toxic Egg 2":0,"LugNut":2,"Girya":39,"Happy Flower":23,"Dead Branch":0,"Oddly Smooth Stone":0,"Letter Opener":0,"War Paint":0,"Question Card":11,"Bottled Flame":41,"Shuriken":19,"Bronze Scales":22,"Molten Egg 2":0,"Black Star":17,"CosmicIsotope":17,"CrustySpines":54,"Meat on the Bone":0,"Darkstone Periapt":11,"SnailShell":43,"Black Blood":34,"BrokenLever":12,"Mango":28,"Incense Burner":38,"Juzu Bracelet":0,"PrismaticShard":0,"ClockworkSouvenir":20,"HailfireSword":17,"Nunchaku":7,"Dream Catcher":13,"Mummified Hand":0,"Gambling Chip":40,"Pantograph":0,"MiniBlackHole":8,"RollingBoulder":13,"Tiny Chest":6,"Red Mask":42,"Red Skull":10,"Runic Pyramid":17,"infinitespire:FocusingShard":43,"Orichalcum":14,"Odd Mushroom":7,"White Beast Statue":14,"Mercury Hourglass":10,"Sandwich":34,"CaptainsWheel":29,"Anchor":20,"infinitespire:WardingShard":46,"infinitespire:Satchel":44,"GolemAmulet":46,"Bag of Marbles":26,"Membership Card":0},{"infinitespire:BottledMercury":100,"Ginger":31,"Whetstone":201,"Bottled Tornado":191,"Boot":82,"Blood Vial":115,"ZombieTooth":268,"Sundial":159,"MealTicket":57,"infinitespire:Golems Mask":71,"Fusion Hammer":9,"HandDrill":312,"Necronomicon":363,"Kunai":83,"MerchantsRug":5,"Pear":297,"GiantMaggot":167,"Blue Candle":77,"Velvet Choker":91,"Eternal Feather":184,"Pen Nib":5,"SlaversCollar":330,"infinitespire:Lychee Nut":15,"Bird Faced Urn":13,"MutagenicStrength":139,"Pandora\u0027s Box":114,"Mark of Pain":46,"infinitespire:PuzzleCube":49,"Unceasing Top":126,"Regal Pillow":83,"Lantern":142,"Torii":201,"Magic Flower":267,"RoseTintedShades":338,"Bag of Preparation":83,"HeavenlyBonsai":37,"Cursed Key":53,"Ancient Tea Set":303,"Smiling Mask":306,"Burning Blood":0,"Matryoshka":61,"Toolbox":229,"Chemical X":61,"InkBottle":83,"Paper Frog":57,"Potion Belt":21,"Lee\u0027s Waffle":281,"Self Forming Clay":194,"Golden Idol":219,"Thread and Needle":56,"infinitespire:Joker Card":42,"PreservedInsect":83,"The Courier":255,"Omamori":6,"infinitespire:CheckeredPen":30,"infinitespire:Lucky Rock":87,"Frozen Egg 2":275,"MawBank":328,"Busted Crown":73,"ExplosiveVial":270,"SpikesRelics:DaevaFist":42,"Art of War":44,"Bottled Lightning":210,"Toy Ornithopter":70,"infinitespire:Midas Blood":90,"ShockBauble":251,"Calipers":270,"Tiny House":318,"Nilry\u0027s Codex":100,"Vajra":142,"Sozu":68,"Lizard Tail":160,"Centennial Puzzle":232,"HornCleat":71,"DollysMirror":50,"Strawberry":52,"Prayer Wheel":130,"Philosopher\u0027s Stone":195,"Toxic Egg 2":0,"LugNut":28,"Girya":311,"Happy Flower":96,"Dead Branch":0,"Oddly Smooth Stone":312,"Letter Opener":27,"War Paint":0,"Question Card":111,"Bottled Flame":183,"Shuriken":10,"Bronze Scales":69,"Molten Egg 2":61,"Black Star":138,"CosmicIsotope":226,"CrustySpines":378,"Meat on the Bone":295,"Darkstone Periapt":31,"SnailShell":25,"Black Blood":19,"BrokenLever":65,"Mango":283,"Incense Burner":56,"Juzu Bracelet":147,"PrismaticShard":27,"ClockworkSouvenir":35,"HailfireSword":33,"Nunchaku":134,"Dream Catcher":224,"Mummified Hand":211,"Gambling Chip":23,"Pantograph":27,"MiniBlackHole":216,"RollingBoulder":66,"Tiny Chest":315,"Red Mask":77,"Red Skull":135,"Runic Pyramid":277,"infinitespire:FocusingShard":77,"Orichalcum":170,"Odd Mushroom":245,"White Beast Statue":217,"Mercury Hourglass":124,"Sandwich":102,"CaptainsWheel":161,"Anchor":362,"infinitespire:WardingShard":26,"infinitespire:Satchel":78,"GolemAmulet":79,"Bag of Marbles":175,"Membership Card":0},{"infinitespire:BottledMercury":388,"Ginger":129,"Whetstone":908,"Bottled Tornado":850,"Boot":332,"Blood Vial":461,"ZombieTooth":1299,"Sundial":700,"MealTicket":249,"infinitespire:Golems Mask":296,"Fusion Hammer":34,"HandDrill":1590,"Necronomicon":1849,"Kunai":340,"MerchantsRug":17,"Pear":1505,"GiantMaggot":733,"Blue Candle":313,"Velvet Choker":365,"Eternal Feather":813,"Pen Nib":17,"SlaversCollar":1689,"infinitespire:Lychee Nut":54,"Bird Faced Urn":48,"MutagenicStrength":599,"Pandora\u0027s Box":456,"Mark of Pain":199,"infinitespire:PuzzleCube":210,"Unceasing Top":523,"Regal Pillow":340,"Lantern":611,"Torii":908,"Magic Flower":1290,"RoseTintedShades":1721,"Bag of Preparation":340,"HeavenlyBonsai":154,"Cursed Key":231,"Ancient Tea Set":1534,"Smiling Mask":1547,"Burning Blood":0,"Matryoshka":268,"Toolbox":1078,"Chemical X":268,"InkBottle":340,"Paper Frog":249,"Potion Belt":84,"Lee\u0027s Waffle":1394,"Self Forming Clay":862,"Golden Idol":1017,"Thread and Needle":242,"infinitespire:Joker Card":180,"PreservedInsect":340,"The Courier":1226,"Omamori":21,"infinitespire:CheckeredPen":123,"infinitespire:Lucky Rock":351,"Frozen Egg 2":1343,"MawBank":1670,"Busted Crown":304,"ExplosiveVial":1312,"SpikesRelics:DaevaFist":180,"Art of War":188,"Bottled Lightning":965,"Toy Ornithopter":294,"infinitespire:Midas Blood":361,"ShockBauble":1208,"Calipers":1312,"Tiny House":1623,"Nilry\u0027s Codex":388,"Vajra":611,"Sozu":289,"Lizard Tail":701,"Centennial Puzzle":1109,"HornCleat":296,"DollysMirror":215,"Strawberry":223,"Prayer Wheel":549,"Philosopher\u0027s Stone":869,"Toxic Egg 2":0,"LugNut":114,"Girya":1582,"Happy Flower":376,"Dead Branch":0,"Oddly Smooth Stone":1590,"Letter Opener":111,"War Paint":0,"Question Card":439,"Bottled Flame":810,"Shuriken":36,"Bronze Scales":290,"Molten Egg 2":268,"Black Star":592,"CosmicIsotope":1056,"CrustySpines":1902,"Meat on the Bone":1498,"Darkstone Periapt":129,"SnailShell":102,"Black Blood":75,"BrokenLever":278,"Mango":1408,"Incense Burner":242,"Juzu Bracelet":650,"PrismaticShard":111,"ClockworkSouvenir":146,"HailfireSword":139,"Nunchaku":570,"Dream Catcher":1041,"Mummified Hand":970,"Gambling Chip":93,"Pantograph":111,"MiniBlackHole":997,"RollingBoulder":281,"Tiny Chest":1605,"Red Mask":313,"Red Skull":575,"Runic Pyramid":1363,"infinitespire:FocusingShard":313,"Orichalcum":748,"Odd Mushroom":1180,"White Beast Statue":1004,"Mercury Hourglass":514,"Sandwich":401,"CaptainsWheel":709,"Anchor":1845,"infinitespire:WardingShard":107,"infinitespire:Satchel":318,"GolemAmulet":321,"Bag of Marbles":775,"Membership Card":0}],"Burning Blood":2102,"Unceasing Top":[5]},"card_choices":[{"not_picked":["Warcry","Intimidate"],"picked":"Metallicize","floor":1},{"not_picked":["Anger","Searing Blow"],"picked":"Disarm","floor":5},{"not_picked":["Intimidate","Iron Wave"],"picked":"Whirlwind","floor":6},{"not_picked":["Body Slam","Twin Strike"],"picked":"Inflame","floor":7},{"not_picked":["Metallicize","Twin Strike"],"picked":"Spot Weakness","floor":8},{"not_picked":["Wild Strike","Anger","Thunderclap"],"picked":"SKIP","floor":13},{"not_picked":["Flex","Thunderclap"],"picked":"Battle Trance","floor":14},{"not_picked":["Juggernaut","Immolate"],"picked":"Reaper","floor":16},{"not_picked":["Warcry","Perfected Strike"],"picked":"Headbutt","floor":18},{"not_picked":["Clash","Headbutt"],"picked":"Sword Boomerang+1","floor":19},{"not_picked":["Wild Strike","Sword Boomerang"],"picked":"Iron Wave+1","floor":24},{"not_picked":["Second Wind","Cleave"],"picked":"Double Tap","floor":27},{"not_picked":["Rage","True Grit"],"picked":"Spot Weakness","floor":28},{"not_picked":["Thunderclap+1","Anger+1"],"picked":"Heavy Blade","floor":30},{"not_picked":["Infernal Blade","Sever Soul"],"picked":"Cleave+1","floor":31},{"not_picked":["Immolate","Corruption"],"picked":"Offering","floor":33},{"not_picked":["Rupture+1","Twin Strike+1"],"picked":"Body Slam+1","floor":35},{"not_picked":["Infernal Blade","Clothesline"],"picked":"Headbutt","floor":36},{"not_picked":["Jack Of All Trades","Finesse"],"picked":"PlatinumSkin","floor":37},{"not_picked":["Dark Embrace","Iron Wave"],"picked":"Evolve","floor":39},{"not_picked":["Warcry+1","Headbutt+1"],"picked":"Fire Breathing","floor":40},{"not_picked":["Thunderclap","Warcry+1"],"picked":"Iron Wave+1","floor":42},{"not_picked":["Perfected Strike","Wild Strike","BarbarianYell"],"picked":"SKIP","floor":44},{"not_picked":["BarbarianYell+1","Fiend Fire","Havoc+1"],"picked":"SKIP","floor":46},{"not_picked":["Searing Blow","Havoc+1"],"picked":"Pummel+1","floor":48},{"not_picked":["Dropkick+1","Sword Boomerang+1"],"picked":"Ghostly Armor+1","floor":54}],"player_experience":2268389,"relics_obtained":[{"floor":6,"key":"Unceasing Top"},{"floor":8,"key":"Omamori"},{"floor":9,"key":"Bottled Flame"},{"floor":12,"key":"Ancient Tea Set"},{"floor":21,"key":"Red Mask"},{"floor":22,"key":"Necronomicon"},{"floor":26,"key":"Regal Pillow"},{"floor":27,"key":"Dream Catcher"},{"floor":40,"key":"ShockBauble"},{"floor":40,"key":"Boot"},{"floor":46,"key":"Eternal Feather"},{"floor":46,"key":"MiniBlackHole"},{"floor":54,"key":"CrustySpines"},{"floor":54,"key":"GiantMaggot"}],"event_choices":[{"damage_healed":0,"gold_gain":0,"player_choice":"Donut","damage_taken":0,"max_hp_gain":5,"max_hp_loss":0,"event_name":"Big Fish","floor":2,"gold_loss":0},{"damage_healed":0,"gold_gain":0,"player_choice":"Ignored","damage_taken":0,"max_hp_gain":0,"max_hp_loss":0,"event_name":"Golden Wing","floor":4,"gold_loss":0},{"damage_healed":0,"gold_gain":0,"player_choice":"Fought Bandits","damage_taken":0,"max_hp_gain":0,"max_hp_loss":0,"event_name":"Masked Bandits","floor":21,"gold_loss":0},{"damage_healed":0,"gold_gain":0,"player_choice":"Obtained Book","damage_taken":16,"max_hp_gain":0,"max_hp_loss":0,"event_name":"Cursed Tome","floor":22,"gold_loss":0},{"damage_healed":0,"gold_gain":0,"player_choice":"Memory 1","damage_taken":0,"max_hp_gain":0,"max_hp_loss":0,"event_name":"SensoryStone","floor":37,"gold_loss":0},{"cards_removed":["Strike_R"],"damage_healed":0,"gold_gain":0,"player_choice":"Removed Attack","damage_taken":0,"max_hp_gain":0,"max_hp_loss":0,"event_name":"Falling","floor":41,"gold_loss":0},{"damage_healed":0,"gold_gain":222,"player_choice":"Wore Mask","damage_taken":0,"max_hp_gain":0,"max_hp_loss":0,"event_name":"Tomb of Lord Red Mask","floor":45,"gold_loss":0},{"damage_healed":0,"gold_gain":0,"player_choice":"Ignored","damage_taken":0,"max_hp_gain":0,"max_hp_loss":0,"event_name":"Mysterious Sphere","floor":47,"gold_loss":0}],"is_beta":false,"boss_relics":[{"not_picked":["Calling Bell","Runic Dome"],"picked":"Philosopher\u0027s Stone"},{"not_picked":["Tiny House","Sandwich"],"picked":"Black Star"}],"items_purged_floors":[],"is_endless":false,"potions_floor_spawned":[1,6,8,13,21,27,31,33,35,36,40,46,54],"killed_by":"The Heart","ascension_level":1}}