{"host":"j9ki0s1dicmcfq9y","time":1610847675,"event":{"mods":["BaseMod","Minty Spire (QoL Compilation)","Prisma Mod","StSLib"],"gold_per_floor":[112,287,287,306,325,325,345,7,83,83,142,142,451,488,488,595,595,616,638,647,660,674,699,699,37,37,37,56,72,97,130,130,235,235,256,306,306,383,392,435,111,144,144,144,172,221,233,254,254,254,254,254,9,64,64],"floor_reached":56,"language":"ENG","playtime":7413,"items_purged":["Regret","Doubt"],"score":1272,"play_id":"d24706c4-1276-40eb-9598-079df36c71c9","local_time":"20210116204115","is_ascension_mode":false,"campfire_choices":[{"floor":6,"key":"RECALL"},{"data":"PrismaMod:IllyaUncommonDefend","floor":10,"key":"SMITH"},{"data":"PrismaMod:IllyaRubysPotion","floor":12,"key":"SMITH"},{"data":"PrismaMod:IllyaCarnivalDefend","floor":15,"key":"SMITH"},{"data":"PrismaMod:IllyaAOECommonAttack","floor":24,"key":"SMITH"},{"data":"PrismaMod:IllyaUncommonAOEAttack","floor":32,"key":"SMITH"},{"data":"PrismaMod:IllyaCarnivalPrismaAstolfo","floor":44,"key":"SMITH"},{"floor":49,"key":"REST"},{"data":"PrismaMod:IllyaBoysLove","floor":52,"key":"SMITH"}],"circlet_count":0,"master_deck":["PrismaMod:IllyaCommonAttack+1","PrismaMod:IllyaCommonDefend","PrismaMod:IllyaCommonAttack","PrismaMod:IllyaCommonDefend","PrismaMod:IllyaCommonAttack+1","PrismaMod:IllyaCommonDefend","PrismaMod:IllyaCommonAttack","PrismaMod:IllyaCommonDefend","PrismaMod:IllyaCommonAttack","PrismaMod:IllyaCommonDefend+1","PrismaMod:IllyaUncommonAttack","PrismaMod:IllyaUncommonDefend+1","PrismaMod:IllyaBlindPoisonToss","PrismaMod:IllyaRubysPotion+1","Decay","PrismaMod:IllyaCommandSeal+1","PrismaMod:IllyaGrail","PrismaMod:IllyaAOECommonAttack+1","PrismaMod:IllyaCarnivalDefend+1","PrismaMod:IllyaInstallCaster","PrismaMod:IllyaFeed","PrismaMod:IllyaPoisonTippedWeapons+1","PrismaMod:IllyaBerserCAR","PrismaMod:IllyaUncommonAOEAttack+1","PrismaMod:IllyaCarnivalPrismaAstolfo+1","PrismaMod:IllyaGun+1","PrismaMod:IllyaAlice+1","Writhe","PrismaMod:IllyaPartialInstallAssassin","PrismaMod:IllyaBoysLove+1","PrismaMod:IllyaCheapDefend+1","PrismaMod:IllyaCheapAttack+1","PrismaMod:IllyaMinorRapidFire+1","PrismaMod:IllyaGrail+1"],"relics":["PrismaMod:PrismaRuby","HandDrill","Orichalcum","CeramicFish","Old Coin","MealTicket","Black Star","Strawberry","The Courier","War Paint","Bronze Scales","Potion Belt","Mango","Eternal Feather","Centennial Puzzle","White Beast Statue","Ancient Tea Set","SacredBark","Peace Pipe","Torii","Blood Vial","Prayer Wheel","TungstenRod","Whetstone","Molten Egg 2","Bag of Marbles","Oddly Smooth Stone","Akabeko","Mummified Hand","Happy Flower"],"acts_visited":["Exordium","TheCity","TheBeyond","TheEnding"],"potions_floor_usage":[21,38,40,40,45,50,55,55,55],"damage_taken":[{"damage":0,"enemies":"Small Slimes","floor":1,"turns":6},{"damage":1,"enemies":"2 Louse","floor":4,"turns":4},{"damage":6,"enemies":"Cultist","floor":5,"turns":5},{"damage":3,"enemies":"Red Slaver","floor":7,"turns":5},{"damage":11,"enemies":"Gremlin Nob","floor":11,"turns":5},{"damage":13,"enemies":"Lagavulin","floor":14,"turns":7},{"damage":51,"enemies":"Hexaghost","floor":16,"turns":15},{"damage":7,"enemies":"Shell Parasite","floor":18,"turns":7},{"damage":13,"enemies":"Chosen","floor":19,"turns":5},{"damage":10,"enemies":"Snecko","floor":21,"turns":7},{"damage":32,"enemies":"Chosen and Byrds","floor":22,"turns":7},{"damage":61,"enemies":"Gremlin Leader","floor":23,"turns":10},{"damage":2,"enemies":"Centurion and Healer","floor":28,"turns":8},{"damage":11,"enemies":"Shelled Parasite and Fungi","floor":29,"turns":6},{"damage":5,"enemies":"Cultist and Chosen","floor":30,"turns":7},{"damage":19,"enemies":"Slavers","floor":31,"turns":8},{"damage":18,"enemies":"Champ","floor":33,"turns":15},{"damage":7,"enemies":"3 Shapes","floor":35,"turns":5},{"damage":1,"enemies":"Mind Bloom Boss Battle","floor":36,"turns":10},{"damage":36,"enemies":"2 Orb Walkers","floor":38,"turns":7},{"damage":60,"enemies":"Giant Head","floor":40,"turns":11},{"damage":12,"enemies":"Orb Walker","floor":42,"turns":4},{"damage":6,"enemies":"Reptomancer","floor":45,"turns":9},{"damage":9,"enemies":"Jaw Worm Horde","floor":46,"turns":3},{"damage":28,"enemies":"Sphere and 2 Shapes","floor":47,"turns":8},{"damage":35,"enemies":"Spire Growth","floor":48,"turns":7},{"damage":62,"enemies":"Donu and Deca","floor":50,"turns":11},{"damage":87,"enemies":"Shield and Spear","floor":54,"turns":8},{"damage":81,"enemies":"The Heart","floor":55,"turns":12}],"seed_played":"6683376098055478725","potions_obtained":[{"floor":1,"key":"BlessingOfTheForge"},{"floor":5,"key":"FairyPotion"},{"floor":16,"key":"Block Potion"},{"floor":28,"key":"FairyPotion"},{"floor":29,"key":"Block Potion"},{"floor":30,"key":"GamblersBrew"},{"floor":33,"key":"SkillPotion"},{"floor":35,"key":"Strength Potion"},{"floor":36,"key":"DuplicationPotion"},{"floor":38,"key":"Energy Potion"},{"floor":40,"key":"FearPotion"},{"floor":42,"key":"AttackPotion"},{"floor":45,"key":"DuplicationPotion"},{"floor":46,"key":"DuplicationPotion"},{"floor":48,"key":"DuplicationPotion"},{"floor":54,"key":"Block Potion"}],"is_trial":false,"path_per_floor":["M","?","?","M","M","R","M","$","T","R","?","R","?","E","R","B",null,"M","M","?","M","M","E","R","$","T","?","M","M","M","E","R","B",null,"M","?","?","?","?","E","$","M","T","R","E","M","M","M","R","B",null,"R","$","E","B",null],"character_chosen":"ILLYA","items_purchased":["HandDrill","Orichalcum","PrismaMod:IllyaAOECommonAttack","War Paint","Bronze Scales","Potion Belt","Mango","TungstenRod","PrismaMod:IllyaBoysLove","Oddly Smooth Stone","Akabeko"],"campfire_rested":1,"item_purchase_floors":[8,8,8,25,25,25,25,41,41,53,53],"current_hp_per_floor":[75,75,75,74,68,68,73,73,73,73,67,67,67,62,62,19,75,72,64,64,74,47,44,44,73,73,73,86,85,85,83,96,96,96,94,96,96,70,94,63,78,80,80,98,98,98,83,68,104,55,104,104,104,32,63],"gold":64,"neow_bonus":"THREE_CARDS","is_daily":false,"chose_seed":false,"campfire_upgraded":7,"win_rate":0.0,"timestamp":1610847675,"path_taken":["M","?","?","M","?","R","M","?","T","R","?","R","?","E","R","BOSS","M","M","?","M","M","E","R","$","T","?","M","?","M","E","R","BOSS","M","?","?","?","?","E","$","M","T","R","E","M","?","M","R","BOSS","R","$","E","BOSS"],"items_purchased_type":["Relic","Relic","Card","Relic","Relic","Relic","Relic","Relic","Card","Relic","Relic"],"build_version":"2020-12-22","purchased_purges":2,"victory":true,"max_hp_per_floor":[75,75,75,75,75,75,75,75,75,75,75,75,75,75,75,75,75,75,75,75,75,75,82,82,96,96,96,96,96,96,96,96,96,96,96,96,96,96,96,98,98,98,98,98,98,98,101,104,104,104,104,104,104,104,104],"card_choices":[{"not_picked":["PrismaMod:IllyaPoisonTippedWeapons","PrismaMod:IllyaRubysPotion"],"picked":"PrismaMod:IllyaBlindPoisonToss","floor":0},{"not_picked":["PrismaMod:IllyaUberPoisonBlock","PrismaMod:IllyaMinorReinForce"],"picked":"PrismaMod:IllyaRubysPotion","floor":1},{"not_picked":["PrismaMod:IllyaRubysPotion","PrismaMod:IllyaFriendMaker"],"picked":"PrismaMod:IllyaCommandSeal","floor":4},{"not_picked":["PrismaMod:IllyaCheapAttack","PrismaMod:IllyaCommonEvoke"],"picked":"PrismaMod:IllyaGrail","floor":5},{"not_picked":["PrismaMod:IllyaFriendMaker","PrismaMod:IllyaCheapChannelAttack","PrismaMod:IllyaSaphire"],"picked":"SKIP","floor":7},{"not_picked":["PrismaMod:IllyaUberPoisonBlock","PrismaMod:IllyaPoisoningPhantasm"],"picked":"PrismaMod:IllyaCarnivalDefend","floor":14},{"not_picked":["PrismaMod:IllyaInstallShielder","PrismaMod:IllyaUberAttackChannel"],"picked":"PrismaMod:IllyaInstallCaster","floor":16},{"not_picked":["PrismaMod:IllyaUpgradeOrbs","PrismaMod:IllyaRubysPotion"],"picked":"PrismaMod:IllyaFeed","floor":18},{"not_picked":["PrismaMod:IllyaCommandSeal+1","PrismaMod:IllyaBerserCAR"],"picked":"PrismaMod:IllyaPoisonTippedWeapons+1","floor":19},{"not_picked":["PrismaMod:IllyaBerserCAR","PrismaMod:IllyaDualEvoke","PrismaMod:IllyaRapidFire"],"picked":"SKIP","floor":21},{"not_picked":["PrismaMod:IllyaBride","PrismaMod:IllyaBlindPoisonToss","PrismaMod:IllyaUpgradeOrbs"],"picked":"SKIP","floor":22},{"not_picked":["PrismaMod:IllyaUncommonAttack","PrismaMod:IllyaAOECommonAttack","PrismaMod:IllyaUncommonEvoke+1"],"picked":"SKIP","floor":23},{"not_picked":["PrismaMod:IllyaBride","PrismaMod:IllyaGrail","PrismaMod:IllyaGun"],"picked":"SKIP","floor":28},{"not_picked":["PrismaMod:IllyaCheapChannelPoison","PrismaMod:IllyaRussianRoulette","PrismaMod:IllyaGun"],"picked":"SKIP","floor":29},{"not_picked":["PrismaMod:IllyaMaid+1","PrismaMod:IllyaGrailKun"],"picked":"PrismaMod:IllyaUncommonAOEAttack","floor":30},{"not_picked":["PrismaMod:IllyaUncommonEvoke","PrismaMod:IllyaFriendMaker","PrismaMod:IllyaUncommonAttack"],"picked":"SKIP","floor":31},{"not_picked":["PrismaMod:IllyaInstallAlterEgo","PrismaMod:IllyaInstallRuler"],"picked":"PrismaMod:IllyaCarnivalPrismaAstolfo","floor":33},{"not_picked":["PrismaMod:IllyaCheapChannelDefend","PrismaMod:IllyaPoisonTippedWeapons"],"picked":"PrismaMod:IllyaGun+1","floor":35},{"not_picked":["PrismaMod:IllyaFeed+1","PrismaMod:IllyaGun"],"picked":"PrismaMod:IllyaAlice+1","floor":38},{"not_picked":["PrismaMod:IllyaDetonatingBlow","PrismaMod:IllyaCheapChannelDefend"],"picked":"PrismaMod:IllyaPartialInstallAssassin","floor":40},{"not_picked":["PrismaMod:IllyaPoisoningPhantasm+1","PrismaMod:IllyaCommonEvoke"],"picked":"PrismaMod:IllyaCheapDefend+1","floor":42},{"not_picked":["PrismaMod:IllyaGrailKun","PrismaMod:IllyaUncommonAttack"],"picked":"PrismaMod:IllyaCheapAttack+1","floor":42},{"not_picked":["PrismaMod:IllyaCheapChannelDefend","PrismaMod:IllyaUberAttackChannel","PrismaMod:IllyaUberChannel+1"],"picked":"SKIP","floor":45},{"not_picked":["PrismaMod:IllyaBride+1","PrismaMod:IllyaUberPoisonBlock"],"picked":"PrismaMod:IllyaMinorRapidFire+1","floor":46},{"not_picked":["PrismaMod:IllyaBoysLove+1","PrismaMod:IllyaCheapChannelPoison+1","PrismaMod:IllyaRussianRoulette"],"picked":"SKIP","floor":46},{"not_picked":["PrismaMod:IllyaTestament+1","PrismaMod:IllyaCheapDefend+1","PrismaMod:IllyaDevil+1"],"picked":"SKIP","floor":47},{"not_picked":["PrismaMod:IllyaCarnivalOrbs","PrismaMod:IllyaCheapChannelPoison","PrismaMod:IllyaUberPoisonBlock+1"],"picked":"SKIP","floor":47},{"not_picked":["PrismaMod:IllyaFeed+1","PrismaMod:IllyaBoysLove+1"],"picked":"PrismaMod:IllyaGrail+1","floor":48},{"not_picked":["PrismaMod:IllyaDevil+1","PrismaMod:IllyaCheapChannelPoison+1","PrismaMod:IllyaUncommonDefend"],"picked":"SKIP","floor":48},{"not_picked":["PrismaMod:IllyaBride","PrismaMod:IllyaMinorReinForce","PrismaMod:IllyaAOECommonAttack+1"],"picked":"SKIP","floor":54}],"player_experience":671727,"relics_obtained":[{"floor":11,"key":"CeramicFish"},{"floor":14,"key":"MealTicket"},{"floor":23,"key":"Strawberry"},{"floor":23,"key":"The Courier"},{"floor":26,"key":"Eternal Feather"},{"floor":31,"key":"White Beast Statue"},{"floor":31,"key":"Ancient Tea Set"},{"floor":36,"key":"Peace Pipe"},{"floor":38,"key":"Torii"},{"floor":40,"key":"Blood Vial"},{"floor":40,"key":"Prayer Wheel"},{"floor":43,"key":"Whetstone"},{"floor":45,"key":"Molten Egg 2"},{"floor":45,"key":"Bag of Marbles"},{"floor":54,"key":"Mummified Hand"},{"floor":54,"key":"Happy Flower"}],"event_choices":[{"damage_healed":0,"gold_gain":175,"player_choice":"AGREE","damage_taken":0,"max_hp_gain":0,"max_hp_loss":0,"event_name":"Liars Game","floor":2,"gold_loss":0,"cards_obtained":["Doubt"]},{"damage_healed":0,"gold_gain":0,"player_choice":"Cursed","damage_taken":0,"max_hp_gain":0,"max_hp_loss":0,"event_name":"Wheel of Change","floor":3,"gold_loss":0,"cards_obtained":["Decay"]},{"damage_healed":0,"gold_gain":30,"player_choice":"Searched \u00272\u0027 times","damage_taken":0,"max_hp_gain":0,"max_hp_loss":0,"event_name":"Dead Adventurer","floor":11,"gold_loss":0},{"damage_healed":0,"gold_gain":0,"player_choice":"Box","damage_taken":0,"relics_obtained":["Old Coin"],"max_hp_gain":0,"max_hp_loss":0,"event_name":"Big Fish","floor":13,"gold_loss":0,"cards_obtained":["Regret"]},{"damage_healed":0,"gold_gain":0,"player_choice":"Read","damage_taken":0,"max_hp_gain":0,"max_hp_loss":0,"event_name":"The Library","floor":20,"gold_loss":0,"cards_obtained":["PrismaMod:IllyaBerserCAR"]},{"damage_healed":0,"gold_gain":0,"player_choice":"Gave Potion","damage_taken":0,"relics_obtained":["Centennial Puzzle"],"max_hp_gain":0,"max_hp_loss":0,"event_name":"WeMeetAgain","floor":27,"gold_loss":0},{"damage_healed":0,"gold_gain":0,"player_choice":"Fight","damage_taken":0,"max_hp_gain":0,"max_hp_loss":0,"event_name":"MindBloom","floor":36,"gold_loss":0},{"damage_healed":0,"gold_gain":0,"player_choice":"Memory 1","damage_taken":0,"max_hp_gain":0,"max_hp_loss":0,"event_name":"SensoryStone","floor":37,"gold_loss":0},{"damage_healed":0,"gold_gain":0,"player_choice":"Fight","damage_taken":0,"max_hp_gain":0,"max_hp_loss":0,"event_name":"Mysterious Sphere","floor":38,"gold_loss":0},{"damage_healed":24,"gold_gain":0,"player_choice":"Writhe","damage_taken":0,"max_hp_gain":0,"max_hp_loss":0,"event_name":"Winding Halls","floor":39,"gold_loss":0,"cards_obtained":["Writhe"]}],"is_beta":false,"boss_relics":[{"not_picked":["Astrolabe","Velvet Choker"],"picked":"Black Star"},{"not_picked":["Runic Dome","Coffee Dripper"],"picked":"SacredBark"}],"items_purged_floors":[25,41],"is_endless":false,"potions_floor_spawned":[1,5,16,19,28,29,30,33,35,36,38,40,42,45,46,47,48,54],"ascension_level":0}}