{"host":"Rich","time":1610853022,"event":{"mods":["AchievementEnabler","BaseMod","Highlight Path","Minty Spire (QoL Compilation)","Relic Stats"],"gold_per_floor":[113,113,113,133,133,133,158,172,197,222,222,222,7,26,26,97,97,108,33,33,33,51,51,51],"floor_reached":23,"language":"ENG","playtime":731,"items_purged":["Strike_P+1"],"score":394,"play_id":"5cc872a7-f726-42fb-a6d2-77eb1930ab78","local_time":"20210116221022","is_ascension_mode":true,"campfire_choices":[{"floor":6,"key":"REST"},{"data":"CrushJoints","floor":11,"key":"SMITH"},{"data":"Halt","floor":15,"key":"SMITH"}],"circlet_count":0,"master_deck":["AscendersBane","Strike_P+1","Defend_P","Defend_P","Defend_P","Defend_P","Eruption","Vigilance","WheelKick","Swivel","Halt+1","CrushJoints+1","Wallop","Wallop","Perseverance","Sweeping Beam","Hyperbeam","Auto Shields"],"relics":["PureWater","Akabeko","Blood Vial","Bag of Marbles","Pantograph","PrismaticShard","Runic Dome","Molten Egg 2"],"acts_visited":["Exordium","TheCity"],"potions_floor_usage":[10,16,23,23],"damage_taken":[{"damage":0,"enemies":"2 Louse","floor":1,"turns":1},{"damage":0,"enemies":"Cultist","floor":4,"turns":2},{"damage":23,"enemies":"3 Sentries","floor":7,"turns":6},{"damage":0,"enemies":"Jaw Worm","floor":8,"turns":1},{"damage":11,"enemies":"Lagavulin","floor":10,"turns":6},{"damage":0,"enemies":"2 Fungi Beasts","floor":14,"turns":2},{"damage":55,"enemies":"The Guardian","floor":16,"turns":15},{"damage":11,"enemies":"Shell Parasite","floor":18,"turns":5},{"damage":8,"enemies":"Spheric Guardian","floor":22,"turns":5},{"damage":39,"enemies":"Book of Stabbing","floor":23,"turns":6}],"seed_played":"4423174879000612814","potions_obtained":[{"floor":1,"key":"Ambrosia"},{"floor":8,"key":"AttackPotion"},{"floor":14,"key":"BottledMiracle"},{"floor":22,"key":"SneckoOil"}],"is_trial":false,"path_per_floor":["M","?","?","M","?","R","E","M","T","E","R","?","$","M","R","B",null,"M","$","T","?","M","E"],"character_chosen":"WATCHER","items_purchased":["PrismaticShard","Perseverance"],"campfire_rested":1,"item_purchase_floors":[13,13],"current_hp_per_floor":[61,61,61,61,41,61,38,40,40,31,31,31,31,33,33,5,52,43,43,43,43,37,0,0],"gold":51,"neow_bonus":"RANDOM_COMMON_RELIC","is_daily":false,"chose_seed":false,"campfire_upgraded":2,"win_rate":0.0,"timestamp":1610853022,"path_taken":["M","?","?","M","?","R","E","M","T","E","R","?","$","M","R","BOSS","M","?","?","?","M","E"],"items_purchased_type":["Relic","Card"],"build_version":"2020-12-18","purchased_purges":1,"victory":false,"max_hp_per_floor":[68,68,68,68,68,68,68,68,68,68,68,68,68,68,68,68,68,68,68,68,68,68,68,68],"relic_stats":{"Blood Vial":14,"counters":[10,49],"Pantograph":25,"obtain_stats":[{"Blood Vial":7,"Runic Dome":17,"Pantograph":10,"Molten Egg 2":20,"Bag of Marbles":9,"PureWater":0,"PrismaticShard":13,"Akabeko":0},{"Blood Vial":3,"Runic Dome":7,"Pantograph":5,"Molten Egg 2":8,"Bag of Marbles":4,"PureWater":0,"PrismaticShard":5,"Akabeko":0},{"Blood Vial":9,"Runic Dome":33,"Pantograph":16,"Molten Egg 2":38,"Bag of Marbles":10,"PureWater":0,"PrismaticShard":16,"Akabeko":0}]},"card_choices":[{"not_picked":["CarveReality","EmptyFist"],"picked":"WheelKick","floor":1},{"not_picked":["FollowUp","PathToVictory"],"picked":"Halt","floor":4},{"not_picked":["Prostrate","Fasting2"],"picked":"CrushJoints","floor":7},{"not_picked":["BattleHymn","Protect"],"picked":"Wallop","floor":8},{"not_picked":["EmptyMind","FollowUp"],"picked":"Wallop","floor":10},{"not_picked":["Bouncing Flask","Go for the Eyes"],"picked":"Sweeping Beam","floor":14},{"not_picked":["Reaper","Limit Break"],"picked":"Hyperbeam","floor":16},{"not_picked":["Iron Wave+1","Doom and Gloom","Redo"],"picked":"SKIP","floor":18},{"not_picked":["Leap","Hologram"],"picked":"Auto Shields","floor":22}],"player_experience":1993841,"relics_obtained":[{"floor":7,"key":"Blood Vial"},{"floor":9,"key":"Bag of Marbles"},{"floor":10,"key":"Pantograph"},{"floor":20,"key":"Molten Egg 2"}],"event_choices":[{"damage_healed":0,"gold_gain":0,"cards_transformed":["Strike_P"],"player_choice":"Change","damage_taken":0,"max_hp_gain":0,"max_hp_loss":0,"event_name":"Living Wall","floor":2,"gold_loss":0,"cards_obtained":["Swivel"]},{"damage_healed":0,"gold_gain":0,"player_choice":"Ignored","damage_taken":0,"max_hp_gain":0,"max_hp_loss":0,"event_name":"Liars Game","floor":3,"gold_loss":0},{"damage_healed":0,"gold_gain":0,"player_choice":"Entered Light","damage_taken":20,"max_hp_gain":0,"max_hp_loss":0,"event_name":"Shining Light","floor":5,"gold_loss":0,"cards_upgraded":["Strike_P","Strike_P"]},{"cards_removed":["Strike_P"],"damage_healed":0,"gold_gain":0,"player_choice":"Purged","damage_taken":0,"max_hp_gain":0,"max_hp_loss":0,"event_name":"Purifier","floor":12,"gold_loss":0},{"damage_healed":0,"gold_gain":0,"player_choice":"Ignored","damage_taken":0,"max_hp_gain":0,"max_hp_loss":0,"event_name":"The Mausoleum","floor":21,"gold_loss":0}],"is_beta":true,"boss_relics":[{"not_picked":["Pandora\u0027s Box","SacredBark"],"picked":"Runic Dome"}],"items_purged_floors":[19],"is_endless":false,"potions_floor_spawned":[1,8,14,22],"killed_by":"Book of Stabbing","ascension_level":20}}