{"host":"w2kjv12xyhtt0cv2","time":1610898961,"event":{"mods":["Act Like it!","BaseMod","Colored Map","Friendly Minions","Gensokyo","Highlight Path","Hubris","Kiyohime（清姬）","Marisa（F雨　魔理沙）","Minty Spire (QoL Compilation)","Quick Restart","Reimu（博丽灵梦）","Relic Stats","Replay The Spire","RumiaBox-露米娅的神秘盒子","Shop Mod","Spicy Shops","StSLib","The Cursed","The Servant 0.9.4","UnlockEverythingMod","Waifu the Spire","[功能]功能增强和修复MOD","vexMod","【功能Mod】Neow奖励","【遗物卡牌】REMEMod","没有小屋子和绿帽子啦"],"gold_per_floor":[111,111,25,25,44,78,90,124,124,152,164,184,184,213,213,292,292,312,340,142,142,142,173,186,315,339,339,465,465,499,515,515,617,617,637,537,588,588,321,385,396,423,448,479,42,75,75,158,158,158,158,158,309,340,340],"floor_reached":56,"playtime":5918,"items_purged":["KiyohimeMod:Defend","KiyohimeMod:FiringTheFirstArrow"],"score":2986,"play_id":"57f040a3-1a64-4573-9a8a-0a33745271c7","local_time":"20210117235601","is_ascension_mode":true,"campfire_choices":[{"data":"Hightail","floor":15.0,"key":"SMITH"},{"floor":32.0,"key":"DIG"},{"floor":49.0,"key":"RECALL"},{"data":"KiyohimeMod:Destruction","floor":52.0,"key":"SMITH"}],"circlet_count":0,"master_deck":["AscendersBane","KiyohimeMod:Strike","KiyohimeMod:Strike","KiyohimeMod:Strike","KiyohimeMod:Track","KiyohimeMod:FlameKiss","KiyohimeMod:Shapeshift+1","Hightail+1","KiyohimeMod:Grimoire","KiyohimeMod:CelestialInvertedMoon+1","KiyohimeMod:DivineConstruct+1","KiyohimeMod:CelestialInvertedMoon+1","Necronomicurse","KiyohimeMod:Servant_TamamoNoMae+1","KiyohimeMod:Destruction+1","KiyohimeMod:Projection+1","Metamorphosis+1","REME_FirmDetermination","Secret Technique+1","Replay:Bootleg Shield Generator+1"],"relics":["REME_ComplimentaryCards","Replay:Drink Me","Toxic Egg 2","MealTicket","hubris:OldNail","Centennial Puzzle","hubris:Towel","Bag of Marbles","hubris:HollowSoul","Red Mask","REME_CardOfGreed","hubris:Icosahedron","PreservedInsect","White Beast Statue","Ancient Tea Set","Necronomicon","hubris:SlimyHat","HornCleat","Replay:Baseball","Anchor","Coffee Dripper","CatCart","Membership Card","Incense Burner","Ccalipers","hubris:Zylophone","Juzu Bracelet","MagicDraw4","Bag of Preparation","MagicDraw1","ReplayTheSpireMod:TigerMarble","Medical Kit","Lee\u0027s Waffle","hubris:NiceRug","LastBattle","Oddly Smooth Stone","ClockworkSouvenir","Happy Flower","Bottled Flame","Cauldron","Pondfish Scales"],"acts_visited":["Exordium","TheCity","TheBeyond","TheEnding"],"potions_floor_usage":[],"damage_taken":[{"damage":0.0,"enemies":"2 Louse","floor":1.0,"turns":2.0},{"damage":0.0,"enemies":"Jaw Worm","floor":5.0,"turns":2.0},{"damage":0.0,"enemies":"Lagavulin","floor":6.0,"turns":6.0},{"damage":0.0,"enemies":"Cultist","floor":7.0,"turns":3.0},{"damage":0.0,"enemies":"Gremlin Nob","floor":8.0,"turns":4.0},{"damage":0.0,"enemies":"Lagavulin","floor":10.0,"turns":8.0},{"damage":4.0,"enemies":"Large Slime","floor":11.0,"turns":3.0},{"damage":0.0,"enemies":"Exordium Wildlife","floor":12.0,"turns":4.0},{"damage":2.0,"enemies":"Gremlin Nob","floor":14.0,"turns":3.0},{"damage":0.0,"enemies":"The Guardian","floor":16.0,"turns":7.0},{"damage":0.0,"enemies":"Shell Parasite","floor":18.0,"turns":5.0},{"damage":0.0,"enemies":"Masked Bandits","floor":19.0,"turns":6.0},{"damage":0.0,"enemies":"Slavers","floor":23.0,"turns":10.0},{"damage":10.0,"enemies":"2 Thieves","floor":24.0,"turns":4.0},{"damage":0.0,"enemies":"REME_1_Revenger","floor":25.0,"turns":4.0},{"damage":0.0,"enemies":"Book of Stabbing","floor":28.0,"turns":4.0},{"damage":0.0,"enemies":"Gremlin Leader","floor":30.0,"turns":4.0},{"damage":0.0,"enemies":"Snake Plant","floor":31.0,"turns":5.0},{"damage":0.0,"enemies":"Champ","floor":33.0,"turns":10.0},{"damage":0.0,"enemies":"3 Shapes","floor":35.0,"turns":4.0},{"damage":0.0,"enemies":"Orin","floor":37.0,"turns":6.0},{"damage":0.0,"enemies":"R_Hoarder","floor":40.0,"turns":3.0},{"damage":0.0,"enemies":"3 Darklings","floor":41.0,"turns":5.0},{"damage":0.0,"enemies":"Reptomancer","floor":42.0,"turns":3.0},{"damage":0.0,"enemies":"Giant Head","floor":44.0,"turns":5.0},{"damage":0.0,"enemies":"R_Hoarder","floor":46.0,"turns":1.0},{"damage":0.0,"enemies":"hubris:GrandSnecko","floor":50.0,"turns":3.0},{"damage":0.0,"enemies":"hubris:Merchant","floor":53.0,"turns":3.0},{"damage":0,"enemies":"Shield and Spear","floor":54,"turns":2},{"damage":0,"enemies":"The Heart","floor":55,"turns":4}],"seed_played":"5110348696916851446","potions_obtained":[{"floor":5.0,"key":"ColorlessPotion"},{"floor":6.0,"key":"SmokeBomb"},{"floor":7.0,"key":"ZuzhouPotion:ReiMu"},{"floor":10.0,"key":"Languid Potion"},{"floor":11.0,"key":"ColorlessPotion"},{"floor":14.0,"key":"Reflective Coating"},{"floor":16.0,"key":"LiquidMemories"},{"floor":19.0,"key":"SpeedPotion"},{"floor":28.0,"key":"SpeedPotion"},{"floor":31.0,"key":"REME_GoldPotion"},{"floor":33.0,"key":"Elixir"},{"floor":35.0,"key":"ColorlessPotion"},{"floor":37.0,"key":"REME_GoldPotion"},{"floor":41.0,"key":"Fire Potion"},{"floor":42.0,"key":"Weak Potion"},{"floor":44.0,"key":"Weak Potion"},{"floor":47.0,"key":"Venom Potion"},{"floor":53,"key":"LiquidMemories"}],"is_trial":false,"path_per_floor":["M","?","$","?","M","E","M","E","T","E","M","M","?","E","R","B",null,"M","?","$","?","?","E","M","E","T","?","E","T","E","M","R_BF","B",null,"M","NS","?","?","$","E","M","E","T","E","$","E","?","?","R","B",null,"R","$","E","B",null],"character_chosen":"Kiyohime","items_purchased":["Toxic Egg 2","REME_CardOfGreed","Membership Card","Incense Burner","KiyohimeMod:Projection+1","Metamorphosis+1","MagicDraw4","Bag of Preparation","REME_FirmDetermination","Medical Kit","Lee\u0027s Waffle"],"campfire_rested":0,"item_purchase_floors":[3,20,39,39,45,45,45,45,53,53,53],"current_hp_per_floor":[42,42,42,42,42,42,42,42,42,42,38,38,38,40,40,40,42,42,42,42,42,42,42,32,32,32,16,16,16,28,40,40,42,42,42,42,42,42,42,42,42,42,42,42,42,42,42,42,42,42,42,42,49,49,49],"gold":340,"neow_bonus":"BOSS_RELIC","is_daily":false,"chose_seed":false,"campfire_upgraded":2,"win_rate":0.0,"timestamp":1610898961,"path_taken":["M","?","$","?","M","E","M","E","T","E","M","?","?","E","R","BOSS","M","?","$","?","?","E","?","E","T","?","E","?","E","M","R_BF","BOSS","M","NS","?","?","$","E","M","E","T","E","$","E","?","?","R","BOSS","R","$","E","BOSS"],"items_purchased_type":["Relic","Relic","Relic","Relic","Card","Card","Relic","Relic","Card","Relic","Relic"],"build_version":"2020-12-22","purchased_purges":2,"victory":true,"max_hp_per_floor":[42,42,42,42,42,42,42,42,42,42,42,42,42,42,42,42,42,42,42,42,42,42,42,42,42,42,42,42,42,42,42,42,42,42,42,42,42,42,42,42,42,42,42,42,42,42,42,42,42,42,42,42,49,49,49],"relic_stats":{"Centennial Puzzle":[9],"Lee\u0027s Waffle":7,"Happy Flower":[2],"counters":[30,133],"MealTicket":0,"PreservedInsect":595,"Necronomicon":[15],"Juzu Bracelet":0,"Bag of Preparation":[9],"Medical Kit":[4],"obtain_stats":[{"hubris:SlimyHat":28,"Incense Burner":39,"Juzu Bracelet":44,"Bag of Preparation":45,"MagicDraw4":45,"Ancient Tea Set":26,"MagicDraw1":46,"ClockworkSouvenir":53,"KiyohimeMod:FireDragon":0,"Centennial Puzzle":10,"hubris:Icosahedron":21,"HornCleat":29,"Ccalipers":40,"MealTicket":6,"Red Mask":19,"Necronomicon":27,"Toxic Egg 2":3,"Replay:Drink Me":0,"Lee\u0027s Waffle":53,"Happy Flower":53,"Oddly Smooth Stone":53,"hubris:HollowSoul":17,"PreservedInsect":23,"hubris:Towel":13,"LastBattle":53,"Medical Kit":53,"White Beast Statue":25,"hubris:Zylophone":42,"Cauldron":53,"Replay:Baseball":30,"Anchor":32,"Bottled Flame":53,"Pondfish Scales":54,"Bag of Marbles":14,"Coffee Dripper":34,"ReplayTheSpireMod:TigerMarble":48,"REME_CardOfGreed":20,"Membership Card":39,"CatCart":37,"hubris:OldNail":9,"REME_ComplimentaryCards":0,"hubris:NiceRug":53},{"hubris:SlimyHat":16,"Incense Burner":21,"Juzu Bracelet":25,"Bag of Preparation":25,"MagicDraw4":25,"Ancient Tea Set":15,"MagicDraw1":26,"ClockworkSouvenir":28,"KiyohimeMod:FireDragon":0,"Centennial Puzzle":6,"hubris:Icosahedron":12,"HornCleat":16,"Ccalipers":22,"MealTicket":3,"Red Mask":12,"Necronomicon":15,"Toxic Egg 2":1,"Replay:Drink Me":0,"Lee\u0027s Waffle":27,"Happy Flower":28,"Oddly Smooth Stone":28,"hubris:HollowSoul":10,"PreservedInsect":13,"hubris:Towel":8,"LastBattle":28,"Medical Kit":27,"White Beast Statue":15,"hubris:Zylophone":24,"Cauldron":28,"Replay:Baseball":17,"Anchor":18,"Bottled Flame":28,"Pondfish Scales":29,"Bag of Marbles":9,"Coffee Dripper":19,"ReplayTheSpireMod:TigerMarble":26,"REME_CardOfGreed":12,"Membership Card":21,"CatCart":21,"hubris:OldNail":5,"REME_ComplimentaryCards":0,"hubris:NiceRug":28},{"hubris:SlimyHat":75,"Incense Burner":104,"Juzu Bracelet":120,"Bag of Preparation":120,"MagicDraw4":120,"Ancient Tea Set":71,"MagicDraw1":121,"ClockworkSouvenir":127,"KiyohimeMod:FireDragon":0,"Centennial Puzzle":25,"hubris:Icosahedron":53,"HornCleat":75,"Ccalipers":107,"MealTicket":10,"Red Mask":53,"Necronomicon":71,"Toxic Egg 2":2,"Replay:Drink Me":0,"Lee\u0027s Waffle":124,"Happy Flower":127,"Oddly Smooth Stone":127,"hubris:HollowSoul":42,"PreservedInsect":63,"hubris:Towel":32,"LastBattle":127,"Medical Kit":124,"White Beast Statue":71,"hubris:Zylophone":115,"Cauldron":127,"Replay:Baseball":79,"Anchor":84,"Bottled Flame":127,"Pondfish Scales":129,"Bag of Marbles":35,"Coffee Dripper":94,"ReplayTheSpireMod:TigerMarble":121,"REME_CardOfGreed":53,"Membership Card":104,"CatCart":104,"hubris:OldNail":17,"REME_ComplimentaryCards":0,"hubris:NiceRug":127}]},"card_choices":[{"not_picked":["KiyohimeMod:HydraDagger","KiyohimeMod:AgainstMagic"],"picked":"KiyohimeMod:Grimoire","floor":1.0},{"not_picked":["KiyohimeMod:FirstPremonition+1","KiyohimeMod:AndSoTheShipConquers+1","KiyohimeMod:GreenBlackKey"],"picked":"SKIP","floor":5.0},{"not_picked":["KiyohimeMod:AndSoTheShipConquers+1","KiyohimeMod:GreenBlackKey"],"picked":"KiyohimeMod:EatSoul+1","floor":6.0},{"not_picked":["KiyohimeMod:FirstPremonition+1","KiyohimeMod:EatSoul+1"],"picked":"KiyohimeMod:CelestialInvertedMoon+1","floor":7.0},{"not_picked":["KiyohimeMod:HydraDagger","KiyohimeMod:LimitedZeroOver","KiyohimeMod:Berserker"],"picked":"SKIP","floor":8.0},{"not_picked":["KiyohimeMod:FiringTheFirstArrow","KiyohimeMod:GreenBlackKey","KiyohimeMod:HeroCreation+1"],"picked":"SKIP","floor":10.0},{"not_picked":["KiyohimeMod:BeastOfBillows","KiyohimeMod:BlueBlackKey","KiyohimeMod:WaterTurn+1"],"picked":"SKIP","floor":11.0},{"not_picked":["KiyohimeMod:HydraDagger","KiyohimeMod:Preemptive"],"picked":"KiyohimeMod:DivineConstruct+1","floor":12.0},{"not_picked":["KiyohimeMod:BlueBlackKey","KiyohimeMod:CommandCard_Arts","KiyohimeMod:AgainstMagic+1"],"picked":"SKIP","floor":14.0},{"not_picked":["KiyohimeMod:GoldenCarpFigure+1","KiyohimeMod:Servant_Osakabehime+1"],"picked":"KiyohimeMod:FacelessMoon+1","floor":16.0},{"not_picked":["KiyohimeMod:GreenBlackKey","KiyohimeMod:Berserker","KiyohimeMod:RedBlackKey"],"picked":"SKIP","floor":18.0},{"not_picked":["KiyohimeMod:AndSoTheShipConquers+1","KiyohimeMod:Berserker","KiyohimeMod:EatSoul+1"],"picked":"SKIP","floor":23.0},{"not_picked":["KiyohimeMod:WaterTurn+1","KiyohimeMod:AndSoTheShipConquers+1","KiyohimeMod:BeastOfBillows"],"picked":"SKIP","floor":24.0},{"not_picked":["KiyohimeMod:AndSoTheShipConquers+1","KiyohimeMod:Preemptive","KiyohimeMod:Barrier+1"],"picked":"SKIP","floor":25.0},{"not_picked":["KiyohimeMod:ExSpicyMapoTofu+1","KiyohimeMod:HydraDagger"],"picked":"KiyohimeMod:Servant_TamamoNoMae+1","floor":28.0},{"not_picked":["KiyohimeMod:SteelTraining+1","KiyohimeMod:BeastOfBillows","KiyohimeMod:Berserker"],"picked":"SKIP","floor":30.0},{"not_picked":["KiyohimeMod:BeastOfBillows","KiyohimeMod:CommandCard_Arts","KiyohimeMod:EatSoul+1"],"picked":"SKIP","floor":31.0},{"not_picked":["KiyohimeMod:MagicCrystal+1","KiyohimeMod:Servant_Osakabehime+1"],"picked":"KiyohimeMod:FiringTheFirstArrow","floor":33.0},{"not_picked":["KiyohimeMod:FormalCraft","KiyohimeMod:Berserker","KiyohimeMod:HydraDagger"],"picked":"SKIP","floor":35.0},{"not_picked":["KiyohimeMod:BlueBlackKey","KiyohimeMod:WaterTurn+1","KiyohimeMod:Preemptive"],"picked":"SKIP","floor":40.0},{"not_picked":["KiyohimeMod:Preemptive","KiyohimeMod:DragonVein+1"],"picked":"KiyohimeMod:Destruction","floor":41.0},{"not_picked":["KiyohimeMod:RealityMarble","KiyohimeMod:SteelTraining+1","KiyohimeMod:WaterTurn+1"],"picked":"SKIP","floor":42.0},{"not_picked":["KiyohimeMod:DivineConstruct+1","KiyohimeMod:Tenacious+1","KiyohimeMod:SteelTraining+1"],"picked":"SKIP","floor":44.0},{"not_picked":["KiyohimeMod:SteelTraining+1","KiyohimeMod:BlueBlackKey","KiyohimeMod:Preemptive"],"picked":"SKIP","floor":46.0},{"not_picked":[],"picked":"Secret Technique+1","floor":53},{"not_picked":[],"picked":"Replay:Bootleg Shield Generator+1","floor":53},{"not_picked":["KiyohimeMod:BlueBlackKey"],"picked":"SKIP","floor":53},{"not_picked":["KiyohimeMod:Fragarach"],"picked":"SKIP","floor":53},{"not_picked":["KiyohimeMod:AndSoTheShipConquers+1"],"picked":"SKIP","floor":53},{"not_picked":["KiyohimeMod:SteelTraining+1"],"picked":"SKIP","floor":53},{"not_picked":["KiyohimeMod:Berserker"],"picked":"SKIP","floor":53},{"not_picked":["KiyohimeMod:RealityMarble","KiyohimeMod:SteelTraining+1","KiyohimeMod:CommandCard_Quick+1"],"picked":"SKIP","floor":54}],"player_experience":155995,"relics_obtained":[{"floor":6.0,"key":"MealTicket"},{"floor":9.0,"key":"hubris:OldNail"},{"floor":10.0,"key":"Centennial Puzzle"},{"floor":14.0,"key":"Bag of Marbles"},{"floor":19.0,"key":"Red Mask"},{"floor":23.0,"key":"PreservedInsect"},{"floor":25.0,"key":"White Beast Statue"},{"floor":26.0,"key":"Ancient Tea Set"},{"floor":27.0,"key":"Necronomicon"},{"floor":28.0,"key":"hubris:SlimyHat"},{"floor":29.0,"key":"HornCleat"},{"floor":30.0,"key":"Replay:Baseball"},{"floor":32.0,"key":"Anchor"},{"floor":37.0,"key":"CatCart"},{"floor":40.0,"key":"Ccalipers"},{"floor":42.0,"key":"hubris:Zylophone"},{"floor":44.0,"key":"Juzu Bracelet"},{"floor":46.0,"key":"MagicDraw1"},{"floor":48.0,"key":"ReplayTheSpireMod:TigerMarble"},{"floor":53,"key":"LastBattle"},{"floor":53,"key":"Oddly Smooth Stone"},{"floor":53,"key":"ClockworkSouvenir"},{"floor":53,"key":"Happy Flower"},{"floor":53,"key":"Bottled Flame"},{"floor":53,"key":"Cauldron"},{"floor":54,"key":"Pondfish Scales"}],"event_choices":[{"cards_removed":["Pain"],"damage_healed":0.0,"max_hp_gain":0.0,"max_hp_loss":0.0,"gold_gain":0.0,"event_name":"Purifier","player_choice":"Purged","floor":4.0,"gold_loss":0.0,"damage_taken":0.0},{"damage_healed":0.0,"max_hp_gain":0.0,"max_hp_loss":0.0,"gold_gain":0.0,"event_name":"Masked Bandits","player_choice":"Fought Bandits","floor":19.0,"gold_loss":0.0,"damage_taken":0.0},{"damage_healed":0.0,"max_hp_gain":0.0,"max_hp_loss":0.0,"gold_gain":0.0,"event_name":"Duplicator","player_choice":"Copied","floor":22.0,"gold_loss":0.0,"damage_taken":0.0,"cards_obtained":["KiyohimeMod:CelestialInvertedMoon"]},{"damage_healed":0.0,"max_hp_gain":0.0,"max_hp_loss":0.0,"gold_gain":0.0,"event_name":"Cursed Tome","player_choice":"Obtained Book","floor":27.0,"gold_loss":0.0,"damage_taken":16.0},{"damage_healed":0.0,"max_hp_gain":0.0,"max_hp_loss":0.0,"gold_gain":0.0,"event_name":"OrinTheCat","player_choice":"Fight","floor":37.0,"gold_loss":0.0,"damage_taken":0.0},{"cards_removed":["KiyohimeMod:Strike"],"damage_healed":0.0,"max_hp_gain":0.0,"max_hp_loss":0.0,"gold_gain":0.0,"event_name":"Falling","player_choice":"Removed Attack","floor":38.0,"gold_loss":0.0,"damage_taken":0.0}],"is_beta":false,"boss_relics":[{"not_picked":["hubris:GrandSneckoEye","vexMod:EndlessSickness"],"picked":"hubris:HollowSoul"},{"not_picked":["Replay:Bronze Core","EasyGame_NEW"],"picked":"Coffee Dripper"}],"items_purged_floors":[20,45],"is_endless":false,"potions_floor_spawned":[5,6,7,10,11,14,16,19,28,30,31,33,35,37,40,41,42,44,46,53,54],"ascension_level":14}}