{"host":"s9znsjs818tlhh47","time":1610861479,"event":{"mods":["2.2 Compatiblity","AchievementEnabler","Act Like it!","BaseMod","Bestiary","Better Note","Better Skull","Better Third Choice","Better Vampires","Card Forge","Colored Powertips","Evolution","Force Act Four","Gensokyo","Ironclad Rager","Marked Mod","Minty Spire (QoL Compilation)","Permanent Neow","Quick Restart","RumiaBox-露米娅的神秘盒子","StSLib","The Invoker Mod","【功能Mod】混沌之环修复补丁","【遗物卡牌】REMEMod","残留之物"],"gold_per_floor":[117,117,197,214,306,306,306],"floor_reached":6,"language":"ZHS","playtime":244,"items_purged":[],"score":68,"play_id":"bf375c5a-b151-49c9-b97d-544000d2f70d","local_time":"20210117003119","is_ascension_mode":true,"campfire_choices":[],"circlet_count":0,"master_deck":["AscendersBane","Wild Strike","Wild Strike","Wild Strike","Defend_R","Defend_R","Defend_R","Bash+1","Vault+1","Decay","Sever Soul+1","Body Slam+1","Warcry","Bloodletting"],"relics":["Burning Blood","Hammer of Thor","Seething Fire","Anvil of the Gods","EVO:Axolotl","REME_ComplimentaryCards","Gensokyo:Justice","Boot"],"acts_visited":["Exordium"],"potions_floor_usage":[],"damage_taken":[{"damage":14.0,"enemies":"Gensokyo:Python","floor":1.0,"turns":4.0},{"damage":14.0,"enemies":"Gensokyo:3_Fairies","floor":4.0,"turns":5.0},{"damage":36,"enemies":"Gensokyo:Aya","floor":6,"turns":4}],"seed_played":"8608612414565631427","potions_obtained":[{"floor":4.0,"key":"Strength Potion"}],"is_trial":false,"path_per_floor":["M","?","?","M","?","E"],"character_chosen":"IRONCLAD","items_purchased":[],"campfire_rested":0,"item_purchase_floors":[],"current_hp_per_floor":[60,60,60,52,27,0,0],"gold":306,"neow_bonus":"TRANSFORM_TWO_CARDS","is_daily":false,"chose_seed":false,"campfire_upgraded":0,"win_rate":0.0,"timestamp":1610861479,"path_taken":["M","?","?","M","?","E"],"items_purchased_type":[],"build_version":"2020-12-22","purchased_purges":0,"victory":false,"max_hp_per_floor":[75,75,75,75,75,75,75],"card_choices":[{"not_picked":["Metallicize","Shrug It Off"],"picked":"Warcry","floor":1.0},{"not_picked":["Shrug It Off","Body Slam"],"picked":"Bloodletting","floor":4.0}],"player_experience":315381,"relics_obtained":[],"event_choices":[{"damage_healed":0.0,"max_hp_gain":0.0,"max_hp_loss":0.0,"gold_gain":92.0,"event_name":"betterSkull:BetterSkull","player_choice":"RE GO ","floor":5.0,"gold_loss":0.0,"damage_taken":28.0,"cards_upgraded":[],"relics_obtained":["Boot"]}],"is_beta":false,"boss_relics":[],"items_purged_floors":[],"is_endless":false,"potions_floor_spawned":[4],"killed_by":"Gensokyo:Aya","ascension_level":20}}