{"host":"mku5fdaoqz3qihec","time":1610866774,"event":{"mods":["2.2 Compatiblity","AchievementEnabler","Arknights The Spire","BaseMod","Colored Map","Colored Powertips","Minty Spire (QoL Compilation)","Rare Cards Sparkle","StSLib","SuperFastMode"],"gold_per_floor":[109,109,124,134,154,186,186,203,272,272,290,290,319,345,345,345,345],"floor_reached":16,"language":"KOR","playtime":421,"items_purged":[],"score":114,"play_id":"13fea081-0541-4890-a820-62baaf726e59","local_time":"20210117155934","is_ascension_mode":false,"campfire_choices":[{"data":"ats:Flexible Camouflage","floor":7.0,"key":"SMITH"},{"floor":10.0,"key":"REST"},{"floor":15,"key":"REST"}],"circlet_count":0,"master_deck":["ats:Strike C","ats:Strike G","ats:Strike S","ats:Armor Crushing Shot","ats:Defend","ats:Defend","ats:Defend","ats:Defend","ats:Emotion Absorption","ats:Consecutive Shot Auto","ats:Hammer On","ats:Flexible Camouflage+1","ats:Consecutive Shot Auto","ats:Mental Burst","ats:Flexible Camouflage","ats:Curse Doll"],"relics":["SacredBark","ats:Originium","Question Card","The Courier","ats:Gyao"],"acts_visited":["Exordium"],"potions_floor_usage":[13,14,16],"damage_taken":[{"damage":0.0,"enemies":"Small Slimes","floor":1.0,"turns":4.0},{"damage":15.0,"enemies":"Cultist","floor":3.0,"turns":4.0},{"damage":5.0,"enemies":"Jaw Worm","floor":4.0,"turns":5.0},{"damage":13.0,"enemies":"Large Slime","floor":5.0,"turns":6.0},{"damage":26.0,"enemies":"Lagavulin","floor":6.0,"turns":5.0},{"damage":1.0,"enemies":"Exordium Thugs","floor":8.0,"turns":3.0},{"damage":11.0,"enemies":"2 Fungi Beasts","floor":11.0,"turns":3.0},{"damage":14,"enemies":"Gremlin Nob","floor":13,"turns":3},{"damage":7,"enemies":"Blue Slaver","floor":14,"turns":2},{"damage":26,"enemies":"The Guardian","floor":16,"turns":4}],"seed_played":"1507248213697189824","potions_obtained":[{"floor":5.0,"key":"SkillPotion"},{"floor":8.0,"key":"Energy Potion"},{"floor":11.0,"key":"SkillPotion"},{"floor":14,"key":"Swift Potion"}],"is_trial":false,"path_per_floor":["M","?","M","M","M","E","R","M","T","R","M","?","E","M","R","B"],"character_chosen":"DOCTOR_CLASS","items_purchased":[],"campfire_rested":2,"item_purchase_floors":[],"current_hp_per_floor":[72,72,57,52,39,13,13,12,12,33,22,22,8,1,22,0,0],"gold":345,"neow_bonus":"BOSS_RELIC","is_daily":false,"chose_seed":false,"campfire_upgraded":1,"win_rate":0.0,"timestamp":1610866774,"path_taken":["M","?","M","?","M","E","R","M","T","R","M","?","E","M","R","BOSS"],"items_purchased_type":[],"build_version":"2020-12-22","purchased_purges":0,"victory":false,"max_hp_per_floor":[72,72,72,72,72,72,72,72,72,72,72,72,72,72,72,72,72],"card_choices":[{"not_picked":["ats:Cat Scratch","ats:Curse Doll","ats:Ignite"],"picked":"SKIP","floor":1.0},{"not_picked":["ats:Directed Diagnosis","ats:Assault Order"],"picked":"ats:Consecutive Shot Auto","floor":3.0},{"not_picked":["ats:Poison Spread","ats:Wolf Pack"],"picked":"ats:Hammer On","floor":4.0},{"not_picked":["ats:Shell Defense","ats:Thermite Blade"],"picked":"ats:Flexible Camouflage","floor":5.0},{"not_picked":["ats:Leaping Hammer","ats:Curse Doll"],"picked":"ats:Consecutive Shot Auto","floor":6.0},{"not_picked":["ats:Spore Proliferation","ats:Song Of Battle","ats:Steam Pump"],"picked":"ats:Mental Burst","floor":8.0},{"not_picked":["ats:Poison Spread","ats:Chain Hook","ats:Leaping Hammer","ats:Consecutive Shot Auto"],"picked":"SKIP","floor":11.0},{"not_picked":["ats:Roar Of Ursus","ats:Poison Spread","ats:Revitalization"],"picked":"ats:Flexible Camouflage","floor":13},{"not_picked":["ats:Assault Order","ats:Apocalypse","ats:Shadow Raid"],"picked":"ats:Curse Doll","floor":14}],"player_experience":251404,"relics_obtained":[{"floor":6.0,"key":"ats:Originium"},{"floor":6.0,"key":"Question Card"},{"floor":9.0,"key":"The Courier"},{"floor":13,"key":"ats:Originium"},{"floor":13,"key":"ats:Gyao"}],"event_choices":[{"damage_healed":0.0,"max_hp_gain":0.0,"max_hp_loss":0.0,"gold_gain":0.0,"event_name":"NoteForYourself","player_choice":"Ignored","floor":2.0,"gold_loss":0.0,"damage_taken":0.0},{"cards_removed":["ats:Strike V"],"damage_healed":0,"gold_gain":0,"player_choice":"Forget","damage_taken":0,"max_hp_gain":0,"max_hp_loss":0,"event_name":"Living Wall","floor":12,"gold_loss":0}],"is_beta":false,"boss_relics":[],"items_purged_floors":[],"is_endless":false,"potions_floor_spawned":[5,8,11,14],"killed_by":"The Guardian","ascension_level":0}}