{"host":"51fyd6gkml7xavq8","time":1610906667,"event":{"mods":["BaseMod","BetterRewards","Colored Map","Energized Spire","Infinite Spire","Minty Spire (QoL Compilation)","Replay The Spire","Shop Mod","Spicy Shops","StSLib","The Blue Laboratory","[IsaacMod]????"],"gold_per_floor":[110,160,178,22,41,41,129,29,29,57,57,232,232,271,271,372,372,415,68,86,126,126,151,151],"floor_reached":23,"language":"ENG","playtime":958,"items_purged":["Dualcast","Defend_B","Sickly"],"score":300,"play_id":"eb9e675c-30c4-416c-bc11-e5bb1e171ab3","local_time":"20210117150427","is_ascension_mode":true,"campfire_choices":[{"data":"BettingIsNotGood","floor":6,"key":"SMITH"},{"data":"Zap","floor":11,"key":"SMITH"},{"data":"Defend_B","floor":11,"key":"SMITH"},{"data":"Strike_B","floor":15,"key":"SMITH"},{"data":"Strike_B","floor":15,"key":"SMITH"}],"circlet_count":0,"master_deck":["Strike_B","Strike_B","Strike_B+1","Strike_B+1","Defend_B","Defend_B","Defend_B+1","Zap+1","BettingIsNotGood+1","Amnesia","Time Bomb+1","Buffer+1","Defragment"],"relics":["Cracked Core","HushsDoor","DoctorsRemote","Ring of Greed","Ring of Misfortune","Replay:Wax Seal","Golden Egg","DataDisk","Unceasing Top","Replay:Arrowhead","MerchantsRug","TheBean"],"acts_visited":["Exordium","TheCity"],"potions_floor_usage":[10,16,18,18,18,18,18],"damage_taken":[{"damage":3,"enemies":"2 Louse","floor":1,"turns":2},{"damage":12,"enemies":"Jaw Worm","floor":3,"turns":3},{"damage":0,"enemies":"Small Slimes","floor":5,"turns":2},{"damage":0,"enemies":"Lagavulin","floor":10,"turns":4},{"damage":9,"enemies":"Looter","floor":14,"turns":4},{"damage":21,"enemies":"Slime Boss","floor":16,"turns":5},{"damage":24,"enemies":"2 Thieves","floor":18,"turns":5},{"damage":0,"enemies":"Spheric Guardian","floor":20,"turns":4},{"damage":17,"enemies":"Cultist and Chosen","floor":21,"turns":6},{"damage":54,"enemies":"Slavers","floor":23,"turns":4}],"seed_played":"-8461189010693752984","potions_obtained":[{"floor":7,"key":"EntropicBrew"},{"floor":7,"key":"blueLaboratory:FruitPunch"},{"floor":10,"key":"ColorlessPotion"},{"floor":16,"key":"blueLaboratory:ConsumingVoid"},{"floor":18,"key":"blueLaboratory:HorrorPotion"}],"is_trial":false,"path_per_floor":["M","?","M","$","M","R","?","$","T","E","R","?","?","M","R","B",null,"M","$","M","M","$","E"],"character_chosen":"DEFECT","items_purchased":["Omamori","MerchantsRug","TheBean"],"campfire_rested":0,"item_purchase_floors":[4,19,19],"current_hp_per_floor":[65,65,53,53,53,53,35,35,35,47,47,47,47,38,38,37,67,43,43,53,46,46,0,0],"gold":151,"neow_bonus":"","is_daily":false,"chose_seed":false,"campfire_upgraded":5,"win_rate":0.0,"timestamp":1610906667,"path_taken":["M","?","M","$","M","R","?","$","T","E","R","?","?","?","R","BOSS","M","$","M","M","$","E"],"items_purchased_type":["Relic","Relic","Relic"],"build_version":"2020-12-22","purchased_purges":3,"victory":false,"max_hp_per_floor":[75,75,75,75,75,75,75,75,75,77,77,77,77,77,77,77,77,77,77,77,77,77,77,77],"card_choices":[{"not_picked":[],"picked":"BettingIsNotGood","floor":0},{"not_picked":["Sweeping Beam","Cold Snap","Conserve Battery"],"picked":"SKIP","floor":1},{"not_picked":["Sunder","Coolheaded","Beam Cell"],"picked":"SKIP","floor":3},{"not_picked":["BasicCrystalCard","Cold Snap"],"picked":"Buffer","floor":5},{"not_picked":["Beam Cell","Tempest","Ball Lightning"],"picked":"SKIP","floor":10},{"not_picked":["Crystallizer","Compile Driver","Redo"],"picked":"SKIP","floor":14},{"not_picked":["Thunder Strike","Creative AI"],"picked":"Buffer","floor":16},{"not_picked":["Cancel","BasicCrystalCard"],"picked":"Defragment","floor":18},{"not_picked":["FTL","Go for the Eyes","Cold Snap+1"],"picked":"SKIP","floor":20},{"not_picked":["Tempest","Coolheaded","Steam"],"picked":"SKIP","floor":21}],"player_experience":574481,"relics_obtained":[{"floor":2,"key":"Ring of Greed"},{"floor":2,"key":"Ring of Misfortune"},{"floor":2,"key":"Replay:Wax Seal"},{"floor":2,"key":"Golden Egg"},{"floor":7,"key":"DataDisk"},{"floor":9,"key":"Unceasing Top"},{"floor":10,"key":"Replay:Arrowhead"}],"event_choices":[{"damage_healed":0,"gold_gain":175,"player_choice":"AGREE","damage_taken":0,"max_hp_gain":0,"max_hp_loss":0,"event_name":"Liars Game","floor":12,"gold_loss":0,"cards_obtained":["Doubt"]}],"is_beta":false,"boss_relics":[{"not_picked":["Tiny House","energizedSpire:EnergizedDie"],"picked":"Empty Cage"},{"not_picked":[]}],"items_purged_floors":[0,8,19],"is_endless":false,"potions_floor_spawned":[10,16,18],"killed_by":"Slavers","ascension_level":8}}