{"host":"skvwuvqqk8x6jusd","time":1610909479,"event":{"mods":["AchievementEnabler","BaseMod","Colored Map","Colored Powertips","Highlight Path","Minty Spire (QoL Compilation)","Relic Stats","Slay-I"],"gold_per_floor":[116,116,116,130,145,20,38,53,53,228,128,128,145,156,156,261,261,272,272,292,302,313,313,325,337,337,337,337,367,386,403,403,403,403],"floor_reached":33,"language":"ENG","playtime":907,"items_purged":["Defend_R","Doubt"],"score":265,"play_id":"1b158478-9dee-4932-ac5d-722f954b6d2e","local_time":"20210117185119","is_ascension_mode":false,"campfire_choices":[{"data":"Heavy Blade","floor":12.0,"key":"SMITH"},{"data":"Flex","floor":15.0,"key":"SMITH"},{"data":"Whirlwind","floor":23.0,"key":"SMITH"},{"data":"Heavy Blade","floor":32,"key":"SMITH"}],"circlet_count":0,"master_deck":["Strike_R","Strike_R","Strike_R","Strike_R","Defend_R+1","Bash+1","Cleave","Flex+1","Heavy Blade+1","Clash","Whirlwind+1","Heavy Blade+1","Battle Trance+1","Double Tap+1"],"relics":["Black Blood","Toxic Egg 2","Gremlin Horn","Pear"],"acts_visited":["Exordium","TheCity"],"potions_floor_usage":[],"damage_taken":[{"damage":6.0,"enemies":"Cultist","floor":1.0,"turns":3.0},{"damage":6.0,"enemies":"2 Louse","floor":4.0,"turns":3.0},{"damage":2.0,"enemies":"Small Slimes","floor":5.0,"turns":3.0},{"damage":6.0,"enemies":"3 Louse","floor":7.0,"turns":2.0},{"damage":9.0,"enemies":"2 Fungi Beasts","floor":8.0,"turns":3.0},{"damage":5.0,"enemies":"Gremlin Gang","floor":13.0,"turns":3.0},{"damage":0.0,"enemies":"Exordium Thugs","floor":14.0,"turns":3.0},{"damage":60.0,"enemies":"Hexaghost","floor":16.0,"turns":8.0},{"damage":1.0,"enemies":"3 Byrds","floor":18.0,"turns":4.0},{"damage":14.0,"enemies":"Shell Parasite","floor":20.0,"turns":3.0},{"damage":57.0,"enemies":"Shelled Parasite and Fungi","floor":21.0,"turns":6.0},{"damage":13.0,"enemies":"Snake Plant","floor":22.0,"turns":2.0},{"damage":12.0,"enemies":"Centurion and Healer","floor":24.0,"turns":5.0},{"damage":7.0,"enemies":"Snecko","floor":25.0,"turns":4.0},{"damage":13.0,"enemies":"Colosseum Slavers","floor":27.0,"turns":5.0},{"damage":27.0,"enemies":"Gremlin Leader","floor":29.0,"turns":4.0},{"damage":2.0,"enemies":"Cultist and Chosen","floor":30.0,"turns":4.0},{"damage":18,"enemies":"Shelled Parasite and Fungi","floor":31,"turns":2},{"damage":83,"enemies":"Collector","floor":33,"turns":5}],"seed_played":"-7880052980093450872","potions_obtained":[{"floor":3.0,"key":"Dexterity Potion"},{"floor":3.0,"key":"Energy Potion"},{"floor":3.0,"key":"Regen Potion"},{"floor":8.0,"key":"Explosive Potion"},{"floor":16.0,"key":"Block Potion"},{"floor":22.0,"key":"Fire Potion"},{"floor":24.0,"key":"EssenceOfSteel"},{"floor":31,"key":"Dexterity Potion"}],"is_trial":false,"path_per_floor":["M","?","?","M","M","$","M","M","T","?","$","R","M","M","R","B",null,"M","?","M","M","M","R","M","M","T","?","?","E","M","M","R","B"],"character_chosen":"IRONCLAD","items_purchased":["Flex"],"campfire_rested":0,"item_purchase_floors":[6],"current_hp_per_floor":[72,58,58,58,62,62,62,59,59,59,59,59,60,66,66,12,72,72,72,70,25,29,29,29,34,34,33,72,67,77,71,71,0,0],"gold":403,"neow_bonus":"REMOVE_TWO","is_daily":false,"chose_seed":false,"campfire_upgraded":4,"win_rate":0.0,"timestamp":1610909479,"path_taken":["M","?","?","M","M","$","M","?","T","?","$","R","M","M","R","BOSS","M","?","?","?","M","R","M","M","T","?","?","E","M","M","R","BOSS"],"items_purchased_type":["Card"],"build_version":"2020-12-22","purchased_purges":2,"victory":false,"max_hp_per_floor":[72,72,72,72,72,72,72,72,72,72,72,72,72,72,72,72,72,72,72,72,72,72,72,72,72,72,72,72,82,82,82,82,82,82],"relic_stats":{"Gremlin Horn":[4,7],"counters":[19,72],"Black Blood":157,"obtain_stats":[{"Pear":29,"Gremlin Horn":26,"Black Blood":17,"Toxic Egg 2":9,"Burning Blood":0},{"Pear":16,"Gremlin Horn":14,"Black Blood":8,"Toxic Egg 2":5,"Burning Blood":0},{"Pear":61,"Gremlin Horn":52,"Black Blood":28,"Toxic Egg 2":14,"Burning Blood":0}]},"card_choices":[{"not_picked":["Wild Strike","Body Slam","Fire Breathing"],"picked":"SKIP","floor":1.0},{"not_picked":["Thunderclap","Searing Blow","Shrug It Off"],"picked":"SKIP","floor":4.0},{"not_picked":["Impervious","Searing Blow"],"picked":"Cleave","floor":5.0},{"not_picked":["Wild Strike","Seeing Red","Hemokinesis"],"picked":"SKIP","floor":7.0},{"not_picked":["Cleave","Body Slam"],"picked":"Heavy Blade","floor":8.0},{"not_picked":["Wild Strike","Uppercut"],"picked":"Clash","floor":13.0},{"not_picked":["Anger","Armaments+1","Uppercut"],"picked":"SKIP","floor":14.0},{"not_picked":["Sever Soul","Pommel Strike","Flame Barrier+1"],"picked":"SKIP","floor":18.0},{"not_picked":["Entrench+1","Warcry+1","Hemokinesis"],"picked":"SKIP","floor":20.0},{"not_picked":["Heavy Blade+1","Evolve"],"picked":"Whirlwind","floor":21.0},{"not_picked":["Rupture","Thunderclap+1","Perfected Strike"],"picked":"SKIP","floor":22.0},{"not_picked":["Searing Blow+1","Combust"],"picked":"Heavy Blade","floor":24.0},{"not_picked":["Warcry+1","Perfected Strike","Armaments+1"],"picked":"SKIP","floor":25.0},{"not_picked":["Sword Boomerang","Metallicize"],"picked":"Battle Trance+1","floor":29.0},{"not_picked":["Anger","Armaments+1"],"picked":"Double Tap+1","floor":30},{"not_picked":["Disarm+1","Wild Strike","Anger"],"picked":"SKIP","floor":31}],"player_experience":621427,"relics_obtained":[{"floor":9.0,"key":"Toxic Egg 2"},{"floor":26.0,"key":"Gremlin Horn"},{"floor":29.0,"key":"Pear"}],"event_choices":[{"damage_healed":0.0,"max_hp_gain":0.0,"max_hp_loss":0.0,"gold_gain":0.0,"event_name":"Shining Light","player_choice":"Entered Light","floor":2.0,"gold_loss":0.0,"damage_taken":14.0,"cards_upgraded":["Bash","Defend_R"]},{"damage_healed":0.0,"max_hp_gain":0.0,"max_hp_loss":0.0,"gold_gain":0.0,"event_name":"Lab","player_choice":"Got Potions","floor":3.0,"gold_loss":0.0,"damage_taken":0.0},{"damage_healed":0.0,"max_hp_gain":0.0,"max_hp_loss":0.0,"gold_gain":175.0,"event_name":"Liars Game","player_choice":"AGREE","floor":10.0,"gold_loss":0.0,"damage_taken":0.0,"cards_obtained":["Doubt"]},{"cards_removed":["Strike_R"],"damage_healed":0.0,"max_hp_gain":0.0,"max_hp_loss":0.0,"gold_gain":0.0,"event_name":"Bonfire Elementals","player_choice":"Offered Basic","floor":19.0,"gold_loss":0.0,"damage_taken":0.0},{"damage_healed":0.0,"max_hp_gain":0.0,"max_hp_loss":0.0,"gold_gain":0.0,"event_name":"Colosseum","player_choice":"Fight","floor":27.0,"gold_loss":0.0,"damage_taken":0.0},{"damage_healed":0.0,"max_hp_gain":0.0,"max_hp_loss":0.0,"gold_gain":0.0,"event_name":"Colosseum","player_choice":"Fled From Nobs","floor":27.0,"gold_loss":0.0,"damage_taken":0.0},{"damage_healed":39.0,"max_hp_gain":0.0,"max_hp_loss":0.0,"gold_gain":0.0,"event_name":"Wheel of Change","player_choice":"Full Heal","floor":28.0,"gold_loss":0.0,"damage_taken":0.0}],"is_beta":false,"boss_relics":[{"not_picked":["Runic Cube","Sozu"],"picked":"Black Blood"}],"items_purged_floors":[6,11],"is_endless":false,"potions_floor_spawned":[4,8,13,14,16,22,24,27,31],"killed_by":"Collector","ascension_level":0}}