{"host":"7z347kdhnquy3q4q","time":1610849321,"event":{"mods":["Act Like it!","Aspiration","BaseMod","Hubris","Minty Spire (QoL Compilation)","MostiFishMod","Permanent Neow","Potionbrewer","Replay The Spire","Robot Space Explorer","Spicy Shops","StSLib","Wandering Minibosses"],"gold_per_floor":[366,346,181,195,209,209,223,223,223],"floor_reached":8,"language":"ENG","playtime":382,"items_purged":[],"score":96,"play_id":"46548c0f-20a4-40fb-b4b0-3f6b98b4bc1e","local_time":"20210116200841","is_ascension_mode":true,"campfire_choices":[{"floor":6,"key":"REST"}],"circlet_count":0,"master_deck":["AscendersBane","Strike_B","Strike_B","Strike_B","Strike_B","Defend_B","Defend_B","Defend_B","Defend_B","Zap","Dualcast","Neutralize","potionbrewer:PotionbrewerDefend","BasicCrystalCard","Defragment","Leap","MostiFishMod:StarOceanB","Chaos"],"relics":["Cracked Core","DaveBox","OriginationStaff","SynthV:TestCard","Replay:Mystery Machine"],"acts_visited":["Exordium"],"potions_floor_usage":[5,8],"damage_taken":[{"damage":2,"enemies":"Small Slimes","floor":1,"turns":3},{"damage":7,"enemies":"Cultist","floor":4,"turns":4},{"damage":0,"enemies":"2 Louse","floor":5,"turns":3},{"damage":9,"enemies":"Exordium Wildlife","floor":7,"turns":4},{"damage":74,"enemies":"Gremlin Nob","floor":8,"turns":6}],"seed_played":"-2833290008137959390","potions_obtained":[{"floor":1,"key":"potionbrewer:QuicksilverPotion"},{"floor":2,"key":"LiquidBronze"},{"floor":4,"key":"PowerPotion"}],"is_trial":false,"path_per_floor":["M","?","$","M","M","R","M","E"],"character_chosen":"DEFECT","items_purchased":["Replay:Mystery Machine","Defragment"],"campfire_rested":1,"item_purchase_floors":[3,3],"current_hp_per_floor":[62,62,62,55,55,71,62,0,0],"gold":223,"neow_bonus":"TWO_FIFTY_GOLD","is_daily":false,"chose_seed":false,"campfire_upgraded":0,"win_rate":0.0,"timestamp":1610849321,"path_taken":["M","?","$","M","?","R","M","E"],"items_purchased_type":["Relic","Card"],"build_version":"2020-12-22","purchased_purges":0,"victory":false,"max_hp_per_floor":[71,71,71,71,71,71,71,71,71],"card_choices":[{"not_picked":["aspiration:Polymerization","ReplayTheSpireMod:Reroute Power"],"picked":"BasicCrystalCard","floor":1},{"not_picked":["Consume","Undo","ReplayTheSpireMod:Repulse","BasicCrystalCard"],"picked":"Leap","floor":4},{"not_picked":["Fusion","Panic Button","Darkness","FIFO Queue"],"picked":"MostiFishMod:StarOceanB","floor":5},{"not_picked":["Turbo","Steam Power","Crystallizer","Streamline"],"picked":"Chaos","floor":7}],"player_experience":1930476,"relics_obtained":[{"floor":1,"key":"SynthV:TestCard"}],"event_choices":[{"damage_healed":0,"gold_gain":0,"player_choice":"Bought 1 Potion","damage_taken":0,"max_hp_gain":0,"max_hp_loss":0,"event_name":"The Woman in Blue","floor":2,"gold_loss":0}],"is_beta":false,"boss_relics":[],"items_purged_floors":[],"is_endless":false,"potions_floor_spawned":[1,4],"killed_by":"Gremlin Nob","ascension_level":20}}