{"host":"April","time":1610875839,"event":{"mods":["BaseMod","Minty Spire (QoL Compilation)"],"gold_per_floor":[114,126,184,199,215,250,250,6,6,16,26,51,66,93,93,190,190,202,301,317,395,415,450,450,479,479,498,528,528,628,37,37,139,139,153,1152,1152,1152,1152],"floor_reached":38,"language":"ENG","playtime":3132,"items_purged":[],"score":502,"play_id":"5467f6ec-fbd0-4538-be70-7c7f9cc6aa95","local_time":"20210117013039","is_ascension_mode":true,"campfire_choices":[{"data":"Disarm","floor":15.0,"key":"SMITH"},{"data":"Offering","floor":24.0,"key":"SMITH"},{"floor":29.0,"key":"DIG"},{"floor":32,"key":"DIG"}],"circlet_count":0,"master_deck":["Strike_R","Strike_R","Strike_R","Strike_R","Strike_R","Defend_R","Defend_R","Defend_R","Defend_R","Bash","Blood for Blood","Thunderclap","Fire Breathing","Pommel Strike","Metallicize","Flame Barrier","Disarm+1","Reaper","Perfected Strike","Second Wind","Offering+1","Power Through","True Grit","Flame Barrier+1","Shrug It Off","Shockwave","Clothesline","Dark Embrace","Combust","Double Tap","Shrug It Off","Inflame+1","Normality","Normality"],"relics":["Burning Blood","Dream Catcher","Meat on the Bone","Eternal Feather","Ginger","Boot","Velvet Choker","Sundial","Bottled Flame","Shovel","Blue Candle","Kunai","WingedGreaves","Prayer Wheel","Bottled Lightning","Gambling Chip","Potion Belt","Cauldron","Question Card","SacredBark"],"acts_visited":["TheCity","TheBeyond"],"potions_floor_usage":[30,31,33,33,38],"damage_taken":[{"damage":1.0,"enemies":"Jaw Worm","floor":1.0,"turns":5.0},{"damage":5.0,"enemies":"Cultist","floor":2.0,"turns":4.0},{"damage":0.0,"enemies":"Small Slimes","floor":4.0,"turns":2.0},{"damage":10.0,"enemies":"Exordium Wildlife","floor":5.0,"turns":6.0},{"damage":26.0,"enemies":"Gremlin Nob","floor":6.0,"turns":5.0},{"damage":0.0,"enemies":"3 Louse","floor":10.0,"turns":1.0},{"damage":13.0,"enemies":"Blue Slaver","floor":11.0,"turns":4.0},{"damage":10.0,"enemies":"3 Sentries","floor":12.0,"turns":4.0},{"damage":15.0,"enemies":"Looter","floor":13.0,"turns":3.0},{"damage":39.0,"enemies":"Lagavulin","floor":14.0,"turns":8.0},{"damage":42.0,"enemies":"Hexaghost","floor":16.0,"turns":12.0},{"damage":9.0,"enemies":"Chosen","floor":18.0,"turns":5.0},{"damage":16.0,"enemies":"Spheric Guardian","floor":20.0,"turns":5.0},{"damage":13.0,"enemies":"Snecko","floor":22.0,"turns":4.0},{"damage":47.0,"enemies":"Book of Stabbing","floor":23.0,"turns":8.0},{"damage":34.0,"enemies":"Slavers","floor":25.0,"turns":5.0},{"damage":12.0,"enemies":"Centurion and Healer","floor":27.0,"turns":8.0},{"damage":23.0,"enemies":"Book of Stabbing","floor":28.0,"turns":7.0},{"damage":27,"enemies":"Colosseum Slavers","floor":30,"turns":5},{"damage":21,"enemies":"Colosseum Nobs","floor":30,"turns":7},{"damage":71,"enemies":"Automaton","floor":33,"turns":12},{"damage":16,"enemies":"3 Shapes","floor":35,"turns":5},{"damage":104,"enemies":"2 Orb Walkers","floor":38,"turns":6}],"seed_played":"-4081154134044309270","potions_obtained":[{"floor":1.0,"key":"Explosive Potion"},{"floor":4.0,"key":"HeartOfIron"},{"floor":6.0,"key":"LiquidMemories"},{"floor":11.0,"key":"DistilledChaos"},{"floor":18.0,"key":"Regen Potion"},{"floor":20.0,"key":"SpeedPotion"},{"floor":23.0,"key":"Explosive Potion"},{"floor":28.0,"key":"PowerPotion"},{"floor":30,"key":"Fruit Juice"},{"floor":31,"key":"Dexterity Potion"},{"floor":31,"key":"CultistPotion"},{"floor":31,"key":"Strength Potion"},{"floor":31,"key":"ElixirPotion"},{"floor":31,"key":"CultistPotion"}],"is_trial":false,"path_per_floor":["M","M","?","M","M","E","?","$","T","M","M","E","M","E","R","B",null,"M","?","M","T","M","E","R","E","T","M","E","R","?","$","R","B",null,"M","?","?","?"],"character_chosen":"IRONCLAD","items_purchased":["Meat on the Bone","Gambling Chip","Potion Belt","Cauldron"],"campfire_rested":0,"item_purchase_floors":[8,31,31,31],"current_hp_per_floor":[88,88,88,88,84,64,64,64,64,70,63,59,62,41,53,29,88,85,85,75,75,73,44,59,56,56,62,57,72,53,58,73,32,93,83,83,83,0,0],"gold":1152,"neow_bonus":"TEN_PERCENT_HP_BONUS","is_daily":false,"chose_seed":false,"campfire_upgraded":2,"win_rate":0.0,"timestamp":1610875839,"path_taken":["M","M","?","M","M","E","?","?","T","M","M","E","M","E","R","BOSS","M","?","M","?","M","E","R","E","T","M","E","R","?","$","R","BOSS","M","?","?","?"],"items_purchased_type":["Relic","Relic","Relic","Relic"],"build_version":"2020-12-18","purchased_purges":0,"victory":false,"max_hp_per_floor":[88,88,88,88,88,88,88,88,88,88,88,88,88,88,88,88,88,88,88,88,88,88,88,88,88,88,88,88,88,88,93,93,93,93,93,93,93,93,93],"card_choices":[{"not_picked":["Anger","Clothesline"],"picked":"Blood for Blood","floor":1.0},{"not_picked":["Body Slam","Battle Trance"],"picked":"Thunderclap","floor":2.0},{"not_picked":["True Grit","Sever Soul"],"picked":"Fire Breathing","floor":4.0},{"not_picked":["Warcry","Burning Pact"],"picked":"Pommel Strike","floor":5.0},{"not_picked":["Searing Blow","Thunderclap"],"picked":"Metallicize","floor":6.0},{"not_picked":["Hemokinesis","Dropkick"],"picked":"Flame Barrier","floor":10.0},{"not_picked":["Whirlwind","Warcry"],"picked":"Disarm","floor":11.0},{"not_picked":["Pommel Strike","Searing Blow"],"picked":"Reaper","floor":12.0},{"not_picked":["Flex","Searing Blow"],"picked":"Perfected Strike","floor":13.0},{"not_picked":["Blood for Blood","Thunderclap"],"picked":"Second Wind","floor":14.0},{"not_picked":["Brutality","Juggernaut"],"picked":"Offering","floor":16.0},{"not_picked":["Flex","Sword Boomerang+1"],"picked":"Power Through","floor":18.0},{"not_picked":["Whirlwind","Havoc+1"],"picked":"True Grit","floor":20.0},{"not_picked":["Perfected Strike+1","Pummel+1"],"picked":"Flame Barrier+1","floor":22.0},{"not_picked":["Twin Strike","Second Wind+1"],"picked":"Shrug It Off","floor":23.0},{"not_picked":["Bludgeon","Perfected Strike"],"picked":"Shockwave","floor":25.0},{"not_picked":["Cleave","Rupture"],"picked":"Clothesline","floor":27.0},{"not_picked":["Fiend Fire","True Grit"],"picked":"Dark Embrace","floor":28.0},{"not_picked":["Anger","Rupture"],"picked":"Combust","floor":30},{"not_picked":["Fiend Fire","Immolate","Reaper"],"picked":"Double Tap","floor":33},{"not_picked":["Clash","Flex","Dropkick"],"picked":"Shrug It Off","floor":35},{"not_picked":["True Grit+1","Cleave","Reckless Charge+1"],"picked":"Inflame+1","floor":35}],"player_experience":2568597,"relics_obtained":[{"floor":6.0,"key":"Dream Catcher"},{"floor":9.0,"key":"Eternal Feather"},{"floor":12.0,"key":"Ginger"},{"floor":14.0,"key":"Boot"},{"floor":21.0,"key":"Sundial"},{"floor":23.0,"key":"Bottled Flame"},{"floor":25.0,"key":"Shovel"},{"floor":26.0,"key":"Blue Candle"},{"floor":28.0,"key":"Kunai"},{"floor":29.0,"key":"WingedGreaves"},{"floor":30,"key":"Prayer Wheel"},{"floor":30,"key":"Bottled Lightning"},{"floor":32,"key":"Question Card"}],"event_choices":[{"damage_healed":0.0,"max_hp_gain":0.0,"max_hp_loss":0.0,"gold_gain":58.0,"event_name":"Golden Wing","player_choice":"Gained Gold","floor":3.0,"gold_loss":0.0,"damage_taken":0.0},{"damage_healed":0.0,"max_hp_gain":0.0,"max_hp_loss":0.0,"gold_gain":0.0,"event_name":"Purifier","player_choice":"Ignored","floor":7.0,"gold_loss":0.0,"damage_taken":0.0},{"damage_healed":0.0,"max_hp_gain":0.0,"max_hp_loss":0.0,"gold_gain":99.0,"event_name":"Nest","player_choice":"Stole From Cult","floor":19.0,"gold_loss":0.0,"damage_taken":0.0},{"damage_healed":0,"gold_gain":0,"player_choice":"Fight","damage_taken":0,"max_hp_gain":0,"max_hp_loss":0,"event_name":"Colosseum","floor":30,"gold_loss":0},{"damage_healed":0,"gold_gain":0,"player_choice":"Fought Nobs","damage_taken":0,"max_hp_gain":0,"max_hp_loss":0,"event_name":"Colosseum","floor":30,"gold_loss":0},{"damage_healed":0,"gold_gain":999,"player_choice":"Gold","damage_taken":0,"max_hp_gain":0,"max_hp_loss":0,"event_name":"MindBloom","floor":36,"gold_loss":0,"cards_obtained":["Normality","Normality"]},{"damage_healed":0,"gold_gain":0,"player_choice":"Ignored","damage_taken":0,"max_hp_gain":0,"max_hp_loss":0,"event_name":"Tomb of Lord Red Mask","floor":37,"gold_loss":0},{"damage_healed":0,"gold_gain":0,"player_choice":"Fight","damage_taken":0,"max_hp_gain":0,"max_hp_loss":0,"event_name":"Mysterious Sphere","floor":38,"gold_loss":0}],"is_beta":true,"boss_relics":[{"not_picked":["Runic Pyramid","Astrolabe"],"picked":"Velvet Choker"},{"not_picked":["Mark of Pain","Runic Dome"],"picked":"SacredBark"}],"items_purged_floors":[],"is_endless":false,"potions_floor_spawned":[1,4,6,11,18,20,23,28,30],"killed_by":"2 Orb Walkers","ascension_level":1}}