{"host":"3xls0xm49ftugio7","time":1610915409,"event":{"mods":["2.2 Compatiblity","AchievementEnabler","Act Like it!","BaseMod","Colored Powertips","GifTheSpireLib","HornydragonMod","Minty Spire (QoL Compilation)","Quick Restart","Relic Stats","StSLib"],"gold_per_floor":[80,80,104,128,128,128,153,191,245,245,279,297,117,117,117,239,239,243,257,182,182,189,189,189,189,260,287,69,146,177,433,433,1258,1258],"floor_reached":33,"language":"ENG","playtime":2488,"items_purged":[],"score":320,"play_id":"7d626729-54a0-4109-aba6-10206ecb3e84","local_time":"20210117223009","is_ascension_mode":false,"campfire_choices":[{"data":"GetToilet","floor":6.0,"key":"SMITH"},{"data":"RainbowAttack","floor":10.0,"key":"SMITH"},{"data":"Blue","floor":15.0,"key":"SMITH"},{"data":"BreakDrink","floor":23.0,"key":"SMITH"},{"floor":25.0,"key":"REST"},{"floor":32,"key":"REST"}],"circlet_count":0,"master_deck":["Strike_HD","DrunkenFist","Defend_HD+1","Defend_HD","Defend_HD+1","Defend_HD","AlcoholBarrier","BreakDrink+1","GetToilet+1","RainbowAttack+1","Blue+1","IceTea","Melancholia","AlcoholBarrier","PayToPlay+1","AlcoholGun","GetWldd","Trumpet","Fly","Necronomicurse","DrunkenFist","AlcoholHeal+1","GasterBlaster","GetStonks","PowerGlove+1","Caffeine","Metabolism+1"],"relics":["WineBottle","Golden Idol","Pear","Oddly Smooth Stone","Ancient Tea Set","Potion Belt","Empty Cage","Necronomicon","Ornamental Fan","War Paint","CeramicFish"],"acts_visited":["Exordium","TheCity"],"potions_floor_usage":[33,33],"damage_taken":[{"damage":0.0,"enemies":"Cultist","floor":1.0,"turns":4.0},{"damage":0.0,"enemies":"2 Louse","floor":3.0,"turns":3.0},{"damage":1.0,"enemies":"Jaw Worm","floor":4.0,"turns":2.0},{"damage":7.0,"enemies":"Gremlin Gang","floor":7.0,"turns":6.0},{"damage":1.0,"enemies":"Lagavulin","floor":8.0,"turns":7.0},{"damage":24.0,"enemies":"3 Sentries","floor":11.0,"turns":12.0},{"damage":0.0,"enemies":"Blue Slaver","floor":12.0,"turns":5.0},{"damage":13.0,"enemies":"Slime Boss","floor":16.0,"turns":9.0},{"damage":3.0,"enemies":"3 Byrds","floor":18.0,"turns":6.0},{"damage":14.0,"enemies":"2 Thieves","floor":19.0,"turns":3.0},{"damage":0.0,"enemies":"Snake Plant","floor":22.0,"turns":5.0},{"damage":12.0,"enemies":"Slavers","floor":27.0,"turns":5.0},{"damage":7.0,"enemies":"Cultist and Chosen","floor":29.0,"turns":12.0},{"damage":19.0,"enemies":"Book of Stabbing","floor":30.0,"turns":6.0},{"damage":24,"enemies":"Chosen and Byrds","floor":31,"turns":7},{"damage":95,"enemies":"Champ","floor":33,"turns":29}],"seed_played":"2015022916337070624","potions_obtained":[{"floor":3.0,"key":"FearPotion"},{"floor":4.0,"key":"EssenceOfSteel"},{"floor":7.0,"key":"Strength Potion"},{"floor":8.0,"key":"BlessingOfTheForge"},{"floor":11.0,"key":"FearPotion"},{"floor":18.0,"key":"Strength Potion"},{"floor":19.0,"key":"Energy Potion"},{"floor":27.0,"key":"Block Potion"}],"is_trial":false,"path_per_floor":["M","?","M","M","?","R","M","E","T","R","E","M","$","?","R","B",null,"M","M","?","?","M","R","?","R","T","E","$","M","E","M","R","B"],"character_chosen":"HORNYDRAGON","items_purchased":["Potion Belt","AlcoholGun","GasterBlaster","GetStonks"],"campfire_rested":2,"item_purchase_floors":[13,13,28,28],"current_hp_per_floor":[95,88,88,87,87,87,80,89,89,89,65,65,65,65,65,52,98,95,81,81,65,65,65,65,94,94,82,82,85,68,50,79,0,0],"gold":1258,"neow_bonus":"TEN_PERCENT_HP_BONUS","is_daily":false,"chose_seed":false,"campfire_upgraded":4,"win_rate":0.0,"timestamp":1610915409,"path_taken":["M","?","M","M","?","R","?","E","T","R","E","?","$","?","R","BOSS","M","M","?","?","M","R","?","R","T","E","?","?","E","M","R","BOSS"],"items_purchased_type":["Relic","Card","Card","Card"],"build_version":"2020-12-22","purchased_purges":0,"victory":false,"max_hp_per_floor":[95,88,88,88,88,88,88,98,98,98,98,98,98,98,98,98,98,98,98,98,98,98,98,98,98,98,98,98,98,98,98,98,98,98],"relic_stats":{"counters":[16,121],"Golden Idol":90,"Ornamental Fan":[8],"CeramicFish":18,"Necronomicon":[0],"War Paint":["Defend_HD","Defend_HD"],"obtain_stats":[{"Potion Belt":13,"Pear":8,"Golden Idol":2,"Ornamental Fan":26,"CeramicFish":30,"Oddly Smooth Stone":9,"Necronomicon":21,"War Paint":27,"Ancient Tea Set":11,"Empty Cage":17,"WineBottle":0},{"Potion Belt":7,"Pear":5,"Golden Idol":1,"Ornamental Fan":11,"CeramicFish":14,"Oddly Smooth Stone":5,"Necronomicon":10,"War Paint":12,"Ancient Tea Set":6,"Empty Cage":8,"WineBottle":0},{"Potion Belt":39,"Pear":22,"Golden Idol":4,"Ornamental Fan":62,"CeramicFish":85,"Oddly Smooth Stone":22,"Necronomicon":57,"War Paint":67,"Ancient Tea Set":34,"Empty Cage":48,"WineBottle":0}]},"card_choices":[{"not_picked":["BreakDrink","AlcoholHeal"],"picked":"GetToilet","floor":1.0},{"not_picked":["HeadDefend","Pigeon"],"picked":"RainbowAttack","floor":3.0},{"not_picked":["Conch","CrazyDrinking"],"picked":"Blue","floor":4.0},{"not_picked":["MemeAttack","Alcoholic"],"picked":"IceTea","floor":7.0},{"not_picked":["Icecream","ThrowBottle"],"picked":"Melancholia","floor":8.0},{"not_picked":["Beer","Melancholia"],"picked":"AlcoholBarrier","floor":11.0},{"not_picked":["Circle","Ocd"],"picked":"PayToPlay","floor":12.0},{"not_picked":["FearFace","Scp500"],"picked":"GetWldd","floor":16.0},{"not_picked":["ChickenAttack","HeadDefend+1"],"picked":"Trumpet","floor":18.0},{"not_picked":["DrumStick","ChickenAttack"],"picked":"Fly","floor":19.0},{"not_picked":["BloodyMary","Fury"],"picked":"DrunkenFist","floor":22.0},{"not_picked":["Scp261","Margarita"],"picked":"AlcoholHeal+1","floor":27.0},{"not_picked":["Beer","BottleAttack"],"picked":"PowerGlove+1","floor":29.0},{"not_picked":["Fly","Conch"],"picked":"Caffeine","floor":30.0},{"not_picked":["Caffeine","HeadDefend"],"picked":"Metabolism+1","floor":31}],"player_experience":705255,"relics_obtained":[{"floor":8.0,"key":"Pear"},{"floor":9.0,"key":"Oddly Smooth Stone"},{"floor":11.0,"key":"Ancient Tea Set"},{"floor":21.0,"key":"Necronomicon"},{"floor":26.0,"key":"Ornamental Fan"},{"floor":27.0,"key":"War Paint"},{"floor":30.0,"key":"CeramicFish"}],"event_choices":[{"damage_healed":0.0,"max_hp_gain":0.0,"max_hp_loss":7.0,"gold_gain":0.0,"event_name":"Golden Idol","player_choice":"Lose Max HP","floor":2.0,"gold_loss":0.0,"damage_taken":0.0,"relics_obtained":["Golden Idol"]},{"damage_healed":0.0,"max_hp_gain":0.0,"max_hp_loss":0.0,"gold_gain":0.0,"event_name":"Liars Game","player_choice":"Ignored","floor":5.0,"gold_loss":0.0,"damage_taken":0.0},{"damage_healed":0.0,"max_hp_gain":0.0,"max_hp_loss":0.0,"gold_gain":0.0,"event_name":"Living Wall","player_choice":"Grow","floor":14.0,"gold_loss":0.0,"damage_taken":0.0,"cards_upgraded":["PayToPlay"]},{"cards_removed":["Strike_HD"],"damage_healed":0.0,"max_hp_gain":0.0,"max_hp_loss":0.0,"gold_gain":0.0,"event_name":"Beggar","player_choice":"Gave Gold","floor":20.0,"gold_loss":75.0,"damage_taken":0.0},{"damage_healed":0.0,"max_hp_gain":0.0,"max_hp_loss":0.0,"gold_gain":0.0,"event_name":"Cursed Tome","player_choice":"Obtained Book","floor":21.0,"gold_loss":0.0,"damage_taken":16.0},{"damage_healed":0.0,"max_hp_gain":0.0,"max_hp_loss":0.0,"gold_gain":0.0,"event_name":"Vampires","player_choice":"Ignored","floor":24.0,"gold_loss":0.0,"damage_taken":0.0}],"is_beta":false,"boss_relics":[{"not_picked":["Snecko Eye","Ectoplasm"],"picked":"Empty Cage"}],"items_purged_floors":[],"is_endless":false,"potions_floor_spawned":[3,4,7,8,11,18,19,27,29],"killed_by":"Champ","ascension_level":0}}