{"host":"mmxi1hjn5usmb1ga","time":1610896359,"event":{"mods":["BaseMod","BetterRewards","Downfall","Minty Spire (QoL Compilation)","Quick Restart","READ ME - Guardian Mod","READ ME - Snecko Mod","RumiaBox-露米娅的神秘盒子","Shop Mod","StSLib","Td1madao Mod","The Bug Knight","Yuri Mod","[IsaacMod]以撒尖塔"],"gold_per_floor":[115,115,115,139,158,189,264,414,466,489,529,529,552,588,588,677,677,693,709,583,508,19,61,61,104,113,158,183,227,227,242,242,340,340,389,389,405,69,146,182,182,220,305,382,54,70,103,31,31,40,67],"floor_reached":52,"language":"ZHS","playtime":1503,"items_purged":[],"score":2924,"play_id":"06b59f3e-c91b-4ded-b69d-60e67467d980","local_time":"20210117231239","daily_mods":["Hoarder","Vintage","Cursed Run"],"is_ascension_mode":true,"campfire_choices":[{"data":"Wraith Form v2","floor":12,"key":"SMITH"},{"data":"Slimebound:DuplicatedForm","floor":15,"key":"SMITH"},{"data":"HollowMod:FocusHealStart","floor":24,"key":"SMITH"},{"data":"Demon Form","floor":30,"key":"SMITH"},{"data":"yuri:GhostForm","floor":32,"key":"SMITH"},{"data":"HollowMod:HornetsHelp","floor":41,"key":"SMITH"},{"data":"HollowMod:HornetsHelp","floor":49,"key":"SMITH"}],"circlet_count":0,"master_deck":["Demon Form+1","Wraith Form v2+1","Echo Form","DevaForm","Guardian:ConstructionForm","Slimebound:DuplicatedForm+1","sneckomod:SerpentMind","yuri:GhostForm+1","champ:GladiatorForm","AscendersBane","HollowMod:NailStrikeStart+1","HollowMod:NailStrikeStart","HollowMod:NailStrikeStart","HollowMod:NailStrikeStart","HollowMod:QuickDashStart","HollowMod:QuickDashStart","HollowMod:QuickDashStart","HollowMod:QuickDashStart","HollowMod:FocusHealStart+1","HollowMod:PogoStrike+1","Injury","Injury","Injury","Doubt","Doubt","Doubt","Parasite","Parasite","Parasite","HollowMod:WraithStrike","HollowMod:WraithStrike","HollowMod:WraithStrike","HollowMod:SharpenedNail","HollowMod:SharpenedNail","HollowMod:SharpenedNail","Decay","Decay","Decay","HollowMod:HornetsHelp+1","HollowMod:HornetsHelp+1","HollowMod:HornetsHelp","HollowMod:NewLittleFool","HollowMod:NewLittleFool","HollowMod:NewLittleFool","Doubt","Doubt","Doubt","HollowMod:HeavyBlow","HollowMod:HeavyBlow","HollowMod:HeavyBlow","HollowMod:AbyssShriek","HollowMod:AbyssShriek","HollowMod:AbyssShriek","HollowMod:SlysStrikes","HollowMod:SlysStrikes","HollowMod:SlysStrikes","HollowMod:PerfectDash","HollowMod:PerfectDash","HollowMod:PerfectDash","yuri:RhapsodyCurse","yuri:RhapsodyCurse","yuri:RhapsodyCurse","HollowMod:MantisMark+1","HollowMod:MantisMark+1","HollowMod:MantisMark+1","Purity","Purity","Purity","downfall:Bewildered","downfall:Bewildered","downfall:Bewildered","HollowMod:Hiveblood","HollowMod:Hiveblood","HollowMod:Hiveblood","HollowMod:theNailsmith","HollowMod:theNailsmith","HollowMod:theNailsmith","downfall:Icky","downfall:Icky","downfall:Icky"],"relics":["Cursed Key","Darkstone Periapt","Du-Vu Doll","HushsDoor","DoctorsRemote","HollowMod:MillibellesNoteRelic","Golden Idol","Pen Nib","Ancient Tea Set","Leech","Whetstone","GodSword6","Question Card","Potion Belt","Art of War","Empty Cage","The Courier","CeramicFish","Bag of Marbles","Kunai","hexamod:BolsterEngine","MealTicket","Nunchaku","Omamori","Happy Flower","AnarchistCookbook","Turnip","Molten Egg 2","ChampionBelt","GuppysTail","Thread and Needle","SSSystem","HowToJump","Shuriken","Bottled Flame","PreservedInsect","ZombieArmy","GnawedLeaf","D4","GodSword7","Lantern","Slimebound:StickyStick","MagicDraw4"],"acts_visited":["Exordium","TheCity","TheBeyond"],"potions_floor_usage":[10,31,50,50,50,50],"damage_taken":[{"damage":8,"enemies":"Jaw Worm","floor":1,"turns":6},{"damage":4,"enemies":"Small Slimes","floor":4,"turns":4},{"damage":0,"enemies":"2 Louse","floor":5,"turns":3},{"damage":9,"enemies":"Gremlin Nob","floor":6,"turns":4},{"damage":0,"enemies":"Exordium Wildlife","floor":10,"turns":3},{"damage":16,"enemies":"Lagavulin","floor":11,"turns":3},{"damage":7,"enemies":"Exordium Thugs","floor":13,"turns":2},{"damage":11,"enemies":"3 Sentries","floor":14,"turns":4},{"damage":18,"enemies":"Hexaghost","floor":16,"turns":6},{"damage":13,"enemies":"3 Byrds","floor":18,"turns":3},{"damage":35,"enemies":"2 Thieves","floor":19,"turns":3},{"damage":0,"enemies":"Slavers","floor":23,"turns":2},{"damage":0,"enemies":"Gremlin Leader","floor":25,"turns":4},{"damage":2,"enemies":"Slavers","floor":27,"turns":2},{"damage":8,"enemies":"Centurion and Healer","floor":28,"turns":2},{"damage":0,"enemies":"Gremlin Leader","floor":29,"turns":2},{"damage":0,"enemies":"Snake Plant","floor":31,"turns":1},{"damage":20,"enemies":"Collector","floor":33,"turns":3},{"damage":15,"enemies":"Reptomancer","floor":35,"turns":3},{"damage":14,"enemies":"3 Shapes","floor":37,"turns":1},{"damage":0,"enemies":"Giant Head","floor":40,"turns":6},{"damage":0,"enemies":"Nemesis","floor":42,"turns":1},{"damage":0,"enemies":"2 Orb Walkers","floor":44,"turns":1},{"damage":0,"enemies":"3 Darklings","floor":46,"turns":2},{"damage":0,"enemies":"HollowMod:StalkingDevout","floor":47,"turns":1},{"damage":0,"enemies":"Donu and Deca","floor":50,"turns":2},{"damage":0,"enemies":"Awakened One","floor":51,"turns":9}],"seed_played":"1985853080099300727","potions_obtained":[{"floor":4,"key":"LiquidBronze"},{"floor":6,"key":"Fire Potion"},{"floor":10,"key":"Weak Potion"},{"floor":14,"key":"bronze:BurnAndBuffPotion"},{"floor":25,"key":"EssenceOfSteel"},{"floor":28,"key":"Fire Potion"},{"floor":35,"key":"DuplicationPotion"}],"is_trial":true,"path_per_floor":["M","?","?","M","M","E","?","?","T","M","E","R","M","E","R","B",null,"M","M","$","?","$","E","R","E","T","E","M","E","R","M","R","B",null,"M","?","M","$","T","E","R","M","T","?","$","M","E","$","R","B","B",null],"character_chosen":"THE_BUGKNIGHT","items_purchased":["Bag of Marbles","Kunai","hexamod:BolsterEngine","MealTicket","GuppysTail","HowToJump","Shuriken","GodSword7","Lantern","Purity"],"campfire_rested":0,"item_purchase_floors":[20,22,22,22,34,38,38,45,45,48],"current_hp_per_floor":[59,77,77,73,73,64,53,71,89,91,93,93,87,79,79,99,134,124,91,91,91,91,92,92,102,120,119,118,119,119,135,135,117,145,147,147,133,148,148,154,154,154,172,172,172,172,172,172,172,190,206],"gold":67,"neow_bonus":"","is_daily":false,"chose_seed":false,"campfire_upgraded":7,"win_rate":0.0,"timestamp":1610896359,"path_taken":["M","?","?","M","?","E","?","?","T","M","E","R","?","E","R","BOSS","M","M","$","?","$","E","R","E","T","E","M","E","R","M","R","BOSS","M","?","?","$","?","E","R","M","T","?","$","M","E","$","R","BOSS","BOSS"],"items_purchased_type":["Relic","Relic","Relic","Relic","Relic","Relic","Relic","Relic","Relic","Card"],"build_version":"2020-12-22","purchased_purges":0,"victory":true,"max_hp_per_floor":[74,92,92,92,92,92,92,110,128,128,128,128,128,128,128,146,146,146,146,146,146,146,146,146,146,164,164,164,164,164,164,164,164,154,154,154,154,154,154,154,154,154,172,172,172,172,172,172,172,190,206],"card_choices":[{"not_picked":["HollowMod:BaldurShell","HollowMod:DesolateDive","HollowMod:Weaversong"],"picked":"SKIP","floor":6},{"not_picked":["HollowMod:CloakDash","HollowMod:Weaversong"],"picked":"HollowMod:WraithStrike","floor":11},{"not_picked":["HollowMod:SoulStrike","HollowMod:NewLittleFool","HollowMod:SiblingsShadow"],"picked":"HollowMod:SharpenedNail","floor":14},{"not_picked":["HollowMod:LordofShades","HollowMod:NewInfectedGuardian","HollowMod:SlysStrikes"],"picked":"HollowMod:HornetsHelp","floor":16},{"not_picked":["HollowMod:DesolateDive","HollowMod:BlackTendrils","HollowMod:InfectedCysts"],"picked":"HollowMod:NewLittleFool","floor":23},{"not_picked":["HollowMod:RecoilStrike","HollowMod:TaintedHusks","HollowMod:InfectionAssault","HollowMod:SiblingsSouls"],"picked":"SKIP","floor":25},{"not_picked":["HollowMod:BlackTendrils","HollowMod:RecoilStrike","HollowMod:GoodIntentions"],"picked":"HollowMod:HeavyBlow","floor":27},{"not_picked":["HollowMod:SiblingsShadow","HollowMod:VoidDash","HollowMod:VengefulSpirit"],"picked":"HollowMod:AbyssShriek","floor":29},{"not_picked":["HollowMod:HornetsHelp+1","HollowMod:MidwifesHunger+1","HollowMod:SoulMaster"],"picked":"HollowMod:SlysStrikes","floor":33},{"not_picked":["HollowMod:InfectionAssault+1","HollowMod:LifebloodCocoon","HollowMod:ShadowDash"],"picked":"HollowMod:PerfectDash","floor":35},{"not_picked":["HollowMod:ChannelNail","HollowMod:VengefulVoid+1","HollowMod:WraithStrike+1","HollowMod:HeavyBlow+1"],"picked":"SKIP","floor":40},{"not_picked":["HollowMod:LordofShades","HollowMod:GrimmsGift","HollowMod:SoulStrike+1","HollowMod:AbyssShriek+1"],"picked":"SKIP","floor":42},{"not_picked":["HollowMod:HowlingWraiths+1","HollowMod:ShadowDash","HollowMod:ShapeofUnn"],"picked":"HollowMod:MantisMark+1","floor":44},{"not_picked":["HollowMod:SharpenedShadows+1","HollowMod:DoubleDash","HollowMod:VoidDash","HollowMod:HowlingWraiths+1"],"picked":"SKIP","floor":47}],"player_experience":694582,"relics_obtained":[{"floor":1,"key":"HollowMod:MillibellesNoteRelic"},{"floor":4,"key":"Pen Nib"},{"floor":5,"key":"Ancient Tea Set"},{"floor":6,"key":"Leech"},{"floor":9,"key":"Whetstone"},{"floor":10,"key":"GodSword6"},{"floor":11,"key":"Question Card"},{"floor":13,"key":"Potion Belt"},{"floor":14,"key":"Art of War"},{"floor":18,"key":"The Courier"},{"floor":19,"key":"CeramicFish"},{"floor":25,"key":"Nunchaku"},{"floor":26,"key":"Omamori"},{"floor":27,"key":"Happy Flower"},{"floor":28,"key":"AnarchistCookbook"},{"floor":29,"key":"Turnip"},{"floor":31,"key":"Molten Egg 2"},{"floor":35,"key":"Thread and Needle"},{"floor":37,"key":"SSSystem"},{"floor":39,"key":"Bottled Flame"},{"floor":40,"key":"PreservedInsect"},{"floor":42,"key":"ZombieArmy"},{"floor":43,"key":"GnawedLeaf"},{"floor":44,"key":"D4"},{"floor":46,"key":"Slimebound:StickyStick"},{"floor":47,"key":"MagicDraw4"}],"event_choices":[{"damage_healed":0,"gold_gain":0,"player_choice":"Take Wound","damage_taken":0,"relics_obtained":["Golden Idol"],"max_hp_gain":0,"max_hp_loss":0,"event_name":"Golden Idol","floor":2,"gold_loss":0,"cards_obtained":["Injury"]},{"damage_healed":0,"gold_gain":75,"player_choice":"Gather Gold","damage_taken":11,"max_hp_gain":0,"max_hp_loss":0,"event_name":"World of Goop","floor":7,"gold_loss":0},{"damage_healed":0,"gold_gain":150,"player_choice":"AGREE","damage_taken":0,"max_hp_gain":0,"max_hp_loss":0,"event_name":"Liars Game","floor":8,"gold_loss":0,"cards_obtained":["Doubt"]},{"cards_removed":["hexamod:HexaLevel"],"damage_healed":0,"gold_gain":0,"player_choice":"Gave Gold","damage_taken":0,"max_hp_gain":0,"max_hp_loss":0,"event_name":"Beggar","floor":21,"gold_loss":75},{"damage_healed":0,"gold_gain":0,"player_choice":"Ignored","damage_taken":0,"max_hp_gain":0,"max_hp_loss":0,"event_name":"Tomb of Lord Red Mask","floor":36,"gold_loss":0},{"damage_healed":0,"gold_gain":0,"player_choice":"Fight","damage_taken":0,"max_hp_gain":0,"max_hp_loss":0,"event_name":"Mysterious Sphere","floor":44,"gold_loss":0}],"is_beta":false,"boss_relics":[{"not_picked":["Tiny House","Black Star"],"picked":"Empty Cage"},{"not_picked":[]},{"not_picked":["sneckomod:SneckoTalon","AddBug"],"picked":"ChampionBelt"},{"not_picked":[]}],"items_purged_floors":[],"is_endless":false,"potions_floor_spawned":[4,6,10,14,25,28,29,35,40,44,46],"ascension_level":20}}