{"host":"6hzrz31j95f2y1pa","time":1610916309,"event":{"mods":["BaseMod","Colored Map","Downfall","Minty Spire (QoL Compilation)","StSLib"],"gold_per_floor":[99,117,48,65,84,100,100,100,100,35,61,61,72,72,88,190,190,190,209,227,242,254,270,270,270,295,295,295,295,295],"floor_reached":28,"language":"ENG","playtime":1293,"items_purged":[],"score":327,"play_id":"832f5f99-72c2-4a0a-be10-2d09436e1afb","local_time":"20210117154509","is_ascension_mode":true,"campfire_choices":[{"data":"Guardian:CurlUp","floor":1.0,"key":"SMITH"},{"data":"Guardian:AncientConstruct","floor":12.0,"key":"SMITH"},{"data":"Guardian:StasisField","floor":18.0,"key":"SMITH"},{"floor":25,"key":"REST"}],"circlet_count":0,"master_deck":["Guardian:Strike_Guardian","Guardian:Strike_Guardian+1","Guardian:Defend_Guardian","Guardian:Defend_Guardian","Guardian:CurlUp+1","Guardian:TwinSlam+1","Guardian:Recover","Guardian:VentSteam","Guardian:Incinerate","Guardian:ShieldCharger","Guardian:AncientConstruct+1","Guardian:ShieldCharger","Guardian:TemporalShield","Guardian:StasisField+1","Guardian:SentryBeam","Guardian:ChargeCore+1","Guardian:TemporalStrike","Guardian:BodySlam+1"],"relics":["Guardian:ModeShifter","StoneCalendar","Letter Opener","downfall:ShatteredFragment","InkBottle","Whetstone","Empty Cage","Molten Egg 2","Gremlin Horn"],"acts_visited":["Exordium","TheCity"],"potions_floor_usage":[26,26],"damage_taken":[{"damage":3.0,"enemies":"2 Louse","floor":2.0,"turns":3.0},{"damage":0.0,"enemies":"downfall:FleeingMerchant","floor":3.0,"turns":4.0},{"damage":1.0,"enemies":"Jaw Worm","floor":4.0,"turns":5.0},{"damage":0.0,"enemies":"Cultist","floor":5.0,"turns":5.0},{"damage":0.0,"enemies":"Blue Slaver","floor":6.0,"turns":6.0},{"damage":0.0,"enemies":"downfall:FleeingMerchant","floor":10.0,"turns":4.0},{"damage":10.0,"enemies":"3 Sentries","floor":11.0,"turns":7.0},{"damage":9.0,"enemies":"Red Slaver","floor":13.0,"turns":4.0},{"damage":5.0,"enemies":"Gremlin Gang","floor":15.0,"turns":5.0},{"damage":14.0,"enemies":"WA_ARCHETYPE_RETAIN","floor":16.0,"turns":7.0},{"damage":7.0,"enemies":"Chosen","floor":19.0,"turns":5.0},{"damage":7.0,"enemies":"Shell Parasite","floor":20.0,"turns":6.0},{"damage":13.0,"enemies":"3 Cultists","floor":21.0,"turns":5.0},{"damage":12.0,"enemies":"Snake Plant","floor":22.0,"turns":5.0},{"damage":11.0,"enemies":"Centurion and Healer","floor":23.0,"turns":6.0},{"damage":28,"enemies":"Slavers","floor":26,"turns":6},{"damage":6,"enemies":"Cultist and Chosen","floor":28,"turns":1}],"seed_played":"-7953436403897038109","potions_obtained":[{"floor":4.0,"key":"hexamod:SoulburnPotion"},{"floor":13.0,"key":"Guardian:StasisDiscoveryPotion"},{"floor":15.0,"key":"Regen Potion"},{"floor":19.0,"key":"FearPotion"},{"floor":21.0,"key":"Weak Potion"},{"floor":22.0,"key":"Strength Potion"}],"is_trial":false,"path_per_floor":["R","M","$","M","M","M","T","?","?","$","E","R","M","?","M","B",null,"R","M","M","M","M","M","T","R","E","?","M"],"character_chosen":"GUARDIAN","items_purchased":["Guardian:Incinerate","Guardian:Gem_Green"],"campfire_rested":1,"item_purchase_floors":[3,10],"current_hp_per_floor":[72,69,69,68,68,68,68,44,41,41,31,31,22,22,17,18,59,59,52,45,32,20,9,9,30,2,2,0,0,0],"gold":295,"neow_bonus":"ONE_RARE_RELIC","is_daily":false,"chose_seed":false,"campfire_upgraded":3,"win_rate":0.0,"timestamp":1610916309,"path_taken":["R","M","$","M","M","M","T","?","?","?","E","R","?","?","M","BOSS","R","M","M","M","M","M","T","R","E","?","?"],"items_purchased_type":["Card","Card"],"build_version":"2020-12-22","purchased_purges":0,"victory":false,"max_hp_per_floor":[72,72,72,72,72,72,72,72,72,72,72,72,72,72,72,72,72,72,72,72,72,72,72,72,72,72,72,72,72,72],"card_choices":[{"not_picked":["Guardian:CrystalBeam","Guardian:Clone"],"picked":"Guardian:Recover","floor":2.0},{"not_picked":["Guardian:Clone","Guardian:PrimingBeam"],"picked":"Guardian:VentSteam","floor":3.0},{"not_picked":["Guardian:TemporalStrike","Guardian:TemporalShield"],"picked":"Guardian:ShieldCharger","floor":4.0},{"not_picked":["Guardian:BronzeOrb","Guardian:PrismaticBarrier"],"picked":"Guardian:Gem_White","floor":5.0},{"not_picked":["Guardian:Incinerate","Guardian:PrimingBeam"],"picked":"Guardian:AncientConstruct","floor":6.0},{"not_picked":["Guardian:DonusPower","Guardian:Clone"],"picked":"Guardian:ShieldCharger","floor":10.0},{"not_picked":["Guardian:VentSteam","Guardian:Recover"],"picked":"Guardian:Gem_Lightblue","floor":11.0},{"not_picked":["Guardian:Incinerate","Guardian:TemporalShield"],"picked":"Guardian:Gem_Red","floor":13.0},{"not_picked":["Guardian:TimeBomb","Guardian:RollAttack"],"picked":"Guardian:TemporalShield","floor":15.0},{"not_picked":["Guardian:StasisEngine","Guardian:AncientConstruct"],"picked":"Guardian:StasisField","floor":16.0},{"not_picked":["Guardian:ArmoredProtocol","Guardian:Gem_Green"],"picked":"Guardian:Gem_Blue","floor":19.0},{"not_picked":["Guardian:CrystalBeam+1","Guardian:DonusPower"],"picked":"Guardian:Gem_Lightblue","floor":20.0},{"not_picked":["Guardian:Gem_Blue","Guardian:PolyBeam"],"picked":"Guardian:SentryBeam","floor":21.0},{"not_picked":["Guardian:EvasiveProtocol+1","Guardian:Gem_Green"],"picked":"Guardian:ChargeCore+1","floor":22.0},{"not_picked":["Guardian:TemporalShield","Guardian:AncientConstruct"],"picked":"Guardian:TemporalStrike","floor":23.0},{"not_picked":["Guardian:DecasProtection","Guardian:RefractedBeam+1"],"picked":"Guardian:BodySlam+1","floor":26}],"player_experience":1349615,"relics_obtained":[{"floor":7.0,"key":"Letter Opener"},{"floor":11.0,"key":"Whetstone"},{"floor":24.0,"key":"Molten Egg 2"},{"floor":26,"key":"Gremlin Horn"}],"event_choices":[{"damage_healed":0.0,"max_hp_gain":0.0,"max_hp_loss":0.0,"gold_gain":0.0,"event_name":"Scrap Ooze","player_choice":"Success","floor":9.0,"gold_loss":0.0,"damage_taken":3.0,"relics_obtained":["InkBottle"]},{"cards_removed":["Guardian:Defend_Guardian"],"damage_healed":0.0,"max_hp_gain":0.0,"max_hp_loss":0.0,"gold_gain":0.0,"event_name":"The Cleric","player_choice":"Card Removal","floor":14.0,"gold_loss":0.0,"damage_taken":0.0}],"is_beta":false,"boss_relics":[{"not_picked":["Philosopher\u0027s Stone","SacredBark"],"picked":"Empty Cage"}],"items_purged_floors":[],"is_endless":false,"potions_floor_spawned":[4,13,15,19,21,22],"killed_by":"Cultist and Chosen","ascension_level":7}}