{"host":"jft3vy2l4n4npizy","time":1610843875,"event":{"mods":["BaseMod","Bestiary","Energized Spire","Highlight Path","Marisa£¨ìFÓê¡¡Ä§ÀíÉ³£©","Minty Spire (QoL Compilation)","Quick Restart","StSLib","TestMod","The Bladedancer","The Servant 0.9.4","Youmu£¨»êÆÇÑýÃÎ£©","Yuri Mod","vexMod"],"gold_per_floor":[111,111,111,111,121,146,146,146,169,181,193,225,31,46,46,142,142,154,5,5,24,424,424,439,439,439,419,435,447,447,479,479,574,574,584,584,494,2,102,127,127,51,51,17,17,17,17,17,17,17],"floor_reached":51,"language":"ZHS","playtime":1543,"items_purged":[],"score":819,"play_id":"7d86443c-ac2b-4904-b324-6e79b93199fe","local_time":"20210117083755","is_ascension_mode":true,"campfire_choices":[{"data":"KidneyShot","floor":7.0,"key":"SMITH"},{"data":"SilverBlades","floor":10.0,"key":"SMITH"},{"data":"ShatteredReality","floor":15.0,"key":"SMITH"},{"data":"SilverBlades","floor":23,"key":"SMITH"},{"data":"FloweringNight","floor":25,"key":"SMITH"},{"data":"TheWorld","floor":32,"key":"SMITH"},{"data":"ShatteredReality","floor":41,"key":"SMITH"},{"floor":46,"key":"RECALL"},{"floor":49,"key":"REST"}],"circlet_count":0,"master_deck":["Defend_S+1","Defend_S+1","Defend_S+1","KidneyShot+1","Exchange+1","SilverBlades+1","Reset+1","Moondial+1","ShatteredReality+1","FanOfKnives+1","FloweringNight+1","Moondial+1","SilverBlades+1","Rearm+1","TheWorld+1","BottledTime+1","ShatteredReality+1","ShatteredReality+1","TheWorld+1","Rearm+1","Reset+1","ShiftingGears+1","BottledTime+1","ShatteredReality+1","SurpressingFire+1","WasteNot+1","ShatteredReality+1"],"relics":["Uniform","testmod-Nyarlathotep","NeowsBlessing","Smiling Mask","Strawberry","MawBank","Medical Kit","energizedSpire:DeadBattery","Membership Card","Eternal Feather","The Courier","Astrolabe","Vajra","testmod-Register","Nunchaku","Juzu Bracelet","Orichalcum","vexMod:RedPlottingStone","Oddly Smooth Stone","Centennial Puzzle","testmod-LifeArmor","Mark of the Bloom"],"acts_visited":["Exordium","TheCity","TheBeyond"],"potions_floor_usage":[16,16,28,31,33,50,50],"damage_taken":[{"damage":0.0,"enemies":"Small Slimes","floor":1.0,"turns":1.0},{"damage":0.0,"enemies":"Jaw Worm","floor":5.0,"turns":1.0},{"damage":0.0,"enemies":"3 Sentries","floor":6.0,"turns":2.0},{"damage":3.0,"enemies":"2 Louse","floor":12.0,"turns":3.0},{"damage":0.0,"enemies":"Exordium Wildlife","floor":14.0,"turns":1.0},{"damage":1,"enemies":"Slime Boss","floor":16,"turns":7},{"damage":5,"enemies":"Spheric Guardian","floor":18,"turns":3},{"damage":6,"enemies":"2 Thieves","floor":21,"turns":3},{"damage":0,"enemies":"Centurion and Healer","floor":24,"turns":3},{"damage":6,"enemies":"Shelled Parasite and Fungi","floor":28,"turns":3},{"damage":13,"enemies":"Snecko","floor":29,"turns":5},{"damage":5,"enemies":"Gremlin Leader","floor":31,"turns":5},{"damage":8,"enemies":"Champ","floor":33,"turns":5},{"damage":0,"enemies":"Orb Walker","floor":35,"turns":1},{"damage":0,"enemies":"Giant Head","floor":40,"turns":3},{"damage":9,"enemies":"Awakened One","floor":50,"turns":6}],"seed_played":"746281514999747899","potions_obtained":[{"floor":1.0,"key":"DistilledChaos"},{"floor":2.0,"key":"Fruit Juice"},{"floor":5.0,"key":"SteroidPotion"},{"floor":14.0,"key":"FearPotion"},{"floor":21,"key":"Explosive Potion"},{"floor":24,"key":"SkillPotion"},{"floor":27,"key":"Swift Potion"},{"floor":28,"key":"FearPotion"},{"floor":29,"key":"BlessingOfTheForge"},{"floor":35,"key":"Weak Potion"},{"floor":40,"key":"LiquidBronze"}],"is_trial":false,"path_per_floor":["M","?","?","?","M","E","R","?","T","R","$","M","$","M","R","B",null,"M","$","$","M","?","R","M","R","T","?","M","M","?","E","R","B",null,"M","?","?","$","?","E","R","$","T","$","?","R","$","?","R","B",null],"character_chosen":"THE_SERVANT","items_purchased":["ShatteredReality","Medical Kit","Membership Card","Vajra","BottledTime","testmod-Register","Nunchaku","Juzu Bracelet","Orichalcum","vexMod:RedPlottingStone","Oddly Smooth Stone","testmod-LifeArmor","SurpressingFire","WasteNot","ShatteredReality"],"campfire_rested":1,"item_purchase_floors":[13,13,19,38,38,38,38,38,38,38,38,42,42,44,44],"current_hp_per_floor":[65,65,58,55,55,62,62,67,67,67,67,64,64,69,69,68,82,77,77,77,71,71,71,71,71,71,71,65,52,52,47,59,51,82,82,78,78,78,78,78,78,78,78,78,78,78,78,78,78,69],"gold":17,"neow_bonus":"THREE_ENEMY_KILL","is_daily":false,"chose_seed":false,"campfire_upgraded":7,"win_rate":0.0,"timestamp":1610843875,"path_taken":["M","?","?","?","M","E","R","?","T","R","$","?","$","M","R","BOSS","M","?","$","M","?","R","M","R","T","?","?","M","?","E","R","BOSS","M","?","?","$","?","E","R","$","T","?","?","R","?","?","R","BOSS"],"items_purchased_type":["Card","Relic","Relic","Relic","Card","Relic","Relic","Relic","Relic","Relic","Relic","Relic","Card","Card","Card"],"build_version":"2020-12-22","purchased_purges":0,"victory":true,"max_hp_per_floor":[65,65,65,65,65,72,72,77,77,77,77,77,77,82,82,82,82,82,82,82,82,82,82,82,82,82,82,82,82,82,82,82,82,82,82,78,78,78,78,78,78,78,78,78,78,78,78,78,78,78],"card_choices":[{"not_picked":["Spin","Alleviate","Starlight"],"picked":"SKIP","floor":1.0},{"not_picked":["Defy","Unruled"],"picked":"SilverBlades","floor":5.0},{"not_picked":["FastForward","Rewind"],"picked":"Reset","floor":6.0},{"not_picked":["Read","DoubleEdge"],"picked":"Moondial","floor":12.0},{"not_picked":["Duplication","Rearm"],"picked":"FanOfKnives","floor":14.0},{"not_picked":["TrueSight","SoulSculpture"],"picked":"FloweringNight","floor":16},{"not_picked":["Desolation","Defy"],"picked":"Moondial","floor":18},{"not_picked":["Ricochet+1","Rearm"],"picked":"SilverBlades","floor":21},{"not_picked":["Gouge+1","Rewind"],"picked":"Rearm","floor":24},{"not_picked":["Rearm","Collapse"],"picked":"TheWorld","floor":28},{"not_picked":["SilverBlades","Revamp"],"picked":"BottledTime+1","floor":29},{"not_picked":["Defy","FastForward+1"],"picked":"ShatteredReality","floor":31},{"not_picked":["Starlight","Misdirection"],"picked":"ShiftingGears+1","floor":35},{"not_picked":["BestPractice+1","BottledTime"],"picked":"ShatteredReality+1","floor":40}],"player_experience":47628,"relics_obtained":[{"floor":6.0,"key":"Strawberry"},{"floor":9.0,"key":"MawBank"},{"floor":26,"key":"Eternal Feather"},{"floor":31,"key":"The Courier"},{"floor":40,"key":"Centennial Puzzle"}],"event_choices":[{"cards_removed":["Strike_S"],"damage_healed":0.0,"max_hp_gain":0.0,"max_hp_loss":0.0,"gold_gain":0.0,"event_name":"Golden Wing","player_choice":"Card Removal","floor":3.0,"gold_loss":0.0,"damage_taken":7.0},{"damage_healed":0.0,"max_hp_gain":0.0,"max_hp_loss":0.0,"gold_gain":0.0,"event_name":"Scrap Ooze","player_choice":"Success","floor":4.0,"gold_loss":0.0,"damage_taken":3.0,"relics_obtained":["Smiling Mask"]},{"damage_healed":0.0,"max_hp_gain":5.0,"max_hp_loss":0.0,"gold_gain":0.0,"event_name":"Big Fish","player_choice":"Donut","floor":8.0,"gold_loss":0.0,"damage_taken":0.0},{"damage_healed":0,"gold_gain":400,"player_choice":"Sell","damage_taken":0,"max_hp_gain":0,"max_hp_loss":0,"event_name":"¶÷ÂåË¹µÄÅÌ×Ó","floor":22,"relics_lost":["testmod-TestBox"],"gold_loss":0},{"damage_healed":0,"gold_gain":0,"player_choice":"Bought 1 Potion","damage_taken":0,"max_hp_gain":0,"max_hp_loss":0,"event_name":"The Woman in Blue","floor":27,"gold_loss":0},{"damage_healed":0,"gold_gain":0,"player_choice":"Read","damage_taken":0,"max_hp_gain":0,"max_hp_loss":0,"event_name":"The Library","floor":30,"gold_loss":0,"cards_obtained":["ShatteredReality"]},{"damage_healed":0,"gold_gain":0,"player_choice":"Max HP","damage_taken":0,"max_hp_gain":0,"max_hp_loss":4,"event_name":"Winding Halls","floor":36,"gold_loss":0},{"cards_removed":["Defend_S"],"damage_healed":0,"gold_gain":0,"player_choice":"Upgrade and Remove","damage_taken":0,"max_hp_gain":0,"max_hp_loss":0,"event_name":"Designer","floor":37,"gold_loss":90,"cards_upgraded":["Defend_S"]},{"damage_healed":0,"gold_gain":100,"player_choice":"Pray","damage_taken":0,"max_hp_gain":0,"max_hp_loss":0,"event_name":"Golden Shrine","floor":39,"gold_loss":0},{"damage_healed":0,"gold_gain":0,"player_choice":"Upgrade","damage_taken":0,"relics_obtained":["Mark of the Bloom"],"max_hp_gain":0,"max_hp_loss":0,"event_name":"MindBloom","floor":45,"gold_loss":0,"cards_upgraded":["Defend_S","Defend_S","Exchange","Reset","Moondial","FanOfKnives","Moondial","Rearm","ShatteredReality","BottledTime","SurpressingFire","WasteNot","ShatteredReality"]},{"damage_healed":0,"gold_gain":0,"player_choice":"Ignored","damage_taken":0,"max_hp_gain":0,"max_hp_loss":0,"event_name":"Mysterious Sphere","floor":48,"gold_loss":0}],"is_beta":false,"boss_relics":[{"not_picked":["energizedSpire:StickyHand","energizedSpire:OgreHead"],"picked":"energizedSpire:DeadBattery"},{"not_picked":["testmod-TimeTraveler","testmod-Fanaticism"],"picked":"Astrolabe"}],"items_purged_floors":[],"is_endless":false,"potions_floor_spawned":[1,5,14,21,24,28,29,35,40],"ascension_level":1}}