{"host":"lnt5dzsuhru0aonl","time":1610884341,"event":{"mods":["2.2 Compatiblity","BaseMod","Colored Map","Colored Powertips","DeckTracker","Keyboard Shortcuts","Minty Spire (QoL Compilation)","Permanent Neow","StSLib","SuperFastMode","everything is the same but u backflip on backflip"],"gold_per_floor":[12,12,30,30,43,77,77,96,96,171,183,183,195,206,206,280,280,294,310,185,200,219,219,219,219],"floor_reached":24,"language":"KOR","playtime":974,"items_purged":["Strike_G"],"score":404,"play_id":"7d4b8a38-7182-4705-bccb-530d395c4a96","local_time":"20210117205221","is_ascension_mode":true,"campfire_choices":[{"data":"Prepared","floor":7.0,"key":"SMITH"},{"data":"Eviscerate","floor":15.0,"key":"SMITH"},{"data":"Tactician","floor":23,"key":"SMITH"}],"circlet_count":0,"master_deck":["AscendersBane","Strike_G","Strike_G","Defend_G","Defend_G","Defend_G","Defend_G","Survivor","Neutralize","All Out Attack","Dagger Throw","Blade Dance+1","Prepared+1","Well Laid Plans","Blade Dance","Eviscerate+1","Tactician+1","Blur","Backflip","Crippling Poison"],"relics":["Ring of the Snake","Tough Bandages","Lizard Tail","Philosopher\u0027s Stone"],"acts_visited":["Exordium","TheCity"],"potions_floor_usage":[24],"damage_taken":[{"damage":2.0,"enemies":"2 Louse","floor":1.0,"turns":3.0},{"damage":1.0,"enemies":"Cultist","floor":3.0,"turns":4.0},{"damage":0.0,"enemies":"Small Slimes","floor":5.0,"turns":2.0},{"damage":1.0,"enemies":"Gremlin Nob","floor":6.0,"turns":3.0},{"damage":0.0,"enemies":"2 Fungi Beasts","floor":8.0,"turns":3.0},{"damage":0.0,"enemies":"Looter","floor":11.0,"turns":3.0},{"damage":7.0,"enemies":"Blue Slaver","floor":13.0,"turns":2.0},{"damage":0.0,"enemies":"Exordium Wildlife","floor":14.0,"turns":2.0},{"damage":7.0,"enemies":"Slime Boss","floor":16.0,"turns":10.0},{"damage":0.0,"enemies":"Spheric Guardian","floor":18.0,"turns":1.0},{"damage":15.0,"enemies":"Shell Parasite","floor":19.0,"turns":3.0},{"damage":0,"enemies":"Centurion and Healer","floor":21,"turns":6},{"damage":27,"enemies":"Snake Plant","floor":22,"turns":7},{"damage":66,"enemies":"Gremlin Leader","floor":24,"turns":6}],"seed_played":"1806115217220366913","potions_obtained":[{"floor":1.0,"key":"Swift Potion"},{"floor":5.0,"key":"AttackPotion"},{"floor":8.0,"key":"EntropicBrew"},{"floor":18.0,"key":"Regen Potion"},{"floor":22,"key":"ColorlessPotion"}],"is_trial":false,"path_per_floor":["M","?","M","$","M","E","R","M","T","?","M","?","M","M","R","B",null,"M","M","$","M","M","R","E"],"character_chosen":"THE_SILENT","items_purchased":["Backflip"],"campfire_rested":0,"item_purchase_floors":[20],"current_hp_per_floor":[57,57,56,56,56,55,55,55,55,44,44,44,37,37,37,30,57,57,51,51,51,24,24,0,0],"gold":219,"neow_bonus":"REMOVE_TWO","is_daily":false,"chose_seed":false,"campfire_upgraded":3,"win_rate":0.0,"timestamp":1610884341,"path_taken":["M","?","M","?","?","E","R","M","T","?","M","?","M","M","R","BOSS","M","M","$","M","M","R","E"],"items_purchased_type":["Card"],"build_version":"2020-12-22","purchased_purges":1,"victory":false,"max_hp_per_floor":[66,66,66,66,66,66,66,66,66,66,66,66,66,66,66,66,66,66,66,66,66,66,66,66,66],"card_choices":[{"not_picked":["Infinite Blades","Quick Slash"],"picked":"All Out Attack","floor":1.0},{"not_picked":["Bane","Distraction"],"picked":"Dagger Throw","floor":3.0},{"not_picked":["Outmaneuver","Accuracy"],"picked":"Blade Dance","floor":5.0},{"not_picked":["Dagger Throw","Quick Slash"],"picked":"Prepared","floor":6.0},{"not_picked":["Footwork","Distraction"],"picked":"Well Laid Plans","floor":8.0},{"not_picked":["Deflect","Sucker Punch"],"picked":"Blade Dance","floor":11.0},{"not_picked":["Footwork","Backstab","Setup"],"picked":"SKIP","floor":13.0},{"not_picked":["Dagger Throw","Cloak And Dagger"],"picked":"Eviscerate","floor":14.0},{"not_picked":["Eviscerate","Quick Slash"],"picked":"Tactician","floor":18.0},{"not_picked":["Caltrops","Concentrate"],"picked":"Blur","floor":19.0},{"not_picked":["Flying Knee","Terror"],"picked":"Crippling Poison","floor":21},{"not_picked":["Dodge and Roll","Dagger Throw","Footwork"],"picked":"SKIP","floor":22}],"player_experience":689321,"relics_obtained":[{"floor":6.0,"key":"Tough Bandages"},{"floor":9.0,"key":"Lizard Tail"}],"event_choices":[{"cards_removed":["Strike_G"],"damage_healed":0.0,"max_hp_gain":0.0,"max_hp_loss":0.0,"gold_gain":0.0,"event_name":"Purifier","player_choice":"Purged","floor":2.0,"gold_loss":0.0,"damage_taken":0.0},{"damage_healed":0.0,"max_hp_gain":0.0,"max_hp_loss":0.0,"gold_gain":75.0,"event_name":"World of Goop","player_choice":"Gather Gold","floor":10.0,"gold_loss":0.0,"damage_taken":11.0},{"damage_healed":0.0,"max_hp_gain":0.0,"max_hp_loss":0.0,"gold_gain":0.0,"event_name":"Living Wall","player_choice":"Grow","floor":12.0,"gold_loss":0.0,"damage_taken":0.0,"cards_upgraded":["Blade Dance"]}],"is_beta":false,"boss_relics":[{"not_picked":["Cursed Key","Runic Dome"],"picked":"Philosopher\u0027s Stone"}],"items_purged_floors":[20],"is_endless":false,"potions_floor_spawned":[1,5,8,18,22],"killed_by":"Gremlin Leader","ascension_level":20}}