{"host":"egwexuw5uvnxf11j","time":1610868078,"event":{"mods":["2.2 Compatiblity","Aspiration","BaseMod","Better Altar","Better Note","Better Sensory Stone","Better Third Choice","Displayed Cursed Tome","Downfall","Hermit","Key Reminder","Koishi","Marisa????????","Minty Spire (QoL Compilation)","Quick Restart","Shade Mod","Spicy Shops","StSLib","The Construct","The Cursed","The Hierophant","The Runesmith","The Senshi","The Servant 0.9.4","Transform Curses"],"gold_per_floor":[114,289,303,10,20,48,48,67,67,94,110,125,125,125],"floor_reached":13,"language":"ENG","playtime":633,"items_purged":["Doubt"],"score":97,"play_id":"622af1f3-e0fd-4c82-8e57-93fb8b5c9ab8","local_time":"20210117022118","is_ascension_mode":false,"campfire_choices":[{"floor":7,"key":"REST"}],"circlet_count":0,"master_deck":["Runesmith:Strike_RS","Runesmith:Strike_RS","Runesmith:Strike_RS","Runesmith:Strike_RS","Runesmith:Defend_RS","Runesmith:Defend_RS","Runesmith:Defend_RS","Runesmith:Defend_RS","Runesmith:CraftFirestone","Runesmith:Fortify","Runesmith:BackupBattery","Runesmith:CraftMagma","Runesmith:Grindstone","Panache","Runesmith:ShiftingStrike","Runesmith:ChargedHammer","Runesmith:HammerThrow","Runesmith:MetallurgicalResearch","Runesmith:HeatExchange","Runesmith:UnstableHammer"],"relics":["Runesmith:BrokenRuby","Membership Card","Anchor","Torii","construct:FoamFinger","keyreminder:keyreminder"],"acts_visited":["Exordium"],"potions_floor_usage":[6,13,13],"damage_taken":[{"damage":10,"enemies":"Small Slimes","floor":1,"turns":4},{"damage":0,"enemies":"2 Louse","floor":3,"turns":4},{"damage":0,"enemies":"Cultist","floor":5,"turns":4},{"damage":25,"enemies":"3 Sentries","floor":6,"turns":10},{"damage":3,"enemies":"Blue Slaver","floor":8,"turns":4},{"damage":27,"enemies":"Lagavulin","floor":10,"turns":7},{"damage":0,"enemies":"Looter","floor":11,"turns":3},{"damage":8,"enemies":"3 Louse","floor":12,"turns":4},{"damage":33,"enemies":"Gremlin Nob","floor":13,"turns":3}],"seed_played":"-2904911772309764916","potions_obtained":[{"floor":3,"key":"ColorlessPotion"},{"floor":5,"key":"SmokeBomb"},{"floor":6,"key":"FearPotion"},{"floor":11,"key":"Strength Potion"}],"is_trial":false,"path_per_floor":["M","?","M","$","M","E","R","M","T","E","M","M","E"],"character_chosen":"RUNESMITH_CLASS","items_purchased":["Membership Card","Runesmith:Grindstone","Panache"],"campfire_rested":1,"item_purchase_floors":[4,4,4],"current_hp_per_floor":[67,67,67,67,67,42,65,62,62,35,35,27,0,0],"gold":125,"neow_bonus":"TEN_PERCENT_HP_BONUS","is_daily":false,"chose_seed":false,"campfire_upgraded":0,"win_rate":0.0,"timestamp":1610868078,"path_taken":["M","?","M","$","M","E","R","M","T","E","M","M","E"],"items_purchased_type":["Relic","Card","Card"],"build_version":"2020-12-22","purchased_purges":1,"victory":false,"max_hp_per_floor":[77,77,77,77,77,77,77,77,77,77,77,77,77,77],"card_choices":[{"not_picked":["Runesmith:Overpower","Runesmith:RunicBlueprint"],"picked":"Runesmith:BackupBattery","floor":1},{"not_picked":["Runesmith:HeatedChisel","Runesmith:Empowerment"],"picked":"Runesmith:CraftMagma","floor":3},{"not_picked":["Runesmith:UnstableHammer","Runesmith:ChiselStab"],"picked":"Runesmith:ShiftingStrike","floor":5},{"not_picked":["Runesmith:CraftMagma","Runesmith:HeatExchange"],"picked":"Runesmith:ChargedHammer","floor":6},{"not_picked":["Runesmith:HeatedChisel","Runesmith:BackupBattery"],"picked":"Runesmith:HammerThrow","floor":8},{"not_picked":["Runesmith:HammerThrow","Runesmith:NanitesCloud"],"picked":"Runesmith:MetallurgicalResearch","floor":10},{"not_picked":["Runesmith:Overpower","Runesmith:CraftProtectio"],"picked":"Runesmith:HeatExchange","floor":11},{"not_picked":["Runesmith:CraftReservo","Runesmith:ChargedHammer"],"picked":"Runesmith:UnstableHammer","floor":12}],"player_experience":2238182,"relics_obtained":[{"floor":6,"key":"Anchor"},{"floor":9,"key":"Torii"},{"floor":10,"key":"construct:FoamFinger"}],"event_choices":[{"damage_healed":0,"gold_gain":175,"player_choice":"AGREE","damage_taken":114,"max_hp_gain":0,"max_hp_loss":0,"event_name":"betterThird:BetterSerpent","floor":2,"gold_loss":0}],"is_beta":false,"boss_relics":[],"items_purged_floors":[4],"is_endless":false,"potions_floor_spawned":[3,5,6,11],"killed_by":"Gremlin Nob","ascension_level":0}}