{"host":"usrgk25etjl0nf5i","time":1610865003,"event":{"mods":["2.2 Compatiblity","BaseMod","Downfall","Hubris","Minty Spire (QoL Compilation)","StSLib","SuperFastMode"],"gold_per_floor":[99,115,125,13,77,87,111,96,96,113,146,146,160,188,205,205,205],"floor_reached":16,"language":"ENG","playtime":936,"items_purged":[],"score":144,"play_id":"2fbdfc5d-3ede-4285-b265-5ccd7460b544","local_time":"20210116223003","is_ascension_mode":true,"campfire_choices":[{"floor":1,"key":"RECALL"}],"circlet_count":0,"master_deck":["champ:Strike+1","champ:Strike","champ:Strike","champ:Strike","champ:Defend+1","champ:Defend","champ:Defend","champ:Defend","champ:Execute","champ:Taunt+1","champ:ArenaPreparation+1","champ:RisingSlash","champ:ArenaPreparation","expansioncontent:PrepareCrush","champ:GutPunch","champ:SkillfulDodge","champ:GladiatorForm","champ:TornadoPunch","champ:IronFortress","champ:RisingSlash","champ:Haymaker","champ:ShieldWall","champ:Duel"],"relics":["champ:ChampionCrown","Blue Candle","Omamori","sneckomod:BlankCard","Ancient Tea Set"],"acts_visited":["Exordium"],"potions_floor_usage":[14,14,14,16,16],"damage_taken":[{"damage":17,"enemies":"Jaw Worm","floor":2,"turns":5},{"damage":0,"enemies":"Small Slimes","floor":3,"turns":3},{"damage":60,"enemies":"downfall:FleeingMerchant","floor":4,"turns":4},{"damage":37,"enemies":"Gremlin Nob","floor":5,"turns":4},{"damage":10,"enemies":"2 Louse","floor":6,"turns":2},{"damage":30,"enemies":"downfall:FleeingMerchant","floor":8,"turns":4},{"damage":33,"enemies":"Red Slaver","floor":10,"turns":2},{"damage":6,"enemies":"Gremlin Nob","floor":11,"turns":3},{"damage":10,"enemies":"3 Louse","floor":13,"turns":2},{"damage":10,"enemies":"Lagavulin","floor":14,"turns":4},{"damage":2,"enemies":"Blue Slaver","floor":15,"turns":3},{"damage":44,"enemies":"SI_SHIV_ARCHETYPE","floor":16,"turns":4}],"seed_played":"-4151420154510430490","potions_obtained":[{"floor":10,"key":"PowerPotion"},{"floor":11,"key":"Dexterity Potion"},{"floor":13,"key":"Block Potion"},{"floor":14,"key":"Slimebound:ThreeZeroPotion"},{"floor":15,"key":"SteroidPotion"}],"is_trial":false,"path_per_floor":["R","M","M","$","?","M","T","$","?","M","E","?","M","E","M","B"],"character_chosen":"THE_CHAMP","items_purchased":["expansioncontent:PrepareCrush"],"campfire_rested":0,"item_purchase_floors":[4],"current_hp_per_floor":[90,88,88,78,51,51,51,46,46,43,37,37,37,37,35,0,0],"gold":205,"neow_bonus":"UPGRADE_CARD","is_daily":false,"chose_seed":false,"campfire_upgraded":0,"win_rate":0.0,"timestamp":1610865003,"path_taken":["R","M","M","$","?","M","T","$","?","M","E","?","M","E","M","BOSS"],"items_purchased_type":["Card"],"build_version":"2020-12-22","purchased_purges":0,"victory":false,"max_hp_per_floor":[90,90,90,90,90,90,90,90,90,90,90,90,90,90,90,90,90],"card_choices":[{"not_picked":["champ:FanOfKnives","champ:BerserkersShout"],"picked":"champ:ArenaPreparation","floor":2},{"not_picked":["champ:BringItOn","champ:FalseCounter"],"picked":"champ:RisingSlash","floor":3},{"not_picked":["champ:FaceSlap","champ:BerserkersShout"],"picked":"champ:ArenaPreparation","floor":4},{"not_picked":["champ:GladiatorStyle","champ:DefensiveShout"],"picked":"champ:GutPunch","floor":5},{"not_picked":["champ:Encircle","champ:AdrenalArmor"],"picked":"champ:SkillfulDodge","floor":6},{"not_picked":["champ:BerserkersShout","champ:PerfectedStrike"],"picked":"champ:GladiatorForm","floor":8},{"not_picked":["champ:Backstep","champ:EnGarde"],"picked":"champ:IronFortress","floor":10},{"not_picked":["champ:Circumvent","champ:HeartStrike"],"picked":"champ:RisingSlash","floor":11},{"not_picked":["champ:Circumvent","champ:PreciseThrust"],"picked":"champ:Haymaker","floor":13},{"not_picked":["champ:GladiatorStyle","champ:FancyFootwork"],"picked":"champ:ShieldWall","floor":14},{"not_picked":["champ:DefensiveShout","champ:SetATrap"],"picked":"champ:Duel","floor":15}],"player_experience":645837,"relics_obtained":[{"floor":5,"key":"Blue Candle"},{"floor":7,"key":"Omamori"},{"floor":11,"key":"sneckomod:BlankCard"},{"floor":14,"key":"Ancient Tea Set"}],"event_choices":[],"is_beta":false,"boss_relics":[],"items_purged_floors":[],"is_endless":false,"potions_floor_spawned":[10,11,13,14,15],"killed_by":"SI_SHIV_ARCHETYPE","ascension_level":1}}