{"host":"6h0diz2ap0m56grs","time":1610909297,"event":{"mods":["2.2 Compatiblity","BaseMod","Colored Map","Marisa????????","Minty Spire (QoL Compilation)","Quick Restart","Replay The Spire","Shop Mod","StSLib","The Servant 0.9.4"],"gold_per_floor":[116,133,150,27,27,55,87,116,143,173,27,59,86,86,86,182,182,201,215,215,215,64,94,124,156,156,180,180,180,213,243,243,340,340,360,388,307,307,307,334,369,397,397,397,451,478,490,535,547,559],"floor_reached":51,"language":"ENG","playtime":1780,"items_purged":["Moondial"],"score":1676,"play_id":"21a9d666-8f99-44d5-97e3-d2355f13d692","local_time":"20210117124817","daily_mods":["SealedDeck","Heirloom","Time Dilation","Flight"],"is_ascension_mode":true,"campfire_choices":[{"data":"SilverBlades","floor":15,"key":"SMITH"},{"data":"Sunlight","floor":28,"key":"SMITH"},{"data":"Sunlight","floor":29,"key":"SMITH"},{"data":"Sunlight","floor":32,"key":"SMITH"},{"data":"DancingSilver","floor":44,"key":"SMITH"},{"data":"Barrier","floor":47,"key":"SMITH"},{"data":"Orbit","floor":49,"key":"SMITH"}],"circlet_count":0,"master_deck":["FastForward","FastForward","InstantArmor","Misdirection","Barrier+1","Orbit+1","SilverBlades+1","Moonlight","DancingSilver+1","Ricochet","Sabotage+1","Moonlight","Gouge","Sunlight+1","Misdirection","GearUp","Sunlight+1","Rearm+1","Read","BottledTime","Sunlight+1","SilverMatrix","GearUp+1","Desolation","SilverBlades+1","Misdirection+1","InstantArmor"],"relics":["SplendidAttire","replay:Trail_Library","FossilizedHelix","Juzu Bracelet","Oddly Smooth Stone","Bronze Scales","Chameleon Ring","Replay:Towering Pillar of Hats","Replay:Baseball","Replay:Bronze Core","Medical Kit","PreservedInsect","Anchor","Mirror","Ornamental Fan","Bag of Marbles","OldScarf","Coffee Dripper","Runic Dome","MerchantsRug","ReplayTheSpireMod:Lightbulb","Molten Egg 2","Centennial Puzzle","Replay:Wax Seal","Replay:Accelerometer","CatCart","MawBank","Boot"],"acts_visited":["Exordium","TheCity","TheBeyond"],"potions_floor_usage":[24,48,50,50,50],"damage_taken":[{"damage":0,"enemies":"Cultist","floor":1,"turns":3},{"damage":0,"enemies":"Jaw Worm","floor":2,"turns":2},{"damage":0,"enemies":"2 Louse","floor":3,"turns":1},{"damage":0,"enemies":"3 Sentries","floor":6,"turns":5},{"damage":0,"enemies":"Gremlin Nob","floor":7,"turns":3},{"damage":0,"enemies":"Lagavulin","floor":8,"turns":5},{"damage":0,"enemies":"Replay:BlueRogue","floor":10,"turns":4},{"damage":0,"enemies":"3 Sentries","floor":12,"turns":4},{"damage":0,"enemies":"Replay:BlueRogue","floor":13,"turns":5},{"damage":0,"enemies":"Slime Boss","floor":16,"turns":3},{"damage":0,"enemies":"Shell Parasite","floor":18,"turns":2},{"damage":0,"enemies":"Chosen","floor":19,"turns":3},{"damage":0,"enemies":"Replay:Snechameleon","floor":23,"turns":4},{"damage":0,"enemies":"Slavers","floor":24,"turns":4},{"damage":0,"enemies":"Replay:Snechameleon","floor":25,"turns":3},{"damage":0,"enemies":"Book of Stabbing","floor":30,"turns":1},{"damage":0,"enemies":"Replay:Snechameleon","floor":31,"turns":2},{"damage":0,"enemies":"Automaton","floor":33,"turns":8},{"damage":0,"enemies":"Orb Walker","floor":35,"turns":3},{"damage":0,"enemies":"R_Hoarder","floor":40,"turns":4},{"damage":0,"enemies":"Nemesis","floor":41,"turns":1},{"damage":0,"enemies":"R_Hoarder","floor":42,"turns":3},{"damage":0,"enemies":"Orin","floor":45,"turns":2},{"damage":0,"enemies":"Nemesis","floor":46,"turns":3},{"damage":0,"enemies":"R_Hoarder","floor":48,"turns":5},{"damage":0,"enemies":"Awakened One","floor":50,"turns":7}],"seed_played":"4108151526841595158","potions_obtained":[{"floor":1,"key":"LiquidBronze"},{"floor":2,"key":"ColorlessPotion"},{"floor":12,"key":"Swift Potion"},{"floor":13,"key":"Energy Potion"},{"floor":25,"key":"FearPotion"},{"floor":48,"key":"PowerPotion"}],"is_trial":true,"path_per_floor":["M","M","M","$","?","E","E","E","T","E","$","E","E","$","R","B",null,"M","M","?","?","$","E","E","E","T","T","R","R","E","E","R","B",null,"M","?","$","?","?","E","E","E","T","R","?","E","R","E","R","B",null],"character_chosen":"THE_SERVANT","items_purchased":["Sabotage+1","Moonlight","Misdirection","Medical Kit","Desolation","MerchantsRug","ReplayTheSpireMod:Lightbulb"],"campfire_rested":0,"item_purchase_floors":[4,4,11,22,37,37,37],"current_hp_per_floor":[65,65,65,65,65,65,65,65,65,65,65,65,65,65,65,65,65,65,65,65,65,65,65,65,65,65,65,65,65,65,65,65,65,65,65,49,49,49,43,43,43,43,43,43,43,43,43,43,43,43],"gold":571,"neow_bonus":"","is_daily":false,"chose_seed":false,"campfire_upgraded":7,"win_rate":0.0,"timestamp":1610909297,"path_taken":["M","M","?","$","?","E","E","E","T","E","?","E","E","$","R","BOSS","M","M","?","?","$","E","E","E","T","?","R","R","E","E","R","BOSS","M","?","$","?","?","E","E","E","T","R","?","E","R","E","R","BOSS"],"items_purchased_type":["Card","Card","Card","Relic","Card","Relic","Relic"],"build_version":"2020-12-22","purchased_purges":1,"victory":true,"max_hp_per_floor":[65,65,65,65,65,65,65,65,65,65,65,65,65,65,65,65,65,65,65,65,65,65,65,65,65,65,65,65,65,65,65,65,65,65,65,65,65,65,65,65,65,65,65,65,65,65,65,65,65,65],"card_choices":[{"not_picked":["Shuttle","TimeWarp"],"picked":"Ricochet","floor":1},{"not_picked":["Rearm","WasteNot","ShatteredReality"],"picked":"SKIP","floor":2},{"not_picked":["Starlight","Unruled","Rewind"],"picked":"SKIP","floor":3},{"not_picked":["Sabotage","TimeWarp"],"picked":"Gouge","floor":6},{"not_picked":["Potential","ShatteredReality","Comet"],"picked":"SKIP","floor":7},{"not_picked":["ShatteredReality","Snipe","BottledTime"],"picked":"SKIP","floor":8},{"not_picked":["Barrier","Advance"],"picked":"Sunlight","floor":10},{"not_picked":["Luminosity","Alleviate","Starlight"],"picked":"SKIP","floor":12},{"not_picked":["ShatteredReality","Potential"],"picked":"GearUp","floor":13},{"not_picked":["ForgedInTime","Initiator"],"picked":"Sunlight","floor":16},{"not_picked":["Alleviate","Starlight","Rearm+1"],"picked":"SKIP","floor":18},{"not_picked":["Alleviate","Starlight"],"picked":"Rearm+1","floor":18},{"not_picked":["Comet","Rearm","Rewind"],"picked":"SKIP","floor":19},{"not_picked":["ShatteredReality+1","DualDimension+1","TimeWarp"],"picked":"SKIP","floor":23},{"not_picked":["TimeWarp+1","ShiftingGears","Gouge"],"picked":"SKIP","floor":24},{"not_picked":["Contraction","LightFlow","Defy"],"picked":"SKIP","floor":25},{"not_picked":["Revamp","KillingDoll","Potential+1"],"picked":"SKIP","floor":30},{"not_picked":["BottledTime","ReturningBlade"],"picked":"Sunlight","floor":31},{"not_picked":["Deny","Sunlight"],"picked":"SilverMatrix","floor":33},{"not_picked":["Spin","Revamp+1"],"picked":"GearUp+1","floor":35},{"not_picked":["TimeWarp+1","Snipe+1"],"picked":"SilverBlades+1","floor":40},{"not_picked":["Unruled+1","Rearm+1","FloweringNight"],"picked":"SKIP","floor":41},{"not_picked":["Collapse+1","Ricochet+1"],"picked":"Misdirection+1","floor":42},{"not_picked":["GearUp","Alleviate+1","InstantArmor+1"],"picked":"SKIP","floor":46},{"not_picked":["Ricochet+1","GearUp+1","TrueSight"],"picked":"SKIP","floor":48}],"player_experience":201728,"relics_obtained":[{"floor":6,"key":"Juzu Bracelet"},{"floor":7,"key":"Oddly Smooth Stone"},{"floor":8,"key":"Gremlin Food"},{"floor":9,"key":"Bronze Scales"},{"floor":10,"key":"Chameleon Ring"},{"floor":12,"key":"Replay:Towering Pillar of Hats"},{"floor":13,"key":"Replay:Baseball"},{"floor":23,"key":"PreservedInsect"},{"floor":24,"key":"Anchor"},{"floor":25,"key":"Mirror"},{"floor":26,"key":"Ornamental Fan"},{"floor":27,"key":"Bag of Marbles"},{"floor":30,"key":"Peace Pipe"},{"floor":31,"key":"OldScarf"},{"floor":36,"key":"Du-Vu Doll"},{"floor":40,"key":"Molten Egg 2"},{"floor":41,"key":"Centennial Puzzle"},{"floor":42,"key":"Replay:Wax Seal"},{"floor":43,"key":"Replay:Accelerometer"},{"floor":45,"key":"CatCart"},{"floor":46,"key":"MawBank"},{"floor":48,"key":"Boot"}],"event_choices":[{"cards_removed":["Starlight"],"damage_healed":0,"gold_gain":0,"player_choice":"Purged","damage_taken":0,"max_hp_gain":0,"max_hp_loss":0,"event_name":"Purifier","floor":5,"gold_loss":0},{"damage_healed":0,"gold_gain":0,"player_choice":"Ignored","damage_taken":0,"max_hp_gain":0,"max_hp_loss":0,"event_name":"Beggar","floor":20,"gold_loss":0},{"damage_healed":0,"gold_gain":0,"player_choice":"Ignored","damage_taken":0,"max_hp_gain":0,"max_hp_loss":0,"event_name":"Ghosts","floor":21,"gold_loss":0},{"damage_healed":0,"gold_gain":0,"player_choice":"Ignored","damage_taken":0,"max_hp_gain":0,"max_hp_loss":0,"event_name":"Transmorgrifier","floor":38,"gold_loss":0},{"damage_healed":0,"gold_gain":0,"player_choice":"Damaged","damage_taken":6,"max_hp_gain":0,"max_hp_loss":0,"event_name":"Wheel of Change","floor":39,"gold_loss":0},{"damage_healed":0,"gold_gain":0,"player_choice":"Fight","damage_taken":0,"max_hp_gain":0,"max_hp_loss":0,"event_name":"OrinTheCat","floor":45,"gold_loss":0}],"is_beta":false,"boss_relics":[{"not_picked":["Replay:Wanted Poster","Fusion Hammer"],"picked":"Replay:Bronze Core"},{"not_picked":["Abe\u0027s Treasure","Velvet Choker"],"picked":"Replay:Grab Bag"},{"not_picked":["Philosopher\u0027s Stone","Cursed Key"],"picked":"Coffee Dripper"},{"not_picked":["ReplayTheSpireMod:DimensionalGlitch","Busted Crown"],"picked":"Runic Dome"},{"not_picked":["Calling Bell","Black Star"],"picked":"SplendidAttire"}],"items_purged_floors":[11],"is_endless":false,"potions_floor_spawned":[1,2,12,13,18,25,33,40,46,48],"ascension_level":1}}