{"host":"1ekl8hlbnopmdapi","time":1610917874,"event":{"mods":["AchievementEnabler","BaseMod","Colored Map","Colored Powertips","DeckTracker","Googly Eyes","Highlight Path","Minty Spire (QoL Compilation)","Relic Sorter","StSLib","Synergy Search"],"gold_per_floor":[109,126,126,141,158,187,187,187,187,204,220,77,100,49,49,147,147,157,157,157,175,187,187,222,238,238,238,238,86,98,133,133,133,133],"floor_reached":33,"language":"ENG","playtime":812,"items_purged":[],"score":477,"play_id":"f8062a1a-c96f-4f2a-8fff-8322116f5641","local_time":"20210117161114","is_ascension_mode":true,"campfire_choices":[{"floor":8,"key":"REST"},{"floor":15,"key":"REST"},{"floor":23,"key":"REST"},{"floor":27,"key":"RECALL"},{"floor":32,"key":"REST"}],"circlet_count":0,"master_deck":["Strike_B","Strike_B","Strike_B","Defend_B+1","Defend_B","Defend_B","Defend_B","Zap","Dualcast","Leap","Auto Shields","Gash","Gash+1","Ball Lightning","Lockon","Conserve Battery","Electrodynamics","CurseOfTheBell","Gash","Gash+1","Self Repair","Ball Lightning+1","Go for the Eyes+1","Gash","Echo Form"],"relics":["Cracked Core","Centennial Puzzle","Bottled Lightning","Oddly Smooth Stone","Lantern","MealTicket","Calling Bell","Strawberry","InkBottle","Incense Burner","Pantograph","Regal Pillow","TungstenRod"],"acts_visited":["Exordium","TheCity"],"potions_floor_usage":[16,22,22,25,33],"damage_taken":[{"damage":7,"enemies":"Jaw Worm","floor":1,"turns":3},{"damage":0,"enemies":"Small Slimes","floor":2,"turns":4},{"damage":0,"enemies":"Cultist","floor":4,"turns":4},{"damage":8,"enemies":"Blue Slaver","floor":5,"turns":4},{"damage":29,"enemies":"Lagavulin","floor":6,"turns":9},{"damage":4,"enemies":"Lots of Slimes","floor":10,"turns":5},{"damage":14,"enemies":"Red Slaver","floor":11,"turns":2},{"damage":7,"enemies":"Slime Boss","floor":16,"turns":8},{"damage":12,"enemies":"2 Thieves","floor":18,"turns":3},{"damage":0,"enemies":"Spheric Guardian","floor":21,"turns":3},{"damage":14,"enemies":"Centurion and Healer","floor":22,"turns":3},{"damage":24,"enemies":"Book of Stabbing","floor":24,"turns":4},{"damage":24,"enemies":"Sentry and Sphere","floor":25,"turns":4},{"damage":24,"enemies":"Snake Plant","floor":30,"turns":3},{"damage":0,"enemies":"Gremlin Leader","floor":31,"turns":5},{"damage":85,"enemies":"Automaton","floor":33,"turns":10}],"seed_played":"7183545545782374995","potions_obtained":[{"floor":2,"key":"LiquidMemories"},{"floor":11,"key":"Fire Potion"},{"floor":16,"key":"DuplicationPotion"},{"floor":21,"key":"SneckoOil"},{"floor":30,"key":"GamblersBrew"}],"is_trial":false,"path_per_floor":["M","M","?","M","M","E","?","R","T","M","M","$","T","$","R","B",null,"M","?","?","M","M","R","E","M","T","R","?","$","M","E","R","B"],"character_chosen":"DEFECT","items_purchased":["Lantern","Conserve Battery","Regal Pillow"],"campfire_rested":4,"item_purchase_floors":[12,14,29],"current_hp_per_floor":[61,61,54,54,46,17,2,24,24,20,6,6,6,21,43,36,72,60,60,60,60,53,77,60,43,43,43,43,58,41,41,80,0,0],"gold":133,"neow_bonus":"REMOVE_CARD","is_daily":false,"chose_seed":false,"campfire_upgraded":0,"win_rate":0.0,"timestamp":1610917874,"path_taken":["M","M","?","M","M","E","?","R","T","M","M","?","?","$","R","BOSS","M","?","?","M","?","R","E","M","T","R","?","$","?","E","R","BOSS"],"items_purchased_type":["Relic","Card","Relic"],"build_version":"2020-12-22","purchased_purges":0,"victory":false,"max_hp_per_floor":[75,75,75,75,75,75,75,75,75,75,75,75,75,75,75,75,82,82,82,82,82,82,82,82,82,82,82,82,82,82,82,82,82,82],"card_choices":[{"not_picked":["Coolheaded","Gash"],"picked":"Leap","floor":1},{"not_picked":["Recycle","Go for the Eyes"],"picked":"Auto Shields","floor":2},{"not_picked":["Glacier","Beam Cell"],"picked":"Gash","floor":4},{"not_picked":["Turbo","Steam Power","Barrage"],"picked":"SKIP","floor":5},{"not_picked":["Chaos","Consume"],"picked":"Gash","floor":6},{"not_picked":["Consume","Coolheaded"],"picked":"Ball Lightning","floor":10},{"not_picked":["Cold Snap","Streamline"],"picked":"Lockon","floor":11},{"not_picked":["Thunder Strike","Meteor Strike"],"picked":"Electrodynamics","floor":16},{"not_picked":["Streamline","Force Field"],"picked":"Gash","floor":18},{"not_picked":["Heatsinks","Glacier"],"picked":"Self Repair","floor":21},{"not_picked":["Beam Cell","Echo Form"],"picked":"Ball Lightning+1","floor":22},{"not_picked":["Beam Cell","Tempest"],"picked":"Go for the Eyes+1","floor":24},{"not_picked":["Skim","Compile Driver","Scrape"],"picked":"SKIP","floor":25},{"not_picked":["Sweeping Beam","Cold Snap"],"picked":"Gash","floor":30},{"not_picked":["Tempest","Ball Lightning"],"picked":"Echo Form","floor":31}],"player_experience":456961,"relics_obtained":[{"floor":6,"key":"Bottled Lightning"},{"floor":9,"key":"Oddly Smooth Stone"},{"floor":13,"key":"MealTicket"},{"floor":17,"key":"Strawberry"},{"floor":17,"key":"InkBottle"},{"floor":17,"key":"Incense Burner"},{"floor":24,"key":"Pantograph"},{"floor":31,"key":"TungstenRod"}],"event_choices":[{"damage_healed":0,"gold_gain":0,"player_choice":"Success","damage_taken":7,"relics_obtained":["Centennial Puzzle"],"max_hp_gain":0,"max_hp_loss":0,"event_name":"Scrap Ooze","floor":3,"gold_loss":0},{"damage_healed":0,"gold_gain":0,"player_choice":"Entered Light","damage_taken":15,"max_hp_gain":0,"max_hp_loss":0,"event_name":"Shining Light","floor":7,"gold_loss":0,"cards_upgraded":["Defend_B","Gash"]},{"damage_healed":0,"gold_gain":0,"player_choice":"Ignored","damage_taken":0,"max_hp_gain":0,"max_hp_loss":0,"event_name":"Ghosts","floor":19,"gold_loss":0},{"damage_healed":0,"gold_gain":0,"player_choice":"Copied","damage_taken":0,"max_hp_gain":0,"max_hp_loss":0,"event_name":"Duplicator","floor":20,"gold_loss":0,"cards_obtained":["Gash"]},{"damage_healed":0,"gold_gain":0,"player_choice":"Ignored","damage_taken":0,"max_hp_gain":0,"max_hp_loss":0,"event_name":"N\u0027loth","floor":28,"gold_loss":0}],"is_beta":false,"boss_relics":[{"not_picked":["Snecko Eye","Sozu"],"picked":"Calling Bell"}],"items_purged_floors":[],"is_endless":false,"potions_floor_spawned":[2,11,16,21,30],"killed_by":"Automaton","ascension_level":9}}