{"host":"640uue19m79c7wbt","time":1610854190,"event":{"mods":["BaseMod","Colored Map","Googly Eyes","Highlight Path","Minty Spire (QoL Compilation)","Quick Restart","StSLib"],"gold_per_floor":[119,48,123,140,140,173,12,27,327,358,358,358,371,388,388,484,484,507,519,531,365,365,365],"floor_reached":22,"language":"ENG","playtime":972,"items_purged":["Strike_G","Strike_G"],"score":336,"play_id":"de7012b7-0ae9-4439-a139-bd1ccd09aa7c","local_time":"20210116222950","is_ascension_mode":true,"campfire_choices":[{"floor":12,"key":"REST"},{"floor":15,"key":"REST"}],"circlet_count":0,"master_deck":["AscendersBane","Strike_G","Strike_G","Defend_G","Defend_G","Defend_G","Defend_G","Survivor","Neutralize","Terror","Predator","Infinite Blades","After Image","Reflex","Blur","Blade Dance","Acrobatics","A Thousand Cuts","Underhanded Strike","Cloak And Dagger","Venomology","CurseOfTheBell","Crippling Poison","Necronomicurse","Well Laid Plans"],"relics":["Ring of the Snake","NeowsBlessing","Calipers","Old Coin","Bottled Tornado","Calling Bell","MawBank","HornCleat","Shovel","Incense Burner","Necronomicon"],"acts_visited":["Exordium","TheCity"],"potions_floor_usage":[13,16,18],"damage_taken":[{"damage":0.0,"enemies":"Jaw Worm","floor":1.0,"turns":1.0},{"damage":0.0,"enemies":"Small Slimes","floor":4.0,"turns":2.0},{"damage":0.0,"enemies":"3 Sentries","floor":6.0,"turns":2.0},{"damage":7.0,"enemies":"2 Louse","floor":8.0,"turns":2.0},{"damage":48.0,"enemies":"Gremlin Nob","floor":10.0,"turns":6.0},{"damage":0,"enemies":"Large Slime","floor":13,"turns":6},{"damage":9,"enemies":"Red Slaver","floor":14,"turns":5},{"damage":11,"enemies":"Slime Boss","floor":16,"turns":7},{"damage":11,"enemies":"Shell Parasite","floor":18,"turns":4},{"damage":19,"enemies":"3 Byrds","floor":22,"turns":3}],"seed_played":"4755289541591097459","potions_obtained":[{"floor":1.0,"key":"Regen Potion"},{"floor":10,"key":"AttackPotion"},{"floor":13,"key":"GamblersBrew"}],"is_trial":false,"path_per_floor":["M","$","?","M","?","E","$","M","T","E","?","R","M","M","R","B",null,"M","?","?","$","M"],"character_chosen":"THE_SILENT","items_purchased":["Predator","Blur","Blade Dance","Well Laid Plans"],"campfire_rested":2,"item_purchase_floors":[2,7,7,21],"current_hp_per_floor":[63,63,52,52,52,52,52,45,45,12,5,26,26,17,38,27,59,48,48,32,32,13,13],"gold":365,"neow_bonus":"THREE_ENEMY_KILL","is_daily":false,"chose_seed":false,"campfire_upgraded":0,"win_rate":0.0,"timestamp":1610854190,"path_taken":["M","$","?","M","?","E","?","M","T","E","?","R","M","M","R","BOSS","M","?","?","$","M"],"items_purchased_type":["Card","Card","Card","Card"],"build_version":"2020-12-22","purchased_purges":2,"victory":false,"max_hp_per_floor":[70,70,70,70,70,70,70,70,70,70,70,70,70,70,70,70,70,70,70,70,70,70,70],"card_choices":[{"not_picked":["Dagger Spray","Poisoned Stab"],"picked":"Terror","floor":1.0},{"not_picked":["Slice","Caltrops"],"picked":"Infinite Blades","floor":4.0},{"not_picked":["Acrobatics","Setup"],"picked":"Reflex","floor":6.0},{"not_picked":["Sucker Punch","Deflect"],"picked":"Acrobatics","floor":8.0},{"not_picked":["Setup","Tactician"],"picked":"A Thousand Cuts","floor":10},{"not_picked":["Deadly Poison","Prepared"],"picked":"Underhanded Strike","floor":13},{"not_picked":["Catalyst","Underhanded Strike"],"picked":"Cloak And Dagger","floor":14},{"not_picked":["Envenom","Doppelganger"],"picked":"Venomology","floor":16},{"not_picked":["Outmaneuver","Footwork"],"picked":"Crippling Poison","floor":18}],"player_experience":595149,"relics_obtained":[{"floor":6.0,"key":"Calipers"},{"floor":9.0,"key":"Old Coin"},{"floor":10,"key":"Bottled Tornado"},{"floor":17,"key":"MawBank"},{"floor":17,"key":"HornCleat"},{"floor":17,"key":"Shovel"},{"floor":20,"key":"Necronomicon"}],"event_choices":[{"damage_healed":0.0,"max_hp_gain":0.0,"max_hp_loss":0.0,"gold_gain":75.0,"event_name":"World of Goop","player_choice":"Gather Gold","floor":3.0,"gold_loss":0.0,"damage_taken":11.0},{"damage_healed":0.0,"max_hp_gain":0.0,"max_hp_loss":0.0,"gold_gain":0.0,"cards_transformed":["Strike_G"],"event_name":"Living Wall","player_choice":"Change","floor":5.0,"gold_loss":0.0,"damage_taken":0.0,"cards_obtained":["After Image"]},{"cards_removed":["Defend_G"],"damage_healed":0,"gold_gain":0,"player_choice":"Card Removal","damage_taken":7,"max_hp_gain":0,"max_hp_loss":0,"event_name":"Golden Wing","floor":11,"gold_loss":0},{"damage_healed":0,"gold_gain":0,"player_choice":"Opened","damage_taken":0,"relics_obtained":["Incense Burner"],"max_hp_gain":0,"max_hp_loss":0,"event_name":"The Mausoleum","floor":19,"gold_loss":0},{"damage_healed":0,"gold_gain":0,"player_choice":"Obtained Book","damage_taken":16,"max_hp_gain":0,"max_hp_loss":0,"event_name":"Cursed Tome","floor":20,"gold_loss":0}],"is_beta":false,"boss_relics":[{"not_picked":["Fusion Hammer","Philosopher\u0027s Stone"],"picked":"Calling Bell"}],"items_purged_floors":[7,21],"is_endless":false,"potions_floor_spawned":[1,10,13],"killed_by":"3 Byrds","ascension_level":11}}