{"host":"sy26bfguqtls01um","time":1610849477,"event":{"mods":["BaseMod","DeckTracker","Hermit","Minty Spire (QoL Compilation)","Random Character Button","StSLib","SuperFastMode","The Hierophant","The Necromancer","The Servant 0.9.4","The Wild Card"],"gold_per_floor":[116,191,191,191,206,206,103,114,137,154,167,184,184,184,184],"floor_reached":14,"language":"KOR","playtime":480,"items_purged":["Defend_S"],"score":164,"play_id":"b65f6031-4b58-4bf4-a8ec-3000cc39123c","local_time":"20210117111117","is_ascension_mode":true,"campfire_choices":[{"data":"DancingSilver","floor":6.0,"key":"SMITH"},{"floor":13,"key":"REST"}],"circlet_count":0,"master_deck":["AscendersBane","Strike_S","Strike_S","Strike_S","Defend_S","Defend_S","KidneyShot","Exchange","SpecialFormula","DancingSilver+1","FastForward","BottledTime","Moondial","Potential"],"relics":["Uniform","Akabeko"],"acts_visited":["Exordium"],"potions_floor_usage":[11,14],"damage_taken":[{"damage":6.0,"enemies":"Small Slimes","floor":1.0,"turns":5.0},{"damage":2.0,"enemies":"2 Louse","floor":5.0,"turns":4.0},{"damage":3.0,"enemies":"Jaw Worm","floor":8.0,"turns":6.0},{"damage":38.0,"enemies":"Gremlin Gang","floor":10.0,"turns":7.0},{"damage":10,"enemies":"Lots of Slimes","floor":11,"turns":7},{"damage":0,"enemies":"Exordium Wildlife","floor":12,"turns":3},{"damage":51,"enemies":"Gremlin Nob","floor":14,"turns":4}],"seed_played":"2050588518316086131","potions_obtained":[{"floor":1.0,"key":"SpeedPotion"},{"floor":5.0,"key":"ColorlessPotion"},{"floor":10.0,"key":"Weak Potion"}],"is_trial":false,"path_per_floor":["M","?","?","?","M","R","$","M","T","M","M","M","R","E"],"character_chosen":"THE_SERVANT","items_purchased":["FastForward"],"campfire_rested":1,"item_purchase_floors":[7],"current_hp_per_floor":[48,37,42,42,45,45,45,47,47,14,9,14,33,0,0],"gold":184,"neow_bonus":"REMOVE_CARD","is_daily":false,"chose_seed":false,"campfire_upgraded":1,"win_rate":0.0,"timestamp":1610849477,"path_taken":["M","?","?","?","M","R","$","M","T","M","?","M","R","E"],"items_purchased_type":["Card"],"build_version":"2020-12-22","purchased_purges":1,"victory":false,"max_hp_per_floor":[60,60,65,65,65,65,65,65,65,65,65,65,65,65,65],"card_choices":[{"not_picked":["Snipe","Shuttle"],"picked":"SpecialFormula","floor":1.0},{"not_picked":["Replace","Spin"],"picked":"DancingSilver","floor":5.0},{"not_picked":["Ricochet","Hightail"],"picked":"BottledTime","floor":8.0},{"not_picked":["Ricochet","DoubleEdge","Rewind"],"picked":"SKIP","floor":10.0},{"not_picked":["Spin","Replace"],"picked":"Moondial","floor":11},{"not_picked":["Reset","BottledTime"],"picked":"Potential","floor":12}],"player_experience":1866591,"relics_obtained":[{"floor":9.0,"key":"Akabeko"}],"event_choices":[{"damage_healed":0.0,"max_hp_gain":0.0,"max_hp_loss":0.0,"gold_gain":75.0,"event_name":"World of Goop","player_choice":"Gather Gold","floor":2.0,"gold_loss":0.0,"damage_taken":11.0},{"damage_healed":0.0,"max_hp_gain":5.0,"max_hp_loss":0.0,"gold_gain":0.0,"event_name":"Big Fish","player_choice":"Donut","floor":3.0,"gold_loss":0.0,"damage_taken":0.0},{"cards_removed":["Defend_S"],"damage_healed":0.0,"max_hp_gain":0.0,"max_hp_loss":0.0,"gold_gain":0.0,"event_name":"Living Wall","player_choice":"Forget","floor":4.0,"gold_loss":0.0,"damage_taken":0.0}],"is_beta":false,"boss_relics":[],"items_purged_floors":[7],"is_endless":false,"potions_floor_spawned":[1,5,10],"killed_by":"Gremlin Nob","ascension_level":20}}