{"host":"9jj9tzo2iym4bpat","time":1610893929,"event":{"mods":["Act Like it!","BaseMod","CapriCore","Colored Map","Dark Map","Luminous","Minty Spire (QoL Compilation)","Permanent Neow","StSLib","Td1madao Mod","The Animator","The Immortal","The Marked","The Servant 0.9.4","Yakumo Yukari mod"],"gold_per_floor":[119,294,49,66,166,166,197,208,208,7,42,42,59,59,59,160,160,175,188,188,39,57,57,73,73,121,133,133,151,151,151,151,256,256,271,71,91,103,103,103],"floor_reached":39,"language":"ENG","playtime":1208,"items_purged":["Doubt"],"score":450,"play_id":"53fdf35d-8b9e-413f-9c17-587fe0da441f","local_time":"20210117083209","is_ascension_mode":true,"campfire_choices":[{"data":"Infinite Blades","floor":6,"key":"SMITH"},{"floor":12,"key":"REST"},{"floor":15,"key":"REST"},{"floor":23,"key":"REST"},{"floor":25,"key":"REST"},{"data":"Accuracy","floor":30,"key":"SMITH"},{"floor":32,"key":"REST"}],"circlet_count":0,"master_deck":["Strike_G+1","Strike_G+1","Strike_G+1","Strike_G+1","Strike_G+1","Defend_G+1","Defend_G+1","Defend_G+1","Defend_G+1","Defend_G+1","Survivor","Neutralize","Backstab","Infinite Blades+1","Cloak And Dagger","Accuracy+1","Cloak And Dagger","Deflect","Adrenaline","Footwork","Infinite Blades","Adrenaline","Slice","Deflect"],"relics":["Ring of the Serpent","Strawberry","Nunchaku","Blue Candle","Bronze Scales","Whetstone","Ornamental Fan","Snake Skull","WristBlade","Tiny Chest","GremlinMask","Pen Nib"],"acts_visited":["Exordium","TheCity","TheBeyond"],"potions_floor_usage":[33,33,33,35],"damage_taken":[{"damage":0,"enemies":"Jaw Worm","floor":1,"turns":5},{"damage":0,"enemies":"2 Louse","floor":4,"turns":2},{"damage":25,"enemies":"Gremlin Nob","floor":7,"turns":5},{"damage":0,"enemies":"Cultist","floor":8,"turns":4},{"damage":7,"enemies":"Lagavulin","floor":11,"turns":6},{"damage":7,"enemies":"Large Slime","floor":13,"turns":6},{"damage":32,"enemies":"Hexaghost","floor":16,"turns":11},{"damage":16,"enemies":"3 Byrds","floor":18,"turns":3},{"damage":4,"enemies":"Shell Parasite","floor":19,"turns":4},{"damage":24,"enemies":"Shelled Parasite and Fungi","floor":22,"turns":4},{"damage":13,"enemies":"Centurion and Healer","floor":24,"turns":4},{"damage":6,"enemies":"Snecko","floor":27,"turns":4},{"damage":17,"enemies":"Snake Plant","floor":29,"turns":4},{"damage":30,"enemies":"Collector","floor":33,"turns":11},{"damage":26,"enemies":"3 Darklings","floor":35,"turns":4},{"damage":0,"enemies":"Orb Walker","floor":37,"turns":3},{"damage":21,"enemies":"3 Darklings","floor":38,"turns":4},{"damage":34,"enemies":"Jaw Worm Horde","floor":39,"turns":2}],"seed_played":"3539879153933016491","potions_obtained":[{"floor":1,"key":"SneckoOil"},{"floor":7,"key":"Poison Potion"},{"floor":22,"key":"Poison Potion"},{"floor":31,"key":"Weak Potion"},{"floor":31,"key":"Weak Potion"},{"floor":31,"key":"LiquidMemories"},{"floor":33,"key":"AttackPotion"},{"floor":35,"key":"DuplicationPotion"}],"is_trial":false,"path_per_floor":["M","?","$","M","?","R","E","M","T","$","E","R","M","?","R","B",null,"M","M","?","$","M","R","M","R","T","M","?","M","R","?","R","B",null,"M","$","M","M","M"],"character_chosen":"THE_SILENT","items_purchased":["Infinite Blades","Cloak And Dagger","Nunchaku","Whetstone","Deflect","Infinite Blades","Pen Nib","Deflect"],"campfire_rested":5,"item_purchase_floors":[3,3,3,10,10,21,36,36],"current_hp_per_floor":[77,77,77,77,77,77,52,52,52,52,45,68,61,43,66,34,77,61,57,57,57,33,56,43,66,66,60,60,43,43,43,66,36,77,51,51,51,30,0,0],"gold":103,"neow_bonus":"RANDOM_COMMON_RELIC","is_daily":false,"chose_seed":false,"campfire_upgraded":2,"win_rate":0.0,"timestamp":1610893929,"path_taken":["M","?","$","M","?","R","E","M","T","$","E","R","?","?","R","BOSS","M","M","?","$","M","R","M","R","T","M","?","?","R","?","R","BOSS","M","$","M","M","M"],"items_purchased_type":["Card","Card","Relic","Relic","Card","Card","Relic","Card"],"build_version":"2020-12-22","purchased_purges":1,"victory":false,"max_hp_per_floor":[77,77,77,77,77,77,77,77,77,77,77,77,77,77,77,77,77,77,77,77,77,77,77,77,77,77,77,77,77,77,77,77,77,77,77,77,77,77,77,77],"card_choices":[{"not_picked":["Choke","Dagger Spray"],"picked":"Backstab","floor":1},{"not_picked":["Dodge and Roll","Catalyst","Deadly Poison"],"picked":"SKIP","floor":4},{"not_picked":["Adrenaline","Deflect"],"picked":"Accuracy","floor":7},{"not_picked":["Dagger Spray","Deflect"],"picked":"Cloak And Dagger","floor":8},{"not_picked":["Distraction","Setup","Dagger Spray"],"picked":"SKIP","floor":11},{"not_picked":["All Out Attack","Underhanded Strike","Quick Slash"],"picked":"SKIP","floor":13},{"not_picked":["Wraith Form v2","Doppelganger"],"picked":"Adrenaline","floor":16},{"not_picked":["Well Laid Plans","Dagger Spray","Backflip"],"picked":"SKIP","floor":18},{"not_picked":["Dagger Throw","Grand Finale"],"picked":"Footwork","floor":19},{"not_picked":["Finisher","Acrobatics","Underhanded Strike"],"picked":"SKIP","floor":22},{"not_picked":["PiercingWail","Deadly Poison","Choke"],"picked":"SKIP","floor":24},{"not_picked":["Dodge and Roll","Calculated Gamble+1","Dagger Spray"],"picked":"SKIP","floor":27},{"not_picked":["Dagger Throw+1","Predator","Escape Plan"],"picked":"SKIP","floor":29},{"not_picked":["Die Die Die","Grand Finale"],"picked":"Adrenaline","floor":33},{"not_picked":["Underhanded Strike+1","Dagger Throw"],"picked":"Slice","floor":35},{"not_picked":["Backflip","Flying Knee","Reflex+1"],"picked":"SKIP","floor":37},{"not_picked":["Bane+1","Backflip+1","Predator+1"],"picked":"SKIP","floor":38}],"player_experience":264408,"relics_obtained":[{"floor":7,"key":"Blue Candle"},{"floor":9,"key":"Bronze Scales"},{"floor":11,"key":"Ornamental Fan"},{"floor":26,"key":"Tiny Chest"}],"event_choices":[{"damage_healed":0,"gold_gain":175,"player_choice":"AGREE","damage_taken":0,"max_hp_gain":0,"max_hp_loss":0,"event_name":"Liars Game","floor":2,"gold_loss":0,"cards_obtained":["Doubt"]},{"damage_healed":0,"gold_gain":100,"player_choice":"Pray","damage_taken":0,"max_hp_gain":0,"max_hp_loss":0,"event_name":"Golden Shrine","floor":5,"gold_loss":0},{"damage_healed":0,"gold_gain":0,"player_choice":"Success","damage_taken":18,"relics_obtained":["Snake Skull"],"max_hp_gain":0,"max_hp_loss":0,"event_name":"Scrap Ooze","floor":14,"gold_loss":0},{"damage_healed":0,"gold_gain":0,"player_choice":"Simplicity","damage_taken":0,"max_hp_gain":0,"max_hp_loss":0,"event_name":"Back to Basics","floor":20,"gold_loss":0,"cards_upgraded":["Strike_G","Strike_G","Strike_G","Defend_G","Defend_G","Defend_G","Defend_G","Defend_G"]},{"damage_healed":0,"gold_gain":0,"player_choice":"Trade","damage_taken":0,"relics_obtained":["GremlinMask"],"max_hp_gain":0,"max_hp_loss":0,"event_name":"FaceTrader","floor":28,"gold_loss":0},{"damage_healed":0,"gold_gain":0,"player_choice":"Got Potions","damage_taken":0,"max_hp_gain":0,"max_hp_loss":0,"event_name":"Lab","floor":31,"gold_loss":0}],"is_beta":false,"boss_relics":[{"not_picked":["Runic Dome","Fusion Hammer"],"picked":"WristBlade"},{"not_picked":["Velvet Choker","HoveringKite"],"picked":"Ring of the Serpent"}],"items_purged_floors":[21],"is_endless":false,"potions_floor_spawned":[1,7,22,29,33,35],"killed_by":"Jaw Worm Horde","ascension_level":3}}