{"host":"5gc11emcm5chfr5t","time":1610856065,"event":{"mods":["2.2 Compatiblity","AchievementEnabler","BaseMod","Bestiary","Better Note","Colored Map","Colored Powertips","Downfall","Googly Eyes","Minty Spire (QoL Compilation)","Rare Cards Sparkle","StSLib"],"gold_per_floor":[112,128,128,128,146,177,195,219,219,254,38,57,57,71,71,71,71],"floor_reached":16,"language":"ENG","playtime":945,"items_purged":[],"score":224,"play_id":"2757b05e-aa67-4d60-8c26-ae33f7d58601","local_time":"20210116230105","is_ascension_mode":true,"campfire_choices":[{"floor":15,"key":"REST"}],"circlet_count":0,"master_deck":["AscendersBane","sneckomod:Defend","sneckomod:TailWhip","sneckomod:SnekBite","sneckomod:Unknown","sneckomod:Unknown","sneckomod:UnknownBlock+1","sneckomod:UnknownUncommonSkill+1","sneckomod:SnakeSap+1","sneckomod:SlitherStrike","sneckomod:UnknownCommonAttack","sneckomod:SoulCleanse","sneckomod:Restock","sneckomod:SerpentIdol","sneckomod:WideSting","sneckomod:UnendingSupply","sneckomod:UnknownRareAttack","sneckomod:UnknownUncommonAttack","sneckomod:UnknownUncommonAttack","sneckomod:QuickBite","sneckomod:UnknownUncommonPower"],"relics":["Astrolabe","Ornamental Fan","Odd Mushroom","HornCleat","Orichalcum"],"acts_visited":["Exordium"],"potions_floor_usage":[6,16,16],"damage_taken":[{"damage":8,"enemies":"Small Slimes","floor":1,"turns":2},{"damage":3,"enemies":"Jaw Worm","floor":2,"turns":3},{"damage":0,"enemies":"Cultist","floor":5,"turns":3},{"damage":33,"enemies":"Gremlin Nob","floor":6,"turns":4},{"damage":0,"enemies":"Large Slime","floor":7,"turns":4},{"damage":0,"enemies":"The Mushroom Lair","floor":8,"turns":4},{"damage":26,"enemies":"3 Sentries","floor":10,"turns":7},{"damage":0,"enemies":"Looter","floor":12,"turns":3},{"damage":2,"enemies":"Exordium Wildlife","floor":14,"turns":3},{"damage":41,"enemies":"Slime Boss","floor":16,"turns":5}],"seed_played":"8969299840034755759","potions_obtained":[{"floor":5,"key":"SteroidPotion"},{"floor":7,"key":"Weak Potion"},{"floor":8,"key":"SpeedPotion"},{"floor":10,"key":"champ:CounterPotion"}],"is_trial":false,"path_per_floor":["M","M","?","?","M","E","M","?","T","E","$","M","?","M","R","B"],"character_chosen":"THE_SNECKO","items_purchased":["sneckomod:UnknownRareAttack","sneckomod:UnknownUncommonAttack"],"campfire_rested":1,"item_purchase_floors":[11,11],"current_hp_per_floor":[67,64,69,69,69,36,36,36,36,10,10,10,10,8,34,0,0],"gold":71,"neow_bonus":"BOSS_RELIC","is_daily":false,"chose_seed":false,"campfire_upgraded":0,"win_rate":0.0,"timestamp":1610856065,"path_taken":["M","M","?","?","?","E","M","?","T","E","$","M","?","M","R","BOSS"],"items_purchased_type":["Card","Card"],"build_version":"2020-12-22","purchased_purges":0,"victory":false,"max_hp_per_floor":[83,83,88,88,88,88,88,88,88,88,88,88,88,88,88,88,88],"card_choices":[{"not_picked":["sneckomod:UnknownCommonSkill","sneckomod:DiceCrush"],"picked":"sneckomod:SlitherStrike","floor":1},{"not_picked":["sneckomod:UnknownClassGREEN","sneckomod:CheapStock"],"picked":"sneckomod:UnknownCommonAttack","floor":2},{"not_picked":["sneckomod:UnknownClassGUARDIAN","sneckomod:UnknownX"],"picked":"sneckomod:SoulCleanse","floor":5},{"not_picked":["sneckomod:UnknownClassTHE_BRONZE_AUTOMATON","sneckomod:UnknownExhaust"],"picked":"sneckomod:Restock","floor":6},{"not_picked":["sneckomod:DefensiveFlair","sneckomod:UnknownClassHEXA_GHOST_PURPLE"],"picked":"sneckomod:SerpentIdol","floor":7},{"not_picked":["sneckomod:DiceCrush","sneckomod:Unknown2Cost"],"picked":"sneckomod:WideSting","floor":8},{"not_picked":["sneckomod:UnknownUncommonSkill","sneckomod:UnknownUncommonPower"],"picked":"sneckomod:UnendingSupply","floor":10},{"not_picked":["sneckomod:UnknownUncommonSkill","sneckomod:UnknownStrike"],"picked":"sneckomod:UnknownUncommonAttack","floor":12},{"not_picked":["sneckomod:SoulDraw","sneckomod:UnknownClassRED"],"picked":"sneckomod:UnknownUncommonPower","floor":14}],"player_experience":549145,"relics_obtained":[{"floor":6,"key":"Ornamental Fan"},{"floor":8,"key":"Odd Mushroom"},{"floor":9,"key":"HornCleat"},{"floor":10,"key":"Orichalcum"}],"event_choices":[{"damage_healed":0,"gold_gain":0,"player_choice":"Donut","damage_taken":0,"max_hp_gain":5,"max_hp_loss":0,"event_name":"Big Fish","floor":3,"gold_loss":0},{"cards_removed":["sneckomod:Defend"],"damage_healed":0,"gold_gain":0,"player_choice":"Offered Basic","damage_taken":0,"max_hp_gain":0,"max_hp_loss":0,"event_name":"Bonfire Elementals","floor":4,"gold_loss":0},{"damage_healed":0,"gold_gain":0,"player_choice":"Fought Mushrooms","damage_taken":0,"max_hp_gain":0,"max_hp_loss":0,"event_name":"Mushrooms","floor":8,"gold_loss":0},{"damage_healed":0,"gold_gain":0,"cards_transformed":["sneckomod:Defend"],"player_choice":"Change","damage_taken":0,"max_hp_gain":0,"max_hp_loss":0,"event_name":"Living Wall","floor":13,"gold_loss":0,"cards_obtained":["sneckomod:QuickBite"]}],"is_beta":false,"boss_relics":[],"items_purged_floors":[],"is_endless":false,"potions_floor_spawned":[5,7,8,10],"killed_by":"Slime Boss","ascension_level":20}}