{"host":"8lgo2trwv2o0qyml","time":1610910344,"event":{"mods":["BaseMod","Colored Map","Colored Powertips","DeckTracker","Highlight Path","Hubris","Infinite Spire","Minty Spire (QoL Compilation)","Quick Restart","Random Character Button","Relic Sorter","Replay The Spire","StSLib","SuperFastMode","Synergy Search"],"gold_per_floor":[116,136,136,136,14,49,49,77,77,94,94,112,137,137,137,233,233,244,169,109,24,24,24,55,65,117,117,0,10,10,10],"floor_reached":30,"playtime":2660,"items_purged":[],"score":264,"play_id":"8f46ad73-f39a-42f0-aab6-a033debd946d","local_time":"20210117140544","is_ascension_mode":false,"campfire_choices":[{"floor":11,"key":"DIG"},{"floor":15,"key":"REST"},{"floor":23,"key":"DIG"},{"floor":27,"key":"REST"}],"circlet_count":0,"master_deck":["Strike_G","Strike_G","Strike_G","Strike_G","Strike_G","Defend_G","Defend_G+1","Defend_G","Defend_G+1","Survivor","Neutralize","Dagger Spray","Noxious Fumes","Distraction","Bane","ReplayTheSpireMod:Necrosis","Distraction","Backflip","Dagger Spray","Burst","Envenom","Backstab","Fluid Movement","Noxious Fumes","Replay:Poison Smokescreen","Quick Slash+1","Poisoned Stab"],"relics":["hubris:Backtick","hubris:Reverence","Snake Skull","infinitespire:Broken Mirror","Strawberry","Shovel","Orichalcum","War Paint","Omamori","Toy Ornithopter","SlaversCollar","DollysMirror","Kunai","Replay:Wax Seal","Tiny Chest"],"acts_visited":["Exordium","TheCity"],"potions_floor_usage":[13,16,16,18,25],"damage_taken":[{"damage":0,"enemies":"Cultist","floor":1,"turns":6},{"damage":0,"enemies":"Jaw Worm","floor":2,"turns":4},{"damage":14,"enemies":"3 Sentries","floor":6,"turns":6},{"damage":5,"enemies":"Lagavulin","floor":8,"turns":6},{"damage":3,"enemies":"2 Louse","floor":10,"turns":3},{"damage":0,"enemies":"2 Fungi Beasts","floor":12,"turns":3},{"damage":32,"enemies":"Gremlin Nob","floor":13,"turns":5},{"damage":25,"enemies":"Slime Boss","floor":16,"turns":9},{"damage":9,"enemies":"3 Byrds","floor":18,"turns":3},{"damage":24,"enemies":"2 Thieves","floor":20,"turns":4},{"damage":19,"enemies":"Gremlin Leader","floor":24,"turns":7},{"damage":17,"enemies":"3 Cultists","floor":25,"turns":4},{"damage":33,"enemies":"Sentry and Sphere","floor":29,"turns":7},{"damage":5,"enemies":"Cultist and Chosen","floor":30,"turns":1}],"seed_played":"-6274210647069891477","potions_obtained":[{"floor":1,"key":"Milkshake"},{"floor":8,"key":"PowerPotion"},{"floor":13,"key":"EssenceOfSteel"},{"floor":16,"key":"Explosive Potion"},{"floor":24,"key":"Venom Potion"},{"floor":25,"key":"Poison Potion"}],"is_trial":false,"path_per_floor":["M","M","?","$","$","E","?","E","T","M","R","M","E","?","R","B",null,"M","?","M","?","AVR","R","E","M","T","R","?","M","M"],"character_chosen":"THE_SILENT","items_purchased":["Distraction","Bane"],"campfire_rested":2,"item_purchase_floors":[5,5],"current_hp_per_floor":[70,70,70,70,70,56,45,40,40,37,37,37,5,5,28,13,77,68,68,44,44,44,44,25,13,13,36,36,3,0,0],"gold":10,"neow_bonus":"BOSS_RELIC","is_daily":false,"chose_seed":false,"campfire_upgraded":0,"win_rate":0.0,"timestamp":1610910344,"path_taken":["M","M","?","?","$","E","?","E","T","M","R","M","E","?","R","BOSS","M","?","M","?","AVR","R","E","M","T","R","?","?","M"],"items_purchased_type":["Card","Card"],"build_version":"2020-12-22","purchased_purges":0,"victory":false,"max_hp_per_floor":[70,70,70,70,70,70,77,77,77,77,77,77,77,77,77,77,77,77,77,77,77,77,77,77,77,77,77,77,77,77,77],"card_choices":[{"not_picked":["Crippling Poison","Calculated Gamble"],"picked":"Dagger Spray","floor":1},{"not_picked":["Well Laid Plans","Deadly Poison"],"picked":"Noxious Fumes","floor":2},{"not_picked":["Dodge and Roll","hubris:Counter"],"picked":"ReplayTheSpireMod:Necrosis","floor":6},{"not_picked":["Poisoned Stab","Doppelganger"],"picked":"Distraction","floor":8},{"not_picked":["Outmaneuver","Sucker Punch"],"picked":"Backflip","floor":10},{"not_picked":["Slice","Catalyst"],"picked":"Dagger Spray","floor":12},{"not_picked":["Sucker Punch","Hidden Blade"],"picked":"Burst","floor":13},{"not_picked":["Poison Darts","Venomology"],"picked":"Envenom","floor":16},{"not_picked":["Quick Slash+1","Slice"],"picked":"Backstab","floor":18},{"not_picked":["Outmaneuver","Flying Knee"],"picked":"Fluid Movement","floor":20},{"not_picked":["Dagger Spray","Blade Dance"],"picked":"Replay:Poison Smokescreen","floor":24},{"not_picked":["Bane","Dagger Throw+1"],"picked":"Quick Slash+1","floor":25},{"not_picked":["Masterful Stab","Acrobatics"],"picked":"Poisoned Stab","floor":29}],"player_experience":90591,"relics_obtained":[{"floor":6,"key":"infinitespire:Broken Mirror"},{"floor":8,"key":"Shovel"},{"floor":9,"key":"Orichalcum"},{"floor":11,"key":"War Paint"},{"floor":13,"key":"Omamori"},{"floor":14,"key":"Toy Ornithopter"},{"floor":23,"key":"Kunai"},{"floor":24,"key":"Replay:Wax Seal"},{"floor":26,"key":"Tiny Chest"}],"event_choices":[{"damage_healed":0,"gold_gain":0,"player_choice":"Ignored","damage_taken":0,"max_hp_gain":0,"max_hp_loss":0,"event_name":"NoteForYourself","floor":3,"gold_loss":0},{"damage_healed":0,"gold_gain":0,"player_choice":"Success","damage_taken":18,"relics_obtained":["Strawberry"],"max_hp_gain":0,"max_hp_loss":0,"event_name":"Scrap Ooze","floor":7,"gold_loss":0},{"cards_removed":["Defend_G"],"damage_healed":0,"gold_gain":0,"player_choice":"Gave Gold","damage_taken":0,"max_hp_gain":0,"max_hp_loss":0,"event_name":"Beggar","floor":19,"gold_loss":75},{"damage_healed":0,"gold_gain":0,"player_choice":"Obtained Relic","damage_taken":0,"relics_obtained":["hubris:Reverence"],"max_hp_gain":0,"max_hp_loss":0,"event_name":"Addict","floor":21,"gold_loss":85},{"damage_healed":0,"gold_gain":0,"player_choice":"Paid Fearfully","damage_taken":0,"max_hp_gain":0,"max_hp_loss":0,"event_name":"Masked Bandits","floor":28,"gold_loss":117}],"is_beta":false,"boss_relics":[{"not_picked":["Sozu","ChewingGum","Velvet Choker"]}],"items_purged_floors":[],"is_endless":false,"potions_floor_spawned":[1,8,13,16,24,25],"killed_by":"Cultist and Chosen","ascension_level":0}}