{"host":"7k7fhzlbqzyu5ijh","time":1610861521,"event":{"mods":["AchievementEnabler","BaseMod","Bestiary","Colored Powertips","Filter the Spire","Highlight Path","Minty Spire (QoL Compilation)","Potion Indicator Mod","RNG Fix","Relic Stats"],"gold_per_floor":[109,124,139,158,175,207,207,218,218,252,270,270,280,26,26,124,124,142,167,92,92,104,104,104],"floor_reached":23,"language":"ENG","playtime":1442,"items_purged":["Strike_R"],"score":287,"play_id":"4c1ef340-d590-44ca-bfce-d229a59bcd89","local_time":"20210117003201","is_ascension_mode":true,"campfire_choices":[{"data":"Bash","floor":7.0,"key":"SMITH"},{"data":"True Grit","floor":12.0,"key":"SMITH"},{"data":"Dark Embrace","floor":15.0,"key":"SMITH"}],"circlet_count":0,"master_deck":["Strike_R","Strike_R","Strike_R","Defend_R","Defend_R","Defend_R","Defend_R","Bash+1","Clash","Wild Strike","Impervious","Spot Weakness","Dropkick+1","Battle Trance","Sword Boomerang+1","True Grit+1","Flex","Dark Embrace+1","Immolate","Thunderclap+1","Combust+1","Whirlwind+1"],"relics":["Burning Blood","Red Skull","Torii","Shuriken","Whetstone","Black Star","Red Mask","MutagenicStrength"],"acts_visited":["Exordium","TheCity"],"potions_floor_usage":[19],"damage_taken":[{"damage":11.0,"enemies":"Small Slimes","floor":1.0,"turns":4.0},{"damage":0.0,"enemies":"Cultist","floor":2.0,"turns":4.0},{"damage":13.0,"enemies":"Jaw Worm","floor":3.0,"turns":4.0},{"damage":6.0,"enemies":"3 Louse","floor":4.0,"turns":4.0},{"damage":4.0,"enemies":"Large Slime","floor":5.0,"turns":7.0},{"damage":15.0,"enemies":"Lagavulin","floor":6.0,"turns":5.0},{"damage":0.0,"enemies":"2 Fungi Beasts","floor":8.0,"turns":3.0},{"damage":23.0,"enemies":"3 Sentries","floor":10.0,"turns":8.0},{"damage":11.0,"enemies":"Looter","floor":11.0,"turns":2.0},{"damage":13.0,"enemies":"Exordium Wildlife","floor":13.0,"turns":3.0},{"damage":8.0,"enemies":"Hexaghost","floor":16.0,"turns":6.0},{"damage":14,"enemies":"Chosen","floor":18,"turns":4},{"damage":7,"enemies":"Masked Bandits","floor":19,"turns":2},{"damage":15,"enemies":"2 Thieves","floor":22,"turns":4},{"damage":61,"enemies":"Book of Stabbing","floor":23,"turns":5}],"seed_played":"857050321787192985","potions_obtained":[{"floor":0.0,"key":"DuplicationPotion"},{"floor":0.0,"key":"Block Potion"},{"floor":0.0,"key":"HeartOfIron"},{"floor":4.0,"key":"SkillPotion"},{"floor":5.0,"key":"Energy Potion"},{"floor":6.0,"key":"Swift Potion"},{"floor":11.0,"key":"EssenceOfSteel"}],"is_trial":false,"path_per_floor":["M","M","M","M","M","E","R","M","T","E","M","R","M","$","R","B",null,"M","?","?","?","M","E"],"character_chosen":"IRONCLAD","items_purchased":["Whetstone","Dark Embrace"],"campfire_rested":0,"item_purchase_floors":[14,14],"current_hp_per_floor":[67,73,66,66,68,59,59,65,65,48,43,43,36,36,36,34,69,61,60,60,60,51,0,0],"gold":104,"neow_bonus":"THREE_SMALL_POTIONS","is_daily":false,"chose_seed":false,"campfire_upgraded":3,"win_rate":0.0,"timestamp":1610861521,"path_taken":["M","M","M","M","M","E","R","M","T","E","M","R","M","$","R","BOSS","BOSS","M","?","?","?","M","E"],"items_purchased_type":["Relic","Card"],"build_version":"2020-12-22","purchased_purges":1,"victory":false,"max_hp_per_floor":[80,80,80,80,80,80,80,80,80,80,80,80,80,80,80,80,80,80,80,80,80,80,80,80],"relic_stats":{"Torii":21,"counters":[15,65],"Shuriken":[5],"Black Star":0,"Whetstone":["Dropkick","Sword Boomerang"],"obtain_stats":[{"Torii":9,"Shuriken":10,"MutagenicStrength":21,"Black Star":17,"Red Mask":19,"Whetstone":14,"Burning Blood":0,"Red Skull":6},{"Torii":7,"Shuriken":8,"MutagenicStrength":13,"Black Star":11,"Red Mask":13,"Whetstone":10,"Burning Blood":0,"Red Skull":6},{"Torii":31,"Shuriken":39,"MutagenicStrength":56,"Black Star":50,"Red Mask":56,"Whetstone":44,"Burning Blood":0,"Red Skull":28}],"Burning Blood":84},"card_choices":[{"not_picked":["Heavy Blade","Havoc"],"picked":"Clash","floor":1.0},{"not_picked":["Metallicize","Iron Wave"],"picked":"Wild Strike","floor":2.0},{"not_picked":["Pommel Strike","Shrug It Off"],"picked":"Impervious","floor":3.0},{"not_picked":["Metallicize","Flame Barrier"],"picked":"Spot Weakness","floor":4.0},{"not_picked":["Perfected Strike","Wild Strike"],"picked":"Dropkick","floor":5.0},{"not_picked":["Shrug It Off","Pummel"],"picked":"Battle Trance","floor":6.0},{"not_picked":["Armaments","Battle Trance","Wild Strike"],"picked":"SKIP","floor":8.0},{"not_picked":["Twin Strike","Infernal Blade"],"picked":"Sword Boomerang","floor":10.0},{"not_picked":["Armaments","Evolve"],"picked":"True Grit","floor":11.0},{"not_picked":["Warcry","Body Slam"],"picked":"Flex","floor":13.0},{"not_picked":["Impervious","Reaper"],"picked":"Immolate","floor":16},{"not_picked":["Flex","Clothesline"],"picked":"Thunderclap+1","floor":18},{"not_picked":["Headbutt","Perfected Strike"],"picked":"Combust+1","floor":19},{"not_picked":["Cleave","Sword Boomerang"],"picked":"Whirlwind+1","floor":22}],"player_experience":460559,"relics_obtained":[{"floor":6.0,"key":"Red Skull"},{"floor":9.0,"key":"Torii"},{"floor":10.0,"key":"Shuriken"},{"floor":19,"key":"Red Mask"}],"event_choices":[{"damage_healed":0,"gold_gain":0,"player_choice":"Fought Bandits","damage_taken":0,"max_hp_gain":0,"max_hp_loss":0,"event_name":"Masked Bandits","floor":19,"gold_loss":0},{"cards_removed":["Strike_R"],"damage_healed":0,"gold_gain":0,"player_choice":"Gave Gold","damage_taken":0,"max_hp_gain":0,"max_hp_loss":0,"event_name":"Beggar","floor":20,"gold_loss":75},{"damage_healed":0,"gold_gain":0,"player_choice":"Inject Mutagens","damage_taken":0,"relics_obtained":["MutagenicStrength"],"max_hp_gain":0,"max_hp_loss":0,"event_name":"Drug Dealer","floor":21,"gold_loss":0}],"is_beta":false,"boss_relics":[{"not_picked":["Tiny House","SacredBark"],"picked":"Black Star"}],"items_purged_floors":[14],"is_endless":false,"potions_floor_spawned":[4,5,6,11,13],"killed_by":"Book of Stabbing","ascension_level":8}}