{"host":"e6sgj53qqwx3piqv","time":1610863246,"event":{"mods":["AchievementEnabler","Aspiration","BaseMod","BetterRewards","Colored Powertips","Hermit","Hubris","Infinite Spire","Minty Spire (QoL Compilation)","Quick Restart","Rare Cards Sparkle","Replay The Spire","Shop Mod","StSLib","The Cursed","The Disciple","The Jungle","The Runesmith"],"gold_per_floor":[28,28,28,28,28,28,28,55,55],"floor_reached":8,"language":"ENG","playtime":853,"items_purged":[],"score":52,"play_id":"763b510c-708f-4e96-97e2-ab8ae49c796b","local_time":"20210117010046","daily_mods":["Allstar","Colorless Cards","Heirloom","Time Dilation","Flight","Diverse","Colorless Cards"],"is_ascension_mode":false,"campfire_choices":[{"data":"ReplayTheSpireMod:Private Reserves","floor":6,"key":"SMITH"},{"data":"hubris:MerchantsHand","floor":7,"key":"SMITH"}],"circlet_count":0,"master_deck":["Strike_R","Strike_G","Strike_B","hubris:Strike_Merchant","Defend_R","Defend_G","Defend_B","hubris:Defend_Merchant","hubris:MerchantsHand+1","hubris:MerchantsHand","Good Instincts","The Bomb","Blind","Discovery","ReplayTheSpireMod:Private Reserves+1","Flying Knee"],"relics":["Smiling Mask","hubris:NiceRug","hubris:Potato","Ring of Hypnosis","ReplayTheSpireMod:Ring of Challenge","Toy Ornithopter","hermit:RyeStalk"],"acts_visited":["Exordium"],"potions_floor_usage":[],"damage_taken":[{"damage":3,"enemies":"Jaw Worm","floor":1,"turns":3},{"damage":22,"enemies":"3 Sentries","floor":8,"turns":10}],"seed_played":"8006590945260258657","potions_obtained":[{"floor":1,"key":"Cursed Concoction"}],"is_trial":true,"path_per_floor":["M","$","$","?","?","R","R","E"],"character_chosen":"HERMIT","items_purchased":[],"campfire_rested":0,"item_purchase_floors":[],"current_hp_per_floor":[72,72,72,72,72,72,72,50,50],"gold":55,"neow_bonus":"","is_daily":false,"chose_seed":false,"campfire_upgraded":2,"win_rate":0.0,"timestamp":1610863246,"path_taken":["M","$","$","?","?","R","R","E"],"items_purchased_type":[],"build_version":"2020-12-22","purchased_purges":0,"victory":false,"max_hp_per_floor":[75,75,75,75,75,75,75,75,75],"card_choices":[{"not_picked":["Replay:BluntJabs","Crescendo"],"picked":"Flying Knee","floor":1}],"player_experience":138433,"relics_obtained":[{"floor":4,"key":"Ring of Hypnosis"},{"floor":4,"key":"ReplayTheSpireMod:Ring of Challenge"},{"floor":5,"key":"Toy Ornithopter"},{"floor":8,"key":"hermit:RyeStalk"}],"event_choices":[],"is_beta":false,"boss_relics":[],"items_purged_floors":[],"is_endless":false,"potions_floor_spawned":[1],"killed_by":"3 Sentries","ascension_level":0}}