{"host":"zk71suw73lg2r165","time":1610865123,"event":{"mods":["BaseMod","Colored Map","Minty Spire (QoL Compilation)","Permanent Neow","Relic Stats","StSLib"],"gold_per_floor":[19,19,35,53,73,73,129,129,129],"floor_reached":8,"language":"ENG","playtime":234,"items_purged":[],"score":96,"play_id":"899bd555-a157-4d25-8223-072e39e2dba6","local_time":"20210117013203","is_ascension_mode":true,"campfire_choices":[{"data":"Strike_R","floor":6,"key":"PURGE"}],"circlet_count":0,"master_deck":["AscendersBane","Strike_R","Strike_R","Strike_R","Defend_R","Defend_R","Defend_R","Defend_R","Bash","Headbutt","Offering","Twin Strike","Ghostly Armor","Carnage","True Grit"],"relics":["Burning Blood","Peace Pipe","Torii"],"acts_visited":["Exordium"],"potions_floor_usage":[7],"damage_taken":[{"damage":12,"enemies":"Small Slimes","floor":1,"turns":4},{"damage":6,"enemies":"2 Louse","floor":3,"turns":2},{"damage":6,"enemies":"Cultist","floor":4,"turns":3},{"damage":18,"enemies":"Lots of Slimes","floor":5,"turns":7},{"damage":38,"enemies":"Lagavulin Event","floor":7,"turns":4},{"damage":21,"enemies":"Lagavulin","floor":8,"turns":3}],"seed_played":"-4360528824888622546","potions_obtained":[{"floor":4,"key":"Fire Potion"},{"floor":7,"key":"ElixirPotion"}],"is_trial":false,"path_per_floor":["M","?","M","M","M","R","?","E"],"character_chosen":"IRONCLAD","items_purchased":[],"campfire_rested":0,"item_purchase_floors":[],"current_hp_per_floor":[62,62,62,62,50,50,18,0,0],"gold":129,"neow_bonus":"ONE_RARE_RELIC","is_daily":false,"chose_seed":false,"campfire_upgraded":0,"win_rate":0.0,"timestamp":1610865123,"path_taken":["M","?","M","M","M","R","?","E"],"items_purchased_type":[],"build_version":"2020-12-22","purchased_purges":0,"victory":false,"max_hp_per_floor":[75,75,75,75,75,75,75,75,75],"relic_stats":{"Peace Pipe":1,"Torii":0,"counters":[6,23],"obtain_stats":[{"Peace Pipe":0,"Torii":7,"Burning Blood":0},{"Peace Pipe":0,"Torii":5,"Burning Blood":0},{"Peace Pipe":0,"Torii":20,"Burning Blood":0}],"Burning Blood":30},"card_choices":[{"not_picked":["Warcry","Iron Wave"],"picked":"Headbutt","floor":1},{"not_picked":["Clash","Warcry"],"picked":"Twin Strike","floor":3},{"not_picked":["True Grit","Clash"],"picked":"Ghostly Armor","floor":4},{"not_picked":["Clash","True Grit"],"picked":"Carnage","floor":5},{"not_picked":["Thunderclap","Pummel"],"picked":"True Grit","floor":7}],"player_experience":1344722,"relics_obtained":[{"floor":7,"key":"Torii"}],"event_choices":[{"damage_healed":0,"gold_gain":0,"cards_transformed":["Strike_R"],"player_choice":"Change","damage_taken":0,"max_hp_gain":0,"max_hp_loss":0,"event_name":"Living Wall","floor":2,"gold_loss":0,"cards_obtained":["Offering"]},{"damage_healed":0,"gold_gain":0,"player_choice":"Searched \u00272\u0027 times","damage_taken":0,"max_hp_gain":0,"max_hp_loss":0,"event_name":"Dead Adventurer","floor":7,"gold_loss":0}],"is_beta":false,"boss_relics":[],"items_purged_floors":[],"is_endless":false,"potions_floor_spawned":[4,7],"killed_by":"Lagavulin","ascension_level":20}}