{"host":"dpbezu80jg8zk7un","time":1610890145,"event":{"mods":["BaseMod","Colored Map","Colored Powertips","Custom Start","DeckTracker","Minty Spire (QoL Compilation)","Quick Restart","StSLib","SuperFastMode"],"gold_per_floor":[112,112,37,57,132,161,161,192,274,274,274,288,299,312,312,391,391,405,405,421,71,88,88,105,105,156,187,214,214,214,43,43,122,122,141,196,196,196],"floor_reached":37,"language":"KOR","playtime":964,"items_purged":["Defend_P","Strike_P","Defend_P"],"score":890,"play_id":"92be7e90-0986-493e-9ddb-9147fdf091be","local_time":"20210117222905","is_ascension_mode":true,"campfire_choices":[{"data":"Eruption","floor":7.0,"key":"SMITH"},{"data":"CrushJoints","floor":15.0,"key":"SMITH"},{"floor":23.0,"key":"REST"},{"floor":25.0,"key":"REST"},{"data":"Ragnarok","floor":29,"key":"SMITH"},{"floor":32,"key":"REST"}],"circlet_count":0,"master_deck":["AscendersBane","Strike_P","Strike_P","Defend_P","Eruption+1","Vigilance","Sanctity","Meditate","CrushJoints+1","FollowUp","Ragnarok+1","Adaptation","Necronomicurse","WreathOfFlame+1","Halt+1"],"relics":["HolyWater","NeowsBlessing","Smiling Mask","Boot","StrikeDummy","Philosopher\u0027s Stone","Necronomicon","Membership Card","Sundial","Blood Vial","Toxic Egg 2","Red Mask","Medical Kit","CaptainsWheel"],"acts_visited":["Exordium","TheCity","TheBeyond"],"potions_floor_usage":[28,28,36],"damage_taken":[{"damage":0.0,"enemies":"2 Louse","floor":1.0,"turns":1.0},{"damage":0.0,"enemies":"Jaw Worm","floor":4.0,"turns":1.0},{"damage":0.0,"enemies":"Gremlin Nob","floor":6.0,"turns":1.0},{"damage":0.0,"enemies":"Lagavulin","floor":8.0,"turns":3.0},{"damage":0.0,"enemies":"Small Slimes","floor":12.0,"turns":3.0},{"damage":3.0,"enemies":"2 Fungi Beasts","floor":13.0,"turns":3.0},{"damage":0.0,"enemies":"Large Slime","floor":14.0,"turns":1.0},{"damage":33.0,"enemies":"Hexaghost","floor":16.0,"turns":9.0},{"damage":16.0,"enemies":"3 Byrds","floor":18.0,"turns":4.0},{"damage":0.0,"enemies":"2 Thieves","floor":20.0,"turns":1.0},{"damage":5.0,"enemies":"Snecko","floor":22.0,"turns":3.0},{"damage":12.0,"enemies":"Chosen and Byrds","floor":24.0,"turns":3.0},{"damage":11.0,"enemies":"Book of Stabbing","floor":27.0,"turns":2.0},{"damage":11,"enemies":"Masked Bandits","floor":28,"turns":3},{"damage":40,"enemies":"Champ","floor":33,"turns":4},{"damage":37,"enemies":"3 Shapes","floor":35,"turns":3},{"damage":28,"enemies":"2 Orb Walkers","floor":36,"turns":4},{"damage":13,"enemies":"3 Darklings","floor":37,"turns":1}],"seed_played":"-6904050577497464794","potions_obtained":[{"floor":1.0,"key":"ColorlessPotion"},{"floor":4.0,"key":"Fire Potion"},{"floor":14.0,"key":"Energy Potion"},{"floor":16.0,"key":"Ancient Potion"},{"floor":22.0,"key":"Ambrosia"},{"floor":24.0,"key":"AttackPotion"},{"floor":36,"key":"LiquidBronze"}],"is_trial":false,"path_per_floor":["M","?","$","M","?","E","R","E","T","?","?","M","M","M","R","B",null,"M","?","M","$","M","R","M","R","T","E","?","R","?","$","R","B",null,"M","?","M"],"character_chosen":"WATCHER","items_purchased":["Membership Card","Sundial","Medical Kit","Regen Potion"],"campfire_rested":3,"item_purchase_floors":[21,21,31,31],"current_hp_per_floor":[61,61,61,61,50,50,50,50,50,55,55,55,52,52,52,19,60,44,23,23,23,18,39,27,48,48,39,30,30,30,30,51,13,58,23,9,0,0],"gold":196,"neow_bonus":"THREE_ENEMY_KILL","is_daily":false,"chose_seed":false,"campfire_upgraded":3,"win_rate":0.0,"timestamp":1610890145,"path_taken":["M","?","$","M","?","E","R","E","T","?","?","M","M","M","R","BOSS","M","?","M","$","M","R","M","R","T","E","?","R","?","$","R","BOSS","M","?","M"],"items_purchased_type":["Relic","Relic","Relic","Potion"],"build_version":"2020-12-22","purchased_purges":3,"victory":false,"max_hp_per_floor":[68,68,68,68,68,68,68,68,68,73,73,73,73,73,73,73,73,73,73,73,73,73,73,73,73,73,73,73,73,73,73,73,73,73,73,73,73,73],"card_choices":[{"not_picked":["Collect","DeceiveReality","CutThroughFate"],"picked":"SKIP","floor":1.0},{"not_picked":["ForeignInfluence","PathToVictory"],"picked":"Meditate","floor":4.0},{"not_picked":["DeceiveReality","Pray"],"picked":"CrushJoints","floor":6.0},{"not_picked":["DeceiveReality","Wish","Evaluate"],"picked":"SKIP","floor":8.0},{"not_picked":["Meditate","Protect","EmptyBody"],"picked":"SKIP","floor":12.0},{"not_picked":["Wallop","Protect","EmptyBody"],"picked":"SKIP","floor":13.0},{"not_picked":["FlurryOfBlows","LikeWater"],"picked":"FollowUp","floor":14.0},{"not_picked":["Devotion","Judgement"],"picked":"Ragnarok","floor":16.0},{"not_picked":["CutThroughFate","Evaluate"],"picked":"Adaptation","floor":18.0},{"not_picked":["Collect","BowlingBash","ClearTheMind+1"],"picked":"SKIP","floor":20.0},{"not_picked":["DeceiveReality","Worship","Sanctity"],"picked":"SKIP","floor":22.0},{"not_picked":["SignatureMove","JustLucky","ThirdEye"],"picked":"SKIP","floor":24.0},{"not_picked":["Wish+1","BattleHymn","BowlingBash+1"],"picked":"SKIP","floor":27.0},{"not_picked":["EmptyFist","Consecrate"],"picked":"WreathOfFlame+1","floor":28},{"not_picked":["FlurryOfBlows","Protect+1"],"picked":"Halt+1","floor":35}],"player_experience":2883060,"relics_obtained":[{"floor":6.0,"key":"Smiling Mask"},{"floor":8.0,"key":"Boot"},{"floor":9.0,"key":"StrikeDummy"},{"floor":19.0,"key":"Necronomicon"},{"floor":26.0,"key":"Blood Vial"},{"floor":27.0,"key":"Toxic Egg 2"},{"floor":28,"key":"Red Mask"},{"floor":36,"key":"CaptainsWheel"}],"event_choices":[{"damage_healed":0.0,"max_hp_gain":0.0,"max_hp_loss":0.0,"gold_gain":0.0,"cards_transformed":["Defend_P"],"event_name":"Living Wall","player_choice":"Change","floor":2.0,"gold_loss":0.0,"damage_taken":0.0,"cards_obtained":["Sanctity"]},{"damage_healed":0.0,"max_hp_gain":0.0,"max_hp_loss":0.0,"gold_gain":75.0,"event_name":"World of Goop","player_choice":"Gather Gold","floor":5.0,"gold_loss":0.0,"damage_taken":11.0},{"damage_healed":0.0,"max_hp_gain":5.0,"max_hp_loss":0.0,"gold_gain":0.0,"event_name":"Big Fish","player_choice":"Donut","floor":10.0,"gold_loss":0.0,"damage_taken":0.0},{"damage_healed":0.0,"max_hp_gain":0.0,"max_hp_loss":0.0,"gold_gain":0.0,"event_name":"Liars Game","player_choice":"Ignored","floor":11.0,"gold_loss":0.0,"damage_taken":0.0},{"damage_healed":0.0,"max_hp_gain":0.0,"max_hp_loss":0.0,"gold_gain":0.0,"event_name":"Cursed Tome","player_choice":"Obtained Book","floor":19.0,"gold_loss":0.0,"damage_taken":21.0},{"damage_healed":0,"gold_gain":0,"player_choice":"Fought Bandits","damage_taken":0,"max_hp_gain":0,"max_hp_loss":0,"event_name":"Masked Bandits","floor":28,"gold_loss":0},{"cards_removed":["Strike_P"],"damage_healed":0,"gold_gain":0,"player_choice":"Purged","damage_taken":0,"max_hp_gain":0,"max_hp_loss":0,"event_name":"Purifier","floor":30,"gold_loss":0},{"damage_healed":0,"gold_gain":0,"player_choice":"Fight","damage_taken":0,"max_hp_gain":0,"max_hp_loss":0,"event_name":"Mysterious Sphere","floor":36,"gold_loss":0}],"is_beta":false,"boss_relics":[{"not_picked":["SlaversCollar","Ectoplasm"],"picked":"Philosopher\u0027s Stone"},{"not_picked":["Cursed Key","Coffee Dripper"],"picked":"HolyWater"}],"items_purged_floors":[3,21,31],"is_endless":false,"potions_floor_spawned":[1,4,14,16,22,24,36],"killed_by":"3 Darklings","ascension_level":20}}