{"host":"25ulnz1s7ujxz1i5","time":1610864788,"event":{"mods":["AchievementEnabler","BaseMod","Custom Start","Data Control","Minty Spire (QoL Compilation)","StSLib"],"gold_per_floor":[112,98535,98535,98548,98548,98582,97962,98019,98019,98019,98019,98019,98019,98019,98019,98138,98138,98152,98152,98152,98165,98090,98090,97252,97293,97293,97293,97293,96497,96497,96531,96531,96652,96652,96670,96670,96630,96644,96644,96644,96667,96667,96667,96698,96731,96754,96790,96196,96196,96205],"floor_reached":51,"language":"ENG","playtime":3119,"items_purged":["Regret","Defend_R","Writhe","Regret"],"score":1257,"play_id":"9e8470cc-cac7-4833-8630-72ff10882003","local_time":"20210117012628","daily_mods":["Heirloom","Cursed Run"],"is_ascension_mode":true,"campfire_choices":[{"data":"Spot Weakness","floor":10,"key":"SMITH"},{"data":"Perfected Strike","floor":15,"key":"SMITH"},{"data":"Heavy Blade","floor":23,"key":"SMITH"},{"data":"Bash","floor":28,"key":"SMITH"},{"data":"Iron Wave","floor":32,"key":"SMITH"},{"data":"Offering","floor":40,"key":"SMITH"},{"floor":49,"key":"REST"}],"circlet_count":0,"master_deck":["Strike_R+1","Strike_R+1","Strike_R+1","Strike_R+1","Strike_R+1","Defend_R+1","Defend_R+1","Bash+1","CurseOfTheBell","Spot Weakness+1","Iron Wave+1","Cleave+1","Offering+1","Perfected Strike+1","Bloodletting+1","Injury","Parasite","Exhume+1","Anger+1","Heavy Blade+1","Rage+1","Second Wind+1","Infernal Blade+1","Seeing Red+1","Entrench+1","Clumsy","Exhume+1","Spot Weakness+1","Heavy Blade+1","Secret Technique+1","Heavy Blade+1","Seeing Red+1","Writhe","Shame","Metallicize+1","Heavy Blade+1","Shame"],"relics":["Cursed Key","Darkstone Periapt","Du-Vu Doll","Prayer Wheel","Calling Bell","Anchor","Matryoshka","CaptainsWheel","Blood Vial","FossilizedHelix","Sling","Happy Flower","Calipers","WingedGreaves","PreservedInsect","Juzu Bracelet","Orrery","Bag of Preparation","Oddly Smooth Stone","Toxic Egg 2","Ornamental Fan","Golden Idol","Runic Pyramid","Smiling Mask","StoneCalendar","Self Forming Clay","Chemical X","Eternal Feather","Regal Pillow","OrangePellets","Champion Belt","Strawberry","MutagenicStrength","Gremlin Horn","Black Star","Bottled Flame","Orichalcum","Frozen Egg 2","Ginger","Toy Ornithopter","InkBottle","Bag of Marbles","MealTicket","Paper Frog","CeramicFish","Toolbox"],"acts_visited":["Exordium","TheCity","TheBeyond"],"potions_floor_usage":[16,16,25,41,41,46],"damage_taken":[{"damage":0,"enemies":"Small Slimes","floor":1,"turns":2},{"damage":0,"enemies":"Jaw Worm","floor":4,"turns":1},{"damage":14,"enemies":"Lagavulin","floor":6,"turns":4},{"damage":0,"enemies":"Lagavulin Event","floor":8,"turns":2},{"damage":33,"enemies":"Hexaghost","floor":16,"turns":5},{"damage":0,"enemies":"Shell Parasite","floor":18,"turns":2},{"damage":0,"enemies":"Chosen","floor":21,"turns":3},{"damage":7,"enemies":"Slavers","floor":25,"turns":3},{"damage":0,"enemies":"Gremlin Leader","floor":31,"turns":1},{"damage":6,"enemies":"Champ","floor":33,"turns":7},{"damage":0,"enemies":"3 Shapes","floor":35,"turns":1},{"damage":0,"enemies":"3 Darklings","floor":38,"turns":1},{"damage":0,"enemies":"Sphere and 2 Shapes","floor":41,"turns":1},{"damage":10,"enemies":"Reptomancer","floor":44,"turns":2},{"damage":0,"enemies":"Giant Head","floor":45,"turns":3},{"damage":0,"enemies":"Jaw Worm Horde","floor":46,"turns":2},{"damage":0,"enemies":"Nemesis","floor":47,"turns":1},{"damage":6,"enemies":"Time Eater","floor":50,"turns":4}],"seed_played":"-3410894137633388428","potions_obtained":[{"floor":1,"key":"PowerPotion"},{"floor":8,"key":"SteroidPotion"},{"floor":16,"key":"Weak Potion"},{"floor":25,"key":"Swift Potion"},{"floor":33,"key":"AttackPotion"},{"floor":44,"key":"Fire Potion"},{"floor":47,"key":"SteroidPotion"}],"is_trial":true,"path_per_floor":["M","$","?","M","T","E","$","?","T","R","?","?","?","?","R","B",null,"M","?","?","M","?","R","$","E","T","?","R","$","?","E","R","B",null,"M","?","?","M","?","R","M","T","T","E","E","M","E","$","R","B",null],"character_chosen":"IRONCLAD","items_purchased":["Blood Vial","FossilizedHelix","Sling","PreservedInsect","Juzu Bracelet","Orrery","Block Potion","Block Potion","StoneCalendar","Self Forming Clay","Chemical X","Rage+1","OrangePellets","Champion Belt","Strawberry","Infernal Blade+1","Seeing Red+1","Paper Frog","CeramicFish","Toolbox"],"campfire_rested":1,"item_purchase_floors":[2,2,2,7,7,7,7,7,24,24,24,24,29,29,29,29,29,48,48,48],"current_hp_per_floor":[86,86,86,86,92,78,78,80,86,86,83,89,89,95,95,70,116,116,116,122,122,122,122,122,115,121,121,128,135,135,135,135,135,141,141,141,141,141,147,147,147,153,159,149,151,158,159,159,159,159],"gold":96205,"neow_bonus":"","is_daily":false,"chose_seed":false,"campfire_upgraded":6,"win_rate":0.0,"timestamp":1610864788,"path_taken":["M","$","?","M","?","E","?","?","T","R","?","?","?","?","R","BOSS","M","?","?","M","?","R","?","E","T","?","R","$","?","E","R","BOSS","M","?","?","M","?","R","M","?","T","E","E","M","E","$","R","BOSS"],"items_purchased_type":["Relic","Relic","Relic","Relic","Relic","Relic","Potion","Potion","Relic","Relic","Relic","Card","Relic","Relic","Relic","Card","Card","Relic","Relic","Relic"],"build_version":"2020-12-22","purchased_purges":4,"victory":true,"max_hp_per_floor":[86,86,86,86,92,92,92,92,98,98,98,104,104,110,110,116,116,116,116,122,122,122,122,122,122,128,128,128,135,135,135,135,141,141,141,141,141,141,147,147,147,153,159,159,159,159,159,159,159,165],"card_choices":[{"not_picked":["Pommel Strike","Fire Breathing"],"picked":"Spot Weakness","floor":1},{"not_picked":["Warcry","Pommel Strike","Flex"],"picked":"SKIP","floor":1},{"not_picked":["Sword Boomerang","Flex"],"picked":"Iron Wave","floor":4},{"not_picked":["Sword Boomerang","Fire Breathing","Headbutt"],"picked":"SKIP","floor":4},{"not_picked":["Hemokinesis","Disarm"],"picked":"Cleave","floor":6},{"not_picked":["Clash","Evolve"],"picked":"Offering","floor":7},{"not_picked":["Body Slam","Rupture"],"picked":"Perfected Strike","floor":7},{"not_picked":["Rampage","Carnage"],"picked":"Bloodletting","floor":7},{"not_picked":["Corruption","Impervious+1"],"picked":"Exhume+1","floor":16},{"not_picked":["Flame Barrier+1","Heavy Blade"],"picked":"Anger+1","floor":18},{"not_picked":["Clash","Sword Boomerang","Wild Strike"],"picked":"SKIP","floor":18},{"not_picked":["Reckless Charge","Juggernaut"],"picked":"Heavy Blade","floor":21},{"not_picked":["Disarm+1","Thunderclap+1","Perfected Strike"],"picked":"SKIP","floor":21},{"not_picked":["Clash","Disarm+1"],"picked":"Second Wind+1","floor":25},{"not_picked":["Perfected Strike","Wild Strike"],"picked":"Entrench+1","floor":31},{"not_picked":["Fiend Fire","Double Tap+1"],"picked":"Exhume+1","floor":33},{"not_picked":["Warcry+1","Pommel Strike"],"picked":"Spot Weakness+1","floor":35},{"not_picked":["Cleave","Anger+1"],"picked":"Heavy Blade+1","floor":35},{"not_picked":["Transmutation+1","Blind+1"],"picked":"Secret Technique+1","floor":36},{"not_picked":["Perfected Strike+1","Headbutt+1"],"picked":"Heavy Blade+1","floor":38},{"not_picked":["Wild Strike","Searing Blow"],"picked":"Seeing Red+1","floor":38},{"not_picked":["Iron Wave+1","Sentinel+1","Sword Boomerang"],"picked":"SKIP","floor":41},{"not_picked":["Pummel","Thunderclap+1","Feel No Pain"],"picked":"SKIP","floor":41},{"not_picked":["Immolate","Heavy Blade","Bloodletting+1"],"picked":"SKIP","floor":44},{"not_picked":["True Grit+1","Evolve+1"],"picked":"Metallicize+1","floor":45},{"not_picked":["Flex+1","Havoc+1"],"picked":"Heavy Blade+1","floor":46},{"not_picked":["Sword Boomerang+1","Body Slam+1","True Grit+1"],"picked":"SKIP","floor":46},{"not_picked":["Headbutt+1","Iron Wave+1","True Grit+1"],"picked":"SKIP","floor":47}],"player_experience":106031,"relics_obtained":[{"floor":0,"key":"Anchor"},{"floor":0,"key":"Matryoshka"},{"floor":0,"key":"CaptainsWheel"},{"floor":5,"key":"Happy Flower"},{"floor":5,"key":"Calipers"},{"floor":6,"key":"WingedGreaves"},{"floor":8,"key":"Bag of Preparation"},{"floor":9,"key":"Oddly Smooth Stone"},{"floor":9,"key":"Toxic Egg 2"},{"floor":25,"key":"Eternal Feather"},{"floor":26,"key":"Regal Pillow"},{"floor":31,"key":"Gremlin Horn"},{"floor":42,"key":"Bottled Flame"},{"floor":43,"key":"Orichalcum"},{"floor":44,"key":"Frozen Egg 2"},{"floor":44,"key":"Ginger"},{"floor":45,"key":"Toy Ornithopter"},{"floor":45,"key":"InkBottle"},{"floor":47,"key":"Bag of Marbles"},{"floor":47,"key":"MealTicket"}],"event_choices":[{"damage_healed":0,"gold_gain":0,"player_choice":"Ignored","damage_taken":0,"max_hp_gain":0,"max_hp_loss":0,"event_name":"Golden Wing","floor":3,"gold_loss":0},{"damage_healed":0,"gold_gain":30,"player_choice":"Searched \u00273\u0027 times","damage_taken":0,"max_hp_gain":0,"max_hp_loss":0,"event_name":"Dead Adventurer","floor":8,"gold_loss":0},{"damage_healed":0,"gold_gain":0,"player_choice":"Success","damage_taken":3,"relics_obtained":["Ornamental Fan"],"max_hp_gain":0,"max_hp_loss":0,"event_name":"Scrap Ooze","floor":11,"gold_loss":0},{"damage_healed":0,"gold_gain":0,"cards_transformed":["Pain"],"player_choice":"Transformed","damage_taken":0,"max_hp_gain":0,"max_hp_loss":0,"event_name":"Transmorgrifier","floor":12,"gold_loss":0,"cards_obtained":["Shame"]},{"cards_removed":["Shame"],"damage_healed":0,"gold_gain":0,"player_choice":"Forget","damage_taken":0,"max_hp_gain":0,"max_hp_loss":0,"event_name":"Living Wall","floor":13,"gold_loss":0},{"damage_healed":0,"gold_gain":0,"player_choice":"Take Wound","damage_taken":0,"relics_obtained":["Golden Idol"],"max_hp_gain":0,"max_hp_loss":0,"event_name":"Golden Idol","floor":14,"gold_loss":0,"cards_obtained":["Injury"]},{"cards_removed":["Defend_R"],"damage_healed":0,"gold_gain":0,"player_choice":"Offered Basic","damage_taken":0,"max_hp_gain":0,"max_hp_loss":0,"event_name":"Bonfire Elementals","floor":19,"gold_loss":0},{"damage_healed":0,"gold_gain":0,"player_choice":"Opened","damage_taken":0,"relics_obtained":["Smiling Mask"],"max_hp_gain":0,"max_hp_loss":0,"event_name":"The Mausoleum","floor":20,"gold_loss":0,"cards_obtained":["Writhe"]},{"cards_removed":["Writhe"],"damage_healed":0,"gold_gain":0,"player_choice":"Gave Gold","damage_taken":0,"max_hp_gain":0,"max_hp_loss":0,"event_name":"Beggar","floor":22,"gold_loss":75},{"damage_healed":0,"gold_gain":0,"player_choice":"Simplicity","damage_taken":0,"max_hp_gain":0,"max_hp_loss":0,"event_name":"Back to Basics","floor":27,"gold_loss":0,"cards_upgraded":["Strike_R","Strike_R","Strike_R","Strike_R","Strike_R","Defend_R","Defend_R"]},{"damage_healed":0,"gold_gain":0,"player_choice":"Inject Mutagens","damage_taken":0,"relics_obtained":["MutagenicStrength"],"max_hp_gain":0,"max_hp_loss":0,"event_name":"Drug Dealer","floor":30,"gold_loss":0},{"damage_healed":0,"gold_gain":0,"player_choice":"Memory 1","damage_taken":0,"max_hp_gain":0,"max_hp_loss":0,"event_name":"SensoryStone","floor":36,"gold_loss":0},{"damage_healed":0,"gold_gain":0,"player_choice":"Upgraded Two","damage_taken":0,"max_hp_gain":0,"max_hp_loss":0,"event_name":"Designer","floor":37,"gold_loss":40,"cards_upgraded":["Bloodletting","Cleave"]},{"damage_healed":35,"gold_gain":0,"player_choice":"Writhe","damage_taken":0,"max_hp_gain":0,"max_hp_loss":0,"event_name":"Winding Halls","floor":39,"gold_loss":0,"cards_obtained":["Writhe"]}],"is_beta":false,"boss_relics":[{"not_picked":["Coffee Dripper","Ectoplasm"],"picked":"Runic Pyramid"},{"not_picked":["Runic Cube","Fusion Hammer"],"picked":"Black Star"}],"items_purged_floors":[7,24,29,48],"is_endless":false,"potions_floor_spawned":[1,8,16,25,33,44,47],"ascension_level":1}}