{"host":"jg1kdgv8lq0s5kn4","time":1610924138,"event":{"mods":["ATMod(阿瑾Mod)","AchievementEnabler","Act Like it!","Alarm Clock","AlwaysNeverKeys","BaseMod","Colored Powertips","FoggyMod","Gensokyo","Gold Saver","Marisa（F雨　魔理沙）","Minty Spire (QoL Compilation)","MostiFishMod","Remove Card Discount Mod","Shop Mod","Spicy Shops","StSLib","SuperFastMode","TestMod","【功能Mod】Neow奖励","【功能Mod】强力的原版药水","【遗物Mod】简单游戏","没有小屋子和绿帽子啦","篝火指南"],"gold_per_floor":[3370,3370,3370,3482,3482,3513,2912,2976,3000,3000,3000,3000,2219,2219,2219,2344,2344,2687,2567,2567,2567,2567,2618,2618,2874,2923,2923,2923,2306,2306,1789,1789,1910,1910,2050,2050,1707,1707,1707,1956,1956,1981,1981,1539,1566,1566,1622,1322,1322,1370,1370,1370,884,957,1280],"floor_reached":56,"language":"ZHS","playtime":2549,"items_purged":["Strike_MRS","Clumsy","Defend_MRS","Normality","ManaRampage","Strike_MRS","Defend_MRS","Defend_MRS","Gensokyo:ImpossibleRequest","Defend_MRS","Strike_MRS","Strike_MRS","Gensokyo:AllTheWorldsEvil","AlicesGift","ManaConvection","PowerUp+1"],"score":1949,"play_id":"b650f459-24dc-4024-89de-44931c3c72b2","local_time":"20210118065538","is_ascension_mode":true,"campfire_choices":[{"data":"MilkyWay","floor":10,"key":"SMITH"},{"data":"AT_FamilyPortrait","floor":12,"key":"SMITH"},{"data":"WitchOfGreed","floor":15,"key":"SMITH"},{"data":"MeteoricShower","floor":32,"key":"SMITH"},{"data":"Gensokyo:FourOfAKind","floor":49,"key":"SMITH"},{"data":"Gensokyo:FourOfAKind","floor":52,"key":"SMITH"}],"circlet_count":0,"master_deck":["UpSweep+1","AT_FamilyPortrait+1","MilkyWay+1","WitchOfGreed+1","Parasite","Injury","SuperNova+1","ShootTheMoon+1","6A","Gensokyo:FourOfAKind+1","Gensokyo:FourOfAKind+1","Gensokyo:FourOfAKind+1","Gensokyo:FourOfAKind+1","SatelliteIllusion+1","SuperNova+1","MeteoricShower+1","GasGiant","UltimateShortwave+1","Parasite","Parasite","GasGiant","IllusionStar","Shame","PropBag"],"relics":["MiniHakkero","EasyRelic","DaveBox","AT_ATBox","testmod-TestBox","RhineCircuit","SynthV:TestCard","Gensokyo:NagashiBinaDoll","Gensokyo:MarisaImprobabilityPotion","Calipers","Membership Card","Juzu Bracelet","testmod-Laevatain","ClockworkSouvenir","testmod-BlackFramedGlasses","AT_TimeSand","Regal Pillow","testmod-Charity","BrkXgEgg","Technique","MetatronsCube","Happy Flower","JellyFishMachine","Gensokyo:SpiderMask","Ginger","AT_LudenTempest","AT_ArchangelStaff","Gensokyo:DirgeOfMelancholy","MostiFishMod:AdaptiveDefenses","Civilization","SynthV","SimpleLauncher","ImprovedEquipment","War Paint","MostiFishMod:Haymaker","testmod-Maize","HereWithMe","ShroomBag","AmplifyWand","Ancient Tea Set","Gensokyo:EmptyGrave","testmod-Justice","Strawberry","Torii","StrikeDummy","Boot","Centennial Puzzle","Nunchaku","TheAbacus","AT_GoldPhoenixTree","OriginationStaff","AT_MibuBalloonWealth","PreservedInsect","Chemical X","Frozen Eye","ChiLing","Chi","Ling","testmod-ConstraintPeriapt","AT_RedNoBalance","TungstenRod","Medical Kit","AT_EbonyIvory"],"acts_visited":["Exordium","Gensokyo:Gensokyo","Gensokyo:Gensokyoer","TheEnding"],"potions_floor_usage":[53,55],"damage_taken":[{"damage":0.0,"enemies":"Gensokyo:2_Kodama","floor":1.0,"turns":2.0},{"damage":0.0,"enemies":"Gensokyo:3_Fairies","floor":4.0,"turns":3.0},{"damage":7.0,"enemies":"Gensokyo:Aya","floor":6.0,"turns":4.0},{"damage":0.0,"enemies":"Gensokyo:Mamizou","floor":8.0,"turns":3.0},{"damage":21,"enemies":"Gensokyo:Kokoro","floor":16,"turns":6},{"damage":16,"enemies":"Gensokyo:AngelMirror","floor":18,"turns":2},{"damage":6,"enemies":"Gensokyo:Koishi","floor":23,"turns":3},{"damage":36,"enemies":"Gensokyo:Reisen","floor":25,"turns":6},{"damage":19,"enemies":"Gensokyo:Eiki","floor":33,"turns":5},{"damage":1,"enemies":"Gensokyo:AncientGuardian","floor":35,"turns":3},{"damage":0,"enemies":"Gensokyo:Marisa","floor":40,"turns":3},{"damage":0,"enemies":"Gensokyo:Kasen","floor":42,"turns":2},{"damage":0,"enemies":"Gensokyo:Doremy","floor":45,"turns":2},{"damage":0,"enemies":"Gensokyo:Marisa","floor":47,"turns":2},{"damage":0,"enemies":"Gensokyo:Shinki","floor":50,"turns":3},{"damage":0,"enemies":"Shield and Spear","floor":54,"turns":3},{"damage":8,"enemies":"The Heart","floor":55,"turns":4}],"seed_played":"-8358482286987754931","potions_obtained":[{"floor":1.0,"key":"testmod-TimePotion"},{"floor":4.0,"key":"Block Potion"},{"floor":6.0,"key":"GamblersBrew"},{"floor":16,"key":"Block Potion"},{"floor":40,"key":"PowerPotion"}],"is_trial":false,"path_per_floor":["M","?","?","M","?","E","$","E","T","R","?","R","COS","?","R","B",null,"M","?","?","?","?","E","R","E","T","?","?","COS","?","$","R","B",null,"M","?","$","?","?","E","?","E","T","$","E","?","E","COS","R","B",null,"R","$","E","B",null],"character_chosen":"MARISA","items_purchased":["Membership Card","Juzu Bracelet","WitchOfGreed","Robbery","testmod-Laevatain","ClockworkSouvenir","testmod-BlackFramedGlasses","SimpleLauncher","ImprovedEquipment","GasGiant","War Paint","MostiFishMod:Haymaker","ShroomBag","AmplifyWand","Ancient Tea Set","GasGiant","IllusionStar","Boot","Centennial Puzzle","Nunchaku","TheAbacus","AT_GoldPhoenixTree","ChiLing","testmod-ConstraintPeriapt","AT_SilverBalance","TungstenRod","Medical Kit","testmod-SpacePotion"],"campfire_rested":0,"item_purchase_floors":[7,7,7,7,7,7,7,31,31,31,31,31,37,37,37,37,37,44,44,44,44,44,53,53,53,53,53,53],"current_hp_per_floor":[54,54,54,54,54,47,47,50,50,50,50,50,50,50,50,36,76,63,63,63,55,55,51,51,23,24,24,24,24,24,24,24,23,61,65,65,65,65,60,65,65,77,77,77,83,73,88,88,88,97,97,97,97,64,62],"gold":1280,"neow_bonus":"THREE_RARE_CARDS","is_daily":false,"chose_seed":false,"campfire_upgraded":6,"win_rate":0.0,"timestamp":1610924138,"path_taken":["M","?","?","?","?","E","?","E","T","R","?","R","COS","?","R","BOSS","M","?","?","?","?","E","R","E","T","?","?","COS","?","?","R","BOSS","M","?","?","?","?","E","?","E","T","?","E","?","E","COS","R","BOSS","R","$","E","BOSS"],"items_purchased_type":["Relic","Relic","Card","Card","Relic","Relic","Relic","Relic","Relic","Card","Relic","Relic","Relic","Relic","Relic","Card","Card","Relic","Relic","Relic","Relic","Relic","Relic","Relic","Relic","Relic","Relic","Potion"],"build_version":"2020-12-22","purchased_purges":16,"victory":true,"max_hp_per_floor":[75,75,75,75,75,75,75,75,75,75,75,75,75,75,75,76,76,78,78,78,55,55,56,56,58,59,59,59,59,59,59,59,61,61,65,65,65,65,60,65,65,77,77,77,83,83,90,90,90,97,97,97,97,105,112],"card_choices":[{"not_picked":["StarDustReverie","MaximisePower"],"picked":"ManaRampage","floor":0.0},{"not_picked":["IllusionStar","ChargeUpSpray"],"picked":"AlicesGift","floor":1.0},{"not_picked":["NonDirectionalLaser","GalacticHalo","MilkyWay","UnstableBomb"],"picked":"PowerUp","floor":2.0},{"not_picked":["UnstableBomb","GalacticHalo","GrandCross","IllusionStar"],"picked":"WitchLeyline","floor":4.0},{"not_picked":["EventHorizon","CollectingQuirk","OpenUniverse","UnstableBomb"],"picked":"MilkyWay","floor":6.0},{"not_picked":["MilkyWay","LuminesStrike","SuperPerseids","DoubleSpark"],"picked":"ManaConvection","floor":8.0},{"not_picked":["BigCrunch+1","SatelliteIllusion+1","EscapeVelocity+1","CollectingQuirk+1"],"picked":"SuperNova+1","floor":16},{"not_picked":["GravityBeat+1","MilkyWay+1","MysteriousBeam+1","AlicesGift+1"],"picked":"ShootTheMoon+1","floor":18},{"not_picked":["ChargingUp","MysteriousBeam","GrandCross","PowerUp"],"picked":"6A","floor":18},{"not_picked":["CollectingQuirk","SuperNova","BinaryStars","BigCrunch"],"picked":"SatelliteIllusion","floor":23},{"not_picked":["WitchOfGreed","Acceleration+1","DC","EnergyRecoil+1"],"picked":"SuperNova+1","floor":23},{"not_picked":["GrandCross","PowerUp","ShootTheMoon+1","UnstableBomb","PropBag"],"picked":"SKIP","floor":25},{"not_picked":["CollectingQuirk+1","MillisecondPulsars+1","FinalSpark+1","BinaryStars+1"],"picked":"UltimateShortwave+1","floor":33},{"not_picked":["OrrerysSun","DragonMeteor+1","PulseMagic","GalacticHalo+1","RefractionSpark"],"picked":"SKIP","floor":35},{"not_picked":["NonDirectionalLaser+1","DoubleSpark","CasketOfStar+1","WitchOfGreed","PowerUp"],"picked":"SKIP","floor":40},{"not_picked":["BlazeAway+1","DoubleSpark+1","RefractionSpark","SuperPerseids","Singularity"],"picked":"SKIP","floor":42},{"not_picked":["SatelliteIllusion+1","6A","FinalSpark+1","GalacticHalo+1","EventHorizon"],"picked":"SKIP","floor":45},{"not_picked":["GravityBeat+1","StarBarrage+1","AlicesGift","GalacticHalo+1","ChargeUpSpray"],"picked":"SKIP","floor":47},{"not_picked":["DC","Orbital+1","6A","ShootingEcho+1"],"picked":"PropBag","floor":54}],"player_experience":49089,"relics_obtained":[{"floor":1.0,"key":"SynthV:TestCard"},{"floor":6.0,"key":"Calipers"},{"floor":8.0,"key":"AT_TimeSand"},{"floor":9.0,"key":"Regal Pillow"},{"floor":23,"key":"Ginger"},{"floor":25,"key":"AT_LudenTempest"},{"floor":26,"key":"AT_ArchangelStaff"},{"floor":40,"key":"testmod-Justice"},{"floor":42,"key":"Torii"},{"floor":43,"key":"StrikeDummy"},{"floor":45,"key":"AT_MibuBalloonWealth"},{"floor":47,"key":"PreservedInsect"},{"floor":54,"key":"AT_EbonyIvory"}],"event_choices":[{"damage_healed":0,"gold_gain":0,"player_choice":"Swap Relic","damage_taken":0,"relics_obtained":["SacredBark"],"max_hp_gain":0,"max_hp_loss":0,"event_name":"给自己的盒子","floor":22,"relics_lost":["SacredBark"],"gold_loss":0},{"damage_healed":0,"gold_gain":0,"player_choice":"Ignored","damage_taken":8,"max_hp_gain":0,"max_hp_loss":0,"event_name":"恩洛斯的盘子","floor":46,"gold_loss":0}],"is_beta":false,"boss_relics":[{"not_picked":["TimeKeys","Snecko Eye"],"picked":"JellyFishMachine"},{"not_picked":["testmod-TimeTraveler","PatriotShield"],"picked":"HereWithMe"}],"items_purged_floors":[7,7,7,7,7,7,7,7,7,37,37,37,37,37,37,44],"is_endless":false,"potions_floor_spawned":[1,4,6,25,35,40],"ascension_level":2}}