{"host":"e5u7qs1emxzejr12","time":1610873346,"event":{"mods":["2.2 Compatiblity","Act Like it!","Arknights The Spire","BaseMod","CapriCore","Card Forge","Custom Start","Duelist Mod","GifTheSpireLib","Highlight Path","Luminous","Marisa£¨ìFÓê¡¡Ä§ÀíÉ³£©","Minty Spire (QoL Compilation)","Quick Restart","Replay The Spire","StSLib","SuperFastMode","Td1madao Mod","The Alterego","The Immortal","The Poker Player","The Servant 0.9.4","UnlockEverythingMod","óô»ðÖ¸ÄÏ"],"gold_per_floor":[112,46,46,121,141,154,154,189,189,214,249,249,267,283,212,338,338,354,354,235,249,249,2,16,55,55,55,69,69,84,34,34,157,157,180,196,212,230,244,282,307,323,323,341,354,377,377,150,4,4,4,4,4,48,48],"floor_reached":56,"language":"ZHS","playtime":1897,"items_purged":[],"score":1467,"play_id":"0b392e65-b8ef-4ca0-af49-943c39d1884d","local_time":"20210117164906","is_ascension_mode":false,"metric_token":1558,"campfire_choices":[{"floor":7,"key":"RECALL"},{"floor":32,"key":"REST"},{"floor":52,"key":"REST"}],"circlet_count":0,"master_deck":["PokerPlayerMod:Diamond10+","PokerPlayerMod:Diamond10+","PokerPlayerMod:Spade10+","PokerPlayerMod:Spade10+","PokerPlayerMod:Heart10+","PokerPlayerMod:Spade10+","PokerPlayerMod:Diamond10+","PokerPlayerMod:Spade10+","PokerPlayerMod:FillThePot+1","PokerPlayerMod:Sharpen+1","PokerPlayerMod:SecretDealer+1","PokerPlayerMod:Spade10+","PokerPlayerMod:Diamond10+","PokerPlayerMod:Diamond10+","PokerPlayerMod:RiskyBet+1","PokerPlayerMod:Sharpen+1","PokerPlayerMod:RiskyBet+1"],"relics":["PokerPlayerMod:DeckCase","Hammer of Thor","Seething Fire","Anvil of the Gods","NeowsBlessing","Golden Idol","Replay:Arrowhead","Strawberry","Fusion Hammer","Replay:Wax Seal","ReplayTheSpireMod:Lightbulb","Pear","MealTicket","Sozu","Mirror","Mercury Hourglass","TheAbacus","Frozen Eye","Replay:PocketPolymizer"],"acts_visited":["Exordium","TheCity","TheBeyond","TheEnding"],"potions_floor_usage":[],"damage_taken":[{"damage":0,"enemies":"Jaw Worm","floor":1,"turns":1},{"damage":0,"enemies":"2 Louse","floor":5,"turns":1},{"damage":0,"enemies":"Cultist","floor":6,"turns":1},{"damage":2,"enemies":"Gremlin Nob","floor":8,"turns":3},{"damage":0,"enemies":"Blue Slaver","floor":10,"turns":2},{"damage":0,"enemies":"Replay:BlueRogue","floor":11,"turns":3},{"damage":0,"enemies":"Lots of Slimes","floor":13,"turns":1},{"damage":0,"enemies":"2 Fungi Beasts","floor":14,"turns":1},{"damage":0,"enemies":"Slime Boss","floor":16,"turns":3},{"damage":0,"enemies":"3 Byrds","floor":18,"turns":2},{"damage":0,"enemies":"Shell Parasite","floor":21,"turns":1},{"damage":0,"enemies":"3 Cultists","floor":24,"turns":2},{"damage":0,"enemies":"theDuelist:KaibaA2","floor":25,"turns":1},{"damage":0,"enemies":"Cultist and Chosen","floor":28,"turns":1},{"damage":0,"enemies":"Sentry and Sphere","floor":30,"turns":1},{"damage":0,"enemies":"Champ","floor":33,"turns":3},{"damage":0,"enemies":"3 Darklings","floor":35,"turns":1},{"damage":0,"enemies":"Orb Walker","floor":36,"turns":1},{"damage":0,"enemies":"Maw","floor":37,"turns":2},{"damage":0,"enemies":"3 Darklings","floor":38,"turns":2},{"damage":0,"enemies":"Transient","floor":39,"turns":4},{"damage":0,"enemies":"Reptomancer","floor":40,"turns":2},{"damage":0,"enemies":"4 Shapes","floor":41,"turns":1},{"damage":0,"enemies":"Writhing Mass","floor":42,"turns":2},{"damage":0,"enemies":"Transient","floor":44,"turns":4},{"damage":0,"enemies":"Spire Growth","floor":45,"turns":1},{"damage":0,"enemies":"4 Shapes","floor":46,"turns":1},{"damage":14,"enemies":"Donu and Deca","floor":50,"turns":3},{"damage":0,"enemies":"Shield and Spear","floor":54,"turns":1},{"damage":41,"enemies":"The Heart","floor":55,"turns":4}],"seed_played":"4231256696587252945","potions_obtained":[{"floor":6,"key":"Ancient Potion"},{"floor":11,"key":"Venom Potion"},{"floor":13,"key":"SpeedPotion"}],"is_trial":false,"path_per_floor":["M","$","?","?","M","M","R","E","T","M","E","?","M","M","R","B",null,"M","?","$","M","?","R","M","E","T","R","M","R","M","?","R","B",null,"M","M","M","M","M","E","M","M","T","M","M","M","?","$","R","B",null,"R","$","E","B",null],"character_chosen":"THE_POKER_PLAYER","items_purchased":["PokerPlayerMod:MagicTrick","PokerPlayerMod:Diamond4","PokerPlayerMod:Sharpen","PokerPlayerMod:Diamond5","PokerPlayerMod:Sharpen","Replay:Wax Seal","ReplayTheSpireMod:Lightbulb","TheAbacus","PokerPlayerMod:Sharpen","Frozen Eye"],"campfire_rested":2,"item_purchase_floors":[2,2,15,20,20,23,23,48,48,49],"current_hp_per_floor":[52,52,52,41,41,41,41,50,50,52,59,59,59,59,59,59,59,59,59,59,59,56,56,56,66,66,66,66,66,66,66,69,69,69,69,69,69,69,69,69,69,69,69,69,69,69,69,69,69,69,69,69,69,69,32],"gold":48,"neow_bonus":"THREE_ENEMY_KILL","is_daily":false,"chose_seed":false,"campfire_upgraded":0,"win_rate":0.0,"timestamp":1610873346,"path_taken":["M","$","?","?","M","M","R","E","T","M","E","?","?","M","R","BOSS","M","?","$","?","?","R","M","E","T","R","M","R","?","?","R","BOSS","M","M","M","M","M","E","M","?","T","M","M","M","?","$","R","BOSS","R","$","E","BOSS"],"items_purchased_type":["Card","Card","Card","Card","Card","Relic","Relic","Relic","Card","Relic"],"build_version":"2020-12-22","purchased_purges":0,"victory":true,"max_hp_per_floor":[52,52,52,52,52,52,52,52,52,52,59,59,59,59,59,59,59,59,59,59,59,59,59,59,69,69,69,69,69,69,69,69,69,69,69,69,69,69,69,69,69,69,69,69,69,69,69,69,69,69,69,69,69,69,69],"card_choices":[{"not_picked":["PokerPlayerMod:Club3","PokerPlayerMod:Diamond2"],"picked":"PokerPlayerMod:Spade3","floor":1},{"not_picked":["PokerPlayerMod:ClubsClub","PokerPlayerMod:Club1"],"picked":"PokerPlayerMod:Heart8","floor":5},{"not_picked":["PokerPlayerMod:Diamond4","PokerPlayerMod:Diamond5"],"picked":"PokerPlayerMod:Spade4","floor":6},{"not_picked":["PokerPlayerMod:Club9","PokerPlayerMod:CloakAndDiamond","PokerPlayerMod:Diamond8"],"picked":"SKIP","floor":8},{"not_picked":["PokerPlayerMod:WildCard","PokerPlayerMod:DiamondStrike"],"picked":"PokerPlayerMod:Heart3","floor":10},{"not_picked":["PokerPlayerMod:Diamond1","PokerPlayerMod:Diamond7"],"picked":"PokerPlayerMod:Raise","floor":11},{"not_picked":["PokerPlayerMod:Heart1","PokerPlayerMod:Heart2","PokerPlayerMod:Diamond4"],"picked":"SKIP","floor":13},{"not_picked":["PokerPlayerMod:Club5","PokerPlayerMod:CloakAndDiamond"],"picked":"PokerPlayerMod:FillThePot","floor":14},{"not_picked":["PokerPlayerMod:RoyalStrike","PokerPlayerMod:Diamond7"],"picked":"PokerPlayerMod:SecretDealer","floor":16},{"not_picked":["PokerPlayerMod:Configure","PokerPlayerMod:DiamondStrike"],"picked":"PokerPlayerMod:Spade5","floor":18},{"not_picked":["PokerPlayerMod:Club4","PokerPlayerMod:Diamond1","PokerPlayerMod:Spade6"],"picked":"SKIP","floor":21},{"not_picked":["PokerPlayerMod:Diamond3","PokerPlayerMod:CloakAndDiamond+1","PokerPlayerMod:Raise"],"picked":"SKIP","floor":24},{"not_picked":["PokerPlayerMod:ClubsClub","PokerPlayerMod:RoyalStrike","PokerPlayerMod:Spade4"],"picked":"SKIP","floor":25},{"not_picked":["PokerPlayerMod:CloakAndDiamond","PokerPlayerMod:DartThrow+1","PokerPlayerMod:CardPrinter"],"picked":"SKIP","floor":28},{"not_picked":["PokerPlayerMod:Diamond3","PokerPlayerMod:Spade1","PokerPlayerMod:CloakAndDiamond"],"picked":"SKIP","floor":30},{"not_picked":["PokerPlayerMod:CardBurn","PokerPlayerMod:ClubDance","PokerPlayerMod:Spade3"],"picked":"SKIP","floor":35},{"not_picked":["PokerPlayerMod:Spade3","PokerPlayerMod:Spade1","PokerPlayerMod:Spade4"],"picked":"SKIP","floor":36},{"not_picked":["PokerPlayerMod:Spade3","PokerPlayerMod:CloakAndDiamond","PokerPlayerMod:CardPrinter+1"],"picked":"SKIP","floor":37},{"not_picked":["PokerPlayerMod:CloakAndDiamond+1","PokerPlayerMod:Fold","PokerPlayerMod:MagicTrick"],"picked":"SKIP","floor":38},{"not_picked":["PokerPlayerMod:Diamond8","PokerPlayerMod:Fold+1","PokerPlayerMod:Diamond5"],"picked":"SKIP","floor":39},{"not_picked":["PokerPlayerMod:HotShotCut+1","PokerPlayerMod:DiamondStrike+1","PokerPlayerMod:Spade1"],"picked":"SKIP","floor":40},{"not_picked":["PokerPlayerMod:HiddenCard+1","PokerPlayerMod:Fold+1","PokerPlayerMod:PoorCopy"],"picked":"SKIP","floor":41},{"not_picked":["PokerPlayerMod:Raise","PokerPlayerMod:Diamond2"],"picked":"PokerPlayerMod:SecondChance+1","floor":42},{"not_picked":["PokerPlayerMod:Diamond2","PokerPlayerMod:Heart4","PokerPlayerMod:Trickery"],"picked":"SKIP","floor":44},{"not_picked":["PokerPlayerMod:FlyingCard+1","PokerPlayerMod:Trickery+1","PokerPlayerMod:Diamond4"],"picked":"SKIP","floor":45},{"not_picked":["PokerPlayerMod:Club6","PokerPlayerMod:FlyingCard"],"picked":"PokerPlayerMod:RiskyBet","floor":46},{"not_picked":["PokerPlayerMod:HiddenCard","PokerPlayerMod:Heart4"],"picked":"PokerPlayerMod:RiskyBet+1","floor":54}],"player_experience":74183,"relics_obtained":[{"floor":8,"key":"Replay:Arrowhead"},{"floor":11,"key":"Strawberry"},{"floor":25,"key":"Pear"},{"floor":26,"key":"MealTicket"},{"floor":40,"key":"Mirror"},{"floor":43,"key":"Mercury Hourglass"},{"floor":54,"key":"Replay:PocketPolymizer"}],"event_choices":[{"damage_healed":0,"gold_gain":0,"player_choice":"Take Wound","damage_taken":0,"relics_obtained":["Golden Idol"],"max_hp_gain":0,"max_hp_loss":0,"event_name":"Golden Idol","floor":3,"gold_loss":0,"cards_obtained":["Injury"]},{"damage_healed":0,"gold_gain":75,"player_choice":"Gather Gold","damage_taken":11,"max_hp_gain":0,"max_hp_loss":0,"event_name":"World of Goop","floor":4,"gold_loss":0},{"damage_healed":0,"gold_gain":0,"cards_transformed":["PokerPlayerMod:Heart10"],"player_choice":"Transformed","damage_taken":0,"max_hp_gain":0,"max_hp_loss":0,"event_name":"Transmorgrifier","floor":19,"gold_loss":0,"cards_obtained":["PokerPlayerMod:Diamond6"]},{"damage_healed":0,"gold_gain":0,"player_choice":"Punched","damage_taken":3,"max_hp_gain":0,"max_hp_loss":0,"event_name":"Designer","floor":22,"gold_loss":0},{"damage_healed":0,"gold_gain":0,"player_choice":"Bet on Murderer","damage_taken":0,"max_hp_gain":0,"max_hp_loss":0,"event_name":"The Joust","floor":31,"gold_loss":50},{"cards_removed":["PokerPlayerMod:Sharpen"],"damage_healed":0,"gold_gain":0,"player_choice":"Removed Power","damage_taken":0,"max_hp_gain":0,"max_hp_loss":0,"event_name":"Falling","floor":47,"gold_loss":0}],"is_beta":false,"boss_relics":[{"not_picked":["Replay:Wanted Poster","Runic Dome"],"picked":"Fusion Hammer"},{"not_picked":["Coffee Dripper","Empty Cage"],"picked":"Sozu"}],"items_purged_floors":[],"is_endless":false,"potions_floor_spawned":[6,11,13,30,35,37,41,42,46,54],"ascension_level":0}}