{"host":"ii5w5xfjx95sugaa","time":1610868322,"event":{"mods":["AchievementEnabler","BaseMod","Colored Powertips","Custom Start","Decade(王小明)","Minty Spire (QoL Compilation)","Permanent Neow","Quick Restart","SOS（斯巴达之子）","StSLib","The Bladedancer"],"gold_per_floor":[116,130,130,146,161,161,93,93,93,93,104,104,121,155,155,260,260,271,162,173,27,27,27,37,37,60,72,85,85,85,105,105,208,208,208,225,275,322,322,322,399,399,399,418,449,465,465,495,495,495],"floor_reached":51,"language":"ZHS","playtime":3567,"items_purged":[],"score":869,"play_id":"91680136-d5da-4d6f-8aa5-88f9f8c58984","local_time":"20210117152522","is_ascension_mode":true,"campfire_choices":[{"data":"RideBooker_Skill_1","floor":6.0,"key":"SMITH"},{"data":"KamenRide","floor":8.0,"key":"SMITH"},{"data":"FormRidePegasus","floor":12.0,"key":"SMITH"},{"data":"RideBooker_Skill_2","floor":15.0,"key":"SMITH"},{"data":"DenO_Climax","floor":23.0,"key":"SMITH"},{"data":"DecadeViolentEmotion","floor":25.0,"key":"SMITH"},{"data":"RideBooker_Skill_1","floor":29.0,"key":"SMITH"},{"data":"AttackRide","floor":32.0,"key":"SMITH"},{"data":"DenO_Climax","floor":40.0,"key":"SMITH"},{"data":"Kabuto_ClockUp","floor":42.0,"key":"SMITH"},{"data":"Kabuto_ClockUp","floor":49,"key":"SMITH"}],"circlet_count":0,"master_deck":["Decade_Attack+1","Decade_Attack+1","Decade_Attack+1","Decade_Attack+1","KamenRide+1","Decade_SpecialSkill","Decade_Defend+1","Decade_Defend+1","Decade_Defend+1","Decade_Defend+1","AttackRide+1","Kuuga_GouramAttack","FormRideStorm+8","UnarmedAttack1","Decade_Defend2","FormRidePegasus+1","RideBooker_Skill_1+1","UnarmedAttack3","UnarmedAttack1","UnarmedAttack4","RideBooker_Skill_2+1","KamenRideKabuto","DragShield","DenO_Climax+1","DecadeViolentEmotion+1","Decade_Dash2","RideBooker_Skill_1+1","Dragreder","PrometheusPower","DenO_Rod","FormRideBasshaa","RideBooker","Kiva_Swallow+1","DenO_Sword+1","RideBooker_Skill_3+1","FormRideTitan","DenO_Ax","NMDAZYYGL","DenO_Climax+1","AutoVajin+1","Kabuto_ClockUp+1","Blade_Mach+1","FormRideDogga+1","FormRideFlame+2","AttackRide+1","UnarmedAttack9+1","RideBooker_Skill_2+1","DenO_Ax+1","Kabuto_ClockUp+1"],"relics":["Decadriver","TOEIDeficitBill","MealTicket","Molten Egg 2","Coffee Dripper","Membership Card","Bag of Preparation","Runic Pyramid","TungstenRod","Lizard Tail","Gremlin Horn","Darkstone Periapt","Thread and Needle","StoneCalendar"],"acts_visited":["Exordium","TheCity","TheBeyond"],"potions_floor_usage":[45],"damage_taken":[{"damage":2.0,"enemies":"Jaw Worm","floor":1.0,"turns":3.0},{"damage":1.0,"enemies":"Cultist","floor":2.0,"turns":3.0},{"damage":0.0,"enemies":"2 Louse","floor":4.0,"turns":2.0},{"damage":14.0,"enemies":"2 Fungi Beasts","floor":5.0,"turns":3.0},{"damage":2.0,"enemies":"Blue Slaver","floor":11.0,"turns":2.0},{"damage":1.0,"enemies":"Exordium Thugs","floor":13.0,"turns":5.0},{"damage":18.0,"enemies":"Lagavulin","floor":14.0,"turns":5.0},{"damage":55.0,"enemies":"Hexaghost","floor":16.0,"turns":7.0},{"damage":12.0,"enemies":"Chosen","floor":18.0,"turns":4.0},{"damage":7.0,"enemies":"Shell Parasite","floor":20.0,"turns":5.0},{"damage":0.0,"enemies":"Sentry and Sphere","floor":24.0,"turns":3.0},{"damage":12.0,"enemies":"Cultist and Chosen","floor":27.0,"turns":6.0},{"damage":2.0,"enemies":"Snake Plant","floor":28.0,"turns":3.0},{"damage":0.0,"enemies":"3 Cultists","floor":31.0,"turns":4.0},{"damage":4.0,"enemies":"Champ","floor":33.0,"turns":9.0},{"damage":0.0,"enemies":"Orb Walker","floor":35.0,"turns":1.0},{"damage":0.0,"enemies":"3 Darklings","floor":36.0,"turns":4.0},{"damage":0.0,"enemies":"Mind Bloom Boss Battle","floor":37.0,"turns":4.0},{"damage":18.0,"enemies":"2 Orb Walkers","floor":38.0,"turns":2.0},{"damage":3.0,"enemies":"Writhing Mass","floor":39.0,"turns":2.0},{"damage":2.0,"enemies":"Sphere and 2 Shapes","floor":44.0,"turns":2.0},{"damage":16,"enemies":"Reptomancer","floor":45,"turns":2},{"damage":0,"enemies":"Spire Growth","floor":46,"turns":2},{"damage":0,"enemies":"Transient","floor":47,"turns":1},{"damage":0,"enemies":"Nemesis","floor":48,"turns":1},{"damage":0,"enemies":"Time Eater","floor":50,"turns":6}],"seed_played":"1971806537480269023","potions_obtained":[{"floor":1.0,"key":"Strength Potion"},{"floor":11.0,"key":"SneckoOil"},{"floor":13.0,"key":"LiquidBronze"},{"floor":24.0,"key":"EssenceOfSteel"},{"floor":38.0,"key":"Swift Potion"},{"floor":44.0,"key":"Fruit Juice"},{"floor":45,"key":"Weak Potion"}],"is_trial":false,"path_per_floor":["M","M","?","M","M","R","$","R","T","?","M","R","M","E","R","B",null,"M","$","M","$","?","R","M","R","T","M","M","R","?","M","R","B",null,"M","M","?","?","M","R","T","R","T","M","E","M","M","E","R","B",null],"character_chosen":"Decade","items_purchased":["UnarmedAttack3","UnarmedAttack1","Dragreder","PrometheusPower","Membership Card"],"campfire_rested":0,"item_purchase_floors":[7,7,19,19,21],"current_hp_per_floor":[68,69,69,70,56,56,56,56,56,56,59,59,63,55,55,20,70,61,70,63,70,70,70,70,70,70,58,56,56,43,43,43,39,75,75,75,75,57,54,54,54,54,54,57,41,41,41,41,41,41],"gold":495,"neow_bonus":"THREE_CARDS","is_daily":false,"chose_seed":false,"campfire_upgraded":11,"win_rate":0.0,"timestamp":1610868322,"path_taken":["M","M","?","?","M","R","$","R","T","?","M","R","M","E","R","BOSS","M","$","?","$","?","R","M","R","T","M","M","R","?","M","R","BOSS","M","M","?","?","M","R","?","R","T","M","E","M","M","E","R","BOSS"],"items_purchased_type":["Card","Card","Card","Card","Relic"],"build_version":"2020-12-22","purchased_purges":0,"victory":true,"max_hp_per_floor":[70,70,70,70,70,70,70,70,70,70,70,70,70,70,70,70,70,70,70,70,70,70,70,70,70,70,70,70,70,75,75,75,75,75,75,75,75,76,76,76,76,76,76,81,82,82,82,82,82,82],"card_choices":[{"not_picked":["DenO_Ax","UnarmedAttack7"],"picked":"AttackRide","floor":0.0},{"not_picked":["Kiva_Frozen","DenO_Rod"],"picked":"Kuuga_GouramAttack","floor":1.0},{"not_picked":["UnarmedAttack1","KamenRideHibiki"],"picked":"FormRideStorm","floor":2.0},{"not_picked":["RideBooker","KamenRideDenO"],"picked":"UnarmedAttack1","floor":2.0},{"not_picked":["FormRideDogga","Decade_Dash2"],"picked":"Decade_Defend2","floor":4.0},{"not_picked":["DenO_Sword","FormRideDragon"],"picked":"FormRidePegasus","floor":5.0},{"not_picked":["DenO_Ax","UnarmedAttack4"],"picked":"RideBooker_Skill_1","floor":5.0},{"not_picked":["KamenRideDenO","UnarmedAttack5"],"picked":"UnarmedAttack4","floor":11.0},{"not_picked":["Hibiki_Attack3","Hibiki_Attack2"],"picked":"RideBooker_Skill_2","floor":13.0},{"not_picked":["FormRideJack","FormRideBasshaa","Blade_Mach"],"picked":"SKIP","floor":13.0},{"not_picked":["RideBooker","AttackRide"],"picked":"KamenRideKabuto","floor":14.0},{"not_picked":["Kiva_Bats+1","FormRideGaruru"],"picked":"DragShield","floor":14.0},{"not_picked":["Kabuto_ClockUp","FormRideAxel"],"picked":"DenO_Climax","floor":16.0},{"not_picked":["Kiva_Swallow+1","DenO_Climax"],"picked":"DecadeViolentEmotion","floor":16.0},{"not_picked":["FormRideJack","DenO_Ax"],"picked":"Decade_Dash2","floor":18.0},{"not_picked":["FormRideDragon","FormRideStorm"],"picked":"RideBooker_Skill_1","floor":18.0},{"not_picked":["KamenRideDecade","FormRideStorm"],"picked":"DenO_Rod","floor":20.0},{"not_picked":["Dragreder+1","FormRideStorm"],"picked":"FormRideBasshaa","floor":20.0},{"not_picked":["UnarmedAttack3+1","FormRideDogga+1"],"picked":"RideBooker","floor":24.0},{"not_picked":["FormRide","Hibiki_Attack3+1"],"picked":"Kiva_Swallow+1","floor":27.0},{"not_picked":["Hibiki_Attack2+1","Hibiki_Attack1+1"],"picked":"DenO_Sword+1","floor":27.0},{"not_picked":["DenO_Ax","FormRideTitan"],"picked":"RideBooker_Skill_3+1","floor":28.0},{"not_picked":["UnarmedAttack6+1","KamenRideDecade+1"],"picked":"FormRideTitan","floor":28.0},{"not_picked":["Hibiki_Attack2+1","Decade_Invisible"],"picked":"DenO_Ax","floor":31.0},{"not_picked":["FormRideAxel","Kiva_Swallow+1"],"picked":"NMDAZYYGL","floor":33.0},{"not_picked":["Hibiki_FEVER","DecadeViolentEmotion"],"picked":"DenO_Climax","floor":33.0},{"not_picked":["DenO_Sword","PrometheusPower"],"picked":"AutoVajin+1","floor":35.0},{"not_picked":["FormRideGaruru","UnarmedAttack5+1"],"picked":"Kabuto_ClockUp","floor":35.0},{"not_picked":["FormRideGaruru","KamenRideDenO"],"picked":"Blade_Mach+1","floor":36.0},{"not_picked":["UnarmedAttack4+1","FormRideStorm"],"picked":"FormRideDogga+1","floor":37.0},{"not_picked":["Blade_Kick+1","KamenRideRyuki"],"picked":"FormRideFlame","floor":38.0},{"not_picked":["PrometheusPower","Decade_Invisible+1","UnarmedAttack4+1"],"picked":"SKIP","floor":39.0},{"not_picked":["DenO_Ax","Decade_Defend2"],"picked":"AttackRide+1","floor":44.0},{"not_picked":["Kuuga_Rising","UnarmedAttack1+1"],"picked":"UnarmedAttack9+1","floor":45},{"not_picked":["Decade_Dash1","Decade_Dash2+1"],"picked":"RideBooker_Skill_2+1","floor":46},{"not_picked":["UnarmedAttack1+1","FormRidePegasus+1"],"picked":"DenO_Ax+1","floor":47},{"not_picked":["Hibiki_Attack1+1","PrometheusPower+1"],"picked":"Kabuto_ClockUp","floor":48}],"player_experience":116032,"relics_obtained":[{"floor":9.0,"key":"MealTicket"},{"floor":14.0,"key":"Molten Egg 2"},{"floor":26.0,"key":"Bag of Preparation"},{"floor":37.0,"key":"TungstenRod"},{"floor":38.0,"key":"Lizard Tail"},{"floor":41.0,"key":"Gremlin Horn"},{"floor":43.0,"key":"Darkstone Periapt"},{"floor":45,"key":"Thread and Needle"},{"floor":48,"key":"StoneCalendar"}],"event_choices":[{"damage_healed":0.0,"max_hp_gain":0.0,"max_hp_loss":0.0,"gold_gain":0.0,"event_name":"The Woman in Blue","player_choice":"Bought 0 Potions","floor":3.0,"gold_loss":0.0,"damage_taken":0.0},{"damage_healed":0.0,"max_hp_gain":0.0,"max_hp_loss":0.0,"gold_gain":0.0,"event_name":"Match and Keep!","player_choice":"1 cards matched","floor":10.0,"gold_loss":0.0,"damage_taken":0.0,"cards_obtained":["TimeVent"]},{"damage_healed":0.0,"max_hp_gain":0.0,"max_hp_loss":0.0,"gold_gain":0.0,"event_name":"Back to Basics","player_choice":"Simplicity","floor":22.0,"gold_loss":0.0,"damage_taken":0.0,"cards_upgraded":["Decade_Attack","Decade_Attack","Decade_Attack","Decade_Attack","Decade_Defend","Decade_Defend","Decade_Defend","Decade_Defend"]},{"damage_healed":0.0,"max_hp_gain":5.0,"max_hp_loss":0.0,"gold_gain":0.0,"event_name":"Forgotten Altar","player_choice":"Shed Blood","floor":30.0,"gold_loss":0.0,"damage_taken":18.0},{"damage_healed":0.0,"max_hp_gain":0.0,"max_hp_loss":0.0,"gold_gain":0.0,"event_name":"MindBloom","player_choice":"Fight","floor":37.0,"gold_loss":0.0,"damage_taken":0.0},{"damage_healed":0.0,"max_hp_gain":0.0,"max_hp_loss":0.0,"gold_gain":0.0,"event_name":"Mysterious Sphere","player_choice":"Fight","floor":38.0,"gold_loss":0.0,"damage_taken":0.0}],"is_beta":false,"boss_relics":[{"not_picked":["SacredBark","Ectoplasm"],"picked":"Coffee Dripper"},{"not_picked":["Runic Dome","Tiny House"],"picked":"Runic Pyramid"}],"items_purged_floors":[],"is_endless":false,"potions_floor_spawned":[1,11,13,18,24,31,37,38,44,45],"ascension_level":1}}