{"host":"t75twhtg6c476ygg","time":1610896818,"event":{"mods":["AchievementEnabler","BaseMod","Colored Powertips","Minty Spire (QoL Compilation)","Quick Restart","Relic Stats","StSLib","SuperFastMode"],"gold_per_floor":[114,129,144,159,85,115,130,145,170,170,185,185,160,175,175,275,275,290,305,320,335,85,85,100,100,125,125,140,167,167,197,197,297,297,312,327,342,357,372,372,402,402,452,467,482,507,57,57,57,57],"floor_reached":51,"language":"ENG","playtime":3380,"items_purged":[],"score":882,"play_id":"202bb629-1182-415a-be02-4f3fb9a83969","local_time":"20210117152018","daily_mods":["Insanity","Uncertain Future","Binary"],"is_ascension_mode":false,"campfire_choices":[{"floor":12.0,"key":"REST"},{"data":"Accuracy","floor":15.0,"key":"SMITH"},{"floor":23.0,"key":"REST"},{"data":"Backstab","floor":27.0,"key":"SMITH"},{"data":"Backstab","floor":32.0,"key":"SMITH"},{"data":"Adrenaline","floor":40.0,"key":"SMITH"},{"floor":42.0,"key":"REST"},{"floor":49.0,"key":"REST"}],"circlet_count":0,"master_deck":["Dash","Sucker Punch","Accuracy","Distraction","Deadly Poison","Terror","Poisoned Stab","Distraction","Backstab+1","Blade Dance","Dagger Throw","Dodge and Roll","Concentrate","Crippling Poison","Acrobatics","Distraction","Dash","Skewer","Expertise","Deflect","Heel Hook","Deadly Poison","Deflect","Acrobatics","PiercingWail","Dodge and Roll","Distraction","Dodge and Roll","Cloak And Dagger","Outmaneuver","Leg Sweep","Bane","Prepared","Catalyst","Blade Dance","Flying Knee","Acrobatics","Prepared","All Out Attack","Backflip","Predator","Dagger Spray","Catalyst","Tactician","Eviscerate","PiercingWail","Well Laid Plans","Deadly Poison","Blade Dance","Blade Dance","Accuracy+1","Mind Blast+1","Adrenaline+1","Blade Dance","Deflect","Blade Dance+1","Slice","Backstab+1","Venomology","Backstab+1"],"relics":["Ring of the Snake","Regal Pillow","Oddly Smooth Stone","Smiling Mask","SacredBark","Ninja Scroll","Ancient Tea Set","Strawberry","Red Mask","Bag of Preparation","Calling Bell","Snake Skull","Letter Opener","Gambling Chip","Meat on the Bone","Lantern","Potion Belt","TungstenRod","HandDrill"],"acts_visited":["Exordium","TheCity","TheBeyond"],"potions_floor_usage":[50,50,50],"damage_taken":[{"damage":0.0,"enemies":"Cultist","floor":1.0,"turns":3.0},{"damage":0.0,"enemies":"2 Louse","floor":2.0,"turns":2.0},{"damage":0.0,"enemies":"Small Slimes","floor":3.0,"turns":2.0},{"damage":5.0,"enemies":"Blue Slaver","floor":4.0,"turns":3.0},{"damage":31.0,"enemies":"Lagavulin","floor":6.0,"turns":6.0},{"damage":0.0,"enemies":"3 Louse","floor":7.0,"turns":2.0},{"damage":13.0,"enemies":"Gremlin Gang","floor":8.0,"turns":3.0},{"damage":0.0,"enemies":"Red Slaver","floor":11.0,"turns":1.0},{"damage":0.0,"enemies":"Blue Slaver","floor":14.0,"turns":1.0},{"damage":0.0,"enemies":"Slime Boss","floor":16.0,"turns":2.0},{"damage":10.0,"enemies":"Chosen","floor":18.0,"turns":2.0},{"damage":10.0,"enemies":"2 Thieves","floor":19.0,"turns":2.0},{"damage":14.0,"enemies":"Centurion and Healer","floor":20.0,"turns":6.0},{"damage":21.0,"enemies":"Snake Plant","floor":21.0,"turns":2.0},{"damage":0.0,"enemies":"Sentry and Sphere","floor":24.0,"turns":2.0},{"damage":0.0,"enemies":"Snecko","floor":28.0,"turns":1.0},{"damage":11.0,"enemies":"Masked Bandits","floor":29.0,"turns":4.0},{"damage":20.0,"enemies":"Slavers","floor":31.0,"turns":6.0},{"damage":19.0,"enemies":"Champ","floor":33.0,"turns":9.0},{"damage":6.0,"enemies":"3 Darklings","floor":35.0,"turns":2.0},{"damage":16.0,"enemies":"3 Shapes","floor":36.0,"turns":2.0},{"damage":7.0,"enemies":"Jaw Worm Horde","floor":37.0,"turns":3.0},{"damage":33.0,"enemies":"Spire Growth","floor":38.0,"turns":4.0},{"damage":1.0,"enemies":"Transient","floor":39.0,"turns":5.0},{"damage":0.0,"enemies":"Reptomancer","floor":41.0,"turns":4.0},{"damage":12.0,"enemies":"Sphere and 2 Shapes","floor":44.0,"turns":2.0},{"damage":0.0,"enemies":"Jaw Worm Horde","floor":45.0,"turns":2.0},{"damage":10,"enemies":"Donu and Deca","floor":50,"turns":8}],"seed_played":"-4891952413640654339","potions_obtained":[{"floor":1.0,"key":"Dexterity Potion"},{"floor":2.0,"key":"SteroidPotion"},{"floor":4.0,"key":"Poison Potion"},{"floor":16.0,"key":"SpeedPotion"},{"floor":33.0,"key":"Fire Potion"},{"floor":35.0,"key":"Regen Potion"},{"floor":38.0,"key":"Poison Potion"},{"floor":44.0,"key":"AttackPotion"}],"is_trial":false,"path_per_floor":["M","M","M","M","$","E","M","M","T","?","M","R","$","M","R","B",null,"M","M","M","M","$","R","M","?","T","R","M","?","?","E","R","B",null,"M","M","M","M","M","R","E","R","T","M","M","T","$","?","R","B",null],"character_chosen":"THE_SILENT","items_purchased":["Accuracy","Blade Dance","Ninja Scroll","TungstenRod","HandDrill"],"campfire_rested":4,"item_purchase_floors":[5,13,22,47,47],"current_hp_per_floor":[70,70,70,65,65,34,34,21,21,9,9,45,45,45,45,45,70,60,50,36,15,15,51,51,51,58,58,58,47,47,27,27,8,77,71,55,48,25,24,24,24,62,62,50,50,50,50,50,77,67],"gold":57,"neow_bonus":"","is_daily":true,"chose_seed":false,"campfire_upgraded":4,"win_rate":0.0,"timestamp":1610896818,"path_taken":["M","M","M","?","?","E","M","M","T","?","M","R","$","M","R","BOSS","M","M","M","M","$","R","M","?","T","R","M","?","?","E","R","BOSS","BOSS","M","M","?","M","M","R","E","R","T","M","M","?","$","?","R","BOSS"],"items_purchased_type":["Card","Card","Relic","Relic","Relic"],"build_version":"2020-12-22","purchased_purges":0,"victory":true,"max_hp_per_floor":[70,70,70,70,70,70,70,70,70,70,70,70,70,70,70,70,70,70,70,70,70,70,70,70,70,77,77,77,77,77,77,77,77,77,77,77,77,77,77,77,77,77,77,77,77,77,77,77,77,77],"relic_stats":{"Regal Pillow":49,"counters":[28,91],"Gambling Chip":[29],"Snake Skull":[12],"Bag of Preparation":[0],"HandDrill":[4],"Letter Opener":[126],"Smiling Mask":0,"obtain_stats":[{"Potion Belt":46,"Regal Pillow":6,"Lantern":43,"SacredBark":17,"Oddly Smooth Stone":9,"Snake Skull":34,"Bag of Preparation":31,"Letter Opener":34,"Smiling Mask":10,"Ancient Tea Set":25,"Calling Bell":34,"Ninja Scroll":22,"Strawberry":26,"Gambling Chip":34,"Red Mask":29,"HandDrill":47,"TungstenRod":47,"Ring of the Snake":0,"Meat on the Bone":41},{"Potion Belt":27,"Regal Pillow":5,"Lantern":25,"SacredBark":10,"Oddly Smooth Stone":7,"Snake Skull":19,"Bag of Preparation":18,"Letter Opener":19,"Smiling Mask":7,"Ancient Tea Set":15,"Calling Bell":19,"Ninja Scroll":14,"Strawberry":15,"Gambling Chip":19,"Red Mask":17,"HandDrill":27,"TungstenRod":27,"Ring of the Snake":0,"Meat on the Bone":25},{"Potion Belt":83,"Regal Pillow":16,"Lantern":79,"SacredBark":25,"Oddly Smooth Stone":21,"Snake Skull":59,"Bag of Preparation":50,"Letter Opener":59,"Smiling Mask":21,"Ancient Tea Set":39,"Calling Bell":59,"Ninja Scroll":37,"Strawberry":39,"Gambling Chip":59,"Red Mask":44,"HandDrill":83,"TungstenRod":83,"Ring of the Snake":0,"Meat on the Bone":79}],"TungstenRod":1,"Ring of the Snake":[56],"Meat on the Bone":0},"card_choices":[{"not_picked":["Dodge and Roll"],"picked":"Blade Dance","floor":1.0},{"not_picked":["Sucker Punch","PiercingWail"],"picked":"SKIP","floor":2.0},{"not_picked":["Acrobatics","Underhanded Strike"],"picked":"SKIP","floor":3.0},{"not_picked":["Flying Knee"],"picked":"Blade Dance","floor":4.0},{"not_picked":["Finisher","PiercingWail"],"picked":"SKIP","floor":6.0},{"not_picked":["Dagger Throw","Crippling Poison"],"picked":"SKIP","floor":7.0},{"not_picked":["Prepared"],"picked":"Adrenaline","floor":8.0},{"not_picked":["Calculated Gamble","Cloak And Dagger"],"picked":"SKIP","floor":11.0},{"not_picked":["Prepared","Calculated Gamble"],"picked":"SKIP","floor":14.0},{"not_picked":["Sucker Punch+1","Deadly Poison+1"],"picked":"SKIP","floor":18.0},{"not_picked":["Outmaneuver","Unload"],"picked":"SKIP","floor":19.0},{"not_picked":["Sucker Punch","Prepared"],"picked":"SKIP","floor":20.0},{"not_picked":["Dodge and Roll"],"picked":"Deflect","floor":21.0},{"not_picked":["Flying Knee"],"picked":"Blade Dance+1","floor":24.0},{"not_picked":["Flying Knee","Infinite Blades"],"picked":"SKIP","floor":28.0},{"not_picked":["Dash"],"picked":"Backstab","floor":31.0},{"not_picked":["Phantasmal Killer"],"picked":"Venomology","floor":33.0},{"not_picked":["Quick Slash+1"],"picked":"Backstab+1","floor":35.0},{"not_picked":["Dodge and Roll","Masterful Stab+1"],"picked":"SKIP","floor":36.0},{"not_picked":["Calculated Gamble","Cloak And Dagger+1"],"picked":"SKIP","floor":37.0},{"not_picked":["Caltrops","Flying Knee"],"picked":"SKIP","floor":38.0},{"not_picked":["Quick Slash","Well Laid Plans+1"],"picked":"SKIP","floor":39.0},{"not_picked":["Poisoned Stab","Tactician"],"picked":"SKIP","floor":41.0},{"not_picked":["Leg Sweep+1","Deflect+1"],"picked":"SKIP","floor":44.0},{"not_picked":["Escape Plan","Crippling Poison"],"picked":"SKIP","floor":45.0}],"player_experience":246273,"relics_obtained":[{"floor":6.0,"key":"Regal Pillow"},{"floor":9.0,"key":"Oddly Smooth Stone"},{"floor":26.0,"key":"Strawberry"},{"floor":29.0,"key":"Red Mask"},{"floor":31.0,"key":"Bag of Preparation"},{"floor":34.0,"key":"Snake Skull"},{"floor":34.0,"key":"Letter Opener"},{"floor":34.0,"key":"Gambling Chip"},{"floor":41.0,"key":"Meat on the Bone"},{"floor":43.0,"key":"Lantern"},{"floor":46.0,"key":"Potion Belt"}],"event_choices":[{"damage_healed":0.0,"max_hp_gain":0.0,"max_hp_loss":0.0,"gold_gain":0.0,"event_name":"Scrap Ooze","player_choice":"Success","floor":10.0,"gold_loss":0.0,"damage_taken":12.0,"relics_obtained":["Smiling Mask"]},{"damage_healed":0.0,"max_hp_gain":0.0,"max_hp_loss":0.0,"gold_gain":0.0,"event_name":"The Mausoleum","player_choice":"Opened","floor":25.0,"gold_loss":0.0,"damage_taken":0.0,"relics_obtained":["Ancient Tea Set"]},{"damage_healed":0.0,"max_hp_gain":0.0,"max_hp_loss":0.0,"gold_gain":0.0,"event_name":"Masked Bandits","player_choice":"Fought Bandits","floor":29.0,"gold_loss":0.0,"damage_taken":0.0},{"damage_healed":0.0,"max_hp_gain":0.0,"max_hp_loss":0.0,"gold_gain":0.0,"cards_transformed":["Reflex"],"event_name":"Transmorgrifier","player_choice":"Transformed","floor":30.0,"gold_loss":0.0,"damage_taken":0.0,"cards_obtained":["Slice"]},{"cards_removed":["Slice"],"damage_healed":0.0,"max_hp_gain":0.0,"max_hp_loss":0.0,"gold_gain":0.0,"event_name":"Falling","player_choice":"Removed Attack","floor":48.0,"gold_loss":0.0,"damage_taken":0.0}],"is_beta":false,"boss_relics":[{"not_picked":["Sozu","Ectoplasm"],"picked":"SacredBark"},{"not_picked":["Empty Cage","SlaversCollar"],"picked":"Calling Bell"}],"items_purged_floors":[],"is_endless":false,"potions_floor_spawned":[1,2,4,7,11,16,20,21,29,31,33,35,38,44],"ascension_level":0}}