{"host":"640uue19m79c7wbt","time":1610924424,"event":{"mods":["BaseMod","Colored Map","Googly Eyes","Highlight Path","Minty Spire (QoL Compilation)","Quick Restart","StSLib"],"gold_per_floor":[117,67,27,40,40,68,68,93,93,127,147,147,147,158,158,257,257,270,369,384,384,396,396,426,426,496,14,14,29,29,49,49,153,153,163,163,49,49,64,64,94,94,94,94,34,66,82,82,82,82,82],"floor_reached":50,"language":"ENG","playtime":2489,"items_purged":["Outmaneuver+1"],"score":969,"play_id":"ca9f2340-740f-42a7-bc80-8c6339946d19","local_time":"20210117180024","is_ascension_mode":true,"campfire_choices":[{"data":"Cloak And Dagger","floor":7.0,"key":"SMITH"},{"data":"Accuracy","floor":13.0,"key":"SMITH"},{"floor":15.0,"key":"REST"},{"floor":23.0,"key":"REST"},{"floor":28.0,"key":"REST"},{"floor":30.0,"key":"REST"},{"floor":32.0,"key":"REST"},{"floor":40.0,"key":"REST"},{"floor":42.0,"key":"REST"},{"floor":44.0,"key":"REST"},{"floor":49.0,"key":"REST"}],"circlet_count":0,"master_deck":["AscendersBane","Strike_G+1","Defend_G","Defend_G","Defend_G","Survivor","Neutralize","Cloak And Dagger+1","Well Laid Plans","Accuracy+1","Escape Plan","Acrobatics","Blade Dance+1","Prepared","Night Terror","Riddle With Holes+1","Neutralize","Bouncing Flask","Glass Knife","Leg Sweep","Cloak And Dagger","Burst","Footwork+1","PiercingWail+1","Bouncing Flask","PiercingWail","Eviscerate+1","Infinite Blades+1"],"relics":["Ring of the Snake","NeowsBlessing","Kunai","Blood Vial","Strawberry","The Courier","Boot","Empty Cage","Thread and Needle","Pear","Mango","Whetstone","Lantern","Astrolabe","Bag of Marbles","Orichalcum","Eternal Feather","Happy Flower"],"acts_visited":["Exordium","TheCity","TheBeyond"],"potions_floor_usage":[],"damage_taken":[{"damage":0.0,"enemies":"2 Louse","floor":1.0,"turns":1.0},{"damage":0.0,"enemies":"Jaw Worm","floor":4.0,"turns":1.0},{"damage":0.0,"enemies":"Lagavulin","floor":6.0,"turns":1.0},{"damage":7.0,"enemies":"3 Sentries","floor":8.0,"turns":9.0},{"damage":30.0,"enemies":"Gremlin Nob","floor":10.0,"turns":6.0},{"damage":0.0,"enemies":"Small Slimes","floor":11.0,"turns":3.0},{"damage":1.0,"enemies":"Exordium Wildlife","floor":14.0,"turns":4.0},{"damage":32.0,"enemies":"Hexaghost","floor":16.0,"turns":10.0},{"damage":34.0,"enemies":"2 Thieves","floor":18.0,"turns":4.0},{"damage":2.0,"enemies":"Chosen","floor":20.0,"turns":3.0},{"damage":4.0,"enemies":"Snake Plant","floor":22.0,"turns":2.0},{"damage":39.0,"enemies":"Gremlin Leader","floor":24.0,"turns":6.0},{"damage":37.0,"enemies":"Centurion and Healer","floor":29.0,"turns":5.0},{"damage":35.0,"enemies":"Cultist and Chosen","floor":31.0,"turns":7.0},{"damage":49.0,"enemies":"Automaton","floor":33.0,"turns":10.0},{"damage":26.0,"enemies":"3 Shapes","floor":35.0,"turns":3.0},{"damage":32.0,"enemies":"3 Darklings","floor":39.0,"turns":4.0},{"damage":43.0,"enemies":"Reptomancer","floor":41.0,"turns":9.0},{"damage":21.0,"enemies":"Nemesis","floor":46.0,"turns":9.0},{"damage":40.0,"enemies":"Jaw Worm Horde","floor":47.0,"turns":8.0},{"damage":91,"enemies":"Donu and Deca","floor":50,"turns":7}],"seed_played":"6014440807475495838","potions_obtained":[{"floor":4.0,"key":"SteroidPotion"},{"floor":11.0,"key":"SteroidPotion"},{"floor":16.0,"key":"Energy Potion"},{"floor":18.0,"key":"DuplicationPotion"},{"floor":22.0,"key":"AttackPotion"},{"floor":33.0,"key":"AttackPotion"},{"floor":35.0,"key":"SteroidPotion"},{"floor":36.0,"key":"Fruit Juice"},{"floor":36.0,"key":"CunningPotion"},{"floor":39.0,"key":"SteroidPotion"}],"is_trial":false,"path_per_floor":["M","?","$","M","?","E","R","E","T","E","M","?","R","M","R","B",null,"M","?","M","?","M","R","E","?","T","$","R","M","R","M","R","B",null,"M","?","$","?","M","R","E","R","T","R","$","E","M","?","R","B"],"character_chosen":"THE_SILENT","items_purchased":["Well Laid Plans","Mango","Whetstone","Lantern","Bag of Marbles"],"campfire_rested":9,"item_purchase_floors":[3,27,27,27,37],"current_hp_per_floor":[63,63,63,63,56,56,56,58,58,30,32,32,32,33,56,26,64,32,32,32,32,30,53,16,16,26,40,70,35,65,32,62,15,80,56,61,61,61,31,61,20,50,50,95,95,76,38,38,83,0,0],"gold":82,"neow_bonus":"THREE_ENEMY_KILL","is_daily":false,"chose_seed":false,"campfire_upgraded":2,"win_rate":0.0,"timestamp":1610924424,"path_taken":["M","?","$","M","?","E","R","E","T","E","M","?","R","?","R","BOSS","M","?","M","?","?","R","E","?","T","?","R","M","R","?","R","BOSS","M","?","?","?","?","R","E","R","T","R","$","E","M","?","R","BOSS"],"items_purchased_type":["Card","Relic","Relic","Relic","Relic"],"build_version":"2020-12-22","purchased_purges":1,"victory":false,"max_hp_per_floor":[70,70,70,70,70,70,70,77,77,77,77,77,77,77,77,77,77,77,77,77,77,77,77,77,77,87,101,101,101,101,101,101,101,101,101,106,106,101,101,101,101,101,101,101,101,101,101,101,101,101,101],"card_choices":[{"not_picked":["Crippling Poison","Dagger Spray"],"picked":"Cloak And Dagger","floor":1.0},{"not_picked":["Leg Sweep","Setup"],"picked":"Accuracy","floor":4.0},{"not_picked":["Dodge and Roll","Underhanded Strike"],"picked":"Escape Plan","floor":6.0},{"not_picked":["Sucker Punch","Bane","Distraction"],"picked":"SKIP","floor":8.0},{"not_picked":["Leg Sweep","Outmaneuver"],"picked":"Acrobatics","floor":10.0},{"not_picked":["Dagger Spray","Calculated Gamble"],"picked":"Blade Dance","floor":11.0},{"not_picked":["Sucker Punch","Catalyst"],"picked":"Prepared","floor":14.0},{"not_picked":["Adrenaline","Storm of Steel"],"picked":"Night Terror","floor":16.0},{"not_picked":["Acrobatics","Bane+1"],"picked":"Riddle With Holes","floor":18.0},{"not_picked":["Deflect","Flying Knee","Bane"],"picked":"SKIP","floor":20.0},{"not_picked":["Concentrate","Noxious Fumes"],"picked":"Bouncing Flask","floor":22.0},{"not_picked":["Sucker Punch","Underhanded Strike"],"picked":"Glass Knife","floor":24.0},{"not_picked":["Sucker Punch","Deadly Poison"],"picked":"Leg Sweep","floor":29.0},{"not_picked":["Backflip+1","Underhanded Strike"],"picked":"Cloak And Dagger","floor":31.0},{"not_picked":["Corpse Explosion","After Image"],"picked":"Burst","floor":33.0},{"not_picked":["Acrobatics+1","Choke"],"picked":"Bouncing Flask","floor":35.0},{"not_picked":["Calculated Gamble","Dagger Spray"],"picked":"PiercingWail","floor":39.0},{"not_picked":["Distraction+1","Sucker Punch+1"],"picked":"Eviscerate+1","floor":41.0},{"not_picked":["Deflect","Prepared+1"],"picked":"Infinite Blades+1","floor":46.0},{"not_picked":["Quick Slash","Setup+1","Dagger Throw"],"picked":"SKIP","floor":47.0}],"player_experience":600555,"relics_obtained":[{"floor":6.0,"key":"Blood Vial"},{"floor":8.0,"key":"Strawberry"},{"floor":9.0,"key":"The Courier"},{"floor":10.0,"key":"Boot"},{"floor":24.0,"key":"Thread and Needle"},{"floor":26.0,"key":"Pear"},{"floor":41.0,"key":"Orichalcum"},{"floor":43.0,"key":"Eternal Feather"},{"floor":46.0,"key":"Happy Flower"}],"event_choices":[{"cards_removed":["Strike_G"],"damage_healed":0.0,"max_hp_gain":0.0,"max_hp_loss":0.0,"gold_gain":0.0,"event_name":"The Cleric","player_choice":"Card Removal","floor":2.0,"gold_loss":50.0,"damage_taken":0.0},{"damage_healed":0.0,"max_hp_gain":0.0,"max_hp_loss":0.0,"gold_gain":0.0,"event_name":"Scrap Ooze","player_choice":"Success","floor":5.0,"gold_loss":0.0,"damage_taken":7.0,"relics_obtained":["Kunai"]},{"damage_healed":0.0,"max_hp_gain":0.0,"max_hp_loss":0.0,"gold_gain":0.0,"event_name":"Living Wall","player_choice":"Grow","floor":12.0,"gold_loss":0.0,"damage_taken":0.0,"cards_upgraded":["Blade Dance"]},{"damage_healed":0.0,"max_hp_gain":0.0,"max_hp_loss":0.0,"gold_gain":99.0,"event_name":"Nest","player_choice":"Stole From Cult","floor":19.0,"gold_loss":0.0,"damage_taken":0.0},{"damage_healed":0.0,"max_hp_gain":0.0,"max_hp_loss":0.0,"gold_gain":0.0,"event_name":"Match and Keep!","player_choice":"1 cards matched","floor":21.0,"gold_loss":0.0,"damage_taken":0.0,"cards_obtained":["Neutralize"]},{"damage_healed":0.0,"max_hp_gain":0.0,"max_hp_loss":0.0,"gold_gain":0.0,"event_name":"Cursed Tome","player_choice":"Ignored","floor":25.0,"gold_loss":0.0,"damage_taken":0.0},{"damage_healed":0.0,"max_hp_gain":0.0,"max_hp_loss":0.0,"gold_gain":0.0,"event_name":"Lab","player_choice":"Got Potions","floor":36.0,"gold_loss":0.0,"damage_taken":0.0},{"damage_healed":0.0,"max_hp_gain":0.0,"max_hp_loss":5.0,"gold_gain":0.0,"event_name":"Winding Halls","player_choice":"Max HP","floor":38.0,"gold_loss":0.0,"damage_taken":0.0},{"damage_healed":0.0,"max_hp_gain":0.0,"max_hp_loss":0.0,"gold_gain":0.0,"event_name":"Wheel of Change","player_choice":"Relic","floor":48.0,"gold_loss":0.0,"damage_taken":0.0}],"is_beta":false,"boss_relics":[{"not_picked":["Runic Dome","Philosopher\u0027s Stone"],"picked":"Empty Cage"},{"not_picked":["SacredBark","Sozu"],"picked":"Astrolabe"}],"items_purged_floors":[45],"is_endless":false,"potions_floor_spawned":[4,11,16,18,22,33,35,39],"killed_by":"Donu and Deca","ascension_level":12}}