{"host":"rv8qrr1d2i1l2m12","time":1610921707,"event":{"mods":["BaseMod","Colored Map","Minty Spire (QoL Compilation)","StSLib"],"gold_per_floor":[111,131,101,116,130,130,157,168,168,168,187,203,203,231,231,328,328,341,32,50,50,50,50,67,67,67],"floor_reached":25,"language":"ENG","playtime":1340,"items_purged":[],"score":341,"play_id":"4fa3d131-4d5b-4092-9fa9-c45d0ca57010","local_time":"20210117171507","is_ascension_mode":true,"campfire_choices":[{"data":"Demon Form","floor":6,"key":"SMITH"},{"floor":10,"key":"REST"},{"floor":13,"key":"REST"},{"floor":15,"key":"REST"}],"circlet_count":0,"master_deck":["Strike_R","Strike_R","Strike_R","Strike_R","Strike_R","Defend_R","Defend_R","Defend_R","Defend_R","Bash","Demon Form+1","Cleave","Thunderclap","Dual Wield","Clothesline","Impervious","Spot Weakness","Thunderclap","Flame Barrier","Demon Form","Feed","Perfected Strike+1","Flame Barrier","Inflame","Thunderclap","Heavy Blade"],"relics":["Burning Blood","Omamori","Singing Bowl","Red Skull","Calling Bell","Bag of Preparation","HornCleat","FossilizedHelix","Lee\u0027s Waffle","Turnip"],"acts_visited":["Exordium","TheCity"],"potions_floor_usage":[4,5,8,11,16,23,24,24],"damage_taken":[{"damage":23,"enemies":"Jaw Worm","floor":1,"turns":4},{"damage":6,"enemies":"Cultist","floor":2,"turns":3},{"damage":0,"enemies":"2 Louse","floor":4,"turns":1},{"damage":2,"enemies":"Large Slime","floor":5,"turns":4},{"damage":30,"enemies":"Gremlin Nob","floor":7,"turns":5},{"damage":0,"enemies":"2 Fungi Beasts","floor":8,"turns":1},{"damage":18,"enemies":"Red Slaver","floor":11,"turns":4},{"damage":10,"enemies":"Lots of Slimes","floor":12,"turns":2},{"damage":35,"enemies":"Lagavulin","floor":14,"turns":5},{"damage":50,"enemies":"Hexaghost","floor":16,"turns":7},{"damage":41,"enemies":"Shell Parasite","floor":18,"turns":6},{"damage":50,"enemies":"3 Byrds","floor":20,"turns":6},{"damage":0,"enemies":"Slavers","floor":23,"turns":1},{"damage":51,"enemies":"Centurion and Healer","floor":24,"turns":9},{"damage":24,"enemies":"Book of Stabbing","floor":25,"turns":3}],"seed_played":"1918547712312747915","potions_obtained":[{"floor":1,"key":"Energy Potion"},{"floor":3,"key":"DuplicationPotion"},{"floor":3,"key":"AttackPotion"},{"floor":4,"key":"SneckoOil"},{"floor":7,"key":"SneckoOil"},{"floor":11,"key":"SmokeBomb"},{"floor":18,"key":"SkillPotion"},{"floor":20,"key":"GamblersBrew"}],"is_trial":false,"path_per_floor":["M","M","?","M","M","R","E","M","T","R","M","M","R","E","R","B",null,"M","$","M","?","?","E","M","E"],"character_chosen":"IRONCLAD","items_purchased":["Lee\u0027s Waffle","Flame Barrier","Inflame"],"campfire_rested":3,"item_purchase_floors":[19,19,19],"current_hp_per_floor":[55,55,55,61,65,65,41,47,47,71,59,55,79,50,74,30,68,33,87,46,46,46,52,10,0,0],"gold":67,"neow_bonus":"ONE_RANDOM_RARE_CARD","is_daily":false,"chose_seed":false,"campfire_upgraded":1,"win_rate":0.0,"timestamp":1610921707,"path_taken":["M","M","?","M","M","R","E","M","T","R","?","M","R","E","R","BOSS","M","$","M","?","?","E","M","E"],"items_purchased_type":["Relic","Card","Card"],"build_version":"2020-12-22","purchased_purges":0,"victory":false,"max_hp_per_floor":[80,80,80,80,80,80,80,80,80,80,80,80,80,80,80,80,80,80,87,90,90,90,90,93,93,93],"card_choices":[{"not_picked":["Seeing Red","Hemokinesis"],"picked":"Cleave","floor":1},{"not_picked":["Shockwave","Clothesline"],"picked":"Thunderclap","floor":2},{"not_picked":["Sever Soul","Rage"],"picked":"Dual Wield","floor":4},{"not_picked":["Clash","Perfected Strike"],"picked":"Clothesline","floor":5},{"not_picked":["Warcry","Pummel"],"picked":"Impervious","floor":7},{"not_picked":["Anger","Havoc"],"picked":"Spot Weakness","floor":8},{"not_picked":["Havoc","Sentinel"],"picked":"Thunderclap","floor":11},{"not_picked":["Armaments","Clash"],"picked":"Flame Barrier","floor":12},{"not_picked":["Sentinel","Cleave"],"picked":"Demon Form","floor":14},{"not_picked":["Reaper","Double Tap"],"picked":"Feed","floor":16},{"not_picked":["Shrug It Off+1","Combust"],"picked":"Perfected Strike+1","floor":18},{"not_picked":["Iron Wave","Clash"],"picked":"Thunderclap","floor":20},{"not_picked":["Rampage","Clash+1"],"picked":"Heavy Blade","floor":24}],"player_experience":564194,"relics_obtained":[{"floor":7,"key":"Omamori"},{"floor":9,"key":"Singing Bowl"},{"floor":14,"key":"Red Skull"},{"floor":17,"key":"Bag of Preparation"},{"floor":17,"key":"HornCleat"},{"floor":17,"key":"FossilizedHelix"}],"event_choices":[{"damage_healed":0,"gold_gain":0,"player_choice":"Bought 2 Potions","damage_taken":0,"max_hp_gain":0,"max_hp_loss":0,"event_name":"The Woman in Blue","floor":3,"gold_loss":0},{"damage_healed":0,"gold_gain":0,"player_choice":"Ignored","damage_taken":0,"max_hp_gain":0,"max_hp_loss":0,"event_name":"Cursed Tome","floor":21,"gold_loss":0},{"damage_healed":0,"gold_gain":0,"player_choice":"Opened","damage_taken":0,"relics_obtained":["Turnip"],"max_hp_gain":0,"max_hp_loss":0,"event_name":"The Mausoleum","floor":22,"gold_loss":0,"cards_obtained":["Writhe"]}],"is_beta":false,"boss_relics":[{"not_picked":["Velvet Choker","Black Blood"],"picked":"Calling Bell"}],"items_purged_floors":[],"is_endless":false,"potions_floor_spawned":[1,4,7,11,18,20],"killed_by":"Book of Stabbing","ascension_level":9}}