{"host":"7zdktqb5xjtif29d","time":1610926962,"event":{"mods":["AchievementEnabler","BaseMod","Colored Map","Colored Powertips","Dark Map","Highlight Path","Minty Spire (QoL Compilation)","Rare Cards Sparkle","SuperFastMode","Waifu the Spire","everything is the same but u backflip on backflip"],"gold_per_floor":[115,115,65,85,260,294,294,326,326,351,351,363,373,448,448,543,543,562,581,680,692,708,708,708],"floor_reached":23,"language":"ENG","playtime":856,"items_purged":[],"score":243,"play_id":"09c7eaf0-0d2a-410e-91ec-c813209e84ca","local_time":"20210117234242","is_ascension_mode":true,"campfire_choices":[{"floor":7.0,"key":"REST"},{"floor":11,"key":"DIG"},{"floor":15,"key":"DIG"}],"circlet_count":0,"master_deck":["Survivor","Neutralize","Deadly Poison","Backstab","Predator","Infinite Blades","Dash","Backflip","Dagger Spray","Accuracy","Flying Knee","Heel Hook","Poisoned Stab","Doubt","Bouncing Flask","Storm of Steel","Backflip"],"relics":["Pandora\u0027s Box","Du-Vu Doll","Orichalcum","Eternal Feather","Shovel","Smiling Mask","Lantern","FossilizedHelix","WristBlade"],"acts_visited":["Exordium","TheCity"],"potions_floor_usage":[21,23,23],"damage_taken":[{"damage":0.0,"enemies":"Cultist","floor":1.0,"turns":2.0},{"damage":0.0,"enemies":"Small Slimes","floor":4.0,"turns":2.0},{"damage":18.0,"enemies":"Gremlin Nob","floor":6.0,"turns":4.0},{"damage":24.0,"enemies":"Lagavulin","floor":8.0,"turns":4.0},{"damage":15.0,"enemies":"Gremlin Nob","floor":10.0,"turns":4.0},{"damage":0,"enemies":"2 Louse","floor":12,"turns":1},{"damage":0,"enemies":"2 Fungi Beasts","floor":13,"turns":2},{"damage":33,"enemies":"The Guardian","floor":16,"turns":8},{"damage":6,"enemies":"3 Byrds","floor":18,"turns":5},{"damage":0,"enemies":"Shell Parasite","floor":19,"turns":3},{"damage":24,"enemies":"Centurion and Healer","floor":21,"turns":6},{"damage":34,"enemies":"Shelled Parasite and Fungi","floor":22,"turns":6},{"damage":15,"enemies":"Book of Stabbing","floor":23,"turns":2}],"seed_played":"5931837723720466191","potions_obtained":[{"floor":10.0,"key":"Ancient Potion"},{"floor":12,"key":"GamblersBrew"},{"floor":13,"key":"Dexterity Potion"},{"floor":21,"key":"Fruit Juice"}],"is_trial":false,"path_per_floor":["M","?","?","M","?","E","R","E","T","E","R","M","M","?","R","B",null,"M","M","?","M","M","E"],"character_chosen":"THE_SILENT","items_purchased":[],"campfire_rested":1,"item_purchase_floors":[],"current_hp_per_floor":[70,70,70,70,70,52,70,46,46,31,40,40,40,29,38,5,70,64,64,64,45,11,0,0],"gold":708,"neow_bonus":"BOSS_RELIC","is_daily":false,"chose_seed":false,"campfire_upgraded":0,"win_rate":0.0,"timestamp":1610926962,"path_taken":["M","?","?","M","?","E","R","E","T","E","R","M","M","?","R","BOSS","M","M","?","M","M","E"],"items_purchased_type":[],"build_version":"2020-12-22","purchased_purges":0,"victory":false,"max_hp_per_floor":[70,70,70,70,70,70,70,70,70,70,70,70,70,70,70,70,70,70,70,70,75,75,75,75],"card_choices":[{"not_picked":["Underhanded Strike","Sucker Punch"],"picked":"Poisoned Stab","floor":1.0},{"not_picked":["Endless Agony","Caltrops","Skewer"],"picked":"SKIP","floor":4.0},{"not_picked":["Eviscerate","Expertise"],"picked":"Bouncing Flask","floor":6.0},{"not_picked":["Acrobatics","Accuracy","Well Laid Plans"],"picked":"SKIP","floor":8.0},{"not_picked":["Underhanded Strike","Flying Knee","Choke"],"picked":"SKIP","floor":10.0},{"not_picked":["Acrobatics","Well Laid Plans","Prepared"],"picked":"SKIP","floor":12},{"not_picked":["Sucker Punch","Setup","Heel Hook"],"picked":"SKIP","floor":13},{"not_picked":["Wraith Form v2","Phantasmal Killer"],"picked":"Storm of Steel","floor":16},{"not_picked":["Underhanded Strike","Slice","Dagger Throw"],"picked":"SKIP","floor":18},{"not_picked":["Bane","Finisher+1","Escape Plan"],"picked":"SKIP","floor":19},{"not_picked":["Acrobatics+1","Sucker Punch+1","Noxious Fumes"],"picked":"SKIP","floor":21},{"not_picked":["Calculated Gamble","Sucker Punch"],"picked":"Backflip","floor":22}],"player_experience":238507,"relics_obtained":[{"floor":6.0,"key":"Orichalcum"},{"floor":8.0,"key":"Eternal Feather"},{"floor":9.0,"key":"Shovel"},{"floor":10.0,"key":"Smiling Mask"},{"floor":11,"key":"Lantern"},{"floor":15,"key":"FossilizedHelix"}],"event_choices":[{"damage_healed":0.0,"max_hp_gain":0.0,"max_hp_loss":0.0,"gold_gain":0.0,"event_name":"Big Fish","player_choice":"Box","floor":2.0,"gold_loss":0.0,"damage_taken":0.0,"relics_obtained":["Du-Vu Doll"],"cards_obtained":["Regret"]},{"cards_removed":["Regret"],"damage_healed":0.0,"max_hp_gain":0.0,"max_hp_loss":0.0,"gold_gain":0.0,"event_name":"The Cleric","player_choice":"Card Removal","floor":3.0,"gold_loss":50.0,"damage_taken":0.0},{"damage_healed":0.0,"max_hp_gain":0.0,"max_hp_loss":0.0,"gold_gain":175.0,"event_name":"Liars Game","player_choice":"AGREE","floor":5.0,"gold_loss":0.0,"damage_taken":0.0,"cards_obtained":["Doubt"]},{"damage_healed":0,"gold_gain":75,"player_choice":"Gather Gold","damage_taken":11,"max_hp_gain":0,"max_hp_loss":0,"event_name":"World of Goop","floor":14,"gold_loss":0},{"damage_healed":0,"gold_gain":99,"player_choice":"Stole From Cult","damage_taken":0,"max_hp_gain":0,"max_hp_loss":0,"event_name":"Nest","floor":20,"gold_loss":0}],"is_beta":false,"boss_relics":[{"not_picked":["Runic Pyramid","Black Star"],"picked":"WristBlade"}],"items_purged_floors":[],"is_endless":false,"potions_floor_spawned":[10,12,13,16,18,21],"killed_by":"Book of Stabbing","ascension_level":3}}