{"host":"kvq1t47bkvtg8ho9","time":1610907968,"event":{"mods":["Aspiration","Bard","BaseMod","Beaked The Cultist","Better Sensory Stone","Better Third Choice","BetterRewards","Clockwork Mod","Colored Map","Conspire","Downfall","Energized Spire","Friendly Minions","Hermit","HexUI Lib","Highlight Path","Hubris","Infinite Spire","Minty Spire (QoL Compilation)","READ ME - Guardian Mod","Relic Stats","Somnambulant","StSLib","The Bladedancer","The Bug Knight","The Cursed","The Disciple","The Forsaken","The Jungle","The Marked","The Necromancer","The Runesmith"],"gold_per_floor":[99,115,115,176,188,188,188,188,20,31,50,60,60,70,80,80,80,80],"floor_reached":16,"language":"ENG","playtime":1176,"items_purged":[],"score":99,"play_id":"f110952d-3765-4456-a757-1cdd3a936e32","local_time":"20210117132608","is_ascension_mode":true,"campfire_choices":[{"data":"Guardian:CurlUp","floor":1,"key":"SMITH"},{"floor":8,"key":"REST"}],"circlet_count":0,"master_deck":["Guardian:Strike_Guardian","Guardian:Strike_Guardian","Guardian:Strike_Guardian","Guardian:Defend_Guardian","Guardian:Defend_Guardian","Guardian:Defend_Guardian","Guardian:Defend_Guardian","Guardian:CurlUp+1","Guardian:TwinSlam","Guardian:DecasProtection","Guardian:Gem_Green","theForsaken:PlagueCurse","Guardian:Gem_Blue","Guardian:PrismaticBarrier","Guardian:BronzeOrb","Guardian:ArmoredProtocol","Guardian:PiercingHide","Guardian:PrimingBeam","Guardian:BronzeOrb","Guardian:TimeCapacitor"],"relics":["Guardian:ModeShifter","conspire:Boomerang","theForsaken:PlagueMask","Smiling Mask","aspiration:AnachronicSnailShell"],"acts_visited":["Exordium"],"potions_floor_usage":[12,16,16],"damage_taken":[{"damage":11,"enemies":"Jaw Worm","floor":2,"turns":5},{"damage":42,"enemies":"Lagavulin Event","floor":4,"turns":9},{"damage":0,"enemies":"Small Slimes","floor":5,"turns":4},{"damage":12,"enemies":"downfall:FleeingMerchant","floor":9,"turns":4},{"damage":3,"enemies":"2 Louse","floor":10,"turns":3},{"damage":14,"enemies":"Exordium Thugs","floor":11,"turns":4},{"damage":0,"enemies":"Blue Slaver","floor":12,"turns":3},{"damage":6,"enemies":"Exordium Wildlife","floor":14,"turns":4},{"damage":7,"enemies":"Exordium Thugs","floor":15,"turns":6},{"damage":11,"enemies":"SI_SHIV_ARCHETYPE","floor":16,"turns":7}],"seed_played":"-4631552867034975801","potions_obtained":[{"floor":4,"key":"Strength Potion"},{"floor":10,"key":"sneckomod:MuddlingPotion"},{"floor":11,"key":"SteroidPotion"},{"floor":15,"key":"Strength Potion"}],"is_trial":false,"path_per_floor":["R","M","?","?","M","?","T","R","$","M","M","M","T","M","M","B"],"character_chosen":"GUARDIAN","items_purchased":["Guardian:PrismaticBarrier","Guardian:BronzeOrb"],"campfire_rested":1,"item_purchase_floors":[9,9],"current_hp_per_floor":[80,69,69,27,27,27,27,51,39,36,22,22,22,16,9,0,0,0],"gold":80,"neow_bonus":"ONE_RANDOM_RARE_CARD","is_daily":false,"chose_seed":false,"campfire_upgraded":1,"win_rate":0.0,"timestamp":1610907968,"path_taken":["R","M","?","?","M","?","T","R","$","M","M","M","?","M","M","BOSS"],"items_purchased_type":["Card","Card"],"build_version":"2020-12-22","purchased_purges":0,"victory":false,"max_hp_per_floor":[80,80,80,80,80,80,80,80,80,80,80,80,80,80,80,80,80,80],"relic_stats":{"counters":[10,49],"Smiling Mask":0,"obtain_stats":[{"aspiration:AnachronicSnailShell":13,"Guardian:ModeShifter":0,"conspire:Boomerang":4,"theForsaken:PlagueMask":6,"Smiling Mask":7},{"aspiration:AnachronicSnailShell":7,"Guardian:ModeShifter":0,"conspire:Boomerang":2,"theForsaken:PlagueMask":3,"Smiling Mask":3},{"aspiration:AnachronicSnailShell":32,"Guardian:ModeShifter":0,"conspire:Boomerang":14,"theForsaken:PlagueMask":18,"Smiling Mask":18}]},"card_choices":[{"not_picked":["Guardian:RefractedBeam","Guardian:PrismaticBeam"],"picked":"Guardian:Gem_Red","floor":2},{"not_picked":["Guardian:SpikerProtocol","Guardian:PiercingHide"],"picked":"Guardian:DecasProtection","floor":4},{"not_picked":["Guardian:ShieldCharger","Guardian:RefractedBeam"],"picked":"Guardian:Gem_Green","floor":5},{"not_picked":["Guardian:GuardianWhirl","Guardian:FuturePlans"],"picked":"Guardian:Gem_Blue","floor":9},{"not_picked":["Guardian:TemporalStrike","Guardian:BodySlam"],"picked":"Guardian:ArmoredProtocol","floor":10},{"not_picked":["Guardian:Emergency","Guardian:PrimingBeam"],"picked":"Guardian:PiercingHide","floor":11},{"not_picked":["Guardian:Reroute","Guardian:ShieldCharger"],"picked":"Guardian:PrimingBeam","floor":12},{"not_picked":["Guardian:ChargeUp","Guardian:ShieldSpikes"],"picked":"Guardian:BronzeOrb","floor":14},{"not_picked":["Guardian:WalkerClaw","Guardian:Harden"],"picked":"Guardian:TimeCapacitor","floor":15}],"player_experience":770358,"relics_obtained":[{"floor":4,"key":"conspire:Boomerang"},{"floor":7,"key":"Smiling Mask"},{"floor":13,"key":"aspiration:AnachronicSnailShell"}],"event_choices":[{"damage_healed":0,"gold_gain":0,"player_choice":"Obtain Plague Curse","damage_taken":0,"max_hp_gain":0,"max_hp_loss":0,"event_name":"Plague Doctor","floor":6,"gold_loss":0,"cards_obtained":["theForsaken:PlagueCurse"]}],"is_beta":false,"boss_relics":[],"items_purged_floors":[],"is_endless":false,"potions_floor_spawned":[4,10,11,15],"killed_by":"SI_SHIV_ARCHETYPE","ascension_level":1}}