{"host":"gzsdmyo07u314vug","time":1610906119,"event":{"mods":["2.2 Compatiblity","Bard","BaseMod","Colored Powertips","GifTheSpireLib","Hermit","Minty Spire (QoL Compilation)","Quick Restart","Rare Cards Sparkle","Relic Stats","Replay The Spire","Robot Space Explorer","Shop Mod","StSLib","The Bug Knight","The Construct","The Elementalist","The Hierophant","The IronCluck","The Marked","The Runesmith","The Servant 0.9.4","Unceasing Turn Reminder","everything is the same but u backflip on backflip","slay the spire mod where everything is the same but ironclad has a cowboy hat","vexMod"],"gold_per_floor":[115,66,66,78,95,95,121,121,121,156,0,18,32,52,52,147,147,167,178,178,178,277,277,305,317,317,336,353,353,353],"floor_reached":29,"language":"ENG","playtime":1800,"items_purged":["hermit:Strike_Hermit"],"score":283,"play_id":"335638fa-0710-4255-a25c-bec4d4b79a39","local_time":"20210117145519","is_ascension_mode":true,"campfire_choices":[{"data":"hermit:Misfire","floor":6,"key":"SMITH"},{"data":"hermit:Glare","floor":8,"key":"SMITH"},{"data":"hermit:Brawl","floor":15,"key":"SMITH"},{"data":"hermit:Adapt","floor":23,"key":"SMITH"}],"circlet_count":0,"master_deck":["hermit:Defend_Hermit","hermit:Defend_Hermit","hermit:Defend_Hermit","hermit:Defend_Hermit","hermit:Snapshot","hermit:Covet+1","hermit:Misfire+1","hermit:SprayPray","hermit:Brawl+1","hermit:Glare+1","hermit:LoneWolf","Finesse","hermit:Vantage","hermit:Adapt+1","hermit:Quickdraw+1","hermit:ShadowCloak"],"relics":["hermit:Momento","Bottled Flame","Mercury Hourglass","Anchor","Empty Cage","MutagenicStrength","Letter Opener","Pantograph"],"acts_visited":["Exordium","TheCity"],"potions_floor_usage":[7,16,18,28,29,29],"damage_taken":[{"damage":0,"enemies":"Cultist","floor":1,"turns":3},{"damage":7,"enemies":"Jaw Worm","floor":4,"turns":2},{"damage":0,"enemies":"Small Slimes","floor":5,"turns":2},{"damage":17,"enemies":"3 Sentries","floor":7,"turns":6},{"damage":5,"enemies":"Gremlin Nob","floor":10,"turns":3},{"damage":0,"enemies":"2 Fungi Beasts","floor":12,"turns":2},{"damage":0,"enemies":"Exordium Wildlife","floor":13,"turns":2},{"damage":2,"enemies":"Large Slime","floor":14,"turns":4},{"damage":31,"enemies":"The Guardian","floor":16,"turns":8},{"damage":9,"enemies":"2 Thieves","floor":18,"turns":6},{"damage":16,"enemies":"Shell Parasite","floor":19,"turns":4},{"damage":17,"enemies":"Slavers","floor":24,"turns":8},{"damage":6,"enemies":"Snake Plant","floor":25,"turns":3},{"damage":6,"enemies":"Snecko","floor":27,"turns":4},{"damage":16,"enemies":"Sentry and Sphere","floor":28,"turns":5},{"damage":7,"enemies":"3 Cultists","floor":29,"turns":4}],"seed_played":"-856960303018730633","potions_obtained":[{"floor":1,"key":"Elixir"},{"floor":5,"key":"Toxic Potion"},{"floor":7,"key":"Milkshake"},{"floor":14,"key":"Flashbang"},{"floor":16,"key":"Dexterity Potion"},{"floor":27,"key":"Weak Potion"},{"floor":28,"key":"SkillPotion"}],"is_trial":false,"path_per_floor":["M","$","?","M","M","R","E","R","T","E","$","M","M","M","R","B",null,"M","M","?","?","?","R","E","M","T","M","M","M"],"character_chosen":"HERMIT","items_purchased":["hermit:SprayPray","Finesse"],"campfire_rested":0,"item_purchase_floors":[2,11],"current_hp_per_floor":[75,75,75,68,68,68,51,51,51,46,46,46,46,44,44,13,75,66,50,50,50,50,50,33,27,27,21,5,0,0],"gold":353,"neow_bonus":"REMOVE_CARD","is_daily":false,"chose_seed":false,"campfire_upgraded":4,"win_rate":0.0,"timestamp":1610906119,"path_taken":["M","$","?","M","M","R","E","R","T","E","$","M","M","M","R","BOSS","M","M","?","?","?","R","E","M","T","M","M","?"],"items_purchased_type":["Card","Card"],"build_version":"2020-12-22","purchased_purges":1,"victory":false,"max_hp_per_floor":[75,75,75,75,75,75,75,75,75,75,75,75,75,75,75,75,75,75,75,75,75,75,75,75,75,75,75,75,75,75],"relic_stats":{"counters":[16,66],"Pantograph":0,"Letter Opener":[25],"obtain_stats":[{"Bottled Flame":7,"Anchor":10,"MutagenicStrength":21,"Pantograph":26,"Letter Opener":24,"Empty Cage":17,"hermit:Momento":0,"Mercury Hourglass":9},{"Bottled Flame":4,"Anchor":5,"MutagenicStrength":11,"Pantograph":13,"Letter Opener":12,"Empty Cage":9,"hermit:Momento":0,"Mercury Hourglass":4},{"Bottled Flame":13,"Anchor":16,"MutagenicStrength":42,"Pantograph":53,"Letter Opener":50,"Empty Cage":32,"hermit:Momento":0,"Mercury Hourglass":13}],"Mercury Hourglass":[192]},"card_choices":[{"not_picked":["hermit:Shortfuse","hermit:ShadowCloak"],"picked":"hermit:Misfire","floor":1},{"not_picked":["hermit:Quickdraw","hermit:Coalescence"],"picked":"hermit:Brawl","floor":4},{"not_picked":["hermit:Gestalt","hermit:HighCaliber"],"picked":"hermit:Glare","floor":5},{"not_picked":["hermit:EternalForm","hermit:ItchyTrigger"],"picked":"hermit:LoneWolf","floor":7},{"not_picked":["hermit:ItchyTrigger","hermit:Showdown","hermit:BigShot"],"picked":"SKIP","floor":10},{"not_picked":["hermit:Desperado","hermit:WideOpen","hermit:Misfire"],"picked":"SKIP","floor":12},{"not_picked":["hermit:Enervate","hermit:Snipe","hermit:Feint"],"picked":"SKIP","floor":13},{"not_picked":["hermit:Midnight","hermit:Roulette"],"picked":"hermit:Vantage","floor":14},{"not_picked":["hermit:HighNoon","hermit:RoundhouseKick"],"picked":"hermit:Adapt","floor":16},{"not_picked":["hermit:CursedWeapon","hermit:LowProfile"],"picked":"hermit:Quickdraw+1","floor":18},{"not_picked":["hermit:Misfire+1","hermit:GoldenBullet"],"picked":"hermit:ShadowCloak","floor":19},{"not_picked":["hermit:Misfire","hermit:BlackWind","hermit:PistolWhip"],"picked":"SKIP","floor":24},{"not_picked":["hermit:Dive","hermit:Coalescence","hermit:HoleUp+1"],"picked":"SKIP","floor":25},{"not_picked":["hermit:TakeAim","hermit:PistolWhip","hermit:BigShot"],"picked":"SKIP","floor":27},{"not_picked":["hermit:Glare","hermit:CalledShot","hermit:Ricochet"],"picked":"SKIP","floor":28}],"player_experience":696221,"relics_obtained":[{"floor":7,"key":"Bottled Flame"},{"floor":9,"key":"Mercury Hourglass"},{"floor":10,"key":"Anchor"},{"floor":24,"key":"Letter Opener"},{"floor":26,"key":"Pantograph"}],"event_choices":[{"damage_healed":0,"gold_gain":0,"player_choice":"Grow","damage_taken":0,"max_hp_gain":0,"max_hp_loss":0,"event_name":"Living Wall","floor":3,"gold_loss":0,"cards_upgraded":["hermit:Covet"]},{"damage_healed":0,"gold_gain":0,"player_choice":"Ignored","damage_taken":0,"max_hp_gain":0,"max_hp_loss":0,"event_name":"Ghosts","floor":20,"gold_loss":0},{"damage_healed":0,"gold_gain":0,"player_choice":"Inject Mutagens","damage_taken":0,"relics_obtained":["MutagenicStrength"],"max_hp_gain":0,"max_hp_loss":0,"event_name":"Drug Dealer","floor":21,"gold_loss":0},{"damage_healed":0,"gold_gain":99,"player_choice":"Stole From Cult","damage_taken":0,"max_hp_gain":0,"max_hp_loss":0,"event_name":"Nest","floor":22,"gold_loss":0}],"is_beta":false,"boss_relics":[{"not_picked":["Honey Jar","Pandora\u0027s Box"],"picked":"Empty Cage"}],"items_purged_floors":[11],"is_endless":false,"potions_floor_spawned":[1,5,7,14,16,27,28],"killed_by":"3 Cultists","ascension_level":2}}