{"host":"bydnmyvf669xu6ab","time":1610853336,"event":{"mods":["BaseMod","BetterRewards","Colored Map","Highlight Path","Minty Spire (QoL Compilation)","Poor People Problems","Rare Cards Sparkle","Relic Stats","Shop Mod","Spikes Relics","StSLib","SuperFastMode"],"gold_per_floor":[116,116,134,7,25,54,54,54,80,80,80,4,22,38,38,159,159,184,9,27,27,27,27,27,27,78,91,11,11,46,61,61,189,189,208,92,92,110,173,173,173],"floor_reached":40,"language":"ENG","playtime":2321,"items_purged":[],"score":605,"play_id":"959a91b9-5d99-4d42-9bef-ff2bb5b88b02","local_time":"20210116191536","is_ascension_mode":true,"campfire_choices":[{"data":"Armaments","floor":7,"key":"SMITH"},{"data":"Rampage","floor":10,"key":"SMITH"},{"data":"Rampage","floor":15,"key":"SMITH"},{"data":"Inflame","floor":23,"key":"SMITH"},{"data":"Offering","floor":25,"key":"SMITH"},{"data":"Feed","floor":32,"key":"SMITH"}],"circlet_count":0,"master_deck":["Strike_R","Strike_R","Strike_R","Defend_R","Defend_R+1","Defend_R","Defend_R","Bash","Battle Trance","Bandage Up","Rampage+1","Flex","Pommel Strike","Inflame+1","Flex+1","Armaments+1","Rage+1","Rampage+1","Offering+1","Warcry+1","Headbutt","Iron Wave+1","Feed","Feed+1","Pommel Strike+1","Fire Breathing","Double Tap","Metallicize","Madness","Madness","True Grit","Burning Pact+1"],"relics":["Burning Blood","Membership Card","Kunai","Meat on the Bone","Happy Flower","Pear","Toy Ornithopter","MealTicket","Golden Idol","War Paint","Velvet Choker","ClockworkSouvenir","Ancient Tea Set","Smiling Mask","Philosopher\u0027s Stone","SnailShell","Girya"],"acts_visited":["Exordium","TheCity","TheBeyond"],"potions_floor_usage":[6,6,31,40,40],"damage_taken":[{"damage":3,"enemies":"Small Slimes","floor":1,"turns":3},{"damage":3,"enemies":"Jaw Worm","floor":3,"turns":4},{"damage":0,"enemies":"Cultist","floor":5,"turns":3},{"damage":7,"enemies":"Gremlin Nob","floor":6,"turns":3},{"damage":0,"enemies":"Large Slime","floor":13,"turns":5},{"damage":25,"enemies":"Exordium Thugs","floor":14,"turns":3},{"damage":26,"enemies":"The Guardian","floor":16,"turns":9},{"damage":37,"enemies":"3 Byrds","floor":18,"turns":6},{"damage":12,"enemies":"Shell Parasite","floor":20,"turns":4},{"damage":22,"enemies":"Snake Plant","floor":27,"turns":3},{"damage":53,"enemies":"Book of Stabbing","floor":30,"turns":6},{"damage":14,"enemies":"Cultist and Chosen","floor":31,"turns":6},{"damage":40,"enemies":"Collector","floor":33,"turns":11},{"damage":12,"enemies":"Orb Walker","floor":35,"turns":4},{"damage":56,"enemies":"3 Darklings","floor":38,"turns":8},{"damage":32,"enemies":"Mind Bloom Boss Battle","floor":39,"turns":6},{"damage":63,"enemies":"Nemesis","floor":40,"turns":8}],"seed_played":"8169834407290477681","potions_obtained":[{"floor":1,"key":"Fire Potion"},{"floor":5,"key":"PowerPotion"},{"floor":13,"key":"BlessingOfTheForge"},{"floor":16,"key":"GamblersBrew"},{"floor":20,"key":"EssenceOfSteel"},{"floor":31,"key":"ElixirPotion"}],"is_trial":false,"path_per_floor":["M","?","M","$","M","E","R","?","T","R","?","$","M","M","R","B",null,"M","$","M","?","$","R","?","R","T","M","$","?","E","M","R","B",null,"M","$","?","M","?","E"],"character_chosen":"IRONCLAD","items_purchased":["Membership Card","Kunai","Battle Trance","Bandage Up","Rampage","Meat on the Bone","Happy Flower","Flex","Pommel Strike","Pear","War Paint","ClockworkSouvenir","Ancient Tea Set","Headbutt","Feed","Metallicize","SnailShell"],"campfire_rested":0,"item_purchase_floors":[0,0,0,0,0,0,0,0,0,4,12,19,19,19,28,36,36],"current_hp_per_floor":[58,51,58,68,78,81,81,81,81,81,59,74,84,69,69,53,90,63,78,76,76,90,90,90,90,90,78,90,90,58,66,66,48,100,98,104,91,61,51,0,0],"gold":173,"neow_bonus":"","is_daily":false,"chose_seed":false,"campfire_upgraded":6,"win_rate":0.0,"timestamp":1610853336,"path_taken":["M","?","M","$","M","E","R","?","T","R","?","$","M","M","R","BOSS","M","$","M","?","$","R","?","R","T","?","$","?","E","?","R","BOSS","M","$","?","M","?","E"],"items_purchased_type":["Relic","Relic","Card","Card","Card","Relic","Relic","Card","Card","Relic","Relic","Relic","Relic","Card","Card","Card","Relic"],"build_version":"2020-12-22","purchased_purges":0,"victory":false,"max_hp_per_floor":[80,80,80,90,90,90,90,90,90,90,90,90,90,90,90,90,90,90,90,90,90,90,90,90,90,90,90,90,90,93,100,100,100,100,104,104,104,108,108,108,108],"relic_stats":{"Happy Flower":[30],"counters":[312,1590],"Golden Idol":100,"MealTicket":62,"Kunai":[30],"War Paint":["Flex","Defend_R"],"Smiling Mask":0,"obtain_stats":[{"infinitespire:BottledMercury":29,"Ginger":10,"Whetstone":26,"Bottled Tornado":6,"Boot":54,"Blood Vial":20,"ZombieTooth":53,"Sundial":24,"MealTicket":41,"infinitespire:Golems Mask":25,"Fusion Hammer":17,"Kunai":0,"MerchantsRug":8,"Pear":4,"GiantMaggot":9,"Blue Candle":41,"Velvet Choker":17,"Eternal Feather":44,"Pen Nib":8,"infinitespire:Lychee Nut":26,"Bird Faced Urn":23,"MutagenicStrength":20,"Pandora\u0027s Box":17,"Mark of Pain":17,"infinitespire:PuzzleCube":26,"Unceasing Top":14,"Regal Pillow":0,"Lantern":28,"Torii":27,"Magic Flower":48,"Bag of Preparation":0,"HeavenlyBonsai":24,"Cursed Key":34,"Ancient Tea Set":19,"Smiling Mask":30,"Burning Blood":0,"Matryoshka":0,"Toolbox":24,"Chemical X":0,"InkBottle":0,"Paper Frog":42,"Potion Belt":38,"Lee\u0027s Waffle":24,"Self Forming Clay":12,"Golden Idol":3,"Thread and Needle":39,"infinitespire:Joker Card":8,"PreservedInsect":0,"The Courier":23,"Omamori":12,"infinitespire:CheckeredPen":9,"infinitespire:Lucky Rock":9,"Frozen Egg 2":9,"Busted Crown":34,"ExplosiveVial":0,"SpikesRelics:DaevaFist":7,"Art of War":11,"Bottled Lightning":43,"Toy Ornithopter":23,"infinitespire:Midas Blood":13,"ShockBauble":19,"Calipers":0,"Nilry\u0027s Codex":30,"Vajra":26,"Sozu":17,"Lizard Tail":28,"Centennial Puzzle":30,"HornCleat":26,"DollysMirror":28,"Strawberry":31,"Prayer Wheel":0,"Philosopher\u0027s Stone":17,"Toxic Egg 2":0,"LugNut":2,"Girya":39,"Happy Flower":23,"Dead Branch":0,"Letter Opener":0,"War Paint":0,"Question Card":11,"Bottled Flame":41,"Shuriken":19,"Bronze Scales":22,"Molten Egg 2":0,"Black Star":17,"CosmicIsotope":17,"Meat on the Bone":0,"Darkstone Periapt":11,"SnailShell":43,"Black Blood":34,"BrokenLever":12,"Mango":28,"Incense Burner":38,"Juzu Bracelet":0,"PrismaticShard":0,"ClockworkSouvenir":20,"HailfireSword":17,"Nunchaku":7,"Dream Catcher":13,"Mummified Hand":0,"Gambling Chip":40,"Pantograph":0,"MiniBlackHole":8,"RollingBoulder":13,"Red Mask":42,"Red Skull":10,"Runic Pyramid":17,"infinitespire:FocusingShard":43,"Orichalcum":14,"Odd Mushroom":7,"White Beast Statue":14,"Mercury Hourglass":10,"Sandwich":34,"CaptainsWheel":29,"infinitespire:WardingShard":46,"infinitespire:Satchel":44,"GolemAmulet":46,"Bag of Marbles":26,"Membership Card":0},{"infinitespire:BottledMercury":100,"Ginger":31,"Whetstone":201,"Bottled Tornado":191,"Boot":82,"Blood Vial":115,"ZombieTooth":268,"Sundial":159,"MealTicket":57,"infinitespire:Golems Mask":71,"Fusion Hammer":9,"Kunai":83,"MerchantsRug":5,"Pear":297,"GiantMaggot":167,"Blue Candle":77,"Velvet Choker":91,"Eternal Feather":184,"Pen Nib":5,"infinitespire:Lychee Nut":15,"Bird Faced Urn":13,"MutagenicStrength":139,"Pandora\u0027s Box":114,"Mark of Pain":46,"infinitespire:PuzzleCube":49,"Unceasing Top":126,"Regal Pillow":83,"Lantern":142,"Torii":201,"Magic Flower":267,"Bag of Preparation":83,"HeavenlyBonsai":37,"Cursed Key":53,"Ancient Tea Set":303,"Smiling Mask":306,"Burning Blood":0,"Matryoshka":61,"Toolbox":229,"Chemical X":61,"InkBottle":83,"Paper Frog":57,"Potion Belt":21,"Lee\u0027s Waffle":281,"Self Forming Clay":194,"Golden Idol":219,"Thread and Needle":56,"infinitespire:Joker Card":42,"PreservedInsect":83,"The Courier":255,"Omamori":6,"infinitespire:CheckeredPen":30,"infinitespire:Lucky Rock":87,"Frozen Egg 2":275,"Busted Crown":73,"ExplosiveVial":270,"SpikesRelics:DaevaFist":42,"Art of War":44,"Bottled Lightning":210,"Toy Ornithopter":70,"infinitespire:Midas Blood":90,"ShockBauble":251,"Calipers":270,"Nilry\u0027s Codex":100,"Vajra":142,"Sozu":68,"Lizard Tail":160,"Centennial Puzzle":232,"HornCleat":71,"DollysMirror":50,"Strawberry":52,"Prayer Wheel":130,"Philosopher\u0027s Stone":195,"Toxic Egg 2":0,"LugNut":28,"Girya":311,"Happy Flower":96,"Dead Branch":0,"Letter Opener":27,"War Paint":0,"Question Card":111,"Bottled Flame":183,"Shuriken":10,"Bronze Scales":69,"Molten Egg 2":61,"Black Star":138,"CosmicIsotope":226,"Meat on the Bone":295,"Darkstone Periapt":31,"SnailShell":25,"Black Blood":19,"BrokenLever":65,"Mango":283,"Incense Burner":56,"Juzu Bracelet":147,"PrismaticShard":27,"ClockworkSouvenir":35,"HailfireSword":33,"Nunchaku":134,"Dream Catcher":224,"Mummified Hand":211,"Gambling Chip":23,"Pantograph":27,"MiniBlackHole":216,"RollingBoulder":66,"Red Mask":77,"Red Skull":135,"Runic Pyramid":277,"infinitespire:FocusingShard":77,"Orichalcum":170,"Odd Mushroom":245,"White Beast Statue":217,"Mercury Hourglass":124,"Sandwich":102,"CaptainsWheel":161,"infinitespire:WardingShard":26,"infinitespire:Satchel":78,"GolemAmulet":79,"Bag of Marbles":175,"Membership Card":0},{"infinitespire:BottledMercury":388,"Ginger":129,"Whetstone":908,"Bottled Tornado":850,"Boot":332,"Blood Vial":461,"ZombieTooth":1299,"Sundial":700,"MealTicket":249,"infinitespire:Golems Mask":296,"Fusion Hammer":34,"Kunai":340,"MerchantsRug":17,"Pear":1505,"GiantMaggot":733,"Blue Candle":313,"Velvet Choker":365,"Eternal Feather":813,"Pen Nib":17,"infinitespire:Lychee Nut":54,"Bird Faced Urn":48,"MutagenicStrength":599,"Pandora\u0027s Box":456,"Mark of Pain":199,"infinitespire:PuzzleCube":210,"Unceasing Top":523,"Regal Pillow":340,"Lantern":611,"Torii":908,"Magic Flower":1290,"Bag of Preparation":340,"HeavenlyBonsai":154,"Cursed Key":231,"Ancient Tea Set":1534,"Smiling Mask":1547,"Burning Blood":0,"Matryoshka":268,"Toolbox":1078,"Chemical X":268,"InkBottle":340,"Paper Frog":249,"Potion Belt":84,"Lee\u0027s Waffle":1394,"Self Forming Clay":862,"Golden Idol":1017,"Thread and Needle":242,"infinitespire:Joker Card":180,"PreservedInsect":340,"The Courier":1226,"Omamori":21,"infinitespire:CheckeredPen":123,"infinitespire:Lucky Rock":351,"Frozen Egg 2":1343,"Busted Crown":304,"ExplosiveVial":1312,"SpikesRelics:DaevaFist":180,"Art of War":188,"Bottled Lightning":965,"Toy Ornithopter":294,"infinitespire:Midas Blood":361,"ShockBauble":1208,"Calipers":1312,"Nilry\u0027s Codex":388,"Vajra":611,"Sozu":289,"Lizard Tail":701,"Centennial Puzzle":1109,"HornCleat":296,"DollysMirror":215,"Strawberry":223,"Prayer Wheel":549,"Philosopher\u0027s Stone":869,"Toxic Egg 2":0,"LugNut":114,"Girya":1582,"Happy Flower":376,"Dead Branch":0,"Letter Opener":111,"War Paint":0,"Question Card":439,"Bottled Flame":810,"Shuriken":36,"Bronze Scales":290,"Molten Egg 2":268,"Black Star":592,"CosmicIsotope":1056,"Meat on the Bone":1498,"Darkstone Periapt":129,"SnailShell":102,"Black Blood":75,"BrokenLever":278,"Mango":1408,"Incense Burner":242,"Juzu Bracelet":650,"PrismaticShard":111,"ClockworkSouvenir":146,"HailfireSword":139,"Nunchaku":570,"Dream Catcher":1041,"Mummified Hand":970,"Gambling Chip":93,"Pantograph":111,"MiniBlackHole":997,"RollingBoulder":281,"Red Mask":313,"Red Skull":575,"Runic Pyramid":1363,"infinitespire:FocusingShard":313,"Orichalcum":748,"Odd Mushroom":1180,"White Beast Statue":1004,"Mercury Hourglass":514,"Sandwich":401,"CaptainsWheel":709,"infinitespire:WardingShard":107,"infinitespire:Satchel":318,"GolemAmulet":321,"Bag of Marbles":775,"Membership Card":0}],"Burning Blood":1733,"Toy Ornithopter":15,"Meat on the Bone":60},"card_choices":[{"not_picked":["Hemokinesis","Disarm"],"picked":"Inflame","floor":1},{"not_picked":["Absolvement","Blood for Blood"],"picked":"Flex","floor":3},{"not_picked":["Sword Boomerang","True Grit"],"picked":"Armaments","floor":5},{"not_picked":["Reckless Charge","Headbutt"],"picked":"Rage","floor":6},{"not_picked":["Flex","Clothesline","Twin Strike"],"picked":"SKIP","floor":13},{"not_picked":["Second Wind","Warcry"],"picked":"Rampage","floor":14},{"not_picked":["Immolate","Fiend Fire"],"picked":"Offering","floor":16},{"not_picked":["Clash","Sword Boomerang"],"picked":"Warcry+1","floor":18},{"not_picked":["Wild Strike","Clash+1","Warcry"],"picked":"SKIP","floor":20},{"not_picked":["Havoc","Twin Strike"],"picked":"Iron Wave+1","floor":27},{"not_picked":["Carnage+1","Body Slam"],"picked":"Pommel Strike+1","floor":30},{"not_picked":["Iron Wave","Clash"],"picked":"Fire Breathing","floor":31},{"not_picked":["Immolate","Offering"],"picked":"Double Tap","floor":33},{"not_picked":["Absolvement","Anger","Iron Wave"],"picked":"SKIP","floor":35},{"not_picked":["Anger","Intimidate"],"picked":"True Grit","floor":38},{"not_picked":["Clash","Disarm+1"],"picked":"Burning Pact+1","floor":39}],"player_experience":2261022,"relics_obtained":[{"floor":6,"key":"Toy Ornithopter"},{"floor":9,"key":"MealTicket"},{"floor":30,"key":"Smiling Mask"},{"floor":39,"key":"Girya"}],"event_choices":[{"cards_removed":["Strike_R"],"damage_healed":0,"gold_gain":0,"player_choice":"Card Removal","damage_taken":7,"max_hp_gain":0,"max_hp_loss":0,"event_name":"Golden Wing","floor":2,"gold_loss":0},{"damage_healed":0,"gold_gain":0,"player_choice":"Grow","damage_taken":0,"max_hp_gain":0,"max_hp_loss":0,"event_name":"Living Wall","floor":8,"gold_loss":0,"cards_upgraded":["Rage"]},{"damage_healed":0,"gold_gain":0,"player_choice":"Take Damage","damage_taken":22,"relics_obtained":["Golden Idol"],"max_hp_gain":0,"max_hp_loss":0,"event_name":"Golden Idol","floor":11,"gold_loss":0},{"damage_healed":0,"gold_gain":0,"player_choice":"Ignored","damage_taken":0,"max_hp_gain":0,"max_hp_loss":0,"event_name":"Ghosts","floor":21,"gold_loss":0},{"cards_removed":["Strike_R"],"damage_healed":0,"gold_gain":0,"player_choice":"Purged","damage_taken":0,"max_hp_gain":0,"max_hp_loss":0,"event_name":"Purifier","floor":24,"gold_loss":0},{"damage_healed":0,"gold_gain":0,"player_choice":"Copied","damage_taken":0,"max_hp_gain":0,"max_hp_loss":0,"event_name":"Duplicator","floor":29,"gold_loss":0,"cards_obtained":["Feed"]},{"damage_healed":0,"gold_gain":0,"player_choice":"Embrace Madness","damage_taken":13,"max_hp_gain":0,"max_hp_loss":0,"event_name":"Winding Halls","floor":37,"gold_loss":0,"cards_obtained":["Madness","Madness"]},{"damage_healed":0,"gold_gain":0,"player_choice":"Fight","damage_taken":0,"max_hp_gain":0,"max_hp_loss":0,"event_name":"MindBloom","floor":39,"gold_loss":0}],"is_beta":false,"boss_relics":[{"not_picked":["SlaversCollar","Runic Dome"],"picked":"Velvet Choker"},{"not_picked":["Calling Bell","Sandwich"],"picked":"Philosopher\u0027s Stone"}],"items_purged_floors":[],"is_endless":false,"potions_floor_spawned":[1,5,13,16,20,27,31,38],"killed_by":"Nemesis","ascension_level":1}}