{"host":"axuns55dzq466eei","time":1610888931,"event":{"mods":["BaseMod","Colored Map","Keyboard Shortcuts","Minty Spire (QoL Compilation)","StSLib","SuperFastMode"],"gold_per_floor":[118,137,287,41,52,52,72,72,117,133,133,208,208,48,48,48,48],"floor_reached":16,"language":"KOR","playtime":214,"items_purged":["Doubt"],"score":180,"play_id":"02aad292-dd05-45d7-8ad7-cd6fba90298c","local_time":"20210117220851","is_ascension_mode":true,"campfire_choices":[{"data":"Zap","floor":6,"key":"SMITH"},{"data":"Fusion","floor":8,"key":"SMITH"},{"data":"Dualcast","floor":11,"key":"SMITH"},{"floor":13,"key":"REST"},{"data":"Consume","floor":15,"key":"SMITH"}],"circlet_count":0,"master_deck":["AscendersBane","Strike_B","Strike_B","Strike_B","Strike_B","Defend_B","Defend_B","Defend_B","Defend_B","Zap+1","Dualcast+1","Barrage","Skim","Fusion+1","Consume+1"],"relics":["Cracked Core","NeowsBlessing","Medical Kit","Omamori","Lee\u0027s Waffle"],"acts_visited":["Exordium"],"potions_floor_usage":[10,16],"damage_taken":[{"damage":6,"enemies":"2 Louse","floor":1,"turns":2},{"damage":0,"enemies":"Jaw Worm","floor":2,"turns":1},{"damage":0,"enemies":"Small Slimes","floor":5,"turns":1},{"damage":21,"enemies":"Blue Slaver","floor":7,"turns":4},{"damage":20,"enemies":"Gremlin Gang","floor":10,"turns":5},{"damage":84,"enemies":"Slime Boss","floor":16,"turns":10}],"seed_played":"1696484343601279119","potions_obtained":[{"floor":2,"key":"ColorlessPotion"},{"floor":7,"key":"PowerPotion"}],"is_trial":false,"path_per_floor":["M","M","?","$","M","R","M","R","T","M","R","?","R","$","R","B"],"character_chosen":"DEFECT","items_purchased":["Medical Kit","Lee\u0027s Waffle"],"campfire_rested":1,"item_purchase_floors":[4,14],"current_hp_per_floor":[58,58,58,58,58,58,37,37,37,17,17,6,27,78,78,0,0],"gold":48,"neow_bonus":"THREE_ENEMY_KILL","is_daily":false,"chose_seed":false,"campfire_upgraded":4,"win_rate":0.0,"timestamp":1610888931,"path_taken":["M","M","?","$","M","R","M","R","T","M","R","?","R","?","R","BOSS"],"items_purchased_type":["Relic","Relic"],"build_version":"2020-12-22","purchased_purges":1,"victory":false,"max_hp_per_floor":[71,71,71,71,71,71,71,71,71,71,71,71,71,78,78,78,78],"card_choices":[{"not_picked":["Rebound","Hologram"],"picked":"Barrage","floor":1},{"not_picked":["Stack","Go for the Eyes"],"picked":"Skim","floor":2},{"not_picked":["Redo","Compile Driver","Force Field"],"picked":"SKIP","floor":5},{"not_picked":["Conserve Battery","Redo"],"picked":"Fusion","floor":7},{"not_picked":["Leap","Cold Snap"],"picked":"Consume","floor":10}],"player_experience":1080818,"relics_obtained":[{"floor":9,"key":"Omamori"}],"event_choices":[{"damage_healed":0,"gold_gain":150,"player_choice":"AGREE","damage_taken":0,"max_hp_gain":0,"max_hp_loss":0,"event_name":"Liars Game","floor":3,"gold_loss":0,"cards_obtained":["Doubt"]},{"damage_healed":0,"gold_gain":75,"player_choice":"Gather Gold","damage_taken":11,"max_hp_gain":0,"max_hp_loss":0,"event_name":"World of Goop","floor":12,"gold_loss":0}],"is_beta":false,"boss_relics":[],"items_purged_floors":[4],"is_endless":false,"potions_floor_spawned":[2,7],"killed_by":"Slime Boss","ascension_level":20}}