{"host":"5yoj846f700ld8qy","time":1610917500,"event":{"mods":["AchievementEnabler","Aspiration","BaseMod","Better Altar","Better Match","Better Note","Better Sensory Stone","Better Skull","Better Third Choice","Colored Map","Colored Powertips","Minty Spire (QoL Compilation)","StSLib"],"gold_per_floor":[110,33,91,5,5,44,44,78,78,78,78,21,21,21,21,21,21],"floor_reached":16,"language":"ENG","playtime":415,"items_purged":[],"score":189,"play_id":"3b3d13b9-1e4d-4026-aef7-4e77fdd51d6d","local_time":"20210117230500","is_ascension_mode":true,"campfire_choices":[{"data":"Uppercut","floor":7,"key":"SMITH"},{"floor":10,"key":"REST"},{"floor":13,"key":"REST"},{"data":"Metallicize","floor":15,"key":"SMITH"}],"circlet_count":0,"master_deck":["AscendersBane","Strike_R","Strike_R","Strike_R","Strike_R","Strike_R","Defend_R","Defend_R","Defend_R+1","Defend_R","Bash","Cleave","Uppercut+1","Burning Pact","Flame Barrier+1","Metallicize+1"],"relics":["Burning Blood","aspiration:Nostalgia","Ring of the Snake","Golden Idol","Toy Ornithopter","aspiration:FetidBarrel","Bottled Flame","War Paint"],"acts_visited":["Exordium"],"potions_floor_usage":[8,16],"damage_taken":[{"damage":6.0,"enemies":"Cultist","floor":1.0,"turns":3.0},{"damage":50,"enemies":"Lagavulin","floor":6,"turns":6},{"damage":20,"enemies":"3 Sentries","floor":8,"turns":8},{"damage":50,"enemies":"Slime Boss","floor":16,"turns":9}],"seed_played":"1277180263370251335","potions_obtained":[{"floor":6,"key":"Block Potion"}],"is_trial":false,"path_per_floor":["M","$","?","$","?","E","R","E","T","R","?","$","R","?","R","B"],"character_chosen":"IRONCLAD","items_purchased":["Uppercut","Burning Pact","Explosive Potion"],"campfire_rested":2,"item_purchase_floors":[2,4,12],"current_hp_per_floor":[68,68,68,68,68,24,24,15,15,35,9,9,29,51,51,6,6],"gold":21,"neow_bonus":"NOSTALGIA","is_daily":false,"chose_seed":false,"campfire_upgraded":2,"win_rate":0.0,"timestamp":1610917500,"path_taken":["M","$","?","$","?","E","R","E","T","R","?","$","R","?","R","BOSS"],"items_purchased_type":["Card","Card","Potion"],"build_version":"2020-12-22","purchased_purges":0,"victory":false,"max_hp_per_floor":[75,75,75,75,68,68,68,68,68,68,68,68,68,68,68,68,68],"card_choices":[{"not_picked":["Body Slam","Pommel Strike"],"picked":"Cleave","floor":1.0},{"not_picked":["Juggernaut","Flex"],"picked":"Flame Barrier","floor":6},{"not_picked":["Body Slam","Sword Boomerang"],"picked":"Metallicize","floor":8}],"player_experience":405177,"relics_obtained":[{"floor":6,"key":"Toy Ornithopter"},{"floor":8,"key":"aspiration:FetidBarrel"},{"floor":9,"key":"Bottled Flame"}],"event_choices":[{"damage_healed":0.0,"max_hp_gain":0.0,"max_hp_loss":0.0,"gold_gain":58.0,"event_name":"Golden Wing","player_choice":"Gained Gold","floor":3.0,"gold_loss":0.0,"damage_taken":0.0},{"damage_healed":0,"gold_gain":0,"player_choice":"Lose Max HP","damage_taken":0,"relics_obtained":["Golden Idol"],"max_hp_gain":0,"max_hp_loss":7,"event_name":"Golden Idol","floor":5,"gold_loss":0},{"damage_healed":0,"gold_gain":1,"player_choice":"Relic ","damage_taken":26,"max_hp_gain":0,"max_hp_loss":0,"event_name":"betterThird:BetterScrap","floor":11,"gold_loss":0,"cards_obtained":["SpiritShield"]},{"damage_healed":22,"gold_gain":0,"player_choice":"Banana","damage_taken":0,"max_hp_gain":0,"max_hp_loss":0,"event_name":"Big Fish","floor":14,"gold_loss":0}],"is_beta":false,"boss_relics":[],"items_purged_floors":[],"is_endless":false,"potions_floor_spawned":[6],"killed_by":"Slime Boss","ascension_level":17}}