{"host":"x3qmax6e7jj3tga5","time":1610858693,"event":{"mods":["BaseMod","Custom Start","Minty Spire (QoL Compilation)","StSLib"],"gold_per_floor":[215,19,38,48,67,67,95,114,114,114,114,132,160,160,160,265,265,279,16,31,46,58,58,86,102,102,102,102,121,121,132,132,227,227,239,239,253,38,88,122,35,35,108,29,56,73,73,19,19,19],"floor_reached":51,"language":"ENG","playtime":3442,"items_purged":["Strike_G","Strike_G"],"score":771,"play_id":"5f3652dc-cd0f-4ce6-9581-ea00eff20e44","local_time":"20210116224453","is_ascension_mode":true,"campfire_choices":[{"data":"Sucker Punch","floor":6.0,"key":"SMITH"},{"data":"Footwork","floor":10.0,"key":"SMITH"},{"floor":15,"key":"REST"},{"data":"After Image","floor":23,"key":"SMITH"},{"data":"Footwork","floor":27,"key":"SMITH"},{"data":"Crippling Poison","floor":30,"key":"SMITH"},{"data":"Deadly Poison","floor":32,"key":"SMITH"},{"floor":49,"key":"REST"}],"circlet_count":0,"master_deck":["Strike_G","Strike_G","Defend_G","Defend_G+1","Defend_G","Defend_G","Survivor","Neutralize","Dagger Spray+1","Footwork+1","Sucker Punch+1","Deadly Poison+1","Endless Agony","Dash","Quick Slash+1","Skewer","Dagger Throw","After Image+1","Footwork+1","Adrenaline","Prepared+1","Deadly Poison+1","Flash of Steel","Slice","Cloak And Dagger","Dash+1","Crippling Poison+1","Backflip","Wraith Form v2","Noxious Fumes+1","Leg Sweep","Deflect","Panacea","Setup","Well Laid Plans","Deadly Poison"],"relics":["Ring of the Serpent","Calipers","Blue Candle","Paper Crane","War Paint","Busted Crown","Snake Skull","Whetstone","InkBottle","CaptainsWheel","Blood Vial","Ninja Scroll","Oddly Smooth Stone"],"acts_visited":["Exordium","TheCity","TheBeyond"],"potions_floor_usage":[24,33,33],"damage_taken":[{"damage":4.0,"enemies":"Cultist","floor":1.0,"turns":6.0},{"damage":0.0,"enemies":"2 Louse","floor":3.0,"turns":3.0},{"damage":1.0,"enemies":"Small Slimes","floor":4.0,"turns":4.0},{"damage":0.0,"enemies":"Blue Slaver","floor":5.0,"turns":5.0},{"damage":10.0,"enemies":"Lagavulin","floor":7.0,"turns":8.0},{"damage":1.0,"enemies":"Red Slaver","floor":8.0,"turns":4.0},{"damage":8.0,"enemies":"Large Slime","floor":12.0,"turns":5.0},{"damage":12.0,"enemies":"Gremlin Nob","floor":13.0,"turns":5.0},{"damage":39,"enemies":"Slime Boss","floor":16,"turns":16},{"damage":0,"enemies":"3 Byrds","floor":18,"turns":6},{"damage":6,"enemies":"2 Thieves","floor":20,"turns":5},{"damage":5,"enemies":"Snake Plant","floor":21,"turns":4},{"damage":0,"enemies":"Centurion and Healer","floor":22,"turns":8},{"damage":7,"enemies":"Gremlin Leader","floor":24,"turns":9},{"damage":0,"enemies":"Snecko","floor":25,"turns":4},{"damage":8,"enemies":"Snake Plant","floor":29,"turns":4},{"damage":0,"enemies":"Centurion and Healer","floor":31,"turns":6},{"damage":7,"enemies":"Champ","floor":33,"turns":14},{"damage":2,"enemies":"3 Darklings","floor":35,"turns":4},{"damage":0,"enemies":"3 Shapes","floor":37,"turns":3},{"damage":6,"enemies":"Mind Bloom Boss Battle","floor":39,"turns":6},{"damage":8,"enemies":"Giant Head","floor":40,"turns":10},{"damage":14,"enemies":"Reptomancer","floor":45,"turns":7},{"damage":0,"enemies":"Transient","floor":46,"turns":5},{"damage":19,"enemies":"Awakened One","floor":50,"turns":17}],"seed_played":"-1543354444307891724","potions_obtained":[{"floor":3.0,"key":"Dexterity Potion"},{"floor":8.0,"key":"Ancient Potion"},{"floor":12.0,"key":"DistilledChaos"},{"floor":18,"key":"Swift Potion"},{"floor":25,"key":"Energy Potion"},{"floor":37,"key":"Explosive Potion"},{"floor":39,"key":"Explosive Potion"},{"floor":45,"key":"PowerPotion"}],"is_trial":false,"path_per_floor":["M","$","M","M","M","R","E","M","T","R","?","M","E","?","R","B",null,"M","$","M","M","M","R","E","M","T","R","?","M","R","M","R","B",null,"M","?","M","$","?","E","$","?","T","$","E","M","?","$","R","B",null],"character_chosen":"THE_SILENT","items_purchased":["Footwork","Sucker Punch","Deadly Poison","Snake Skull","Flash of Steel","Leg Sweep","Deflect","Panacea","Well Laid Plans","Deadly Poison"],"campfire_rested":2,"item_purchase_floors":[2,2,19,19,19,38,38,41,44,48],"current_hp_per_floor":[66,66,66,65,65,65,55,54,54,54,54,46,34,34,55,16,70,70,70,64,59,59,59,52,52,52,52,52,44,44,44,44,37,70,68,68,68,68,62,54,54,54,54,54,42,44,39,39,60,43],"gold":19,"neow_bonus":"HUNDRED_GOLD","is_daily":false,"chose_seed":false,"campfire_upgraded":6,"win_rate":0.0,"timestamp":1610858693,"path_taken":["M","$","M","M","?","R","E","M","T","R","?","?","E","?","R","BOSS","M","$","M","M","M","R","E","M","T","R","?","M","R","M","R","BOSS","M","?","M","$","?","E","$","?","T","$","E","?","?","?","R","BOSS"],"items_purchased_type":["Card","Card","Card","Relic","Card","Card","Card","Card","Card","Card"],"build_version":"2020-12-22","purchased_purges":2,"victory":true,"max_hp_per_floor":[70,70,70,70,70,70,70,70,70,70,70,70,70,70,70,70,70,70,70,70,70,70,70,70,70,70,70,70,70,70,70,70,70,70,70,70,70,70,70,70,70,70,70,70,70,70,70,70,70,70],"card_choices":[{"not_picked":["Deflect","Underhanded Strike"],"picked":"Dagger Spray","floor":1.0},{"not_picked":["Sucker Punch","Flying Knee"],"picked":"Deadly Poison","floor":3.0},{"not_picked":["Riddle With Holes","All Out Attack"],"picked":"Endless Agony","floor":4.0},{"not_picked":["Sucker Punch","Dagger Spray"],"picked":"Dash","floor":5.0},{"not_picked":["Masterful Stab","Underhanded Strike"],"picked":"Quick Slash","floor":7.0},{"not_picked":["Accuracy","Riddle With Holes"],"picked":"Skewer","floor":8.0},{"not_picked":["Distraction","Caltrops"],"picked":"After Image","floor":12.0},{"not_picked":["Dagger Throw","Predator"],"picked":"Footwork","floor":13.0},{"not_picked":["Envenom","Grand Finale"],"picked":"Adrenaline","floor":16},{"not_picked":[],"picked":"Prepared+1","floor":18},{"not_picked":[],"picked":"Slice","floor":20},{"not_picked":["Bane"],"picked":"SKIP","floor":21},{"not_picked":["Masterful Stab"],"picked":"SKIP","floor":22},{"not_picked":[],"picked":"Cloak And Dagger","floor":24},{"not_picked":[],"picked":"Dash+1","floor":25},{"not_picked":[],"picked":"Backflip","floor":29},{"not_picked":["Sucker Punch"],"picked":"SKIP","floor":31},{"not_picked":[],"picked":"Wraith Form v2","floor":33},{"not_picked":[],"picked":"Noxious Fumes+1","floor":35},{"not_picked":["Underhanded Strike"],"picked":"SKIP","floor":37},{"not_picked":["Quick Slash"],"picked":"SKIP","floor":40},{"not_picked":["Quick Slash+1"],"picked":"SKIP","floor":45},{"not_picked":["Dagger Spray"],"picked":"SKIP","floor":46}],"player_experience":315609,"relics_obtained":[{"floor":7.0,"key":"Calipers"},{"floor":9.0,"key":"Blue Candle"},{"floor":13.0,"key":"Paper Crane"},{"floor":24,"key":"Whetstone"},{"floor":26,"key":"InkBottle"},{"floor":39,"key":"CaptainsWheel"},{"floor":40,"key":"Blood Vial"},{"floor":43,"key":"Ninja Scroll"},{"floor":45,"key":"Oddly Smooth Stone"}],"event_choices":[{"damage_healed":0.0,"max_hp_gain":0.0,"max_hp_loss":0.0,"gold_gain":0.0,"event_name":"Match and Keep!","player_choice":"1 cards matched","floor":11.0,"gold_loss":0.0,"damage_taken":0.0,"cards_obtained":["Dagger Throw"]},{"damage_healed":0.0,"max_hp_gain":0.0,"max_hp_loss":0.0,"gold_gain":0.0,"event_name":"WeMeetAgain","player_choice":"Gave Potion","floor":14.0,"gold_loss":0.0,"damage_taken":0.0,"relics_obtained":["War Paint"]},{"damage_healed":0,"gold_gain":0,"player_choice":"Read","damage_taken":0,"max_hp_gain":0,"max_hp_loss":0,"event_name":"The Library","floor":28,"gold_loss":0,"cards_obtained":["Crippling Poison"]},{"cards_removed":["Defend_G"],"damage_healed":0,"gold_gain":0,"player_choice":"Removed Skill","damage_taken":0,"max_hp_gain":0,"max_hp_loss":0,"event_name":"Falling","floor":36,"gold_loss":0},{"damage_healed":0,"gold_gain":0,"player_choice":"Fight","damage_taken":0,"max_hp_gain":0,"max_hp_loss":0,"event_name":"MindBloom","floor":39,"gold_loss":0},{"damage_healed":0,"gold_gain":0,"cards_transformed":["Strike_G"],"player_choice":"Transformed","damage_taken":0,"max_hp_gain":0,"max_hp_loss":0,"event_name":"Transmorgrifier","floor":42,"gold_loss":0,"cards_obtained":["Setup"]},{"damage_healed":0,"gold_gain":0,"player_choice":"Memory 2","damage_taken":5,"max_hp_gain":0,"max_hp_loss":0,"event_name":"SensoryStone","floor":47,"gold_loss":0}],"is_beta":false,"boss_relics":[{"not_picked":["HoveringKite","Snecko Eye"],"picked":"Busted Crown"},{"not_picked":["Tiny House","Velvet Choker"],"picked":"Ring of the Serpent"}],"items_purged_floors":[2,38],"is_endless":false,"potions_floor_spawned":[3,8,12,13,18,20,22,25,37,39,45],"ascension_level":1}}