{"host":"i4yzoangb31cseo0","time":1610884489,"event":{"mods":["AchievementEnabler","BaseMod","Colored Powertips","Curses Come First","Downfall","Hermit","Minty Spire (QoL Compilation)","StSLib","The Cursed"],"gold_per_floor":[111,130,144,114,127,127,140,159,182,182,182,201,227,238,238,334,334,344,355,355,53,53,53,79,91,116,116,80,98,98,110,110,209,209,227,246,256,267,282,282,296,349,372,392,392,412,44,75,75,75,75],"floor_reached":50,"language":"ENG","playtime":4358,"items_purged":[],"score":627,"play_id":"8e4da835-9d06-4be4-9fe5-d80d9c8bb541","local_time":"20210117222449","is_ascension_mode":false,"campfire_choices":[{"data":"Eruption","floor":6.0,"key":"SMITH"},{"floor":10.0,"key":"REST"},{"floor":15.0,"key":"REST"},{"floor":23.0,"key":"REST"},{"data":"Judgement","floor":27.0,"key":"SMITH"},{"data":"WindmillStrike","floor":30.0,"key":"SMITH"},{"data":"Swivel","floor":32.0,"key":"SMITH"},{"floor":40.0,"key":"REST"},{"floor":45.0,"key":"REST"},{"floor":49.0,"key":"REST"}],"circlet_count":0,"master_deck":["Defend_P","Defend_P","Defend_P","Defend_P","Eruption+1","Vigilance","Sanctity","EmptyMind","Prostrate","Swivel","Worship","BattleHymn","Worship","Swivel+1","Worship","Judgement+1","Protect+1","Protect","Slimebound:Tackle+1","Slimebound:Tackle+1","Slimebound:Tackle+1","ThirdEye","WindmillStrike+1","Prostrate","Judgement","CrushJoints","Pray+1","Adaptation","PathToVictory","Worship","Establishment","WindmillStrike+1"],"relics":["HolyWater","Vajra","Strawberry","Omamori","Busted Crown","Anchor","Ancient Tea Set","Bag of Marbles","MealTicket","Dream Catcher","Pen Nib","PreservedInsect","Toolbox","Centennial Puzzle"],"acts_visited":["Exordium","TheCity","TheBeyond"],"potions_floor_usage":[],"damage_taken":[{"damage":0.0,"enemies":"Cultist","floor":1.0,"turns":2.0},{"damage":3.0,"enemies":"Jaw Worm","floor":2.0,"turns":4.0},{"damage":0.0,"enemies":"Small Slimes","floor":3.0,"turns":3.0},{"damage":0.0,"enemies":"Looter","floor":4.0,"turns":4.0},{"damage":3.0,"enemies":"Exordium Wildlife","floor":5.0,"turns":7.0},{"damage":21.0,"enemies":"Gremlin Gang","floor":7.0,"turns":8.0},{"damage":13.0,"enemies":"Red Slaver","floor":8.0,"turns":5.0},{"damage":0.0,"enemies":"Large Slime","floor":12.0,"turns":4.0},{"damage":0.0,"enemies":"Lagavulin","floor":13.0,"turns":3.0},{"damage":4.0,"enemies":"Blue Slaver","floor":14.0,"turns":3.0},{"damage":0.0,"enemies":"Slime Boss","floor":16.0,"turns":6.0},{"damage":22.0,"enemies":"Shell Parasite","floor":18.0,"turns":8.0},{"damage":0.0,"enemies":"Chosen","floor":19.0,"turns":4.0},{"damage":7.0,"enemies":"Gremlin Leader","floor":24.0,"turns":5.0},{"damage":0.0,"enemies":"3 Cultists","floor":25.0,"turns":3.0},{"damage":5.0,"enemies":"Snecko","floor":29.0,"turns":4.0},{"damage":0.0,"enemies":"Centurion and Healer","floor":31.0,"turns":3.0},{"damage":20.0,"enemies":"Champ","floor":33.0,"turns":7.0},{"damage":0.0,"enemies":"3 Shapes","floor":35.0,"turns":2.0},{"damage":7.0,"enemies":"Orb Walker","floor":36.0,"turns":2.0},{"damage":6.0,"enemies":"Jaw Worm Horde","floor":37.0,"turns":3.0},{"damage":55.0,"enemies":"Transient","floor":38.0,"turns":5.0},{"damage":3.0,"enemies":"3 Darklings","floor":39.0,"turns":6.0},{"damage":18.0,"enemies":"Jaw Worm Horde","floor":41.0,"turns":4.0},{"damage":4.0,"enemies":"Writhing Mass","floor":44.0,"turns":4.0},{"damage":25.0,"enemies":"3 Darklings","floor":46.0,"turns":8.0},{"damage":21.0,"enemies":"Reptomancer","floor":48.0,"turns":5.0},{"damage":41,"enemies":"Time Eater","floor":50,"turns":5}],"seed_played":"-7561272373310306934","potions_obtained":[{"floor":5.0,"key":"PowerPotion"},{"floor":7.0,"key":"SteroidPotion"},{"floor":8.0,"key":"Energy Potion"},{"floor":13.0,"key":"SteroidPotion"},{"floor":19.0,"key":"CultistPotion"},{"floor":24.0,"key":"Fruit Juice"},{"floor":25.0,"key":"Energy Potion"},{"floor":35.0,"key":"Fire Potion"},{"floor":36.0,"key":"Fire Potion"},{"floor":44.0,"key":"FearPotion"},{"floor":46.0,"key":"Block Potion"},{"floor":48.0,"key":"sneckomod:MuddlingPotion"}],"is_trial":false,"path_per_floor":["M","M","M","M","M","R","M","M","T","R","?","M","E","M","R","B",null,"M","M","?","$","?","R","E","M","T","R","$","M","R","M","R","B",null,"M","M","M","M","M","R","M","T","T","M","R","M","$","E","R","B"],"character_chosen":"WATCHER","items_purchased":["Anchor","Ancient Tea Set","WindmillStrike","PreservedInsect","Establishment","Toolbox"],"campfire_rested":6,"item_purchase_floors":[21,21,28,47,47,47],"current_hp_per_floor":[72,69,69,69,66,66,45,32,39,62,62,62,62,58,79,79,79,57,57,57,57,57,79,72,72,72,72,79,79,79,79,79,59,84,84,77,71,16,13,38,20,20,20,16,41,16,31,10,35,0,0],"gold":75,"neow_bonus":"RANDOM_COMMON_RELIC","is_daily":false,"chose_seed":false,"campfire_upgraded":4,"win_rate":0.0,"timestamp":1610884489,"path_taken":["M","?","M","?","M","R","M","M","T","R","?","M","E","M","R","BOSS","M","M","?","$","?","R","E","M","T","R","?","M","R","M","R","BOSS","M","?","M","M","M","R","M","?","T","?","R","M","$","E","R","BOSS"],"items_purchased_type":["Relic","Relic","Card","Relic","Card","Relic"],"build_version":"2020-12-22","purchased_purges":0,"victory":false,"max_hp_per_floor":[72,72,72,72,72,72,72,72,79,79,79,79,79,79,79,79,79,79,79,79,79,79,79,79,79,79,79,79,84,84,84,84,84,84,84,84,84,84,84,84,84,84,84,84,84,84,84,84,84,84,84],"card_choices":[{"not_picked":["Halt","Evaluate"],"picked":"Sanctity","floor":1.0},{"not_picked":["WreathOfFlame","TalkToTheHand"],"picked":"EmptyMind","floor":2.0},{"not_picked":["Protect","Halt"],"picked":"Prostrate","floor":3.0},{"not_picked":["SignatureMove","LessonLearned"],"picked":"Swivel","floor":4.0},{"not_picked":["Collect","Wallop"],"picked":"Worship","floor":5.0},{"not_picked":["Halt","CutThroughFate"],"picked":"BattleHymn","floor":7.0},{"not_picked":["SashWhip","FollowUp"],"picked":"Worship","floor":8.0},{"not_picked":["WheelKick","Collect"],"picked":"Swivel","floor":12.0},{"not_picked":["CutThroughFate","FlurryOfBlows","CarveReality"],"picked":"SKIP","floor":13.0},{"not_picked":["Sanctity","Protect"],"picked":"Worship","floor":14.0},{"not_picked":["Vault","Brilliance"],"picked":"Judgement","floor":16.0},{"not_picked":[],"picked":"Protect+1","floor":18.0},{"not_picked":[],"picked":"Protect","floor":19.0},{"not_picked":[],"picked":"ThirdEye","floor":24.0},{"not_picked":["Weave"],"picked":"SKIP","floor":25.0},{"not_picked":["CarveReality"],"picked":"SKIP","floor":29.0},{"not_picked":[],"picked":"Prostrate","floor":31.0},{"not_picked":[],"picked":"Judgement","floor":33.0},{"not_picked":["ClearTheMind"],"picked":"SKIP","floor":35.0},{"not_picked":["Protect+1"],"picked":"SKIP","floor":36.0},{"not_picked":[],"picked":"CrushJoints","floor":37.0},{"not_picked":["SashWhip"],"picked":"SKIP","floor":38.0},{"not_picked":[],"picked":"Pray+1","floor":39.0},{"not_picked":["Protect+1"],"picked":"SKIP","floor":41.0},{"not_picked":[],"picked":"Adaptation","floor":44.0},{"not_picked":[],"picked":"PathToVictory","floor":45.0},{"not_picked":[],"picked":"Worship","floor":46.0},{"not_picked":[],"picked":"WindmillStrike+1","floor":48.0}],"player_experience":107800,"relics_obtained":[{"floor":9.0,"key":"Strawberry"},{"floor":13.0,"key":"Omamori"},{"floor":24.0,"key":"Bag of Marbles"},{"floor":26.0,"key":"MealTicket"},{"floor":42.0,"key":"Dream Catcher"},{"floor":43.0,"key":"Pen Nib"},{"floor":48.0,"key":"Centennial Puzzle"}],"event_choices":[{"damage_healed":0.0,"max_hp_gain":0.0,"max_hp_loss":0.0,"gold_gain":0.0,"event_name":"Vampires","player_choice":"Ignored","floor":22.0,"gold_loss":0.0,"damage_taken":0.0}],"is_beta":false,"boss_relics":[{"not_picked":["Calling Bell","Velvet Choker"],"picked":"Busted Crown"},{"not_picked":["Cursed Key","bronze:MakeshiftBattery"],"picked":"HolyWater"}],"items_purged_floors":[],"is_endless":false,"potions_floor_spawned":[5,7,8,13,19,24,25,35,36,44,46,48],"killed_by":"Time Eater","ascension_level":0}}