{"host":"g01l53quoe6lrer0","time":1610916839,"event":{"mods":["2.2 Compatiblity","AchievementEnabler","BaseMod","Colored Map","Highlight Path","Keyboard Shortcuts","Minty Spire (QoL Compilation)","Permanent Neow","StSLib","SuperFastMode","everything is the same but u backflip on backflip"],"gold_per_floor":[115,126,144,155,155,155,174,174,250,250,250,250,281,297,297,368,418,436,436,467,467,467],"floor_reached":21,"language":"KOR","playtime":390,"items_purged":[],"score":349,"play_id":"2d1247df-3328-4269-b93b-5cfbad1a1216","local_time":"20210118055359","is_ascension_mode":true,"campfire_choices":[{"floor":6.0,"key":"REST"},{"data":"Defragment","floor":8.0,"key":"SMITH"},{"data":"Zap","floor":10.0,"key":"SMITH"},{"floor":12.0,"key":"REST"},{"floor":15.0,"key":"REST"}],"circlet_count":0,"master_deck":["AscendersBane","Strike_B","Strike_B","Strike_B","Strike_B","Defend_B","Defend_B+1","Defend_B","Defend_B","Zap+1","Dualcast","Turbo","Consume","Defragment+1","Streamline","Consume","Electrodynamics","Steam","Buffer","Ball Lightning","Stack","Writhe","Skim"],"relics":["Cracked Core","CaptainsWheel","The Courier","Du-Vu Doll","Tiny House","Akabeko","Red Mask"],"acts_visited":["Exordium","TheCity"],"potions_floor_usage":[18,20],"damage_taken":[{"damage":0.0,"enemies":"Small Slimes","floor":1.0,"turns":2.0},{"damage":2.0,"enemies":"2 Louse","floor":2.0,"turns":3.0},{"damage":9.0,"enemies":"Jaw Worm","floor":3.0,"turns":3.0},{"damage":10.0,"enemies":"Large Slime","floor":4.0,"turns":5.0},{"damage":11.0,"enemies":"3 Louse","floor":7.0,"turns":3.0},{"damage":30.0,"enemies":"3 Sentries","floor":13.0,"turns":6.0},{"damage":11.0,"enemies":"Blue Slaver","floor":14.0,"turns":3.0},{"damage":28.0,"enemies":"Hexaghost","floor":16.0,"turns":9.0},{"damage":14,"enemies":"2 Thieves","floor":18,"turns":5},{"damage":31,"enemies":"Masked Bandits","floor":20,"turns":3},{"damage":4,"enemies":"Shell Parasite","floor":21,"turns":4}],"seed_played":"-2384365184740978564","potions_obtained":[{"floor":4.0,"key":"CultistPotion"},{"floor":7.0,"key":"SpeedPotion"},{"floor":13.0,"key":"SneckoOil"},{"floor":14.0,"key":"CultistPotion"},{"floor":16.0,"key":"BlessingOfTheForge"},{"floor":17.0,"key":"EssenceOfDarkness"}],"is_trial":false,"path_per_floor":["M","M","M","M","?","R","M","R","T","R","?","R","E","M","R","B",null,"M","?","?","M"],"character_chosen":"DEFECT","items_purchased":[],"campfire_rested":3,"item_purchase_floors":[],"current_hp_per_floor":[46,44,35,25,25,46,35,35,35,35,35,56,26,15,36,8,60,46,46,15,11,11],"gold":467,"neow_bonus":"ONE_RARE_RELIC","is_daily":false,"chose_seed":false,"campfire_upgraded":2,"win_rate":0.0,"timestamp":1610916839,"path_taken":["M","M","M","M","?","R","M","R","T","R","?","R","E","M","R","BOSS","M","?","?","M"],"items_purchased_type":[],"build_version":"2020-12-22","purchased_purges":0,"victory":false,"max_hp_per_floor":[71,71,71,71,71,71,71,71,71,71,71,71,71,71,71,71,76,76,76,76,76,76],"card_choices":[{"not_picked":["Hologram","Go for the Eyes"],"picked":"Turbo","floor":1.0},{"not_picked":["Leap","Sweeping Beam"],"picked":"Consume","floor":2.0},{"not_picked":["Ball Lightning","BootSequence"],"picked":"Defragment","floor":3.0},{"not_picked":["Beam Cell","Redo"],"picked":"Streamline","floor":4.0},{"not_picked":["Gash","Redo"],"picked":"Consume","floor":7.0},{"not_picked":["Gash","Beam Cell"],"picked":"Electrodynamics","floor":13.0},{"not_picked":["Rebound","Darkness"],"picked":"Steam","floor":14.0},{"not_picked":["Hyperbeam","Echo Form"],"picked":"Buffer","floor":16.0},{"not_picked":["Compile Driver","Hello World"],"picked":"Ball Lightning","floor":17.0},{"not_picked":["Go for the Eyes","Hello World"],"picked":"Stack","floor":18},{"not_picked":["Conserve Battery","Gash"],"picked":"Skim","floor":20}],"player_experience":217537,"relics_obtained":[{"floor":9.0,"key":"The Courier"},{"floor":13.0,"key":"Du-Vu Doll"},{"floor":20,"key":"Red Mask"}],"event_choices":[{"damage_healed":0.0,"max_hp_gain":0.0,"max_hp_loss":0.0,"gold_gain":0.0,"event_name":"Scrap Ooze","player_choice":"Fled","floor":5.0,"gold_loss":0.0,"damage_taken":0.0},{"damage_healed":0.0,"max_hp_gain":0.0,"max_hp_loss":0.0,"gold_gain":0.0,"event_name":"Liars Game","player_choice":"Ignored","floor":11.0,"gold_loss":0.0,"damage_taken":0.0},{"damage_healed":0,"gold_gain":0,"player_choice":"Opened","damage_taken":0,"relics_obtained":["Akabeko"],"max_hp_gain":0,"max_hp_loss":0,"event_name":"The Mausoleum","floor":19,"gold_loss":0,"cards_obtained":["Writhe"]},{"damage_healed":0,"gold_gain":0,"player_choice":"Fought Bandits","damage_taken":0,"max_hp_gain":0,"max_hp_loss":0,"event_name":"Masked Bandits","floor":20,"gold_loss":0}],"is_beta":false,"boss_relics":[{"not_picked":["Runic Dome","Ectoplasm"],"picked":"Tiny House"}],"items_purged_floors":[],"is_endless":false,"potions_floor_spawned":[4,7,13,14,16],"killed_by":"Shell Parasite","ascension_level":19}}