{"host":"kh4wzxwh3q3yppxp","time":1610843098,"event":{"mods":["AchievementEnabler","BaseMod","Colored Map","DeckTracker","Minty Spire (QoL Compilation)","Quick Restart","StSLib"],"gold_per_floor":[116,132,64,64,64,98,98,98,122,140,161,161,10,30,30,159,159,174,174,165,165,180,180,180,200,200,200,220,220,255,255,255],"floor_reached":31,"language":"ENG","playtime":972,"items_purged":[],"score":280,"play_id":"e5030e8e-f904-4289-a556-d9b931534d2f","local_time":"20210117022458","is_ascension_mode":false,"campfire_choices":[{"data":"Defragment","floor":7,"key":"SMITH"},{"data":"Glacier","floor":12,"key":"SMITH"},{"floor":15,"key":"REST"},{"data":"Creative AI","floor":23,"key":"SMITH"},{"floor":29,"key":"REST"}],"circlet_count":0,"master_deck":["Strike_B","Strike_B+1","Strike_B","Strike_B","Defend_B","Defend_B","Defend_B","Defend_B","Zap+1","Dualcast","Tempest","Streamline+1","Heatsinks","Defragment+1","Cold Snap","Glacier+1","Capacitor","Creative AI+1","Skim+1","Machine Learning","Rip and Tear+1","Storm","Chaos","Reboot"],"relics":["Cracked Core","NeowsBlessing","Bloody Idol","Centennial Puzzle","Tiny Chest","Runic Capacitor","SlaversCollar","Pear","Bottled Lightning","Nunchaku"],"acts_visited":["Exordium","TheCity"],"potions_floor_usage":[30],"damage_taken":[{"damage":0,"enemies":"2 Louse","floor":1,"turns":1},{"damage":0,"enemies":"Jaw Worm","floor":2,"turns":1},{"damage":0,"enemies":"Gremlin Nob","floor":6,"turns":1},{"damage":0,"enemies":"Cultist","floor":10,"turns":2},{"damage":13,"enemies":"Exordium Thugs","floor":11,"turns":4},{"damage":4,"enemies":"2 Fungi Beasts","floor":14,"turns":3},{"damage":23,"enemies":"Slime Boss","floor":16,"turns":7},{"damage":2,"enemies":"Spheric Guardian","floor":18,"turns":4},{"damage":26,"enemies":"2 Thieves","floor":20,"turns":4},{"damage":10,"enemies":"Cultist and Chosen","floor":22,"turns":7},{"damage":42,"enemies":"Snake Plant","floor":25,"turns":3},{"damage":27,"enemies":"Centurion and Healer","floor":28,"turns":7},{"damage":28,"enemies":"Slavers","floor":30,"turns":4},{"damage":17,"enemies":"Cultist and Chosen","floor":31,"turns":4}],"seed_played":"3147683243965043280","potions_obtained":[{"floor":1,"key":"Swift Potion"},{"floor":6,"key":"EntropicBrew"},{"floor":16,"key":"GamblersBrew"},{"floor":18,"key":"FairyPotion"},{"floor":28,"key":"Ancient Potion"}],"is_trial":false,"path_per_floor":["M","M","$","?","?","E","R","?","T","M","M","R","$","M","R","B",null,"M","?","M","T","M","R","T","M","T","?","M","R","E","M"],"character_chosen":"DEFECT","items_purchased":["Heatsinks","Runic Capacitor"],"campfire_rested":2,"item_purchase_floors":[3,13],"current_hp_per_floor":[75,75,75,60,42,42,42,42,42,42,29,29,29,25,47,24,75,73,73,47,57,47,47,47,5,5,5,13,38,15,0,0],"gold":255,"neow_bonus":"THREE_ENEMY_KILL","is_daily":false,"chose_seed":false,"campfire_upgraded":3,"win_rate":0.0,"timestamp":1610843098,"path_taken":["M","M","$","?","?","E","R","?","T","M","M","R","$","M","R","BOSS","M","?","?","?","M","R","?","M","T","?","M","R","E","M"],"items_purchased_type":["Card","Relic"],"build_version":"2020-12-22","purchased_purges":0,"victory":false,"max_hp_per_floor":[75,75,75,75,75,75,75,75,75,75,75,75,75,75,75,75,75,75,75,75,85,85,85,85,85,85,85,85,85,85,85,85],"card_choices":[{"not_picked":["Blizzard","Go for the Eyes"],"picked":"Tempest","floor":1},{"not_picked":["Steam","Gash"],"picked":"Streamline","floor":2},{"not_picked":["Coolheaded","Beam Cell"],"picked":"Defragment","floor":6},{"not_picked":["Turbo","Gash"],"picked":"Cold Snap","floor":10},{"not_picked":["Leap","Skim"],"picked":"Glacier","floor":11},{"not_picked":["Turbo","Stack"],"picked":"Capacitor","floor":14},{"not_picked":["Core Surge","Meteor Strike"],"picked":"Creative AI","floor":16},{"not_picked":["Undo","Melter"],"picked":"Skim+1","floor":18},{"not_picked":["Conserve Battery","Barrage"],"picked":"Rip and Tear+1","floor":20},{"not_picked":["Conserve Battery","Genetic Algorithm+1"],"picked":"Storm","floor":22},{"not_picked":["Streamline+1","Genetic Algorithm"],"picked":"Chaos","floor":25},{"not_picked":["Compile Driver","Loop","Rebound"],"picked":"SKIP","floor":28},{"not_picked":["Leap","Gash+1"],"picked":"Reboot","floor":30}],"player_experience":708561,"relics_obtained":[{"floor":6,"key":"Centennial Puzzle"},{"floor":9,"key":"Tiny Chest"},{"floor":21,"key":"Pear"},{"floor":24,"key":"Bottled Lightning"},{"floor":30,"key":"Nunchaku"}],"event_choices":[{"damage_healed":0,"gold_gain":0,"player_choice":"Entered Light","damage_taken":15,"max_hp_gain":0,"max_hp_loss":0,"event_name":"Shining Light","floor":4,"gold_loss":0,"cards_upgraded":["Strike_B","Zap"]},{"damage_healed":0,"gold_gain":0,"player_choice":"Take Damage","damage_taken":18,"relics_obtained":["Golden Idol"],"max_hp_gain":0,"max_hp_loss":0,"event_name":"Golden Idol","floor":5,"gold_loss":0},{"damage_healed":0,"gold_gain":0,"player_choice":"Grow","damage_taken":0,"max_hp_gain":0,"max_hp_loss":0,"event_name":"Living Wall","floor":8,"gold_loss":0,"cards_upgraded":["Streamline"]},{"damage_healed":0,"gold_gain":0,"player_choice":"1 cards matched","damage_taken":0,"max_hp_gain":0,"max_hp_loss":0,"event_name":"Match and Keep!","floor":19,"gold_loss":0,"cards_obtained":["Machine Learning"]},{"damage_healed":0,"gold_gain":0,"player_choice":"Gave Idol","damage_taken":0,"relics_obtained":["Bloody Idol"],"max_hp_gain":0,"max_hp_loss":0,"event_name":"Forgotten Altar","floor":27,"relics_lost":["Golden Idol"],"gold_loss":0}],"is_beta":false,"boss_relics":[{"not_picked":["SacredBark","Velvet Choker"],"picked":"SlaversCollar"}],"items_purged_floors":[],"is_endless":false,"potions_floor_spawned":[1,6,16,18,25,28],"killed_by":"Cultist and Chosen","ascension_level":0}}