{"host":"btj53a7qlsawl9sy","time":1610890775,"event":{"mods":["ATMod(∞¢Ë™Mod)","Act Like it!","Arknights The Spire","BaseMod","Better Vampires","Colored Powertips","Dota2Spire","Gensokyo","Luminous","Marisa£®ÏF”Í°°ƒß¿Ì…≥£©","Marked Mod","Minty Spire (QoL Compilation)","Quick Restart","Reimu£®≤©¿ˆ¡È√Œ£©","Relic Stats","Remilia£®¿Ÿ√◊¿Ú—«£©","Replay The Spire","Spicy Shops","StSLib","The Administrix","The Servant 0.9.4","Yakumo Yukari mod","Youmu£®ªÍ∆«—˝√Œ£©","Yuyuko","vexMod","°æ“≈ŒÔø®≈∆°øREMEMod","≤–¡Ù÷ÆŒÔ"],"gold_per_floor":[118,118,138,153,24,24,54,81,106,106,156,8,26,41,41,144,144,160,180,180,180,180,214,214,228,228,254,274,274,306,2,2,103,103,123,135,135,135,153,153,178,178,178,228,314,370,506,550,550,675,675,675,56,138,163],"floor_reached":56,"language":"ZHS","playtime":3069,"items_purged":[],"score":1409,"play_id":"add0c34b-b10b-487b-a425-a10ba5a3da71","local_time":"20210117213935","is_ascension_mode":false,"campfire_choices":[{"data":"Electrodynamics","floor":6,"key":"SMITH"},{"floor":10,"key":"REST"},{"floor":15,"key":"DIG"},{"floor":24,"key":"REST"},{"floor":29,"key":"RECALL"},{"data":"ats:Rapid Magazine","floor":32,"key":"SMITH"},{"floor":40,"key":"REST"},{"data":"ats:Soul Rend","floor":42,"key":"SMITH"},{"data":"ats:Leaping Hammer","floor":49,"key":"SMITH"},{"data":"ats:Mental Burst","floor":52,"key":"SMITH"}],"circlet_count":0,"master_deck":["ats:Strike C+1","ats:Strike G+1","ats:Strike S+1","ats:Strike V+1","ats:Armor Crushing Shot+1","ats:Defend+1","ats:Defend+1","ats:Defend+1","ats:Defend+1","ats:Emotion Absorption+1","ats:Part Time Job+1","Electrodynamics+1","ats:Collapsing Strike+1","ats:Revitalization+1","ats:Magnetic Hammer+1","ats:Ambush+1","ats:Automatic Cover+1","ats:Assault Order+1","ats:Burning Ground+1","ats:Soul Rend+1","ats:Apocalypse+1","ats:Sword Rain+1","ats:Healing Drone+1","ats:Powerful Strike+1","ats:Rapid Magazine+1","ats:Neurotoxin+1","ats:Revitalization+1","ats:Shadow Assault+1","ats:Assault Order+1","ats:Hammer On+1","ats:Poison Spread+1","ats:Roar Of Ursus+1","ats:Mental Burst+1","ats:Neurotoxin+1","ats:Poison Spread+1","ats:Steam Pump+1","ats:Leaping Hammer+1","ats:Hook Shot","ats:Cat Scratch+1"],"relics":["ats:Sanity","REME_ComplimentaryCards","AT_ATBox","Bag of Marbles","PlaceholderMod:FlatBlood","ats:Originium","REME_PuzzleBoxRelic","Dota2Spire:Vanguard","Replay:Wax Seal","AT_PhaseBoots","Happy Flower","Dota2Spire:Bloodstone","GreatHeart","AT_BellowingDragoncrestRing","Nilry\u0027s Codex","Pen Nib","vexMod:InvisibilityCloak","Lee\u0027s Waffle","ats:Spiritual Recovery","REME_ChargedStone","AT_MibuBalloonWealth","AT_RedNoBalance","Nunchaku","Tea:ReiMu","vexMod:TimeEaterHat","ats:Assault","vexMod:PlasmaPancake","Dota2Spire:MaskOfMadness","Anchor"],"acts_visited":["Exordium","TheCity","TheBeyond","TheEnding"],"potions_floor_usage":[7,7,18,23,28,37,44,44,48,55,55],"damage_taken":[{"damage":1,"enemies":"2 Louse","floor":1,"turns":3},{"damage":15,"enemies":"Jaw Worm","floor":3,"turns":6},{"damage":0,"enemies":"Small Slimes","floor":4,"turns":4},{"damage":12,"enemies":"3 Sentries","floor":7,"turns":4},{"damage":0,"enemies":"Lagavulin","floor":11,"turns":5},{"damage":0,"enemies":"3 Louse","floor":13,"turns":2},{"damage":0,"enemies":"Looter","floor":14,"turns":2},{"damage":7,"enemies":"Fading Forest","floor":16,"turns":11},{"damage":10,"enemies":"2 Thieves","floor":18,"turns":2},{"damage":4,"enemies":"Chosen","floor":19,"turns":5},{"damage":46,"enemies":"Book of Stabbing","floor":23,"turns":6},{"damage":12,"enemies":"3 Cultists","floor":25,"turns":4},{"damage":9,"enemies":"Centurion and Healer","floor":27,"turns":6},{"damage":28,"enemies":"Chosen and Byrds","floor":28,"turns":6},{"damage":95,"enemies":"REME_1_Revenger","floor":30,"turns":7},{"damage":2,"enemies":"Collector","floor":33,"turns":7},{"damage":1,"enemies":"3 Darklings","floor":35,"turns":5},{"damage":18,"enemies":"3 Shapes","floor":36,"turns":3},{"damage":22,"enemies":"Transient","floor":37,"turns":4},{"damage":32,"enemies":"4 Shapes","floor":39,"turns":3},{"damage":13,"enemies":"R_Hoarder","floor":41,"turns":6},{"damage":164,"enemies":"R_Hoarder","floor":44,"turns":21},{"damage":0,"enemies":"Sphere and 2 Shapes","floor":45,"turns":1},{"damage":0,"enemies":"Giant Head","floor":46,"turns":6},{"damage":0,"enemies":"3 Darklings","floor":47,"turns":2},{"damage":28,"enemies":"Transient","floor":48,"turns":5},{"damage":24,"enemies":"Awakened One","floor":50,"turns":6},{"damage":4,"enemies":"Shield and Spear","floor":54,"turns":4},{"damage":160,"enemies":"The Heart","floor":55,"turns":10}],"seed_played":"5555735494696608261","potions_obtained":[{"floor":1,"key":"Adrenaline Potion"},{"floor":4,"key":"Explosive Potion"},{"floor":11,"key":"PowerPotion"},{"floor":13,"key":"GrandPatriotsElixir:ReiMu"},{"floor":14,"key":"SmokeBomb"},{"floor":19,"key":"FairyPotion"},{"floor":27,"key":"Death Potion"},{"floor":30,"key":"ZuzhouPotion:ReiMu"},{"floor":33,"key":"Toxic Potion"},{"floor":45,"key":"GamblersBrew"},{"floor":46,"key":"Weak Potion"},{"floor":54,"key":"Doom Potion"}],"is_trial":false,"path_per_floor":["M","?","M","M","$","R","E","T","T","R","E","$","M","M","R","B",null,"M","M","?","?","?","E","R","M","T","M","M","R","E","$","R","B",null,"M","M","M","?","M","R","E","R","T","?","M","E","M","M","R","B",null,"R","$","E","B",null],"character_chosen":"DOCTOR_CLASS","items_purchased":["PlaceholderMod:FlatBlood","ats:Magnetic Hammer+1","AT_SpeedBoots","Lee\u0027s Waffle","ats:Spiritual Recovery","vexMod:TimeEaterHat","ats:Assault","vexMod:PlasmaPancake","Dota2Spire:MaskOfMadness","ats:Hook Shot"],"campfire_rested":3,"item_purchase_floors":[5,5,12,31,31,53,53,53,53,53],"current_hp_per_floor":[78,66,57,62,62,62,56,56,56,79,79,79,79,79,79,78,79,69,75,75,75,59,49,72,79,79,79,61,61,40,92,92,92,92,92,84,73,73,56,83,87,87,87,92,46,79,79,80,80,92,92,92,98,94,40],"gold":163,"neow_bonus":"TEN_PERCENT_HP_BONUS","is_daily":false,"chose_seed":false,"campfire_upgraded":5,"win_rate":0.0,"timestamp":1610890775,"path_taken":["M","?","M","M","$","R","E","?","T","R","E","?","M","M","R","BOSS","M","M","?","?","?","E","R","M","T","M","M","R","E","$","R","BOSS","M","M","M","?","M","R","E","R","T","?","M","E","M","M","R","BOSS","R","$","E","BOSS"],"items_purchased_type":["Relic","Card","Relic","Relic","Relic","Relic","Relic","Relic","Relic","Card"],"build_version":"2020-12-22","purchased_purges":0,"victory":true,"max_hp_per_floor":[79,79,79,79,79,79,79,79,79,79,79,79,79,79,79,79,79,79,79,79,79,79,79,79,79,79,79,79,79,85,92,92,92,92,92,92,92,92,92,92,92,92,92,92,92,92,92,92,92,92,92,92,98,98,98],"relic_stats":{"Lee\u0027s Waffle":52,"Nunchaku":[6],"Happy Flower":[43],"counters":[29,154],"Pen Nib":[19],"obtain_stats":[{"ats:Spiritual Recovery":31,"vexMod:PlasmaPancake":53,"Dota2Spire:MaskOfMadness":53,"AT_ATBox":0,"Nilry\u0027s Codex":22,"AT_MibuBalloonWealth":41,"REME_ChargedStone":34,"Tea:ReiMu":46,"Dota2Spire:Vanguard":8,"vexMod:InvisibilityCloak":26,"Nunchaku":46,"GreatHeart":20,"ats:Sanity":0,"Replay:Wax Seal":11,"AT_RedNoBalance":45,"Lee\u0027s Waffle":31,"Happy Flower":15,"ats:Assault":53,"vexMod:BerryBomb":30,"vexMod:TimeEaterHat":53,"Dota2Spire:Bloodstone":17,"Pen Nib":23,"AT_PhaseBoots":36,"AT_SilverBalance":43,"AT_SpeedBoots":12,"Anchor":54,"AT_BellowingDragoncrestRing":21,"ats:Originium":7,"Bag of Marbles":2,"REME_PuzzleBoxRelic":7,"REME_ComplimentaryCards":0,"PlaceholderMod:FlatBlood":5},{"ats:Spiritual Recovery":15,"vexMod:PlasmaPancake":27,"Dota2Spire:MaskOfMadness":27,"AT_ATBox":0,"Nilry\u0027s Codex":10,"AT_MibuBalloonWealth":21,"REME_ChargedStone":16,"Tea:ReiMu":24,"Dota2Spire:Vanguard":4,"vexMod:InvisibilityCloak":12,"Nunchaku":24,"GreatHeart":10,"ats:Sanity":0,"Replay:Wax Seal":5,"AT_RedNoBalance":23,"Lee\u0027s Waffle":15,"Happy Flower":7,"ats:Assault":27,"vexMod:BerryBomb":15,"vexMod:TimeEaterHat":27,"Dota2Spire:Bloodstone":8,"Pen Nib":11,"AT_PhaseBoots":18,"AT_SilverBalance":21,"AT_SpeedBoots":5,"Anchor":28,"AT_BellowingDragoncrestRing":10,"ats:Originium":4,"Bag of Marbles":1,"REME_PuzzleBoxRelic":4,"REME_ComplimentaryCards":0,"PlaceholderMod:FlatBlood":3},{"ats:Spiritual Recovery":72,"vexMod:PlasmaPancake":140,"Dota2Spire:MaskOfMadness":140,"AT_ATBox":0,"Nilry\u0027s Codex":44,"AT_MibuBalloonWealth":99,"REME_ChargedStone":79,"Tea:ReiMu":127,"Dota2Spire:Vanguard":17,"vexMod:InvisibilityCloak":53,"Nunchaku":125,"GreatHeart":44,"ats:Sanity":0,"Replay:Wax Seal":22,"AT_RedNoBalance":120,"Lee\u0027s Waffle":72,"Happy Flower":26,"ats:Assault":140,"vexMod:BerryBomb":72,"vexMod:TimeEaterHat":140,"Dota2Spire:Bloodstone":37,"Pen Nib":50,"AT_PhaseBoots":84,"AT_SilverBalance":99,"AT_SpeedBoots":22,"Anchor":144,"AT_BellowingDragoncrestRing":44,"ats:Originium":17,"Bag of Marbles":3,"REME_PuzzleBoxRelic":17,"REME_ComplimentaryCards":0,"PlaceholderMod:FlatBlood":13}]},"card_choices":[{"not_picked":["ats:Demon Strength","ats:Healing Strengthening"],"picked":"ats:Part Time Job","floor":1},{"not_picked":["ats:Curse Doll","ats:Childhood Dance"],"picked":"ats:Collapsing Strike","floor":3},{"not_picked":["ats:Explosion Area Strengthen","ats:Flexible Camouflage"],"picked":"ats:Revitalization","floor":4},{"not_picked":["ats:Shadow Raid","ats:Hammer On"],"picked":"ats:Ambush","floor":7},{"not_picked":["ats:Revitalization","ats:Chain Hook"],"picked":"ats:Automatic Cover","floor":11},{"not_picked":["ats:Hammer On","ats:Ignite"],"picked":"ats:Assault Order","floor":13},{"not_picked":["ats:Song Of Battle","ats:Childhood Dance"],"picked":"ats:Burning Ground","floor":14},{"not_picked":["ats:Volcano","ats:Disruption Kick"],"picked":"ats:Soul Rend","floor":16},{"not_picked":["ats:Leaping Hammer","ats:Revitalization"],"picked":"ats:Apocalypse","floor":18},{"not_picked":["ats:Hammer On+1","ats:Red Shift+1"],"picked":"ats:Sword Rain+1","floor":19},{"not_picked":["ats:Beaten Up","ats:Childhood Dance+1"],"picked":"ats:Healing Drone","floor":23},{"not_picked":["ats:Soul Rend","ats:Curse Doll"],"picked":"ats:Powerful Strike","floor":25},{"not_picked":["ats:Overload+1","ats:Powerful Strike"],"picked":"ats:Rapid Magazine","floor":27},{"not_picked":["ats:Flexible Camouflage","ats:Composite Medical Shells"],"picked":"ats:Neurotoxin","floor":28},{"not_picked":["ats:Childhood Dance","ats:Consecutive Shot Auto"],"picked":"ats:Revitalization","floor":30},{"not_picked":["ats:Wolf Pack","ats:Durian"],"picked":"ats:Shadow Assault","floor":33},{"not_picked":["ats:Chain Hook","ats:LN2 Cannon"],"picked":"ats:Assault Order","floor":35},{"not_picked":["ats:Leaping Hammer","ats:Powerful Strike+1"],"picked":"ats:Hammer On","floor":36},{"not_picked":["ats:Cat Scratch+1","ats:Soul Absorption+1"],"picked":"ats:Poison Spread+1","floor":39},{"not_picked":["ats:Blood Oath+1","ats:Flexible Camouflage+1"],"picked":"ats:Roar Of Ursus","floor":41},{"not_picked":["ats:Blood Oath","ats:Thermite Blade"],"picked":"ats:Mental Burst","floor":44},{"not_picked":["ats:Sword Rain","ats:Assault Order"],"picked":"ats:Neurotoxin+1","floor":45},{"not_picked":["ats:Rapid Magazine","ats:Encircling Forest"],"picked":"ats:Poison Spread+1","floor":46},{"not_picked":["ats:Assault Order","ats:Flexible Camouflage+1"],"picked":"ats:Steam Pump+1","floor":47},{"not_picked":["ats:Hook Shot+1","ats:Poison Spread"],"picked":"ats:Leaping Hammer","floor":48},{"not_picked":["ats:Curse Doll+1","ats:Assault Order"],"picked":"ats:Cat Scratch+1","floor":54}],"player_experience":136083,"relics_obtained":[{"floor":7,"key":"ats:Originium"},{"floor":7,"key":"REME_PuzzleBoxRelic"},{"floor":8,"key":"Dota2Spire:Vanguard"},{"floor":11,"key":"ats:Originium"},{"floor":11,"key":"Replay:Wax Seal"},{"floor":15,"key":"Happy Flower"},{"floor":22,"key":"Nilry\u0027s Codex"},{"floor":23,"key":"ats:Originium"},{"floor":23,"key":"Pen Nib"},{"floor":26,"key":"vexMod:InvisibilityCloak"},{"floor":30,"key":"vexMod:BerryBomb"},{"floor":41,"key":"AT_MibuBalloonWealth"},{"floor":43,"key":"AT_SilverBalance"},{"floor":46,"key":"Tea:ReiMu"},{"floor":54,"key":"Anchor"}],"event_choices":[{"damage_healed":0,"gold_gain":0,"player_choice":"Success","damage_taken":12,"relics_obtained":["Bag of Marbles"],"max_hp_gain":0,"max_hp_loss":0,"event_name":"Scrap Ooze","floor":2,"gold_loss":0},{"damage_healed":0,"gold_gain":0,"player_choice":"Opened","damage_taken":0,"relics_obtained":["AT_BellowingDragoncrestRing"],"max_hp_gain":0,"max_hp_loss":0,"event_name":"The Mausoleum","floor":21,"gold_loss":0},{"damage_healed":0,"gold_gain":0,"player_choice":"Obtained Book","damage_taken":16,"max_hp_gain":0,"max_hp_loss":0,"event_name":"Cursed Tome","floor":22,"gold_loss":0}],"is_beta":false,"boss_relics":[{"not_picked":["Calling Bell","Cursed Key"],"picked":"Dota2Spire:Bloodstone"},{"not_picked":["REME_DuelDisc","Abe\u0027s Treasure"],"picked":"REME_ChargedStone"}],"items_purged_floors":[],"is_endless":false,"potions_floor_spawned":[1,4,13,14,16,19,30,33,35,41,44,45,46,54],"ascension_level":0}}