{"host":"sdjng9zhqonqi3uc","time":1610917660,"event":{"mods":["2.2 Compatiblity","AchievementEnabler","BaseMod","Better Third Choice","BetterRewards","Colored Powertips","Hero for Fun","Minty Spire (QoL Compilation)","Quick Restart","Shop Mod","Spicy Shops","StSLib","Td1madao Mod","The Animator","The Cursed","The Servant 0.9.4"],"gold_per_floor":[113,125,125,125,300,300,322,354,354,354,385,412,412,428,428,532,932,951,22,22,72,91,91,144,144,169,220,220,259,274,331,331,433,458,470,480,480,494,3,83,83,83,83],"floor_reached":42,"language":"ENG","playtime":3248,"items_purged":["Doubt","Decay"],"score":767,"play_id":"186d5e8c-1555-405c-9205-089fdddb8330","local_time":"20210117220740","is_ascension_mode":true,"campfire_choices":[{"data":"animator:MumenRider","floor":6,"key":"SMITH"},{"data":"animator:Sonic","floor":13,"key":"SMITH"},{"data":"animator:Geryuganshoop","floor":15,"key":"SMITH"},{"floor":23,"key":"REST"},{"floor":25,"key":"REST"},{"floor":32,"key":"REST"},{"data":"animator:Zero","floor":41,"key":"SMITH"}],"circlet_count":0,"master_deck":["animator:Strike_OnePunchMan","animator:Defend_OnePunchMan","animator:Strike","animator:Strike","animator:Defend","animator:Defend","animator:Genos","animator:MumenRider+1","animator:Lancer+1","animator:MumenRider+1","animator:Entoma+15","animator:Melzalgald+1","animator:Geryuganshoop+1","animator:Sonic+1","animator:MetalKnight+1","animator:Gilgamesh+15","CurseOfTheBell","animator:MetalKnight+1","animator:SakuraMatou","animator:NagisaMomoe","animator:Melzalgald+1","animator:SilverFang","animator:SilverFang+1","animator:HigakiRinne","animator:Tatsumaki","animator:Saitama","animator:Archer+1","Writhe","animator:Zero+1"],"relics":["animator:LivingPicture","animator:TheMissingPiece","animator:PurgingStone","Molten Egg 2","animator:OldCoffin","Prayer Wheel","Akabeko","animator:WornHelmet","Blue Candle","Paper Crane","Bronze Scales","animator:Hoodie","MerchantsRug","animator:HeavyHalberd","animator:ShionDessert","Question Card","Red Mask","Shuriken","Singing Bowl","Nunchaku","Black Star","TwistedFunnel","Pantograph","Mercury Hourglass","Smiling Mask"],"acts_visited":["Exordium","TheCity","TheBeyond"],"potions_floor_usage":[8,16,16,16,30,31,33,40],"damage_taken":[{"damage":1,"enemies":"Cultist","floor":1,"turns":3},{"damage":2,"enemies":"Jaw Worm","floor":2,"turns":3},{"damage":0,"enemies":"2 Louse","floor":7,"turns":1},{"damage":7,"enemies":"Gremlin Nob","floor":8,"turns":2},{"damage":21,"enemies":"Lagavulin","floor":11,"turns":4},{"damage":8,"enemies":"Exordium Wildlife","floor":12,"turns":3},{"damage":4,"enemies":"Looter","floor":14,"turns":2},{"damage":10,"enemies":"Hexaghost","floor":16,"turns":5},{"damage":11,"enemies":"Spheric Guardian","floor":18,"turns":3},{"damage":12,"enemies":"Masked Bandits","floor":21,"turns":3},{"damage":10,"enemies":"3 Byrds","floor":22,"turns":3},{"damage":25,"enemies":"Gremlin Leader","floor":24,"turns":6},{"damage":30,"enemies":"Slavers","floor":27,"turns":4},{"damage":16,"enemies":"Sentry and Sphere","floor":29,"turns":3},{"damage":6,"enemies":"Centurion and Healer","floor":30,"turns":4},{"damage":19,"enemies":"animator:HornedBat","floor":31,"turns":5},{"damage":50,"enemies":"Collector","floor":33,"turns":10},{"damage":8,"enemies":"Orb Walker","floor":35,"turns":3},{"damage":14,"enemies":"3 Shapes","floor":36,"turns":4},{"damage":31,"enemies":"Writhing Mass","floor":38,"turns":4},{"damage":55,"enemies":"Reptomancer","floor":40,"turns":5},{"damage":33,"enemies":"Nemesis","floor":42,"turns":2}],"seed_played":"655719629543397451","potions_obtained":[{"floor":1,"key":"Fire Potion"},{"floor":2,"key":"EssenceOfSteel"},{"floor":11,"key":"Energy Potion"},{"floor":12,"key":"DistilledChaos"},{"floor":24,"key":"GamblersBrew"},{"floor":29,"key":"animator:GrowthPotion"},{"floor":31,"key":"Weak Potion"},{"floor":38,"key":"LiquidMemories"}],"is_trial":false,"path_per_floor":["M","M","?","T","?","R","M","E","T","?","E","M","R","M","R","B",null,"M","$","?","?","M","R","E","R","T","E","?","M","M","E","R","B",null,"M","M","?","M","$","E","R","E"],"character_chosen":"THE_ANIMATOR","items_purchased":["Lee\u0027s Waffle","Molten Egg 2","animator:OldCoffin","Pear","MerchantsRug","animator:HeavyHalberd","animator:ShionDessert","Question Card","TwistedFunnel","Pantograph","animator:Zero"],"campfire_rested":3,"item_purchase_floors":[0,0,0,19,19,19,19,19,39,39,39],"current_hp_per_floor":[72,70,70,70,70,70,70,64,64,57,36,29,29,27,27,17,62,51,61,61,51,43,70,47,74,74,48,48,34,30,15,48,55,96,92,80,109,80,80,29,29,0,0],"gold":83,"neow_bonus":"","is_daily":false,"chose_seed":false,"campfire_upgraded":4,"win_rate":0.0,"timestamp":1610917660,"path_taken":["M","?","?","?","?","R","?","E","T","?","E","M","R","M","R","BOSS","M","$","?","?","M","R","E","R","T","E","?","M","?","E","R","BOSS","M","M","?","M","$","E","R","E"],"items_purchased_type":["Relic","Relic","Relic","Relic","Relic","Relic","Relic","Relic","Relic","Relic","Card"],"build_version":"2020-12-22","purchased_purges":2,"victory":false,"max_hp_per_floor":[73,73,73,73,73,73,73,74,74,74,74,75,75,77,77,77,77,77,87,87,89,91,91,93,93,93,97,97,99,101,105,107,109,109,113,115,115,117,117,121,121,121,121],"card_choices":[{"not_picked":["animator:Shuna","animator:Evileye"],"picked":"animator:Lancer+1","floor":1},{"not_picked":["animator:KyokoSakura+1","animator:Ain+1"],"picked":"animator:MumenRider+1","floor":1},{"not_picked":["animator:Shalltear+1","animator:Yoichi"],"picked":"animator:Entoma+1","floor":2},{"not_picked":["animator:Yoichi","animator:Evileye","animator:Mitsuba+1"],"picked":"SKIP","floor":2},{"not_picked":["animator:Yoichi","animator:Evileye","animator:Mitsuba+1"],"picked":"SKIP","floor":2},{"not_picked":["animator:Alexander+1","animator:Ciel"],"picked":"animator:Melzalgald+1","floor":7},{"not_picked":["animator:ChaikaBohdan+1","animator:Mitsuba+1","animator:Shion+1"],"picked":"SKIP","floor":7},{"not_picked":["animator:Sonic","animator:Tatsumaki"],"picked":"animator:Geryuganshoop","floor":8},{"not_picked":["animator:EmiyaShirou","animator:Elsword+1","animator:RinTohsaka"],"picked":"SKIP","floor":11},{"not_picked":["animator:Albedo+1","animator:Raven+1"],"picked":"animator:Sonic","floor":12},{"not_picked":["animator:UneriGinkaku+1","animator:MumenRider+1"],"picked":"animator:MetalKnight+1","floor":12},{"not_picked":["animator:Cocytus+1","animator:Hakurou+1"],"picked":"animator:Gilgamesh+1","floor":14},{"not_picked":["animator:Shichika","animator:Assassin+1","animator:Shalltear+1"],"picked":"SKIP","floor":14},{"not_picked":["animator:Eve","animator:MadokaKaname"],"picked":"animator:Gilgamesh+1","floor":16},{"not_picked":["animator:Geryuganshoop","animator:Sonic"],"picked":"animator:MetalKnight+1","floor":18},{"not_picked":["animator:Assassin+1","animator:Mitsuba+1","animator:IrohaTamaki+1"],"picked":"SKIP","floor":18},{"not_picked":["animator:Assassin+1","animator:Chung","animator:Elsword+1"],"picked":"SKIP","floor":18},{"not_picked":["animator:MetalKnight+1","animator:Alexander+1","animator:Mikaela+1","animator:Chung+1"],"picked":"SKIP","floor":22},{"not_picked":["animator:OrikoMikuni","animator:Assassin+1","animator:GazelDwargon","animator:Laby"],"picked":"SKIP","floor":22},{"not_picked":["animator:AcuraAkari","animator:KrulTepes+1","animator:Ciel"],"picked":"animator:Melzalgald+1","floor":24},{"not_picked":["animator:Lu+1","animator:KyokoSakura+1","animator:Rider","animator:Elesis+1"],"picked":"Singing Bowl","floor":27},{"not_picked":["animator:Tatsumaki","animator:Geryuganshoop","animator:Genos+1"],"picked":"animator:SilverFang","floor":29},{"not_picked":["animator:SilverFang+1","animator:YuiTsuruno+1","animator:Assassin+1","animator:Tatsumaki"],"picked":"SKIP","floor":29},{"not_picked":["animator:YuiTsuruno+1","animator:Assassin+1","animator:Tatsumaki"],"picked":"animator:SilverFang+1","floor":29},{"not_picked":["animator:Chung+1","animator:Vesta","animator:Shion+1"],"picked":"animator:HigakiRinne","floor":30},{"not_picked":["animator:AcuraTooru+1","animator:Yuuichirou+1","animator:SakuraMatou","animator:Yoichi"],"picked":"Singing Bowl","floor":30},{"not_picked":["animator:Rider","animator:ZankiKiguchi+1","animator:Berserker+1"],"picked":"animator:Tatsumaki","floor":31},{"not_picked":["animator:Cocytus+1","animator:Lu+1","animator:Add+1","animator:FeridBathory"],"picked":"Singing Bowl","floor":32},{"not_picked":["animator:HigakiRinne","animator:ChaikaTrabant+1","animator:Albedo+1"],"picked":"animator:Saitama","floor":33},{"not_picked":["animator:AcuraAkari","animator:SilverFang","animator:Evileye","animator:Guy+1"],"picked":"Singing Bowl","floor":35},{"not_picked":["animator:TsurugaMeisai","animator:Tatsumaki","animator:Add+1"],"picked":"animator:Archer+1","floor":35},{"not_picked":["animator:SilverFang","animator:MetalKnight+1","animator:Sonic","animator:Genos+1"],"picked":"Singing Bowl","floor":36},{"not_picked":["animator:HiiragiShinya","animator:OrikoMikuni","animator:NarberalGamma"],"picked":"animator:Entoma+1","floor":36},{"not_picked":["animator:Entoma+1","animator:Geryuganshoop+1","animator:Konayuki+1","animator:Alexander+1"],"picked":"Singing Bowl","floor":38},{"not_picked":["animator:Kyubey","animator:Evileye+1","animator:Azekura"],"picked":"animator:Entoma+1","floor":38},{"not_picked":["animator:Cocytus+1","animator:ZankiKiguchi+1","animator:Shion+1","animator:Caster+1"],"picked":"Singing Bowl","floor":40}],"player_experience":319043,"relics_obtained":[{"floor":4,"key":"Akabeko"},{"floor":8,"key":"animator:WornHelmet"},{"floor":9,"key":"Blue Candle"},{"floor":11,"key":"Paper Crane"},{"floor":17,"key":"Bronze Scales"},{"floor":17,"key":"animator:Hoodie"},{"floor":17,"key":"Old Coin"},{"floor":21,"key":"Red Mask"},{"floor":24,"key":"Lizard Tail"},{"floor":26,"key":"Shuriken"},{"floor":27,"key":"Singing Bowl"},{"floor":31,"key":"Nunchaku"},{"floor":40,"key":"Mercury Hourglass"},{"floor":40,"key":"Smiling Mask"}],"event_choices":[{"damage_healed":0,"gold_gain":0,"player_choice":"Box","damage_taken":0,"relics_obtained":["Dream Catcher"],"max_hp_gain":0,"max_hp_loss":0,"event_name":"Big Fish","floor":3,"gold_loss":0,"cards_obtained":["Regret"]},{"damage_healed":0,"gold_gain":175,"player_choice":"AGREE","damage_taken":125,"max_hp_gain":0,"max_hp_loss":0,"event_name":"betterThird:BetterSerpent","floor":5,"gold_loss":0},{"cards_removed":["Regret"],"damage_healed":0,"gold_gain":0,"player_choice":"Card Removal","damage_taken":7,"max_hp_gain":0,"max_hp_loss":0,"event_name":"Golden Wing","floor":10,"gold_loss":0},{"damage_healed":0,"gold_gain":0,"cards_transformed":["animator:Defend","animator:Strike"],"player_choice":"Became Test Subject","damage_taken":0,"max_hp_gain":0,"max_hp_loss":0,"event_name":"Drug Dealer","floor":20,"gold_loss":0,"cards_obtained":["animator:SakuraMatou","animator:NagisaMomoe"]},{"damage_healed":0,"gold_gain":0,"player_choice":"Fought Bandits","damage_taken":0,"max_hp_gain":0,"max_hp_loss":0,"event_name":"Masked Bandits","floor":21,"gold_loss":0},{"damage_healed":0,"gold_gain":0,"player_choice":"Smashed Altar","damage_taken":0,"max_hp_gain":0,"max_hp_loss":0,"event_name":"Forgotten Altar","floor":28,"gold_loss":0,"cards_obtained":["Decay"]},{"damage_healed":29,"gold_gain":0,"player_choice":"Writhe","damage_taken":0,"max_hp_gain":0,"max_hp_loss":0,"event_name":"Winding Halls","floor":37,"gold_loss":0,"cards_obtained":["Writhe"]}],"is_beta":false,"boss_relics":[{"not_picked":["Pandora\u0027s Box","animator:CursedBlade"],"picked":"Calling Bell"},{"not_picked":["Astrolabe","Sozu"],"picked":"Black Star"}],"items_purged_floors":[19,39],"is_endless":false,"potions_floor_spawned":[1,2,11,12,24,29,31,38],"killed_by":"Nemesis","ascension_level":6}}