{"host":"elm3edcks2gm0y45","time":1610845031,"event":{"mods":["AchievementEnabler","BaseMod","BetterRewards","Card Forge","Colored Map","Custom Start","GungeonMod","Hero for Fun","Infinite Spire","Marisa£¨Ùöéë¡¡Øª×âÞÞ£©","Minty Spire (QoL Compilation)","Quick Restart","StSLib","Td1madao Mod","The Cursed","The Exalted","The Hierophant","The Marked","The Runesmith"],"gold_per_floor":[121,121,135,210,210,251,251,283,310,352,352,366,366,407,407,542,542,558,567,590,183,633,633,677,677,677,710,449,499,523,36,36,168,168,188,16,43,70,70,70,90,90,90,90,90,109,129,147,147,147,147],"floor_reached":50,"language":"KOR","playtime":1731,"items_purged":[],"score":998,"play_id":"5fde766d-21da-4967-895e-8d3ffc0cd249","local_time":"20210117095711","is_ascension_mode":true,"campfire_choices":[{"floor":7,"key":"REST"},{"data":"BowlingBash","floor":13,"key":"SMITH"},{"data":"LikeWater","floor":15,"key":"SMITH"},{"floor":23,"key":"REST"},{"floor":25,"key":"REST"},{"floor":32,"key":"REST"},{"data":"Madness","floor":40,"key":"SMITH"},{"data":"ConjureBlade","floor":42,"key":"SMITH"},{"data":"DeceiveReality","floor":44,"key":"SMITH"},{"data":"Ragnarok","floor":49,"key":"SMITH"}],"circlet_count":0,"master_deck":["Defend_P+1","Defend_P+1","Eruption+1","Vigilance+1","JustLucky+1","PathToVictory+1","Judgement+1","PathToVictory+1","EmptyFist+1","LikeWater+1","BowlingBash+1","DeusExMachina+1","infinitespire:Collect+1","ConjureBlade+1","Ragnarok+1","Madness+1","DeceiveReality+1"],"relics":["HolyWater","Hammer of Thor","Seething Fire","Anvil of the Gods","CeramicFish","Lee\u0027s Waffle","DemoMod:GnawedKey","DemoMod:VorpalBullet","Bromod:ArcaneConsequence","Golden Idol","Gambling Chip","DemoMod:Metronome","Bromod:ArcaneMomentum","Yang","Tiny Chest","Strange Spoon","Busted Crown","Bottled Lightning","Chemical X","White Beast Statue","Question Card","War Paint","infinitespire:CheckeredPen","Potion Belt","Akabeko","Toy Ornithopter","Happy Flower","Coffee Dripper","Calipers","DemoMod:DecoyRelic"],"acts_visited":["Exordium","TheCity","TheBeyond"],"potions_floor_usage":[50],"damage_taken":[{"damage":0,"enemies":"2 Louse","floor":1,"turns":1},{"damage":0,"enemies":"Small Slimes","floor":3,"turns":1},{"damage":6,"enemies":"Gremlin Nob","floor":6,"turns":3},{"damage":0,"enemies":"Jaw Worm","floor":8,"turns":1},{"damage":5,"enemies":"3 Sentries","floor":10,"turns":5},{"damage":0,"enemies":"Blue Slaver","floor":12,"turns":2},{"damage":0,"enemies":"Gremlin Nob","floor":14,"turns":1},{"damage":0,"enemies":"Slime Boss","floor":16,"turns":4},{"damage":0,"enemies":"Chosen","floor":18,"turns":3},{"damage":0,"enemies":"Shell Parasite","floor":20,"turns":3},{"damage":0,"enemies":"Slavers","floor":24,"turns":3},{"damage":65,"enemies":"Nightmare","floor":27,"turns":7},{"damage":32,"enemies":"Champ","floor":33,"turns":5},{"damage":0,"enemies":"3 Darklings","floor":35,"turns":3},{"damage":0,"enemies":"3 Shapes","floor":38,"turns":2},{"damage":0,"enemies":"Writhing Mass","floor":41,"turns":2},{"damage":10,"enemies":"Transient","floor":46,"turns":5},{"damage":0,"enemies":"3 Darklings","floor":47,"turns":2},{"damage":0,"enemies":"Maw","floor":48,"turns":2},{"damage":65,"enemies":"infinitespire:MassOfShapes","floor":50,"turns":4}],"seed_played":"7858501200324589626","potions_obtained":[{"floor":3,"key":"SpeedPotion"},{"floor":6,"key":"SpeedPotion"},{"floor":10,"key":"StancePotion"},{"floor":18,"key":"Fire Potion"},{"floor":27,"key":"BlessingOfTheForge"},{"floor":33,"key":"DemoMod:BlankPotion"},{"floor":35,"key":"StancePotion"}],"is_trial":false,"path_per_floor":["M","?","M","?","?","E","R","M","T","E","?","M","R","E","R","B",null,"M","AVR","M","$","?","R","E","R","T","NM","$","T","T","$","R","B",null,"M","$","?","M","?","R","M","R","T","R","T","M","M","M","R","B"],"character_chosen":"WATCHER","items_purchased":["CeramicFish","Lee\u0027s Waffle","DemoMod:GnawedKey","Bromod:ArcaneConsequence","PathToVictory","Bottled Lightning","Chemical X","infinitespire:CheckeredPen","ConjureBlade","Toy Ornithopter","Happy Flower","BottledMiracle","Apotheosis"],"campfire_rested":4,"item_purchase_floors":[0,0,0,0,0,21,21,28,31,31,31,31,36],"current_hp_per_floor":[79,79,79,68,49,43,66,66,66,61,61,61,61,61,61,61,79,79,79,79,79,33,56,56,79,79,14,14,14,14,14,37,5,79,79,79,69,69,69,69,69,69,69,69,69,59,59,59,59,0,0],"gold":147,"neow_bonus":"","is_daily":false,"chose_seed":false,"campfire_upgraded":6,"win_rate":0.0,"timestamp":1610845031,"path_taken":["M","?","M","?","?","E","R","M","T","E","?","?","R","E","R","BOSS","M","AVR","M","$","?","R","E","R","T","NM","?","?","?","?","R","BOSS","M","$","?","M","?","R","M","R","T","R","?","?","M","M","R","BOSS"],"items_purchased_type":["Relic","Relic","Relic","Relic","Card","Relic","Relic","Relic","Card","Relic","Relic","Potion","Card"],"build_version":"2020-12-22","purchased_purges":0,"victory":false,"max_hp_per_floor":[79,79,79,79,79,79,79,79,79,79,79,79,79,79,79,79,79,79,79,79,79,79,79,79,79,79,79,79,79,79,79,79,79,79,79,79,79,79,79,79,79,79,79,79,79,79,79,79,79,79,79],"card_choices":[{"not_picked":["FlyingSleeves","CrushJoints"],"picked":"EmptyFist","floor":1},{"not_picked":["WheelKick","EmptyBody","Sanctity"],"picked":"SKIP","floor":3},{"not_picked":["CrushJoints","SashWhip","Devotion"],"picked":"SKIP","floor":6},{"not_picked":["Conclude","CrushJoints"],"picked":"LikeWater","floor":8},{"not_picked":["Judgement","WaveOfTheHand"],"picked":"BowlingBash","floor":10},{"not_picked":["CrushJoints","EmptyBody","FlyingSleeves"],"picked":"SKIP","floor":12},{"not_picked":["Perseverance","ClearTheMind","WaveOfTheHand"],"picked":"SKIP","floor":14},{"not_picked":["Establishment","Blasphemy"],"picked":"DeusExMachina","floor":16},{"not_picked":["CutThroughFate","CrushJoints","Worship"],"picked":"SKIP","floor":18},{"not_picked":["CrushJoints"],"picked":"SKIP","floor":20},{"not_picked":["Conclude"],"picked":"SKIP","floor":24},{"not_picked":["Conclude","FlurryOfBlows"],"picked":"SKIP","floor":27},{"not_picked":["Conclude","FlurryOfBlows"],"picked":"SKIP","floor":27},{"not_picked":["Omniscience"],"picked":"Ragnarok","floor":33},{"not_picked":["Halt+1","Fasting2+1"],"picked":"SKIP","floor":35},{"not_picked":["Impatience"],"picked":"Enlightenment","floor":37},{"not_picked":["Forethought"],"picked":"Panache","floor":37},{"not_picked":["Dark Shackles"],"picked":"Madness","floor":37},{"not_picked":["ThirdEye+1"],"picked":"DeceiveReality","floor":38},{"not_picked":["PathToVictory","InnerPeace"],"picked":"SKIP","floor":41},{"not_picked":["Indignation+1","Consecrate"],"picked":"SKIP","floor":46},{"not_picked":["WindmillStrike+1","EmptyBody+1"],"picked":"SKIP","floor":47},{"not_picked":["Nirvana+1","EmptyBody"],"picked":"SKIP","floor":48}],"player_experience":400797,"relics_obtained":[{"floor":6,"key":"Gambling Chip"},{"floor":9,"key":"DemoMod:Metronome"},{"floor":10,"key":"Bromod:ArcaneMomentum"},{"floor":11,"key":"Yang"},{"floor":14,"key":"Tiny Chest"},{"floor":24,"key":"White Beast Statue"},{"floor":26,"key":"Question Card"},{"floor":27,"key":"War Paint"},{"floor":29,"key":"Potion Belt"},{"floor":30,"key":"Akabeko"},{"floor":43,"key":"Calipers"},{"floor":45,"key":"DemoMod:DecoyRelic"}],"event_choices":[{"damage_healed":0,"gold_gain":0,"player_choice":"Grow","damage_taken":0,"max_hp_gain":0,"max_hp_loss":0,"event_name":"Living Wall","floor":2,"gold_loss":0,"cards_upgraded":["EmptyFist"]},{"damage_healed":0,"gold_gain":75,"player_choice":"Gather Gold","damage_taken":11,"max_hp_gain":0,"max_hp_loss":0,"event_name":"World of Goop","floor":4,"gold_loss":0},{"damage_healed":0,"gold_gain":0,"player_choice":"Take Damage","damage_taken":19,"relics_obtained":["Golden Idol"],"max_hp_gain":0,"max_hp_loss":0,"event_name":"Golden Idol","floor":5,"gold_loss":0},{"damage_healed":0,"gold_gain":450,"player_choice":"GOLD GOLD GOLD GOLD GOLD ","damage_taken":46,"max_hp_gain":0,"max_hp_loss":0,"event_name":"Knowing Skull","floor":22,"potions_obtained":[],"gold_loss":0,"cards_obtained":[]},{"damage_healed":0,"gold_gain":0,"player_choice":"Memory 3","damage_taken":10,"max_hp_gain":0,"max_hp_loss":0,"event_name":"SensoryStone","floor":37,"gold_loss":0},{"cards_removed":["Panache"],"damage_healed":0,"gold_gain":0,"player_choice":"Removed Power","damage_taken":0,"max_hp_gain":0,"max_hp_loss":0,"event_name":"Falling","floor":39,"gold_loss":0}],"is_beta":false,"boss_relics":[{"not_picked":["Empty Cage","Runic Pyramid"],"picked":"HolyWater"},{"not_picked":["SacredBark","Runic Dome"],"picked":"Coffee Dripper"}],"items_purged_floors":[],"is_endless":false,"potions_floor_spawned":[3,6,10,12,18,27,33,35,38,41,46,47,48],"killed_by":"infinitespire:MassOfShapes","ascension_level":4}}