{"host":"mmyob72dycyg5z21","time":1610865827,"event":{"mods":["Act Like it!","Alarm Clock","BaseMod","Bestiary","Better Note","Better Third Choice","Better Vampires","Colored Powertips","Custom Start","Gold Saver","Gremlin Skip","Minty Spire (QoL Compilation)","Poor People Problems","Rare Cards Sparkle","Robot Space Explorer","Spicy Shops","StSLib","SuperFastMode","Yakumo Yukari mod","[功能]功能增强和修复MOD","vexMod","【功能Mod】精心准备","【遗物卡牌】REMEMod"],"gold_per_floor":[462,462,462,12,29,29,62,62,62,97,97,156,187,200,200,299,299,314,314,331,344,344,369,369,395,395,27,60,60,60,76,76,175,175,188,200,212,14,14,40,60,60,86,86,115,2,22,1,1,1,1,1,1,31,31],"floor_reached":56,"language":"ZHS","playtime":2814,"items_purged":["RobotSpaceExplorer:Strike","RobotSpaceExplorer:Defend"],"score":1504,"play_id":"00b1ed49-dce0-4f68-83d4-2c6a55368277","local_time":"20210117144347","is_ascension_mode":false,"campfire_choices":[{"data":"Apotheosis","floor":6,"key":"SMITH"},{"data":"RobotSpaceExplorer:MiniLasers","floor":8,"key":"SMITH"},{"data":"RobotSpaceExplorer:PowerGlove","floor":11,"key":"SMITH"},{"data":"RobotSpaceExplorer:Scan","floor":15,"key":"SMITH"},{"data":"RobotSpaceExplorer:PowerCollector","floor":24,"key":"SMITH"},{"data":"RobotSpaceExplorer:Ammunition","floor":32,"key":"SMITH"},{"floor":44,"key":"RECALL"},{"data":"RobotSpaceExplorer:DualCore","floor":49,"key":"SMITH"},{"floor":52,"key":"REST"}],"circlet_count":0,"master_deck":["RobotSpaceExplorer:Defend+1","RobotSpaceExplorer:Defend+1","RobotSpaceExplorer:Defend+1","RobotSpaceExplorer:Scan+1","RobotSpaceExplorer:MiniLasers+1","RobotSpaceExplorer:PlasmaMissile+1","RobotSpaceExplorer:StarDust+1","RobotSpaceExplorer:MiniBoosters+1","RobotSpaceExplorer:GlueShot+1","RobotSpaceExplorer:ScrapMissile+1","Vault+1","Apotheosis+1","RobotSpaceExplorer:PowerGlove+1","RobotSpaceExplorer:Ammunition+1","RobotSpaceExplorer:GearShield+1","RobotSpaceExplorer:SurgingStrike+1","RobotSpaceExplorer:StunGrenade+1","RobotSpaceExplorer:ChargingLaser+1","RobotSpaceExplorer:FreezeRay+1","Creative AI+1","RobotSpaceExplorer:BigMissile+1","RobotSpaceExplorer:IronShell+1","RobotSpaceExplorer:PowerCollector+1","RobotSpaceExplorer:Asteroid+1","RobotSpaceExplorer:Electroshield+1","RobotSpaceExplorer:MiniDrones+1","RobotSpaceExplorer:Scanner+1","RobotSpaceExplorer:Blitz+1","RobotSpaceExplorer:Probe+1","RobotSpaceExplorer:FranticSearch+1","RobotSpaceExplorer:FranticSearch+1","Madness+1","Madness+1","RobotSpaceExplorer:FreezingShield+1","RobotSpaceExplorer:BlastShield+1","PanicButton+1","RobotSpaceExplorer:DualCore+1","RobotSpaceExplorer:ShovelStrike+1","RobotSpaceExplorer:MiniDrones+1"],"relics":["REME_DuelDisc","Astrolabe","vexMod:BarristanHead","Kunai","PreservedInsect","Molten Egg 2","Regal Pillow","Toy Ornithopter","Akabeko","Mummified Hand","RobotSpaceExplorer:SearchSpecs","Mercury Hourglass","vexMod:InvisibilityCloak","vexMod:PlasmaPancake","OrangePellets","TungstenRod","Toxic Egg 2","RobotSpaceExplorer:ClockworkSextant","vexMod:Dragonfruit","SacredBark","Bag of Marbles","Smiling Mask","Gremlin Horn","Incense Burner"],"acts_visited":["Exordium","TheCity","TheBeyond","TheEnding"],"potions_floor_usage":[16,42,45,50,50],"damage_taken":[{"damage":0,"enemies":"Cultist","floor":1,"turns":4},{"damage":0,"enemies":"Small Slimes","floor":5,"turns":2},{"damage":0,"enemies":"Gremlin Nob","floor":7,"turns":3},{"damage":0,"enemies":"Lagavulin","floor":10,"turns":3},{"damage":0,"enemies":"Gremlin Nob","floor":12,"turns":2},{"damage":0,"enemies":"3 Sentries","floor":13,"turns":3},{"damage":0,"enemies":"Jaw Worm","floor":14,"turns":1},{"damage":0,"enemies":"Hexaghost","floor":16,"turns":8},{"damage":0,"enemies":"Chosen","floor":18,"turns":3},{"damage":0,"enemies":"Shell Parasite","floor":20,"turns":5},{"damage":0,"enemies":"Snecko","floor":21,"turns":2},{"damage":0,"enemies":"Gremlin Leader","floor":23,"turns":2},{"damage":0,"enemies":"Slavers","floor":25,"turns":4},{"damage":0,"enemies":"Gremlin Leader","floor":28,"turns":3},{"damage":0,"enemies":"Sentry and Sphere","floor":31,"turns":1},{"damage":1,"enemies":"Champ","floor":33,"turns":8},{"damage":5,"enemies":"3 Darklings","floor":35,"turns":2},{"damage":0,"enemies":"Orb Walker","floor":36,"turns":1},{"damage":4,"enemies":"4 Shapes","floor":37,"turns":2},{"damage":2,"enemies":"Nemesis","floor":40,"turns":4},{"damage":0,"enemies":"Sphere and 2 Shapes","floor":41,"turns":1},{"damage":18,"enemies":"Sphere and 2 Shapes","floor":42,"turns":11},{"damage":0,"enemies":"Giant Head","floor":45,"turns":5},{"damage":0,"enemies":"Maw","floor":47,"turns":4},{"damage":22,"enemies":"Donu and Deca","floor":50,"turns":9},{"damage":1,"enemies":"Shield and Spear","floor":54,"turns":2},{"damage":67,"enemies":"The Heart","floor":55,"turns":14}],"seed_played":"3761509461678395173","potions_obtained":[{"floor":5,"key":"Block Potion"},{"floor":7,"key":"LiquidBronze"},{"floor":7,"key":"SkillPotion"},{"floor":14,"key":"Fire Potion"},{"floor":21,"key":"AttackPotion"}],"is_trial":false,"path_per_floor":["M","T","?","$","M","R","E","R","T","E","R","?","E","M","R","B",null,"M","?","M","M","?","E","R","E","T","$","E","?","T","M","R","B",null,"M","M","M","$","?","E","M","?","T","R","E","$","M","$","R","B",null,"R","$","E","B",null],"character_chosen":"RobotSpaceExplorer","items_purchased":["PreservedInsect","Molten Egg 2","Apotheosis","OrangePellets","TungstenRod","RobotSpaceExplorer:FranticSearch+1","PanicButton+1","ColorlessPotion","RobotSpaceExplorer:ShovelStrike+1"],"campfire_rested":1,"item_purchase_floors":[4,4,4,27,27,38,46,46,48],"current_hp_per_floor":[75,75,63,63,63,63,63,63,63,63,63,63,63,63,63,68,75,75,75,75,75,61,61,61,61,67,67,67,67,72,72,72,71,91,86,86,82,82,72,70,70,91,91,91,91,91,91,91,91,69,91,91,91,90,23],"gold":31,"neow_bonus":"BOSS_RELIC","is_daily":false,"chose_seed":false,"campfire_upgraded":7,"win_rate":0.0,"timestamp":1610865827,"path_taken":["M","?","?","?","M","R","E","R","T","E","R","?","E","M","R","BOSS","M","?","?","M","?","E","R","E","T","?","E","?","?","?","R","BOSS","M","M","M","$","?","E","M","?","T","R","E","?","M","$","R","BOSS","R","$","E","BOSS"],"items_purchased_type":["Relic","Relic","Card","Relic","Relic","Card","Card","Potion","Card"],"build_version":"2020-12-22","purchased_purges":2,"victory":true,"max_hp_per_floor":[75,75,75,75,75,75,75,75,75,75,75,75,75,75,75,75,75,75,75,75,75,80,80,80,80,86,86,86,86,91,91,91,91,91,91,91,91,91,91,91,91,91,91,91,91,91,91,91,91,91,91,91,91,91,91],"card_choices":[{"not_picked":["RobotSpaceExplorer:Smokescreen","RobotSpaceExplorer:SwiftStep"],"picked":"RobotSpaceExplorer:ScrapMissile","floor":1},{"not_picked":["RobotSpaceExplorer:SwiftStep","RobotSpaceExplorer:MiniDrones+1"],"picked":"RobotSpaceExplorer:PowerGlove","floor":5},{"not_picked":["RobotSpaceExplorer:MetalStrike+1","RobotSpaceExplorer:Jetpack"],"picked":"RobotSpaceExplorer:Ammunition","floor":7},{"not_picked":["RobotSpaceExplorer:Arsenal","RobotSpaceExplorer:ScrapMissile+1"],"picked":"RobotSpaceExplorer:GearShield","floor":10},{"not_picked":["RobotSpaceExplorer:Counterblock","RobotSpaceExplorer:SlimeMissile+1"],"picked":"RobotSpaceExplorer:SurgingStrike+1","floor":12},{"not_picked":["RobotSpaceExplorer:ToxicBomb","RobotSpaceExplorer:GlueShot"],"picked":"RobotSpaceExplorer:StunGrenade+1","floor":13},{"not_picked":["RobotSpaceExplorer:Counterblock","RobotSpaceExplorer:Pulsar","RobotSpaceExplorer:GlueShot"],"picked":"SKIP","floor":14},{"not_picked":["RobotSpaceExplorer:TrailblazerForm","RobotSpaceExplorer:BlastShield"],"picked":"RobotSpaceExplorer:ChargingLaser+1","floor":16},{"not_picked":["RobotSpaceExplorer:SwiftStep","RobotSpaceExplorer:LaserBurst+1"],"picked":"RobotSpaceExplorer:FreezeRay","floor":18},{"not_picked":["RobotSpaceExplorer:SwiftStep","RobotSpaceExplorer:Counterblock+1"],"picked":"RobotSpaceExplorer:BigMissile+1","floor":20},{"not_picked":["RobotSpaceExplorer:StunGrenade+1","RobotSpaceExplorer:MetalStrike+1"],"picked":"RobotSpaceExplorer:IronShell+1","floor":21},{"not_picked":["RobotSpaceExplorer:SwiftStep+1","RobotSpaceExplorer:FreezeRay"],"picked":"RobotSpaceExplorer:PowerCollector","floor":23},{"not_picked":["RobotSpaceExplorer:Counterblock","RobotSpaceExplorer:Autoloader"],"picked":"RobotSpaceExplorer:Asteroid+1","floor":25},{"not_picked":["RobotSpaceExplorer:Fix+1","RobotSpaceExplorer:ShockKick+1"],"picked":"RobotSpaceExplorer:Electroshield+1","floor":28},{"not_picked":["RobotSpaceExplorer:SurgingStrike+1","RobotSpaceExplorer:FreezeRay"],"picked":"RobotSpaceExplorer:MiniDrones+1","floor":31},{"not_picked":["RobotSpaceExplorer:Exploration+1","RobotSpaceExplorer:HighVoltage+1"],"picked":"RobotSpaceExplorer:Scanner","floor":33},{"not_picked":["RobotSpaceExplorer:LaserBurst+1","RobotSpaceExplorer:GearShield+1"],"picked":"RobotSpaceExplorer:Blitz+1","floor":35},{"not_picked":["RobotSpaceExplorer:TurboDodge+1","RobotSpaceExplorer:Ammunition+1"],"picked":"RobotSpaceExplorer:Probe+1","floor":36},{"not_picked":["RobotSpaceExplorer:PowerCollector+1","RobotSpaceExplorer:StunGrenade+1"],"picked":"RobotSpaceExplorer:FranticSearch+1","floor":37},{"not_picked":["RobotSpaceExplorer:PowerCollector+1","RobotSpaceExplorer:MetalStrike+1","RobotSpaceExplorer:SwiftStep+1"],"picked":"SKIP","floor":40},{"not_picked":["RobotSpaceExplorer:ShockKick+1","RobotSpaceExplorer:StunGrenade+1","RobotSpaceExplorer:Jetpack+1"],"picked":"SKIP","floor":41},{"not_picked":["RobotSpaceExplorer:Ammunition+1","RobotSpaceExplorer:SurgingStrike+1"],"picked":"RobotSpaceExplorer:FreezingShield+1","floor":42},{"not_picked":["RobotSpaceExplorer:MiniDrones+1","RobotSpaceExplorer:ScrapMissile+1"],"picked":"RobotSpaceExplorer:BlastShield+1","floor":45},{"not_picked":["RobotSpaceExplorer:FranticSearch+1","RobotSpaceExplorer:StunGrenade+1"],"picked":"RobotSpaceExplorer:DualCore","floor":47},{"not_picked":["RobotSpaceExplorer:Probe+1","RobotSpaceExplorer:ScrapMissile+1"],"picked":"RobotSpaceExplorer:MiniDrones+1","floor":54}],"player_experience":378368,"relics_obtained":[{"floor":2,"key":"vexMod:BarristanHead"},{"floor":7,"key":"Regal Pillow"},{"floor":10,"key":"Toy Ornithopter"},{"floor":12,"key":"Akabeko"},{"floor":13,"key":"Mummified Hand"},{"floor":23,"key":"Mercury Hourglass"},{"floor":25,"key":"vexMod:InvisibilityCloak"},{"floor":26,"key":"vexMod:PlasmaPancake"},{"floor":28,"key":"Toxic Egg 2"},{"floor":30,"key":"vexMod:Dragonfruit"},{"floor":40,"key":"Bag of Marbles"},{"floor":43,"key":"Smiling Mask"},{"floor":45,"key":"Gremlin Horn"},{"floor":54,"key":"Incense Burner"}],"event_choices":[{"damage_healed":0,"gold_gain":0,"player_choice":"Searched \u00271\u0027 times","damage_taken":0,"max_hp_gain":0,"max_hp_loss":0,"event_name":"Dead Adventurer","floor":12,"gold_loss":0},{"cards_removed":["Vault"],"damage_healed":0,"gold_gain":0,"player_choice":"Take \u0026 Give","damage_taken":0,"max_hp_gain":0,"max_hp_loss":0,"event_name":"betterNote:BetterNote","floor":19,"gold_loss":0,"cards_obtained":["Creative AI"]},{"damage_healed":0,"gold_gain":0,"player_choice":"Shed Blood","damage_taken":19,"max_hp_gain":5,"max_hp_loss":0,"event_name":"Forgotten Altar","floor":22,"gold_loss":0},{"damage_healed":0,"gold_gain":0,"player_choice":"Opened","damage_taken":0,"relics_obtained":["RobotSpaceExplorer:ClockworkSextant"],"max_hp_gain":0,"max_hp_loss":0,"event_name":"The Mausoleum","floor":29,"gold_loss":0},{"damage_healed":0,"gold_gain":0,"player_choice":"Embrace Madness","damage_taken":11,"max_hp_gain":0,"max_hp_loss":0,"event_name":"Winding Halls","floor":39,"gold_loss":0,"cards_obtained":["Madness","Madness"]}],"is_beta":false,"boss_relics":[{"not_picked":["Runic Dome","REME_DuelDisc"],"picked":"RobotSpaceExplorer:SearchSpecs"},{"not_picked":["Sozu","Pandora\u0027s Box"],"picked":"SacredBark"}],"items_purged_floors":[38,38],"is_endless":false,"potions_floor_spawned":[5,7,7,14,21,28,33,40,41,42],"ascension_level":0}}