{"host":"g8ufh7m4frdlkxwv","time":1610908854,"event":{"mods":["AchievementEnabler","BaseMod","Colored Map","Dark Map","Minty Spire (QoL Compilation)","Relic Stats","StSLib","ojb\u0027s Info Mod"],"gold_per_floor":[113,124,124,143,155,155,187,25,50,50,50,76,76,1,1,78,78,93,111,111,111],"floor_reached":20,"language":"ENG","playtime":1096,"items_purged":["Strike_G"],"score":364,"play_id":"cac9ab78-0239-4609-bbd2-6a346e13cfa5","local_time":"20210117194054","is_ascension_mode":true,"campfire_choices":[{"data":"All Out Attack","floor":6.0,"key":"SMITH"},{"data":"Noxious Fumes","floor":13.0,"key":"SMITH"},{"data":"Phantasmal Killer","floor":15.0,"key":"SMITH"}],"circlet_count":0,"master_deck":["AscendersBane","Strike_G","Strike_G","Strike_G","Defend_G","Defend_G","Defend_G","Defend_G","Defend_G","Survivor","Neutralize","Terror+1","Quick Slash","All Out Attack+1","Backflip","Noxious Fumes+1","Crippling Poison","Leg Sweep","Phantasmal Killer+1","Acrobatics","Poisoned Stab","Heel Hook","Bullet Time"],"relics":["SlaversCollar","Art of War","Orrery","Happy Flower","Singing Bowl","Boot","Runic Pyramid"],"acts_visited":["Exordium","TheCity"],"potions_floor_usage":[],"damage_taken":[{"damage":3.0,"enemies":"Small Slimes","floor":1.0,"turns":5.0},{"damage":1.0,"enemies":"Cultist","floor":2.0,"turns":4.0},{"damage":0.0,"enemies":"2 Louse","floor":4.0,"turns":3.0},{"damage":3.0,"enemies":"Blue Slaver","floor":5.0,"turns":5.0},{"damage":33.0,"enemies":"Gremlin Nob","floor":7.0,"turns":4.0},{"damage":12.0,"enemies":"Lagavulin","floor":12.0,"turns":5.0},{"damage":3.0,"enemies":"Hexaghost","floor":16.0,"turns":8.0},{"damage":16.0,"enemies":"2 Thieves","floor":18.0,"turns":3.0},{"damage":21.0,"enemies":"Shell Parasite","floor":19.0,"turns":3.0},{"damage":19,"enemies":"Chosen and Byrds","floor":20,"turns":3}],"seed_played":"-3700338278172931154","potions_obtained":[{"floor":7.0,"key":"SteroidPotion"},{"floor":12.0,"key":"SteroidPotion"},{"floor":16.0,"key":"GamblersBrew"}],"is_trial":false,"path_per_floor":["M","M","?","M","M","R","E","$","T","?","T","E","R","$","R","B",null,"M","M","M"],"character_chosen":"THE_SILENT","items_purchased":["Orrery"],"campfire_rested":0,"item_purchase_floors":[8],"current_hp_per_floor":[56,55,55,55,52,52,19,19,19,19,19,7,7,7,7,4,51,37,18,0,0],"gold":111,"neow_bonus":"BOSS_RELIC","is_daily":false,"chose_seed":false,"campfire_upgraded":3,"win_rate":0.0,"timestamp":1610908854,"path_taken":["M","M","?","M","M","R","E","?","T","?","?","E","R","?","R","BOSS","M","M","M"],"items_purchased_type":["Relic"],"build_version":"2020-12-22","purchased_purges":1,"victory":false,"max_hp_per_floor":[66,66,66,66,66,66,66,66,66,66,66,66,66,66,66,66,66,68,70,70,70],"relic_stats":{"Happy Flower":[7],"Singing Bowl":4,"counters":[10,43],"Art of War":[5],"Boot":[5],"obtain_stats":[{"SlaversCollar":0,"Happy Flower":9,"Singing Bowl":11,"Orrery":8,"Art of War":7,"Boot":12,"Ring of the Snake":0,"Runic Pyramid":17},{"SlaversCollar":0,"Happy Flower":5,"Singing Bowl":5,"Orrery":5,"Art of War":5,"Boot":6,"Ring of the Snake":0,"Runic Pyramid":7},{"SlaversCollar":0,"Happy Flower":21,"Singing Bowl":21,"Orrery":21,"Art of War":21,"Boot":26,"Ring of the Snake":0,"Runic Pyramid":34}]},"card_choices":[{"not_picked":["Deflect","Poisoned Stab"],"picked":"Terror","floor":1.0},{"not_picked":["Bane","Escape Plan"],"picked":"Quick Slash","floor":2.0},{"not_picked":["Deadly Poison","Cloak And Dagger"],"picked":"All Out Attack","floor":4.0},{"not_picked":["Cloak And Dagger","Underhanded Strike"],"picked":"Backflip","floor":5.0},{"not_picked":["Calculated Gamble","Flying Knee"],"picked":"Noxious Fumes","floor":7.0},{"not_picked":["Catalyst","PiercingWail"],"picked":"Crippling Poison","floor":8.0},{"not_picked":["Deflect","Glass Knife"],"picked":"Leg Sweep","floor":8.0},{"not_picked":["Sucker Punch","Dagger Throw"],"picked":"Phantasmal Killer","floor":8.0},{"not_picked":["Flying Knee","Skewer"],"picked":"Acrobatics","floor":8.0},{"not_picked":["Outmaneuver","Flechettes"],"picked":"Heel Hook","floor":12.0},{"not_picked":["Unload","After Image"],"picked":"Bullet Time","floor":16.0},{"not_picked":["Underhanded Strike","Slice","Quick Slash"],"picked":"Singing Bowl","floor":18.0},{"not_picked":["Outmaneuver","Finisher+1","Dagger Spray"],"picked":"Singing Bowl","floor":19.0}],"player_experience":1039389,"relics_obtained":[{"floor":7.0,"key":"Art of War"},{"floor":9.0,"key":"Happy Flower"},{"floor":11.0,"key":"Singing Bowl"},{"floor":12.0,"key":"Boot"}],"event_choices":[{"damage_healed":0.0,"max_hp_gain":0.0,"max_hp_loss":0.0,"gold_gain":0.0,"event_name":"Upgrade Shrine","player_choice":"Upgraded","floor":3.0,"gold_loss":0.0,"damage_taken":0.0,"cards_upgraded":["Terror"]},{"damage_healed":0.0,"max_hp_gain":0.0,"max_hp_loss":0.0,"gold_gain":0.0,"cards_transformed":["Strike_G"],"event_name":"Living Wall","player_choice":"Change","floor":10.0,"gold_loss":0.0,"damage_taken":0.0,"cards_obtained":["Poisoned Stab"]}],"is_beta":false,"boss_relics":[{"not_picked":["Pandora\u0027s Box","Runic Dome"],"picked":"Runic Pyramid"}],"items_purged_floors":[14],"is_endless":false,"potions_floor_spawned":[7,12,16],"killed_by":"Chosen and Byrds","ascension_level":20}}