{"host":"uyrebrj0204enqpc","time":1610855313,"event":{"mods":["Act Like it!","Bard","BaseMod","Block Reminder","Challenge The Spire","Colored Map","Colored Powertips","DeckTracker","Downfall","GifTheSpireLib","HexUI Lib","Highlight Path","Hubris","Infinite Spire","Minty Spire (QoL Compilation)","Pale of the Ancients","Quick Restart","Random Character Button","Relic Sorter","Relic Stats","Shop Mod","StSLib","The Blue Laboratory","The Bug Knight","The Cursed","The Jungle","The Marked","Wandering Minibosses"],"gold_per_floor":[113,83,95,95,147,175,175,175,175,175,192,192,223,233,233,328,328,342,342,342,359,374,399,399,430,453,481,481,496,496,514,514,612,612,632,632,632,652,663,663,676,676,702,736,92,124,144,144,144,248,248,259,276,276,302,302,315,315,74,74,178,178,178,178],"floor_reached":62,"language":"ENG","playtime":7351,"items_purged":["champ:Strike"],"score":1123,"play_id":"bff3ad0a-6776-4c25-b44d-1345cdcccfb3","local_time":"20210116224833","is_ascension_mode":true,"campfire_choices":[{"data":"champ:FocusedBerserking","floor":7.0,"key":"SMITH"},{"data":"champ:Taunt","floor":10.0,"key":"SMITH"},{"data":"champ:HeartStrike","floor":12.0,"key":"SMITH"},{"data":"champ:HeavySlash","floor":15.0,"key":"SMITH"},{"data":"champ:StrikeOfGenius","floor":28.0,"key":"SMITH"},{"data":"champ:Backstep","floor":30.0,"key":"SMITH"},{"data":"champ:Lariat","floor":32.0,"key":"SMITH"},{"data":"infinitespire:Execution","floor":40,"key":"SMITH"},{"data":"champ:BerserkersShout","floor":42,"key":"SMITH"},{"floor":49,"key":"RECALL"},{"floor":56,"key":"REST"},{"data":"champ:IronFortress","floor":58,"key":"SMITH"}],"circlet_count":0,"master_deck":["champ:Strike","champ:Strike+1","champ:Defend","champ:Defend","champ:Defend","champ:Execute+1","champ:Taunt+1","champ:FocusedBerserking+1","champ:RisingSlash+1","champ:IgnorePain","champ:HeartStrike+1","champ:HoldFirm","champ:HeavySlash+1","champ:MurderStrike","champ:StrikeOfGenius+1","Necronomicurse","champ:Backstep+1","champ:StanceDance","champ:Backstep+1","champ:Lariat+1","champ:VampiricStrike","champ:RisingSlash+1","infinitespire:Execution+1","champ:BerserkersShout+1","champ:AdrenalArmor+1","champ:UltimateStance","champ:UltimateStance","champ:IronFortress+1","champ:BerserkersShout+1","champ:HeavySlash+1","champ:ShieldWall","champ:HeavySlash"],"relics":["champ:ChampionCrown","hubris:Icosahedron","Whetstone","Guardian:PocketSentry","hubris:Towel","Gremlin Horn","Vajra","Calling Bell","Oddly Smooth Stone","White Beast Statue","infinitespire:Lychee Nut","Necronomicon","hubris:SlimyHat","champ:DefensiveTrainingManual","Bag of Marbles","infinitespire:BottledMercury","Empty Cage","wanderingMiniBosses:Inkheart","Bronze Scales","Potion Belt","HollowMod:StagPassRelic","DollysMirror","Pen Nib","HollowMod:LifeEnderRelic","hubris:Backtick","hubris:IronBody","paleoftheancients:Timepiece","paleoftheancients:KeyRelic","Letter Opener","CultistMask","infinitespire:Beetle Shell","paleoftheancients:SoulOfTheDefect","StrikeDummy","Coffee Dripper"],"acts_visited":["Exordium","TheCity","TheBeyond","TheBeyond","Exordium"],"potions_floor_usage":[46,50,50,50,53,61],"damage_taken":[{"damage":0.0,"enemies":"Cultist","floor":1.0,"turns":4.0},{"damage":10.0,"enemies":"2 Louse","floor":3.0,"turns":2.0},{"damage":62.0,"enemies":"HollowMod:MossKnight","floor":6.0,"turns":6.0},{"damage":25.0,"enemies":"Jaw Worm","floor":11.0,"turns":2.0},{"damage":43.0,"enemies":"Gremlin Nob","floor":13.0,"turns":4.0},{"damage":43.0,"enemies":"Large Slime","floor":14.0,"turns":8.0},{"damage":47.0,"enemies":"The Guardian","floor":16.0,"turns":8.0},{"damage":30.0,"enemies":"3 Byrds","floor":18.0,"turns":4.0},{"damage":23.0,"enemies":"Shell Parasite","floor":21.0,"turns":3.0},{"damage":37.0,"enemies":"Cultist and Chosen","floor":22.0,"turns":6.0},{"damage":40.0,"enemies":"Slavers","floor":23.0,"turns":4.0},{"damage":25.0,"enemies":"HollowMod:Nosk","floor":25.0,"turns":7.0},{"damage":40.0,"enemies":"Nightmare","floor":27.0,"turns":9.0},{"damage":5.0,"enemies":"Centurion and Healer","floor":29.0,"turns":4.0},{"damage":5.0,"enemies":"Shelled Parasite and Fungi","floor":31.0,"turns":2.0},{"damage":79.0,"enemies":"Automaton","floor":33.0,"turns":8.0},{"damage":49,"enemies":"3 Darklings","floor":35,"turns":6},{"damage":20,"enemies":"3 Shapes","floor":38,"turns":3},{"damage":35,"enemies":"Transient","floor":39,"turns":5},{"damage":49,"enemies":"Jaw Worm Horde","floor":41,"turns":3},{"damage":10,"enemies":"Nemesis","floor":44,"turns":3},{"damage":60,"enemies":"HollowMod:StalkingDevout","floor":46,"turns":4},{"damage":56,"enemies":"4 Shapes","floor":47,"turns":4},{"damage":169,"enemies":"Awakened One","floor":50,"turns":9},{"damage":156,"enemies":"Awakened One","floor":52,"turns":9},{"damage":94,"enemies":"Awakened One","floor":53,"turns":9},{"damage":65,"enemies":"Awakened One","floor":57,"turns":6},{"damage":0,"enemies":"paleoftheancients:N","floor":61,"turns":1}],"seed_played":"-603981435133188007","potions_obtained":[{"floor":1.0,"key":"CultistPotion"},{"floor":2.0,"key":"Explosive Potion"},{"floor":2.0,"key":"blueLaboratory:TrueEctoplasm"},{"floor":11.0,"key":"Energy Potion"},{"floor":16.0,"key":"blueLaboratory:RememoryPotion"},{"floor":18.0,"key":"GamblersBrew"},{"floor":21.0,"key":"DistilledChaos"},{"floor":22.0,"key":"blueLaboratory:FrostheartPotion"},{"floor":23.0,"key":"PowerPotion"},{"floor":25.0,"key":"Block Potion"},{"floor":27.0,"key":"blueLaboratory:FrostheartPotion"},{"floor":29.0,"key":"Swift Potion"},{"floor":33.0,"key":"blueLaboratory:BottledHope"},{"floor":35,"key":"Fire Potion"},{"floor":46,"key":"blueLaboratory:FrostheartPotion"},{"floor":47,"key":"Energy Potion"},{"floor":50,"key":"Energy Potion"},{"floor":52,"key":"Block Potion"},{"floor":53,"key":"blueLaboratory:Moonshine"},{"floor":57,"key":"infinitespire:BlackPotion"},{"floor":61,"key":"AttackPotion"}],"is_trial":false,"path_per_floor":["M","?","M","?","T","E","R","?","T","R","M","R","E","M","R","B",null,"M","?","?","M","M","E","T","E","T","NM","R","M","R","M","R","B",null,"M","?","?","M","M","R","M","R","T","E","$","E","M","T","R","B",null,"M","M","?","T","R","M","R","$","?","B",null],"character_chosen":"THE_CHAMP","items_purchased":["HollowMod:StagPassRelic","champ:UltimateStance","DollysMirror","champ:IronFortress","StrikeDummy"],"campfire_rested":1,"item_purchase_floors":[45,45,45,45,59],"current_hp_per_floor":[90,90,90,90,90,63,63,63,63,63,63,63,45,42,42,35,67,65,65,49,36,25,67,67,67,67,48,48,49,49,52,52,19,67,61,45,45,50,56,56,42,42,42,47,47,53,48,48,48,42,67,57,39,39,39,59,67,67,67,67,67,67,67,67],"gold":178,"neow_bonus":"UPGRADE_CARD","is_daily":false,"chose_seed":false,"campfire_upgraded":10,"win_rate":0.0,"timestamp":1610855313,"path_taken":["M","?","?","?","?","E","R","?","T","R","M","R","E","M","R","BOSS","M","?","?","M","M","E","?","E","T","NM","R","M","R","?","R","BOSS","M","?","?","M","?","R","M","R","T","E","?","E","M","?","R","BOSS","M","M","?","T","R","M","R","$","?","BOSS"],"items_purchased_type":["Relic","Card","Relic","Card","Relic"],"build_version":"2020-12-22","purchased_purges":1,"victory":false,"max_hp_per_floor":[90,90,90,90,90,90,90,90,90,90,90,90,90,90,90,90,67,67,67,67,67,67,67,67,67,67,67,67,67,67,67,67,67,67,67,67,67,67,67,67,67,67,67,67,67,67,67,67,67,67,67,67,67,67,67,67,67,67,67,67,67,67,67,67],"relic_stats":{"Gremlin Horn":[36,36],"counters":[28,143],"Bronze Scales":[103],"Pen Nib":[6],"Necronomicon":[39],"Whetstone":["champ:Strike","champ:RisingSlash"],"Letter Opener":[184],"obtain_stats":[{"infinitespire:BottledMercury":27,"Gremlin Horn":9,"Vajra":13,"champ:ChampionCrown":0,"hubris:SlimyHat":23,"paleoftheancients:SoulOfTheDefect":57,"Whetstone":5,"Empty Cage":34,"HollowMod:StagPassRelic":45,"hubris:Icosahedron":4,"hubris:Backtick":51,"champ:DefensiveTrainingManual":25,"DollysMirror":45,"hubris:IronBody":51,"Necronomicon":20,"Potion Belt":44,"paleoftheancients:KeyRelic":51,"HollowMod:LifeEnderRelic":48,"Oddly Smooth Stone":17,"Pen Nib":46,"infinitespire:Beetle Shell":55,"Guardian:PocketSentry":6,"Letter Opener":51,"hubris:Towel":8,"White Beast Statue":17,"Calling Bell":17,"paleoftheancients:Timepiece":51,"infinitespire:Lychee Nut":17,"Bronze Scales":43,"CultistMask":51,"Bag of Marbles":26,"Coffee Dripper":62,"StrikeDummy":59,"wanderingMiniBosses:Inkheart":35},{"infinitespire:BottledMercury":13,"Gremlin Horn":3,"Vajra":5,"champ:ChampionCrown":0,"hubris:SlimyHat":11,"paleoftheancients:SoulOfTheDefect":27,"Whetstone":2,"Empty Cage":16,"HollowMod:StagPassRelic":21,"hubris:Icosahedron":2,"hubris:Backtick":24,"champ:DefensiveTrainingManual":12,"DollysMirror":21,"hubris:IronBody":24,"Necronomicon":8,"Potion Belt":21,"paleoftheancients:KeyRelic":24,"HollowMod:LifeEnderRelic":23,"Oddly Smooth Stone":7,"Pen Nib":22,"infinitespire:Beetle Shell":26,"Guardian:PocketSentry":3,"Letter Opener":24,"hubris:Towel":3,"White Beast Statue":7,"Calling Bell":7,"paleoftheancients:Timepiece":24,"infinitespire:Lychee Nut":7,"Bronze Scales":20,"CultistMask":24,"Bag of Marbles":12,"Coffee Dripper":28,"StrikeDummy":27,"wanderingMiniBosses:Inkheart":17},{"infinitespire:BottledMercury":67,"Gremlin Horn":12,"Vajra":18,"champ:ChampionCrown":0,"hubris:SlimyHat":51,"paleoftheancients:SoulOfTheDefect":142,"Whetstone":6,"Empty Cage":81,"HollowMod:StagPassRelic":101,"hubris:Icosahedron":6,"hubris:Backtick":118,"champ:DefensiveTrainingManual":58,"DollysMirror":101,"hubris:IronBody":118,"Necronomicon":38,"Potion Belt":101,"paleoftheancients:KeyRelic":118,"HollowMod:LifeEnderRelic":109,"Oddly Smooth Stone":34,"Pen Nib":105,"infinitespire:Beetle Shell":136,"Guardian:PocketSentry":12,"Letter Opener":118,"hubris:Towel":12,"White Beast Statue":34,"Calling Bell":34,"paleoftheancients:Timepiece":118,"infinitespire:Lychee Nut":34,"Bronze Scales":98,"CultistMask":118,"Bag of Marbles":58,"Coffee Dripper":143,"StrikeDummy":142,"wanderingMiniBosses:Inkheart":87}]},"card_choices":[{"not_picked":["champ:ArenaPreparation","champ:PreciseThrust"],"picked":"champ:FocusedBerserking","floor":1.0},{"not_picked":["champ:PerfectedStrike","champ:RapidStrikes"],"picked":"champ:RisingSlash","floor":3.0},{"not_picked":["champ:RecklessLeap","champ:CrownThrow"],"picked":"champ:IgnorePain","floor":6.0},{"not_picked":["champ:PreemptiveStrike","champ:CrownThrow"],"picked":"champ:HeartStrike","floor":11.0},{"not_picked":["champ:TornadoPunch","champ:SetATrap"],"picked":"champ:HoldFirm","floor":13.0},{"not_picked":["champ:BladeFlurry","champ:BerserkersShout"],"picked":"champ:HeavySlash","floor":14.0},{"not_picked":["champ:IgnorePain","champ:CheapShot"],"picked":"champ:MurderStrike","floor":16.0},{"not_picked":["champ:EnGarde","champ:FlashCut"],"picked":"champ:StrikeOfGenius","floor":18.0},{"not_picked":["champ:FlashCut","champ:IgnorePain","champ:Circumvent+1"],"picked":"SKIP","floor":21.0},{"not_picked":["champ:PerfectedStrike","champ:Circumvent"],"picked":"champ:Backstep","floor":22.0},{"not_picked":["champ:PerfectedStrike","champ:RapidStrikes+1"],"picked":"champ:StanceDance","floor":23.0},{"not_picked":["champ:BladeFlurry+1","champ:Shatter"],"picked":"champ:Backstep+1","floor":25.0},{"not_picked":["champ:PerfectedStrike","champ:ShieldThrow"],"picked":"champ:GladiatorStyle+1","floor":27.0},{"not_picked":["champ:BladeFlurry+1","champ:GladiatorStyle","champ:HeartStrike"],"picked":"SKIP","floor":29.0},{"not_picked":["champ:AdrenalArmor","champ:PreciseThrust"],"picked":"champ:Lariat","floor":31.0},{"not_picked":["champ:DancingMaster","champ:SteelEdge"],"picked":"champ:VampiricStrike","floor":33.0},{"not_picked":["champ:PerfectedStrike","champ:FocusedBerserking"],"picked":"champ:RisingSlash+1","floor":35},{"not_picked":["infinitespire:Menacing","infinitespire:Fortify"],"picked":"infinitespire:Execution","floor":36},{"not_picked":["champ:Endure+1","champ:AdrenalArmor+1"],"picked":"champ:BerserkersShout","floor":38},{"not_picked":["champ:BerserkersShout+1","champ:FocusedBerserking","champ:Haymaker+1"],"picked":"SKIP","floor":39},{"not_picked":["champ:CrownThrow+1","champ:TornadoPunch","champ:PreciseThrust"],"picked":"SKIP","floor":41},{"not_picked":["champ:StanceDance","champ:GutPunch+1"],"picked":"champ:AdrenalArmor+1","floor":44},{"not_picked":["champ:EnGarde","champ:FaceSlap"],"picked":"champ:BerserkersShout+1","floor":46},{"not_picked":["champ:DeathBlow","champ:Haymaker+1","champ:Shatter+1"],"picked":"SKIP","floor":47},{"not_picked":["champ:DancingMaster","champ:HoldFirm"],"picked":"champ:HeavySlash","floor":50},{"not_picked":["champ:Backstep","champ:ShieldSlam+1","champ:TornadoPunch+1"],"picked":"SKIP","floor":52},{"not_picked":["champ:ArenaPreparation+1","champ:Circumvent"],"picked":"champ:ShieldWall","floor":53},{"not_picked":["champ:PreciseThrust","champ:GladiatorStyle","champ:Haymaker"],"picked":"SKIP","floor":57},{"not_picked":["champ:IgnorePain","champ:Devastate"],"picked":"champ:HeavySlash","floor":61}],"player_experience":1045076,"relics_obtained":[{"floor":5.0,"key":"Whetstone"},{"floor":6.0,"key":"Guardian:PocketSentry"},{"floor":9.0,"key":"Gremlin Horn"},{"floor":13.0,"key":"Vajra"},{"floor":17.0,"key":"Oddly Smooth Stone"},{"floor":17.0,"key":"White Beast Statue"},{"floor":17.0,"key":"infinitespire:Lychee Nut"},{"floor":20.0,"key":"Necronomicon"},{"floor":23.0,"key":"hubris:SlimyHat"},{"floor":25.0,"key":"champ:DefensiveTrainingManual"},{"floor":26.0,"key":"Bag of Marbles"},{"floor":27.0,"key":"infinitespire:BottledMercury"},{"floor":35,"key":"wanderingMiniBosses:Inkheart"},{"floor":43,"key":"Bronze Scales"},{"floor":44,"key":"Potion Belt"},{"floor":46,"key":"Pen Nib"},{"floor":48,"key":"HollowMod:LifeEnderRelic"},{"floor":55,"key":"infinitespire:Beetle Shell"},{"floor":57,"key":"paleoftheancients:SoulOfTheDefect"}],"event_choices":[{"damage_healed":0.0,"max_hp_gain":0.0,"max_hp_loss":0.0,"gold_gain":0.0,"event_name":"The Woman in Blue","player_choice":"Bought 2 Potions","floor":2.0,"gold_loss":0.0,"damage_taken":0.0},{"damage_healed":0.0,"max_hp_gain":0.0,"max_hp_loss":0.0,"gold_gain":0.0,"event_name":"Cursed Tome","player_choice":"Obtained Book","floor":20.0,"gold_loss":0.0,"damage_taken":16.0},{"cards_removed":["champ:GladiatorStyle"],"damage_healed":0,"gold_gain":0,"player_choice":"Removed Power","damage_taken":0,"max_hp_gain":0,"max_hp_loss":0,"event_name":"Falling","floor":37,"gold_loss":0}],"is_beta":false,"boss_relics":[{"not_picked":["hubris:CrackedHourglass","hubris:RunicObelisk"],"picked":"Calling Bell"},{"not_picked":["Black Star","champ:ChampionCrownUpgraded"],"picked":"Empty Cage"},{"not_picked":["SacredBark","hubris:TerracottaHorce"],"picked":"hubris:Backtick"},{"not_picked":["Fusion Hammer","hubris:GrandSneckoEye"],"picked":"Coffee Dripper"}],"items_purged_floors":[45],"is_endless":true,"potions_floor_spawned":[1,11,14,16,18,21,22,23,25,27,29,31,33,35,38,39,41,44,46,47,50,52,53,57,61],"ascension_level":1}}