{"host":"17xjy7b7ubl548g2","time":1610848974,"event":{"mods":["2.2 Compatiblity","Act Like it!","Aspiration","Astrologer","Bard","BaseMod","Bestiary","Challenge The Spire","ChefMod","Colored Map","Conspire","Elementarium","Energized Spire","Gensokyo","GifTheSpireLib","Halation","Hallownest","Hubris","Infinite Spire","Jedi Mod","Jorbs\u0027s Wanderer Trilogy","Marisa（霧雨　魔理沙）","Marked Mod","Menagerie","Minty Spire (QoL Compilation)","Pale of the Ancients","Permanent Neow","Puzzle Mod","Replay The Spire","Robot Space Explorer","Spicy Shops","StSLib","Stuff the Spire","The Blue Laboratory","The Bug Knight","The Construct","The Disciple","The Factory","The Hayseed","The Hierophant","The Marked","The Runesmith","The Sage","TheFirefly"],"gold_per_floor":[110,110,130,147,147,147,157,157,182,197,228,240,565,594,594,692,692,703,703,280,296,296,296,327,327,327,355,355,373,373,391,391,391,391],"floor_reached":33,"language":"ENG","playtime":2854,"items_purged":[],"score":411,"play_id":"cb159c47-ee84-4c00-a772-323883215761","local_time":"20210116210254","is_ascension_mode":true,"campfire_choices":[{"data":"theMarked:ComboAttacks","floor":6.0,"key":"SMITH"},{"data":"theMarked:SoldierOfQuellstein","floor":8.0,"key":"SMITH"},{"data":"theMarked:SummonStrength","floor":15.0,"key":"SMITH"},{"data":"theMarked:StartUp","floor":23.0,"key":"SMITH"},{"data":"theMarked:HeightenedSenses","floor":25,"key":"SMITH"},{"data":"theMarked:HeightenedSenses","floor":28,"key":"SMITH"},{"data":"theMarked:BanishingWave","floor":32,"key":"SMITH"}],"circlet_count":0,"master_deck":["theMarked:Strike","theMarked:Strike","theMarked:Strike","theMarked:Strike","theMarked:Defend","theMarked:Defend","theMarked:Defend","theMarked:Defend","theMarked:SoldierOfQuellstein+1","theMarked:StartUp+1","theMarked:WardOff","theMarked:Parkour","theMarked:ComboAttacks+1","theMarked:HeightenedSenses+1","theMarked:HeightenedSenses+1","theMarked:SummonStrength+1","theMarked:ElectricStrings","theMarked:ResourceFulStrike","theMarked:ElementalBlade","theMarked:EmpowerWeapon","theMarked:TakeOffHeels","theMarked:BanishingStrike","theMarked:WastefulDefense+1","theMarked:TakeOffHeels","theMarked:Frustration","theMarked:BanishingWave+1"],"relics":["theMarked:ArtifactOfAir","Ancient Tea Set","Smiling Mask","Old Coin","Bottled Tornado","Coffee Dripper","Gensokyo:RedStar","HollowMod:JonisBlessing","ClockworkSouvenir","jedi:heavyjacket","Bronze Scales","ReplayFunnel","Simple Rune","Replay:Baseball","halation:VictoryRuler","infinitespire:BottledMercury"],"acts_visited":["Exordium","Gensokyo:Gensokyo"],"potions_floor_usage":[],"damage_taken":[{"damage":0.0,"enemies":"Gensokyo:3_Fairies","floor":1.0,"turns":4.0},{"damage":0.0,"enemies":"Gensokyo:2_Kodama","floor":3.0,"turns":4.0},{"damage":0.0,"enemies":"Gensokyo:Python","floor":4.0,"turns":3.0},{"damage":0.0,"enemies":"Gensokyo:LivingMonolith","floor":7.0,"turns":3.0},{"damage":5.0,"enemies":"Gensokyo:3_Kodama","floor":10.0,"turns":5.0},{"damage":2.0,"enemies":"Gensokyo:Aya","floor":11.0,"turns":5.0},{"damage":0.0,"enemies":"Gensokyo:VengefulSpirit","floor":12.0,"turns":4.0},{"damage":4.0,"enemies":"Gensokyo:Mamizou","floor":14.0,"turns":8.0},{"damage":13.0,"enemies":"Gensokyo:Reimu","floor":16.0,"turns":10.0},{"damage":13.0,"enemies":"Gensokyo:Chomper","floor":18.0,"turns":3.0},{"damage":15.0,"enemies":"Gensokyo:3_Dogs","floor":21.0,"turns":6.0},{"damage":11,"enemies":"Gensokyo:Koishi","floor":24,"turns":6},{"damage":0,"enemies":"Gensokyo:Reisen","floor":27,"turns":7},{"damage":0,"enemies":"Gensokyo:Wraith","floor":29,"turns":4},{"damage":0,"enemies":"Gensokyo:Monolith_and_Dog","floor":31,"turns":2},{"damage":25,"enemies":"Gensokyo:Eiki","floor":33,"turns":5}],"seed_played":"-6278616277909733619","potions_obtained":[{"floor":3.0,"key":"Block Potion"},{"floor":7.0,"key":"blueLaboratory:FrostheartPotion"},{"floor":12.0,"key":"Dexterity Potion"},{"floor":14.0,"key":"GamblersBrew"},{"floor":18.0,"key":"AttackPotion"},{"floor":29,"key":"sagemod:Wine"}],"is_trial":false,"path_per_floor":["M","?","M","M","?","R","M","R","T","M","E","M","?","E","R","B",null,"M","?","COS","M","?","R","E","R","T","E","R","M","T","M","R","B"],"character_chosen":"THE_DEFAULT","items_purchased":[],"campfire_rested":0,"item_purchase_floors":[],"current_hp_per_floor":[63,63,63,63,63,63,63,63,63,58,56,56,39,35,35,22,58,45,45,45,30,30,30,19,19,19,19,19,19,19,19,19,0,0],"gold":391,"neow_bonus":"REMOVE_CARD","is_daily":false,"chose_seed":false,"campfire_upgraded":7,"win_rate":0.0,"timestamp":1610848974,"path_taken":["M","?","M","M","?","R","?","R","T","M","E","M","?","E","R","BOSS","M","?","COS","M","?","R","E","R","T","E","R","?","?","M","R","BOSS"],"items_purchased_type":[],"build_version":"2020-12-22","purchased_purges":0,"victory":false,"max_hp_per_floor":[70,70,70,70,70,70,70,70,70,70,70,70,70,70,70,70,70,70,70,70,70,70,70,70,70,70,70,70,70,70,70,70,35,35],"card_choices":[{"not_picked":["theMarked:Frustration","theMarked:MysticalArsenal"],"picked":"theMarked:StartUp","floor":1.0},{"not_picked":["theMarked:Improvise","theMarked:BanishingStrike"],"picked":"theMarked:WardOff","floor":2.0},{"not_picked":["theMarked:RepellingDischarge","theMarked:SwordAndMagic"],"picked":"theMarked:Parkour","floor":2.0},{"not_picked":["theMarked:GodGivenPower","theMarked:Frustration"],"picked":"theMarked:ComboAttacks","floor":3.0},{"not_picked":["theMarked:Seal","theMarked:Overthink"],"picked":"theMarked:HeightenedSenses","floor":4.0},{"not_picked":["theMarked:EmpowerWeapon","theMarked:RepellingDischarge"],"picked":"theMarked:HeightenedSenses","floor":7.0},{"not_picked":["theMarked:Frustration","theMarked:AttractMetal"],"picked":"theMarked:SummonStrength","floor":10.0},{"not_picked":["theMarked:SwordAndMagic","theMarked:Static"],"picked":"theMarked:ElectricStrings","floor":11.0},{"not_picked":["theMarked:Parkour","theMarked:SummonStrength"],"picked":"theMarked:ResourceFulStrike","floor":12.0},{"not_picked":["theMarked:Convert","theMarked:HeightenedSenses"],"picked":"theMarked:ElementalBlade","floor":13.0},{"not_picked":["theMarked:SwordAndMagic","theMarked:Parry"],"picked":"theMarked:EmpowerWeapon","floor":14.0},{"not_picked":["theMarked:Levitate","theMarked:DispelDoubt"],"picked":"theMarked:TakeOffHeels","floor":16.0},{"not_picked":["theMarked:Seal","theMarked:PowerFlow"],"picked":"theMarked:BanishingStrike","floor":18.0},{"not_picked":["theMarked:WastefulAttack","theMarked:Reabsorb"],"picked":"theMarked:WastefulDefense+1","floor":21.0},{"not_picked":["theMarked:WardOff","theMarked:Indomitable"],"picked":"theMarked:TakeOffHeels","floor":24},{"not_picked":["theMarked:Panic","theMarked:ResourceFulStrike"],"picked":"theMarked:Frustration","floor":27},{"not_picked":["theMarked:Frustration+1","theMarked:RepellingDischarge"],"picked":"theMarked:BanishingWave","floor":29},{"not_picked":["theMarked:EmpowerWeapon","theMarked:WastefulDefense","theMarked:Frustration"],"picked":"SKIP","floor":31}],"player_experience":1805889,"relics_obtained":[{"floor":9.0,"key":"Ancient Tea Set"},{"floor":11.0,"key":"Smiling Mask"},{"floor":13.0,"key":"Old Coin"},{"floor":14.0,"key":"Bottled Tornado"},{"floor":24,"key":"ReplayFunnel"},{"floor":26,"key":"Simple Rune"},{"floor":27,"key":"Replay:Baseball"},{"floor":30,"key":"infinitespire:BottledMercury"}],"event_choices":[],"is_beta":false,"boss_relics":[{"not_picked":["construct:WeddingRing","SacredBark"],"picked":"Coffee Dripper"}],"items_purged_floors":[],"is_endless":false,"potions_floor_spawned":[3,7,12,14,18,29],"killed_by":"Gensokyo:Eiki","ascension_level":7}}