{"host":"ied4ms9juizrl48v","time":1610864925,"event":{"mods":["BaseMod","Block Reminder","Colored Map","Colored Powertips","DeckTracker","Highlight Path","Minty Spire (QoL Compilation)","Quick Restart","Random Character Button","StSLib","SuperFastMode"],"gold_per_floor":[109,209,223,243,243,243,277,277,277,306,318,332,332,343,343,414,414,434,446,446,71,71,71,106,116,116,41,41,76,76,86,86,162,162,177,194,207,232,243,275,294,325,325,325,250,250,277,288,288,288],"floor_reached":51,"language":"JPN","playtime":6383,"items_purged":["Injury"],"score":1924,"play_id":"efed2f96-68ea-4be3-a41f-4ed9eebcba9b","local_time":"20210117152845","is_ascension_mode":true,"campfire_choices":[{"data":"Sunder","floor":6,"key":"SMITH"},{"data":"Chill","floor":8,"key":"SMITH"},{"data":"Chaos","floor":13,"key":"SMITH"},{"data":"Beam Cell","floor":15,"key":"SMITH"},{"data":"Go for the Eyes","floor":23,"key":"SMITH"},{"data":"Dualcast","floor":28,"key":"SMITH"},{"data":"Zap","floor":30,"key":"SMITH"},{"data":"Coolheaded","floor":32,"key":"SMITH"},{"floor":44,"key":"RECALL"},{"data":"Undo","floor":49,"key":"SMITH"}],"circlet_count":0,"master_deck":["AscendersBane","Strike_B","Defend_B","Defend_B","Defend_B","Zap+1","Dualcast+1","Sunder+1","Rebound","Sweeping Beam","Chill+1","Genetic Algorithm","Chaos+1","Go for the Eyes+1","Beam Cell+1","All For One","Auto Shields+1","Rainbow+1","Rip and Tear+1","Compile Driver","Undo+1","RitualDagger","Turbo","Turbo","Coolheaded+1","Coolheaded+1","Meteor Strike","Hello World+1","Defragment+1","Loop+1","Echo Form+1","White Noise+1"],"relics":["Cursed Key","Du-Vu Doll","Thread and Needle","FossilizedHelix","Astrolabe","Ice Cream","Incense Burner","Pantograph","Frozen Egg 2","Snecko Eye","Unceasing Top","Mercury Hourglass","Pen Nib","Shuriken"],"acts_visited":["Exordium","TheCity","TheBeyond"],"potions_floor_usage":[12,16,18,24,24,42],"damage_taken":[{"damage":7,"enemies":"Small Slimes","floor":1,"turns":4},{"damage":0,"enemies":"Cultist","floor":3,"turns":3},{"damage":4,"enemies":"Jaw Worm","floor":4,"turns":3},{"damage":20,"enemies":"3 Sentries","floor":7,"turns":6},{"damage":19,"enemies":"Lagavulin","floor":10,"turns":5},{"damage":0,"enemies":"Looter","floor":11,"turns":2},{"damage":0,"enemies":"Large Slime","floor":12,"turns":2},{"damage":0,"enemies":"Exordium Thugs","floor":14,"turns":3},{"damage":0,"enemies":"Hexaghost","floor":16,"turns":7},{"damage":0,"enemies":"2 Thieves","floor":18,"turns":3},{"damage":0,"enemies":"Spheric Guardian","floor":19,"turns":3},{"damage":0,"enemies":"Book of Stabbing","floor":24,"turns":4},{"damage":0,"enemies":"Chosen and Byrds","floor":25,"turns":6},{"damage":8,"enemies":"Slavers","floor":29,"turns":4},{"damage":0,"enemies":"Snecko","floor":31,"turns":4},{"damage":48,"enemies":"Collector","floor":33,"turns":11},{"damage":0,"enemies":"3 Darklings","floor":35,"turns":8},{"damage":0,"enemies":"Orb Walker","floor":36,"turns":6},{"damage":0,"enemies":"Maw","floor":37,"turns":6},{"damage":0,"enemies":"Mind Bloom Boss Battle","floor":38,"turns":10},{"damage":0,"enemies":"Transient","floor":39,"turns":6},{"damage":0,"enemies":"Giant Head","floor":40,"turns":8},{"damage":0,"enemies":"Jaw Worm Horde","floor":41,"turns":2},{"damage":0,"enemies":"Reptomancer","floor":42,"turns":5},{"damage":0,"enemies":"Giant Head","floor":47,"turns":5},{"damage":0,"enemies":"4 Shapes","floor":48,"turns":6},{"damage":0,"enemies":"Time Eater","floor":50,"turns":7}],"seed_played":"-7810454289484517572","potions_obtained":[{"floor":1,"key":"SteroidPotion"},{"floor":11,"key":"Fire Potion"},{"floor":12,"key":"Swift Potion"},{"floor":14,"key":"FocusPotion"},{"floor":16,"key":"Swift Potion"},{"floor":19,"key":"BlessingOfTheForge"},{"floor":36,"key":"Explosive Potion"},{"floor":40,"key":"FearPotion"},{"floor":47,"key":"Ancient Potion"}],"is_trial":false,"path_per_floor":["M","?","M","M","$","R","E","R","T","E","M","M","R","M","R","B",null,"M","M","?","$","?","R","E","M","T","?","R","E","R","M","R","B",null,"M","M","M","?","M","E","M","E","T","R","$","?","E","M","R","B",null],"character_chosen":"DEFECT","items_purchased":["Ice Cream","Turbo"],"campfire_rested":0,"item_purchase_floors":[21,21],"current_hp_per_floor":[57,57,57,53,53,53,33,33,33,14,14,14,14,14,14,14,57,57,57,51,51,51,51,51,51,51,51,51,43,43,43,43,20,58,58,58,58,71,71,71,71,71,71,71,71,71,71,71,71,71],"gold":288,"neow_bonus":"BOSS_RELIC","is_daily":false,"chose_seed":false,"campfire_upgraded":9,"win_rate":0.0,"timestamp":1610864925,"path_taken":["M","?","?","M","$","R","E","R","T","E","?","M","R","M","R","BOSS","M","M","?","$","?","R","E","M","T","?","R","E","R","?","R","BOSS","M","M","?","?","M","E","M","E","T","R","$","?","E","M","R","BOSS"],"items_purchased_type":["Relic","Card"],"build_version":"2020-12-22","purchased_purges":1,"victory":true,"max_hp_per_floor":[71,71,71,71,71,71,71,71,71,71,71,71,71,71,71,71,71,71,71,71,71,71,71,71,71,71,71,71,71,71,71,71,71,71,71,71,71,71,71,71,71,71,71,71,71,71,71,71,71,71],"card_choices":[{"not_picked":["Darkness","Streamline"],"picked":"Sunder","floor":1},{"not_picked":["Steam","Lockon"],"picked":"Rebound","floor":3},{"not_picked":["Go for the Eyes","Compile Driver"],"picked":"Sweeping Beam","floor":4},{"not_picked":["Leap","Conserve Battery"],"picked":"Chill","floor":7},{"not_picked":["Skim","Steam"],"picked":"Genetic Algorithm","floor":10},{"not_picked":["Rebound","Go for the Eyes"],"picked":"Chaos","floor":11},{"not_picked":["Heatsinks","Recycle"],"picked":"Go for the Eyes","floor":12},{"not_picked":["Heatsinks","Conserve Battery"],"picked":"Beam Cell","floor":14},{"not_picked":["Buffer","Seek"],"picked":"All For One","floor":16},{"not_picked":["Chaos","Rip and Tear"],"picked":"Compile Driver","floor":18},{"not_picked":["Sunder","Rebound"],"picked":"Undo","floor":19},{"not_picked":["Stack","Leap"],"picked":"Turbo","floor":24},{"not_picked":["Force Field","Leap","Doom and Gloom"],"picked":"SKIP","floor":25},{"not_picked":["Barrage","Force Field+1"],"picked":"Coolheaded+1","floor":29},{"not_picked":["Beam Cell","Sunder"],"picked":"Coolheaded","floor":31},{"not_picked":["Rainbow","Buffer+1"],"picked":"Meteor Strike","floor":33},{"not_picked":["Gash","Beam Cell","Stack"],"picked":"SKIP","floor":35},{"not_picked":["Turbo","Compile Driver"],"picked":"Hello World+1","floor":36},{"not_picked":["Go for the Eyes","Ball Lightning","Steam"],"picked":"SKIP","floor":37},{"not_picked":["Leap","Stack+1"],"picked":"Defragment+1","floor":39},{"not_picked":["Steam","Ball Lightning","Conserve Battery"],"picked":"SKIP","floor":40},{"not_picked":["Barrage+1","Leap+1"],"picked":"Loop+1","floor":41},{"not_picked":["Meteor Strike","Melter"],"picked":"Echo Form+1","floor":42},{"not_picked":["Reprogram","Steam"],"picked":"White Noise+1","floor":47},{"not_picked":["Double Energy","Coolheaded","Sweeping Beam"],"picked":"SKIP","floor":48}],"player_experience":33554,"relics_obtained":[{"floor":7,"key":"Du-Vu Doll"},{"floor":9,"key":"Thread and Needle"},{"floor":10,"key":"FossilizedHelix"},{"floor":24,"key":"Incense Burner"},{"floor":26,"key":"Pantograph"},{"floor":29,"key":"Frozen Egg 2"},{"floor":38,"key":"Unceasing Top"},{"floor":40,"key":"Mercury Hourglass"},{"floor":42,"key":"Pen Nib"},{"floor":47,"key":"Shuriken"}],"event_choices":[{"damage_healed":0,"gold_gain":100,"player_choice":"Gold","damage_taken":0,"max_hp_gain":0,"max_hp_loss":0,"event_name":"Wheel of Change","floor":2,"gold_loss":0},{"damage_healed":0,"gold_gain":0,"player_choice":"Joined the Cult","damage_taken":6,"max_hp_gain":0,"max_hp_loss":0,"event_name":"Nest","floor":20,"gold_loss":0,"cards_obtained":["RitualDagger"]},{"damage_healed":0,"gold_gain":0,"player_choice":"Ignored","damage_taken":0,"max_hp_gain":0,"max_hp_loss":0,"event_name":"Ghosts","floor":22,"gold_loss":0},{"cards_removed":["Shame"],"damage_healed":0,"gold_gain":0,"player_choice":"Gave Gold","damage_taken":0,"max_hp_gain":0,"max_hp_loss":0,"event_name":"Beggar","floor":27,"gold_loss":75},{"damage_healed":0,"gold_gain":0,"player_choice":"Fight","damage_taken":0,"max_hp_gain":0,"max_hp_loss":0,"event_name":"MindBloom","floor":38,"gold_loss":0},{"cards_removed":["Defend_B"],"damage_healed":0,"gold_gain":0,"player_choice":"Removed Skill","damage_taken":0,"max_hp_gain":0,"max_hp_loss":0,"event_name":"Falling","floor":46,"gold_loss":0}],"is_beta":false,"boss_relics":[{"not_picked":["Tiny House","Empty Cage"],"picked":"Astrolabe"},{"not_picked":["Runic Dome","Velvet Choker"],"picked":"Snecko Eye"}],"items_purged_floors":[45],"is_endless":false,"potions_floor_spawned":[1,11,12,14,16,19,36,40,47],"ascension_level":20}}