{"host":"9eh033lgxm3bmtbn","time":1610903599,"event":{"mods":["100% Spire Juice","AchievementEnabler","BaseMod","Colored Map","Downfall","Highlight Path","Marisa????????","Minty Spire (QoL Compilation)","READ ME - Snecko Mod","Shop Mod","Spicy Shops","StSLib","The Animator","The Bug Knight","The Cursed","The Disciple","The Servant 0.9.4"],"gold_per_floor":[111,111,125,145,155,188,200,231,270,297,309,333,345,370,382,497,509,537,577,289,311,338,377,389,316,328,7,7,7,22,38,38,133,133,143,158,158,176,176,176,192,223,295,295,312,312,25,25,25,25,25],"floor_reached":50,"language":"ENG","playtime":7761,"items_purged":[],"score":571,"play_id":"b2a4f8f4-8d7c-422b-ba4d-e7ce1158a5da","local_time":"20210117201319","is_ascension_mode":false,"campfire_choices":[{"data":"HollowMod:FocusHealStart","floor":7.0,"key":"SMITH"},{"data":"HollowMod:SoulStrike","floor":11.0,"key":"SMITH"},{"floor":13.0,"key":"RECALL"},{"floor":15.0,"key":"REST"},{"data":"HollowMod:SlysStrikes","floor":24.0,"key":"SMITH"},{"data":"HollowMod:NewLastStag","floor":29.0,"key":"SMITH"},{"floor":32.0,"key":"REST"},{"floor":40.0,"key":"REST"},{"floor":44,"key":"REST"},{"floor":49,"key":"REST"}],"circlet_count":0,"master_deck":["HollowMod:NailStrikeStart","HollowMod:NailStrikeStart","HollowMod:QuickDashStart","HollowMod:QuickDashStart","HollowMod:FocusHealStart+1","HollowMod:PogoStrike","HollowMod:HowlingWraiths","HollowMod:NewGlowingWomb","HollowMod:InfectionAssault","HollowMod:ShapeofUnn","HollowMod:SoulStrike+1","HollowMod:GoodIntentions","HollowMod:SoulSplash","HollowMod:PerfectDash","HollowMod:CloakDash","HollowMod:SlysStrikes+1","HollowMod:InfectedAttack","HollowMod:NewLastStag+1","HollowMod:MothsMistake","HollowMod:CornifersMapStart","HollowMod:InfectedCysts+1","Pride","HollowMod:CoiledNail+1","HollowMod:SoulMaster","HollowMod:SoulVessel+1","HollowMod:SoulShaman+1","HollowMod:MantisMark+1","HollowMod:HuntersJournal+1","HollowMod:NewGlowingWomb+1","HollowMod:MantisMark","HollowMod:PerfectDash","HollowMod:PureNailStrike","HollowMod:MylasSalvation"],"relics":["HollowMod:VesselMask","MawBank","HollowMod:MillibellesNoteRelic","SacredBark","HollowMod:GreatKnightMask","Pen Nib","Lantern","Oddly Smooth Stone","Strange Spoon","Meat on the Bone","Singing Bowl","Astrolabe","Pear","Sundial","HornCleat","Lizard Tail"],"acts_visited":["Exordium","TheCity","TheBeyond"],"potions_floor_usage":[50,50],"damage_taken":[{"damage":0.0,"enemies":"Small Slimes","floor":1.0,"turns":2.0},{"damage":1.0,"enemies":"2 Louse","floor":3.0,"turns":2.0},{"damage":11.0,"enemies":"Jaw Worm","floor":4.0,"turns":3.0},{"damage":19.0,"enemies":"Blue Slaver","floor":5.0,"turns":5.0},{"damage":46.0,"enemies":"Lagavulin","floor":6.0,"turns":9.0},{"damage":10.0,"enemies":"Looter","floor":8.0,"turns":3.0},{"damage":4.0,"enemies":"2 Fungi Beasts","floor":10.0,"turns":3.0},{"damage":3.0,"enemies":"Lots of Slimes","floor":12.0,"turns":2.0},{"damage":2.0,"enemies":"3 Louse","floor":14.0,"turns":3.0},{"damage":15.0,"enemies":"Slime Boss","floor":16.0,"turns":11.0},{"damage":23.0,"enemies":"HollowMod:HuskSentry","floor":18.0,"turns":5.0},{"damage":0.0,"enemies":"HollowMod:Zote","floor":19.0,"turns":4.0},{"damage":7.0,"enemies":"2 Thieves","floor":21.0,"turns":3.0},{"damage":26.0,"enemies":"Snecko","floor":22.0,"turns":7.0},{"damage":17.0,"enemies":"Gremlin Leader","floor":23.0,"turns":7.0},{"damage":9.0,"enemies":"3 Cultists","floor":30.0,"turns":4.0},{"damage":47.0,"enemies":"Shelled Parasite and Fungi","floor":31.0,"turns":7.0},{"damage":42.0,"enemies":"HollowMod:NKGrimm","floor":33.0,"turns":9.0},{"damage":25.0,"enemies":"3 Darklings","floor":35.0,"turns":5.0},{"damage":14.0,"enemies":"3 Shapes","floor":36.0,"turns":2.0},{"damage":8.0,"enemies":"Jaw Worm Horde","floor":38.0,"turns":3.0},{"damage":20,"enemies":"Transient","floor":41,"turns":5},{"damage":30,"enemies":"Nemesis","floor":42,"turns":5},{"damage":85,"enemies":"Spire Growth","floor":45,"turns":6},{"damage":121,"enemies":"Awakened One","floor":50,"turns":8}],"seed_played":"-8243298753463496795","potions_obtained":[{"floor":4.0,"key":"SpeedPotion"},{"floor":5.0,"key":"Strength Potion"},{"floor":12.0,"key":"SkillPotion"},{"floor":16.0,"key":"PowerPotion"},{"floor":18.0,"key":"champ:CounterPotion"},{"floor":30.0,"key":"Fruit Juice"},{"floor":31.0,"key":"LiquidBronze"},{"floor":42,"key":"Energy Potion"},{"floor":45,"key":"FearPotion"}],"is_trial":false,"path_per_floor":["M","?","M","M","M","E","R","M","T","M","R","M","R","M","R","B",null,"M","?","?","M","M","E","R","?","T","$","T","R","M","M","R","B",null,"M","M","?","M","?","R","M","E","T","R","M","?","$","?","R","B"],"character_chosen":"THE_BUGKNIGHT","items_purchased":["Oddly Smooth Stone","Strange Spoon","Meat on the Bone","HornCleat","Lizard Tail","HollowMod:PureNailStrike"],"campfire_rested":5,"item_purchase_floors":[27,27,27,47,47,47],"current_hp_per_floor":[82,82,81,76,63,17,17,13,13,19,19,22,22,26,50,47,82,65,75,75,68,52,41,41,41,41,41,41,41,44,19,46,28,92,67,59,59,51,51,78,64,64,64,95,34,34,34,34,64,0,0],"gold":25,"neow_bonus":"TEN_PERCENT_HP_BONUS","is_daily":false,"chose_seed":false,"campfire_upgraded":4,"win_rate":0.0,"timestamp":1610903599,"path_taken":["M","?","M","M","M","E","R","M","T","M","R","M","R","M","R","BOSS","M","?","?","M","M","E","R","?","T","?","?","R","M","M","R","BOSS","M","M","?","?","?","R","M","E","T","R","M","?","$","?","R","BOSS"],"items_purchased_type":["Relic","Relic","Relic","Relic","Relic","Card"],"build_version":"2020-12-22","purchased_purges":0,"victory":false,"max_hp_per_floor":[82,82,82,82,82,82,82,82,82,82,82,82,82,82,82,82,82,82,82,82,82,82,82,82,82,82,82,82,82,82,92,92,92,92,92,92,92,92,92,92,92,104,104,104,106,101,101,101,101,101,101],"card_choices":[{"not_picked":["HollowMod:MawleksShell","HollowMod:GrimmsGift"],"picked":"HollowMod:HowlingWraiths","floor":1.0},{"not_picked":["HollowMod:DoubleDash","HollowMod:LifebloodCocoon"],"picked":"HollowMod:NewGlowingWomb","floor":3.0},{"not_picked":["HollowMod:ChannelNail","HollowMod:ShapeofUnn"],"picked":"HollowMod:InfectionAssault","floor":4.0},{"not_picked":["HollowMod:VengefulVoid","HollowMod:GrimmsGift"],"picked":"HollowMod:ShapeofUnn","floor":5.0},{"not_picked":["HollowMod:NewLittleFool","HollowMod:HeavyBlow"],"picked":"HollowMod:SoulStrike","floor":6.0},{"not_picked":["HollowMod:SharpenedNail","HollowMod:FastStrike"],"picked":"HollowMod:GoodIntentions","floor":8.0},{"not_picked":["HollowMod:NewJinnsSoul","HollowMod:GoodIntentions"],"picked":"HollowMod:SoulSplash","floor":10.0},{"not_picked":["HollowMod:HeavyBlow","HollowMod:PureNailStrike"],"picked":"HollowMod:PerfectDash","floor":12.0},{"not_picked":["HollowMod:NewJinnsSoul","HollowMod:BlackTendrils"],"picked":"HollowMod:CloakDash","floor":14.0},{"not_picked":["HollowMod:ElderbugsWisdom","HollowMod:Hiveblood"],"picked":"HollowMod:SlysStrikes","floor":16.0},{"not_picked":["HollowMod:CornifersMapStart","HollowMod:AbyssShriek"],"picked":"HollowMod:InfectedAttack","floor":18.0},{"not_picked":["HollowMod:WraithStrike","HollowMod:MantisMark"],"picked":"HollowMod:MothsMistake","floor":21.0},{"not_picked":["HollowMod:NewJinnsSoul+1","HollowMod:SharpenedNail+1"],"picked":"HollowMod:CornifersMapStart","floor":22.0},{"not_picked":["HollowMod:FallenFury","HollowMod:SharpenedShadows"],"picked":"HollowMod:InfectedCysts+1","floor":23.0},{"not_picked":["HollowMod:MothsMistake","HollowMod:SharpenedNail"],"picked":"HollowMod:CoiledNail+1","floor":30.0},{"not_picked":["HollowMod:SoulVessel","HollowMod:GrimmsGift"],"picked":"HollowMod:theNailsmith","floor":31.0},{"not_picked":["HollowMod:SlysStrikes","HollowMod:MidwifesHunger"],"picked":"HollowMod:SoulMaster","floor":33.0},{"not_picked":["HollowMod:GoodIntentions+1","HollowMod:TaintedHusks+1"],"picked":"HollowMod:HuntersJournal+1","floor":35.0},{"not_picked":["HollowMod:CornifersMapStart","HollowMod:SharpenedNail"],"picked":"HollowMod:NewGlowingWomb+1","floor":36.0},{"not_picked":["HollowMod:CycloneSlash","HollowMod:QuirrelsAssistance"],"picked":"HollowMod:MantisMark","floor":38.0},{"not_picked":["HollowMod:InfectedAttack+1","HollowMod:HowlingWraiths+1"],"picked":"HollowMod:PerfectDash","floor":41},{"not_picked":["HollowMod:DescendingDark","HollowMod:SharpenedNail","HollowMod:VengefulVoid"],"picked":"Singing Bowl","floor":42},{"not_picked":["HollowMod:InfectedCysts+1","HollowMod:CycloneSlash","HollowMod:DescendingDark+1"],"picked":"Singing Bowl","floor":45}],"player_experience":322275,"relics_obtained":[{"floor":6.0,"key":"MawBank"},{"floor":9.0,"key":"HollowMod:MillibellesNoteRelic"},{"floor":19.0,"key":"HollowMod:GreatKnightMask"},{"floor":23.0,"key":"Pen Nib"},{"floor":28.0,"key":"Singing Bowl"},{"floor":42,"key":"Pear"},{"floor":43,"key":"Sundial"}],"event_choices":[{"damage_healed":0.0,"max_hp_gain":0.0,"max_hp_loss":0.0,"gold_gain":0.0,"event_name":"Addict","player_choice":"Obtained Relic","floor":25.0,"gold_loss":85.0,"damage_taken":0.0,"relics_obtained":["Lantern"]},{"cards_removed":["HollowMod:theNailsmith"],"damage_healed":0.0,"max_hp_gain":0.0,"max_hp_loss":0.0,"gold_gain":0.0,"event_name":"Purifier","player_choice":"Purged","floor":37.0,"gold_loss":0.0,"damage_taken":0.0},{"damage_healed":0.0,"max_hp_gain":0.0,"max_hp_loss":0.0,"gold_gain":0.0,"event_name":"Tomb of Lord Red Mask","player_choice":"Ignored","floor":39.0,"gold_loss":0.0,"damage_taken":0.0},{"damage_healed":0,"gold_gain":0,"player_choice":"Max HP","damage_taken":0,"max_hp_gain":0,"max_hp_loss":5,"event_name":"Winding Halls","floor":46,"gold_loss":0}],"is_beta":false,"boss_relics":[{"not_picked":["bronze:MakeshiftBattery","Runic Dome"],"picked":"SacredBark"},{"not_picked":["Black Star","Tiny House"],"picked":"Astrolabe"}],"items_purged_floors":[],"is_endless":false,"potions_floor_spawned":[4,5,12,16,18,30,31,42,45],"killed_by":"Awakened One","ascension_level":0}}