{"host":"kda2p2afd6bvz6qo","time":1610845161,"event":{"mods":["BaseMod","Colored Map","Minty Spire (QoL Compilation)","Relic Stats"],"gold_per_floor":[110,24,24,24,38,63,63,95,118,118,133,159,9,27,27,101,101,117,167,82,101,151,179,197,197,243,243,261,271,283,208,208,208,208],"floor_reached":33,"language":"ENG","playtime":1809,"items_purged":["Strike_G"],"score":620,"play_id":"ebdea6bb-2aef-448f-a036-1d5903f34a5c","local_time":"20210117005921","is_ascension_mode":true,"campfire_choices":[{"data":"Noxious Fumes","floor":7.0,"key":"SMITH"},{"data":"Neutralize","floor":10.0,"key":"SMITH"},{"floor":15.0,"key":"REST"},{"floor":27,"key":"REST"},{"floor":32,"key":"REST"}],"circlet_count":0,"master_deck":["AscendersBane","Defend_G","Defend_G","Defend_G","Defend_G","Defend_G+1","Survivor+1","Neutralize+1","Crippling Poison+1","Noxious Fumes+1","Leg Sweep","After Image","Blade Dance","Blade Dance","Finisher","A Thousand Cuts","Backflip+1","Flechettes+1","Sucker Punch+1","Deadly Poison+1","Accuracy+1","Leg Sweep","Terror","PiercingWail"],"relics":["Ring of the Snake","NeowsBlessing","Boot","Gremlin Horn","Happy Flower","Juzu Bracelet","Astrolabe","Art of War","Centennial Puzzle","War Paint","Strawberry"],"acts_visited":["Exordium","TheCity"],"potions_floor_usage":[29,30,33],"damage_taken":[{"damage":0.0,"enemies":"Jaw Worm","floor":1.0,"turns":1.0},{"damage":0.0,"enemies":"2 Louse","floor":5.0,"turns":1.0},{"damage":0.0,"enemies":"Gremlin Nob","floor":6.0,"turns":1.0},{"damage":12.0,"enemies":"Lagavulin","floor":8.0,"turns":7.0},{"damage":4.0,"enemies":"Small Slimes","floor":11.0,"turns":4.0},{"damage":39.0,"enemies":"Gremlin Nob","floor":12.0,"turns":5.0},{"damage":3.0,"enemies":"Exordium Thugs","floor":14.0,"turns":4.0},{"damage":10.0,"enemies":"Slime Boss","floor":16.0,"turns":9.0},{"damage":8.0,"enemies":"Spheric Guardian","floor":18.0,"turns":4.0},{"damage":9,"enemies":"2 Thieves","floor":21,"turns":4},{"damage":33,"enemies":"Book of Stabbing","floor":23,"turns":6},{"damage":0,"enemies":"Snecko","floor":24,"turns":5},{"damage":0,"enemies":"3 Cultists","floor":28,"turns":4},{"damage":8,"enemies":"Cultist and Chosen","floor":29,"turns":6},{"damage":4,"enemies":"Centurion and Healer","floor":30,"turns":8},{"damage":49,"enemies":"Collector","floor":33,"turns":6}],"seed_played":"-2245955198234468551","potions_obtained":[{"floor":1.0,"key":"LiquidBronze"},{"floor":5.0,"key":"PowerPotion"},{"floor":12.0,"key":"Fruit Juice"},{"floor":24,"key":"Block Potion"},{"floor":29,"key":"EssenceOfSteel"},{"floor":30,"key":"FearPotion"}],"is_trial":false,"path_per_floor":["M","$","?","?","M","E","R","E","T","R","M","E","$","M","R","B",null,"M","?","?","M","?","E","M","?","T","R","M","M","M","?","R","B"],"character_chosen":"THE_SILENT","items_purchased":["Noxious Fumes","Finisher"],"campfire_rested":3,"item_purchase_floors":[2,13],"current_hp_per_floor":[59,59,59,59,59,59,59,47,47,47,43,4,4,1,27,17,58,50,50,50,41,41,8,8,8,15,38,38,30,26,26,49,0,0],"gold":208,"neow_bonus":"THREE_ENEMY_KILL","is_daily":false,"chose_seed":false,"campfire_upgraded":2,"win_rate":0.0,"timestamp":1610845161,"path_taken":["M","$","?","?","M","E","R","E","T","R","M","E","$","M","R","BOSS","M","?","?","M","?","E","M","?","T","R","M","M","M","?","R","BOSS"],"items_purchased_type":["Card","Card"],"build_version":"2020-12-22","purchased_purges":1,"victory":false,"max_hp_per_floor":[66,66,66,66,66,66,66,66,66,66,66,66,66,66,71,71,71,71,71,71,71,71,71,71,71,78,78,78,78,78,78,78,78,78],"relic_stats":{"Centennial Puzzle":[9],"Gremlin Horn":[11,11],"Happy Flower":[21],"counters":[16,75],"Astrolabe":["Backflip","Flechettes","Sucker Punch"],"Juzu Bracelet":2,"Art of War":[15],"War Paint":["Defend_G","Survivor"],"Boot":[74],"obtain_stats":[{"Centennial Puzzle":23,"NeowsBlessing":0,"Gremlin Horn":8,"Happy Flower":9,"Astrolabe":17,"Strawberry":26,"Juzu Bracelet":12,"Art of War":20,"War Paint":25,"Boot":6,"Ring of the Snake":0},{"Centennial Puzzle":11,"NeowsBlessing":0,"Gremlin Horn":4,"Happy Flower":4,"Astrolabe":8,"Strawberry":12,"Juzu Bracelet":6,"Art of War":9,"War Paint":12,"Boot":3,"Ring of the Snake":0},{"Centennial Puzzle":46,"NeowsBlessing":0,"Gremlin Horn":10,"Happy Flower":10,"Astrolabe":32,"Strawberry":51,"Juzu Bracelet":19,"Art of War":36,"War Paint":51,"Boot":3,"Ring of the Snake":0}],"Ring of the Snake":[32]},"card_choices":[{"not_picked":["Well Laid Plans","Dodge and Roll"],"picked":"Crippling Poison","floor":1.0},{"not_picked":["Deadly Poison","Blade Dance"],"picked":"Dagger Spray","floor":5.0},{"not_picked":["Blade Dance","Quick Slash"],"picked":"Leg Sweep","floor":6.0},{"not_picked":["PiercingWail","Cloak And Dagger"],"picked":"After Image","floor":8.0},{"not_picked":["Infinite Blades","Bane"],"picked":"Blade Dance","floor":11.0},{"not_picked":["Backflip","Slice"],"picked":"Blade Dance","floor":12.0},{"not_picked":["Outmaneuver","Crippling Poison","Setup"],"picked":"SKIP","floor":14.0},{"not_picked":["Adrenaline","Corpse Explosion"],"picked":"A Thousand Cuts","floor":16.0},{"not_picked":["Predator","Backstab"],"picked":"Deadly Poison+1","floor":18.0},{"not_picked":["Quick Slash+1","Prepared"],"picked":"Accuracy+1","floor":21},{"not_picked":["Reflex","Flying Knee"],"picked":"Leg Sweep","floor":23},{"not_picked":["Poisoned Stab","Skewer+1","Bane"],"picked":"SKIP","floor":24},{"not_picked":["PiercingWail","Quick Slash"],"picked":"Terror","floor":28},{"not_picked":["Terror","Dagger Throw"],"picked":"PiercingWail","floor":29},{"not_picked":["Reflex","Dagger Throw","All Out Attack+1"],"picked":"SKIP","floor":30}],"player_experience":138984,"relics_obtained":[{"floor":6.0,"key":"Boot"},{"floor":8.0,"key":"Gremlin Horn"},{"floor":9.0,"key":"Happy Flower"},{"floor":12.0,"key":"Juzu Bracelet"},{"floor":23,"key":"Centennial Puzzle"},{"floor":26,"key":"Strawberry"}],"event_choices":[{"damage_healed":0.0,"max_hp_gain":0.0,"max_hp_loss":0.0,"gold_gain":0.0,"event_name":"Living Wall","player_choice":"Grow","floor":3.0,"gold_loss":0.0,"damage_taken":0.0,"cards_upgraded":["Crippling Poison"]},{"damage_healed":0.0,"max_hp_gain":0.0,"max_hp_loss":0.0,"gold_gain":0.0,"event_name":"Scrap Ooze","player_choice":"Fled","floor":4.0,"gold_loss":0.0,"damage_taken":0.0},{"damage_healed":0.0,"max_hp_gain":0.0,"max_hp_loss":0.0,"gold_gain":50.0,"event_name":"Nest","player_choice":"Stole From Cult","floor":19.0,"gold_loss":0.0,"damage_taken":0.0},{"damage_healed":0.0,"max_hp_gain":0.0,"max_hp_loss":0.0,"gold_gain":0.0,"event_name":"Addict","player_choice":"Obtained Relic","floor":20.0,"gold_loss":85.0,"damage_taken":0.0,"relics_obtained":["Art of War"]},{"damage_healed":0,"gold_gain":50,"player_choice":"Pray","damage_taken":0,"max_hp_gain":0,"max_hp_loss":0,"event_name":"Golden Shrine","floor":22,"gold_loss":0},{"cards_removed":["Dagger Spray"],"damage_healed":0,"gold_gain":0,"player_choice":"Gave Card","damage_taken":0,"relics_obtained":["War Paint"],"max_hp_gain":0,"max_hp_loss":0,"event_name":"WeMeetAgain","floor":25,"gold_loss":0},{"cards_removed":["Strike_G"],"damage_healed":0,"gold_gain":0,"player_choice":"Gave Gold","damage_taken":0,"max_hp_gain":0,"max_hp_loss":0,"event_name":"Beggar","floor":31,"gold_loss":75}],"is_beta":false,"boss_relics":[{"not_picked":["Coffee Dripper","Fusion Hammer"],"picked":"Astrolabe"}],"items_purged_floors":[13],"is_endless":false,"potions_floor_spawned":[1,5,12,24,29,30],"killed_by":"Collector","ascension_level":20}}