{"host":"f5y45f7z7ziu0smp","time":1610854904,"event":{"mods":["AchievementEnabler","Ascension Reborn","BaseMod","Marisa£¨Ùöéë¡¡Øª×âÞÞ£©","Minty Spire (QoL Compilation)","Permanent Neow","SuperFastMode","¡¼?Úª?ø«¡½REMEMod"],"gold_per_floor":[117,67,157,175,34,70,70,70,100,116,135,135,157,199,199,324,324,338,70,70,89,112,112,134,134,134,134,188,188,210,19,19,156,156,191,191,191,221,17,65,93,93,93,126,520,332,332,408,408,448,448,448,173,257,317],"floor_reached":56,"language":"KOR","playtime":1178,"items_purged":["Defend_R+1","Defend_R+1","Writhe"],"score":1562,"play_id":"572ec16a-a5d7-4c17-af8b-f857ae003e8d","local_time":"20210117124144","is_ascension_mode":true,"campfire_choices":[{"data":"EscapeVelocity","floor":8,"key":"SMITH"},{"data":"Pommel Strike","floor":12,"key":"SMITH"},{"floor":15,"key":"RECALL"},{"data":"Uppercut","floor":23,"key":"SMITH"},{"data":"Perfected Strike","floor":29,"key":"SMITH"},{"data":"Seeing Red","floor":32,"key":"SMITH"},{"data":"Battle Trance","floor":42,"key":"SMITH"},{"data":"Perfected Strike","floor":49,"key":"SMITH"},{"data":"Wild Strike","floor":52,"key":"SMITH"}],"circlet_count":0,"master_deck":["Strike_R+1","Strike_R+1","Strike_R+1","Strike_R+1","Strike_R+1","Bash+1","EscapeVelocity+1","Feed","Anger+1","Twin Strike+1","Seeing Red+1","Battle Trance+1","Perfected Strike+1","Pommel Strike+1","Wild Strike+1","Flex+1","Pommel Strike+1","Warcry+1","REME_TheLastStrike+1","Wild Strike+1","Uppercut+1","Perfected Strike+1","Perfected Strike+1","Clash+1","Necronomicurse","Limit Break+1","Wild Strike+1","Perfected Strike+1","Pommel Strike+1","Rage+1","Heavy Blade+1","Pommel Strike+1","Perfected Strike+1","Discovery+1","Pommel Strike+1","Fire Breathing","Flex+1"],"relics":["Burning Blood","REME_ComplimentaryCards","Boot","Tiny Chest","Toy Ornithopter","Juzu Bracelet","Akabeko","Calipers","Coffee Dripper","Gremlin Horn","Necronomicon","Bag of Marbles","Bird Faced Urn","Question Card","Champion Belt","CeramicFish","Shuriken","Lizard Tail","SlaversCollar","Whetstone","Centennial Puzzle","Pear","Toxic Egg 2","Old Coin","HandDrill","REME_ArchaeologicalTools","White Beast Statue","ClockworkSouvenir","Orichalcum","Blood Vial"],"acts_visited":["Exordium","TheCity","TheBeyond","TheEnding"],"potions_floor_usage":[16,33,41,55],"damage_taken":[{"damage":5,"enemies":"Small Slimes","floor":1,"turns":2},{"damage":0,"enemies":"2 Louse","floor":4,"turns":2},{"damage":0,"enemies":"Gremlin Nob","floor":6,"turns":2},{"damage":0,"enemies":"Cultist","floor":10,"turns":1},{"damage":13,"enemies":"Red Slaver","floor":11,"turns":2},{"damage":0,"enemies":"Looter","floor":13,"turns":1},{"damage":20,"enemies":"3 Sentries","floor":14,"turns":3},{"damage":0,"enemies":"Slime Boss","floor":16,"turns":2},{"damage":2,"enemies":"Chosen","floor":18,"turns":2},{"damage":0,"enemies":"Spheric Guardian","floor":21,"turns":1},{"damage":10,"enemies":"Chosen and Byrds","floor":22,"turns":2},{"damage":0,"enemies":"Snecko","floor":24,"turns":2},{"damage":0,"enemies":"Snake Plant","floor":30,"turns":1},{"damage":29,"enemies":"Champ","floor":33,"turns":3},{"damage":5,"enemies":"3 Darklings","floor":35,"turns":2},{"damage":3,"enemies":"3 Shapes","floor":38,"turns":1},{"damage":0,"enemies":"Reptomancer","floor":40,"turns":1},{"damage":4,"enemies":"Transient","floor":41,"turns":4},{"damage":6,"enemies":"Sphere and 2 Shapes","floor":44,"turns":1},{"damage":0,"enemies":"Jaw Worm Horde","floor":45,"turns":2},{"damage":0,"enemies":"3 Darklings","floor":48,"turns":1},{"damage":0,"enemies":"Time Eater","floor":50,"turns":2},{"damage":0,"enemies":"Shield and Spear","floor":54,"turns":1},{"damage":40,"enemies":"The Heart","floor":55,"turns":3}],"seed_played":"8545672530093852391","potions_obtained":[{"floor":1,"key":"SteroidPotion"},{"floor":1,"key":"BlessingOfTheForge"},{"floor":4,"key":"Swift Potion"},{"floor":6,"key":"DistilledChaos"},{"floor":13,"key":"AttackPotion"},{"floor":16,"key":"ElixirPotion"},{"floor":21,"key":"SneckoOil"},{"floor":22,"key":"BloodPotion"},{"floor":24,"key":"LiquidMemories"},{"floor":33,"key":"DuplicationPotion"},{"floor":35,"key":"PowerPotion"},{"floor":41,"key":"Swift Potion"},{"floor":45,"key":"AttackPotion"},{"floor":48,"key":"DuplicationPotion"},{"floor":54,"key":"Strength Potion"}],"is_trial":false,"path_per_floor":["M","?","?","M","$","E","?","R","T","M","M","R","M","E","R","B",null,"M","$","?","M","M","R","M","?","T","?","T","R","M","$","R","B",null,"M","?","?","M","$","E","M","R","T","M","M","$","T","M","R","B",null,"R","$","E","B",null],"character_chosen":"IRONCLAD","items_purchased":["Seeing Red","Battle Trance","Gremlin Horn","Shuriken","Whetstone","Perfected Strike","Discovery+1","HandDrill","ClockworkSouvenir","Orichalcum","Fire Breathing"],"campfire_rested":0,"item_purchase_floors":[5,5,19,31,39,46,46,46,53,53,53],"current_hp_per_floor":[80,80,69,81,81,86,86,86,86,86,81,81,86,78,78,92,92,92,92,92,95,96,96,98,82,82,82,82,82,90,90,90,79,98,98,93,93,93,93,93,93,93,103,106,109,109,109,109,109,109,109,109,109,112,88],"gold":317,"neow_bonus":"THREE_RARE_CARDS","is_daily":false,"chose_seed":false,"campfire_upgraded":8,"win_rate":0.0,"timestamp":1610854904,"path_taken":["M","?","?","M","$","E","?","R","T","M","M","R","M","E","R","BOSS","M","$","?","M","M","R","M","?","T","?","?","R","M","$","R","BOSS","M","?","?","M","$","E","M","R","T","M","M","?","?","M","R","BOSS","R","$","E","BOSS"],"items_purchased_type":["Card","Card","Relic","Relic","Relic","Card","Card","Relic","Relic","Relic","Card"],"build_version":"2020-12-22","purchased_purges":3,"victory":true,"max_hp_per_floor":[80,80,80,83,83,86,86,86,86,86,86,86,86,89,89,92,92,92,92,92,95,98,98,98,98,98,98,98,98,98,98,98,98,98,98,93,93,93,93,93,93,93,103,106,109,109,109,109,109,109,109,109,109,112,112],"card_choices":[{"not_picked":["Bludgeon","Brutality"],"picked":"Feed","floor":0},{"not_picked":["Clothesline","Havoc+1"],"picked":"Anger+1","floor":1},{"not_picked":["Pommel Strike","Heavy Blade"],"picked":"Twin Strike+1","floor":4},{"not_picked":["Pommel Strike","Sword Boomerang"],"picked":"Perfected Strike","floor":6},{"not_picked":["Whirlwind","REME_SingleHolding","Feed"],"picked":"SKIP","floor":6},{"not_picked":["Clothesline","Evolve+1"],"picked":"Wild Strike","floor":10},{"not_picked":["Feel No Pain","Havoc"],"picked":"Flex+1","floor":11},{"not_picked":["Bludgeon","True Grit"],"picked":"Pommel Strike+1","floor":13},{"not_picked":["Anger","Heavy Blade"],"picked":"Warcry+1","floor":14},{"not_picked":["Sword Boomerang","Heavy Blade","Demon Form"],"picked":"SKIP","floor":14},{"not_picked":["Berserk","Juggernaut"],"picked":"REME_TheLastStrike","floor":16},{"not_picked":["Body Slam+1","Cleave+1"],"picked":"Wild Strike+1","floor":18},{"not_picked":["Berserk","Pommel Strike"],"picked":"Perfected Strike+1","floor":21},{"not_picked":["Warcry+1","Infernal Blade+1"],"picked":"Perfected Strike+1","floor":22},{"not_picked":["REME_FearOfPain","Dropkick+1"],"picked":"Clash+1","floor":24},{"not_picked":["Body Slam","Ghostly Armor+1","REME_SingleHolding+1","Armaments"],"picked":"SKIP","floor":30},{"not_picked":["Barricade","Feed","REME_Fury"],"picked":"Limit Break","floor":33},{"not_picked":["Fire Breathing","Sentinel+1","Battle Trance+1"],"picked":"Wild Strike","floor":35},{"not_picked":["REME_FearOfPain","True Grit+1","Twin Strike+1"],"picked":"Perfected Strike+1","floor":38},{"not_picked":["Heavy Blade+1","Thunderclap+1","Sentinel"],"picked":"Pommel Strike+1","floor":40},{"not_picked":["Warcry","Cleave+1","Dropkick+1"],"picked":"Rage+1","floor":41},{"not_picked":["Thunderclap+1","Clothesline+1","Seeing Red+1"],"picked":"Heavy Blade+1","floor":44},{"not_picked":["Shrug It Off+1","Heavy Blade+1","Twin Strike"],"picked":"Pommel Strike+1","floor":45},{"not_picked":["Reaper","Shrug It Off+1","Whirlwind+1"],"picked":"Pommel Strike+1","floor":48},{"not_picked":["Carnage","Evolve","Sentinel+1"],"picked":"Flex+1","floor":54}],"player_experience":123670,"relics_obtained":[{"floor":6,"key":"Boot"},{"floor":9,"key":"Tiny Chest"},{"floor":10,"key":"Toy Ornithopter"},{"floor":11,"key":"Juzu Bracelet"},{"floor":14,"key":"Akabeko"},{"floor":16,"key":"Calipers"},{"floor":25,"key":"Necronomicon"},{"floor":26,"key":"Bag of Marbles"},{"floor":26,"key":"Bird Faced Urn"},{"floor":28,"key":"Champion Belt"},{"floor":28,"key":"CeramicFish"},{"floor":33,"key":"Lizard Tail"},{"floor":40,"key":"Centennial Puzzle"},{"floor":43,"key":"Pear"},{"floor":43,"key":"Toxic Egg 2"},{"floor":45,"key":"Old Coin"},{"floor":47,"key":"REME_ArchaeologicalTools"},{"floor":47,"key":"White Beast Statue"},{"floor":54,"key":"Blood Vial"}],"event_choices":[{"cards_removed":["Defend_R"],"damage_healed":0,"gold_gain":0,"player_choice":"Card Removal","damage_taken":0,"max_hp_gain":0,"max_hp_loss":0,"event_name":"The Cleric","floor":2,"gold_loss":50},{"damage_healed":0,"gold_gain":75,"player_choice":"Gather Gold","damage_taken":11,"max_hp_gain":0,"max_hp_loss":0,"event_name":"World of Goop","floor":3,"gold_loss":0},{"damage_healed":0,"gold_gain":0,"player_choice":"1 cards matched","damage_taken":0,"max_hp_gain":0,"max_hp_loss":0,"event_name":"Match and Keep!","floor":7,"gold_loss":0,"cards_obtained":["Pommel Strike"]},{"damage_healed":0,"gold_gain":0,"cards_transformed":["Defend_R"],"player_choice":"Transformed","damage_taken":0,"max_hp_gain":0,"max_hp_loss":0,"event_name":"Transmorgrifier","floor":20,"gold_loss":0,"cards_obtained":["Uppercut"]},{"damage_healed":0,"gold_gain":0,"player_choice":"Obtained Book","damage_taken":16,"max_hp_gain":0,"max_hp_loss":0,"event_name":"Cursed Tome","floor":25,"gold_loss":0},{"damage_healed":0,"gold_gain":0,"player_choice":"Opened","damage_taken":0,"relics_obtained":["Question Card"],"max_hp_gain":0,"max_hp_loss":0,"event_name":"The Mausoleum","floor":27,"gold_loss":0,"cards_obtained":["Writhe"]},{"damage_healed":0,"gold_gain":0,"player_choice":"Max HP","damage_taken":0,"max_hp_gain":0,"max_hp_loss":5,"event_name":"Winding Halls","floor":36,"gold_loss":0},{"damage_healed":0,"gold_gain":0,"player_choice":"Upgraded","damage_taken":0,"max_hp_gain":0,"max_hp_loss":0,"event_name":"Upgrade Shrine","floor":37,"gold_loss":0,"cards_upgraded":["Limit Break"]}],"is_beta":false,"boss_relics":[{"not_picked":["Sozu","REME_LowDesire"],"picked":"Coffee Dripper"},{"not_picked":["Busted Crown","Astrolabe"],"picked":"SlaversCollar"}],"items_purged_floors":[5,19,39],"is_endless":false,"potions_floor_spawned":[1,6,10,13,22,24,30,33,35,40,48,54],"ascension_level":0}}