{"host":"af1kf8gfe86ugcx8","time":1610868428,"event":{"mods":["2.2 Compatiblity","BaseMod","Better Altar","Better Match","Better Sensory Stone","Better Skull","Better Vampires","BetterRewards","Card Filter","Colored Map","Conspire","Defuse TimeMaze Blight","Downfall","Energized Spire","Friendly Minions","Glutton Mod","Infinite Spire","Mad Scientist","Minty Spire (QoL Compilation)","Permanent Neow","Quick Restart","Random Character Button","SOS???????","Shop Mod","Spikes Relics","StSLib","The Construct","The Death Knight","The Disciple","The Necromancer","Transform Curses","UnlockEverythingMod"],"gold_per_floor":[99,109,129,141,160,160,234,234,234,234,268,124,142,171,183,282,282,182,195,235,251,86,96,96,181,181,181,197,211,211,10,28,132,132,132,151,151,151,61,73,73,84,84,9,29,29,29,29,42,42,42,42],"floor_reached":50,"language":"ENG","playtime":3725,"items_purged":["champ:Defend","champ:Defend","champ:Strike","champ:Strike"],"score":479,"play_id":"f0a9f155-e11c-436d-a576-b199cd84dac4","local_time":"20210116232708","is_ascension_mode":false,"campfire_choices":[{"data":"champ:Taunt","floor":1,"key":"SMITH"},{"data":"champ:CheapShot","floor":6,"key":"SMITH"},{"data":"champ:EnGarde","floor":8,"key":"SMITH"},{"data":"champ:SwordThrow","floor":10,"key":"SMITH"},{"data":"champ:HoldFirm","floor":18,"key":"SMITH"},{"data":"champ:IgnorePain","floor":26,"key":"SMITH"},{"data":"champ:Lariat","floor":30,"key":"SMITH"},{"data":"expansioncontent:DashGenerateEvil","floor":35,"key":"SMITH"},{"data":"expansioncontent:StudyTheSpire","floor":47,"key":"SMITH"}],"circlet_count":0,"master_deck":["champ:Strike","champ:Defend","champ:Defend","champ:Execute","champ:Taunt+1","champ:CheapShot+1","champ:EnGarde+1","champ:GutPunch","champ:SwordThrow+1","champ:Encircle","champ:RecklessLeap","champ:EnGarde","champ:Shatter","champ:EnragedBash","champ:HoldFirm+1","champ:BringItOn","champ:FanOfKnives","champ:IgnorePain+1","champ:StanceDance","champ:Lariat+1","Deep Breath","champ:Endure","expansioncontent:DashGenerateEvil+1","champ:VampiricStrike","champ:AdrenalArmor","champ:EndlessRage+1","expansioncontent:StudyTheSpire+1","champ:Duel+1","champ:IgnorePain+1","Parasite"],"relics":["champ:ChampionCrown","White Beast Statue","Happy Flower","Oddly Smooth Stone","infinitespire:Cupcake","downfall:HeartBlessingGreen","Toy Ornithopter","conspire:Flyswatter","energizedSpire:DeadBattery","construct:WeddingRing","Membership Card","Bottled Flame","SpikesRelics:DaevaFist"],"acts_visited":["Exordium","TheCity","TheBeyond"],"potions_floor_usage":[13,14,14,16,16,20,21,21,29,29,33,33,33,49,50,50,50],"damage_taken":[{"damage":20,"enemies":"Cultist","floor":2,"turns":4},{"damage":10,"enemies":"infinitespire:Voidling","floor":3,"turns":5},{"damage":0,"enemies":"2 Louse","floor":4,"turns":3},{"damage":16,"enemies":"Blue Slaver","floor":5,"turns":4},{"damage":24,"enemies":"Gremlin Nob","floor":11,"turns":4},{"damage":40,"enemies":"downfall:FleeingMerchant","floor":12,"turns":5},{"damage":7,"enemies":"Red Slaver","floor":13,"turns":3},{"damage":43,"enemies":"3 Sentries","floor":14,"turns":5},{"damage":5,"enemies":"Large Slime","floor":15,"turns":4},{"damage":128,"enemies":"DF_ARCHETYPE_STREAMLINE","floor":16,"turns":11},{"damage":35,"enemies":"Chosen","floor":19,"turns":4},{"damage":53,"enemies":"conspire:MimicChest","floor":20,"turns":9},{"damage":50,"enemies":"Shell Parasite","floor":21,"turns":3},{"damage":30,"enemies":"downfall:FleeingMerchant","floor":22,"turns":5},{"damage":18,"enemies":"Snake Plant","floor":23,"turns":5},{"damage":50,"enemies":"conspire:HollyBat","floor":28,"turns":10},{"damage":37,"enemies":"Shelled Parasite and Fungi","floor":29,"turns":5},{"damage":20,"enemies":"downfall:FleeingMerchant","floor":31,"turns":5},{"damage":40,"enemies":"Snake Plant","floor":32,"turns":3},{"damage":43,"enemies":"IC_MUSHROOM_ARCHETYPE","floor":33,"turns":8},{"damage":22,"enemies":"3 Shapes","floor":36,"turns":5},{"damage":55,"enemies":"downfall:FleeingMerchant","floor":39,"turns":4},{"damage":56,"enemies":"Orb Walker","floor":40,"turns":4},{"damage":88,"enemies":"3 Darklings","floor":42,"turns":5},{"damage":30,"enemies":"Writhing Mass","floor":45,"turns":4},{"damage":5,"enemies":"Sphere and 2 Shapes","floor":49,"turns":4},{"damage":125,"enemies":"SI_POISON_ARCHETYPE","floor":50,"turns":7}],"seed_played":"5551385209393335672","potions_obtained":[{"floor":3,"key":"ColorlessPotion"},{"floor":5,"key":"PowerPotion"},{"floor":11,"key":"DistilledChaos"},{"floor":12,"key":"Fruit Juice"},{"floor":13,"key":"champ:OpenerPotion"},{"floor":14,"key":"SkillPotion"},{"floor":15,"key":"CultistPotion"},{"floor":16,"key":"champ:OpenerPotion"},{"floor":19,"key":"ColorlessPotion"},{"floor":20,"key":"champ:TechniquePotion"},{"floor":21,"key":"PowerPotion"},{"floor":22,"key":"EssenceOfSteel"},{"floor":29,"key":"DistilledChaos"},{"floor":31,"key":"ColorlessPotion"},{"floor":32,"key":"Ancient Potion"},{"floor":33,"key":"Strength Potion"},{"floor":36,"key":"Explosive Potion"},{"floor":39,"key":"LiquidMemories"},{"floor":45,"key":"conspire:TimeTravelPotion"},{"floor":49,"key":"conspire:TimeTravelPotion"}],"is_trial":false,"path_per_floor":["R","M","M","M","M","R","T","R","?","R","E","$","M","E","M","B",null,"R","M","?","M","$","M","T","?","R","?","M","M","R","$","M","B",null,"R","M","?","AVR","?","M","T","M","?","$","M","?","R","?","M","B"],"character_chosen":"THE_CHAMP","items_purchased":["champ:EnGarde","champ:StanceDance","expansioncontent:DashGenerateEvil","Membership Card","Bottled Flame","expansioncontent:StudyTheSpire"],"campfire_rested":0,"item_purchase_floors":[12,22,31,39,39,39],"current_hp_per_floor":[90,90,90,90,84,84,84,84,84,84,70,70,73,55,55,22,95,95,95,67,77,77,74,74,56,56,56,56,64,64,64,59,71,95,95,95,95,95,95,84,84,71,71,71,71,71,71,71,86,0,0,0],"gold":42,"neow_bonus":"TRANSFORM_CARD","is_daily":false,"chose_seed":false,"campfire_upgraded":9,"win_rate":0.0,"timestamp":1610868428,"path_taken":["R","M","M","M","M","R","T","R","?","R","E","$","?","E","M","BOSS","R","M","?","?","$","M","T","?","R","?","M","M","R","?","M","BOSS","R","M","?","AVR","?","?","T","M","?","?","M","?","R","?","M","BOSS"],"items_purchased_type":["Card","Card","Card","Relic","Relic","Card"],"build_version":"2020-12-22","purchased_purges":4,"victory":false,"max_hp_per_floor":[90,90,90,90,90,90,90,90,90,90,90,90,95,95,95,95,95,95,95,95,95,95,95,95,95,95,95,95,95,95,95,95,95,95,95,95,95,95,95,95,95,95,95,95,95,95,95,95,95,95,95,95],"card_choices":[{"not_picked":["champ:Haymaker","champ:CrownThrow"],"picked":"champ:EnGarde","floor":2},{"not_picked":["champ:Haymaker","champ:PreciseThrust"],"picked":"champ:GutPunch","floor":3},{"not_picked":["champ:RecklessLeap","champ:SkillfulDodge"],"picked":"champ:SwordThrow","floor":4},{"not_picked":["champ:SetATrap","champ:Shatter"],"picked":"champ:Encircle","floor":5},{"not_picked":["champ:FocusedDefense","champ:ShieldWall"],"picked":"champ:RecklessLeap","floor":11},{"not_picked":["champ:FlashCut","champ:BladeFlurry","champ:SkillfulDodge"],"picked":"SKIP","floor":12},{"not_picked":["champ:SetATrap","champ:Circumvent"],"picked":"champ:Shatter","floor":13},{"not_picked":["champ:CrownThrow","champ:GladiatorForm"],"picked":"champ:EnragedBash","floor":14},{"not_picked":["champ:TornadoPunch","champ:ShieldSlam","champ:Shatter"],"picked":"SKIP","floor":15},{"not_picked":["champ:UltimateStance","champ:Devastate"],"picked":"champ:HoldFirm","floor":16},{"not_picked":["champ:Parry","champ:DefensiveShout"],"picked":"champ:BringItOn","floor":19},{"not_picked":["champ:BringItOn+1","champ:GutPunch"],"picked":"champ:IronFortress+1","floor":20},{"not_picked":["champ:PreemptiveStrike","champ:Haymaker"],"picked":"champ:FanOfKnives","floor":21},{"not_picked":["champ:Circumvent","champ:TornadoPunch"],"picked":"champ:IgnorePain","floor":22},{"not_picked":["champ:CrownThrow","champ:TornadoPunch+1"],"picked":"champ:Lariat","floor":23},{"not_picked":["PlatinumSkin","Purity"],"picked":"Deep Breath","floor":27},{"not_picked":["champ:TornadoPunch","champ:PreciseThrust+1"],"picked":"champ:Endure","floor":28},{"not_picked":["champ:FlashCut+1","champ:PerfectedStrike","champ:GutPunch"],"picked":"SKIP","floor":29},{"not_picked":["champ:EndlessRage","champ:Backstep+1","champ:Lariat"],"picked":"SKIP","floor":31},{"not_picked":["champ:BerserkersShout+1","champ:BladeFlurry","champ:PerfectedStrike"],"picked":"SKIP","floor":32},{"not_picked":["champ:HeavySlash","champ:GladiatorForm"],"picked":"champ:VampiricStrike","floor":33},{"not_picked":["champ:FlashCut+1","champ:PerfectedStrike+1"],"picked":"champ:AdrenalArmor","floor":36},{"not_picked":["champ:BerserkersShout+1","champ:CrownThrow+1"],"picked":"champ:EndlessRage+1","floor":39},{"not_picked":["champ:Haymaker+1","champ:Endure","champ:FaceSlap"],"picked":"SKIP","floor":40},{"not_picked":["champ:CrownThrow","champ:Parry"],"picked":"champ:Duel+1","floor":42},{"not_picked":["champ:FlashCut+1","champ:Encircle","champ:Haymaker+1"],"picked":"SKIP","floor":45},{"not_picked":["champ:DefensiveShout+1","champ:CrownThrow","champ:Circumvent+1"],"picked":"SKIP","floor":49}],"player_experience":324178,"relics_obtained":[{"floor":7,"key":"White Beast Statue"},{"floor":11,"key":"Happy Flower"},{"floor":14,"key":"Oddly Smooth Stone"},{"floor":20,"key":"Toy Ornithopter"},{"floor":24,"key":"conspire:Flyswatter"},{"floor":41,"key":"SpikesRelics:DaevaFist"}],"event_choices":[{"damage_healed":0,"gold_gain":0,"player_choice":"Ignored","damage_taken":0,"max_hp_gain":0,"max_hp_loss":0,"event_name":"NoteForYourself","floor":9,"gold_loss":0},{"damage_healed":0,"gold_gain":2,"player_choice":"1","damage_taken":0,"max_hp_gain":0,"max_hp_loss":0,"event_name":"betterStone:BetterStone","floor":27,"gold_loss":0},{"damage_healed":0,"gold_gain":0,"player_choice":"Ignored","damage_taken":0,"max_hp_gain":0,"max_hp_loss":0,"event_name":"Mysterious Sphere","floor":37,"gold_loss":0},{"cards_removed":["champ:IronFortress"],"damage_healed":0,"gold_gain":0,"player_choice":"Removed Power","damage_taken":0,"max_hp_gain":0,"max_hp_loss":0,"event_name":"Falling","floor":46,"gold_loss":0}],"is_beta":false,"boss_relics":[{"not_picked":["Snecko Eye","Runic Pyramid"],"picked":"infinitespire:Cupcake"},{"not_picked":["Fusion Hammer","Calling Bell"],"picked":"energizedSpire:DeadBattery"}],"items_purged_floors":[12,22,39,44],"is_endless":false,"potions_floor_spawned":[3,5,11,12,13,14,15,16,19,20,21,22,23,28,29,31,32,33,36,39,40,42,45,49],"killed_by":"SI_POISON_ARCHETYPE","ascension_level":0}}