{"host":"wppa8gky53tnknhf","time":1610854292,"event":{"mods":["AchievementEnabler","Act Like it!","BaseMod","Better Third Choice","BetterRewards","Card Forge","Colored Powertips","Energized Spire","Hubris","Infinite Spire","Marked Mod","Minty Spire (QoL Compilation)","Permanent Neow","Quick Restart","Rare Cards Sparkle","Relic Stats","Remove Card Discount Mod","Replay The Spire","Spikes Relics","Spire Birthday Party","StSLib","Wandering Minibosses"],"gold_per_floor":[119,131,131,151,167,167,302,302,302,327,327,346,371,381,381,484,484,494,434,434,446,446,446,477,495,545,559,578,594,544,569,569,669,669,726,465,507,554,627,694,694,758,758,476,524,584,636,710,710,710,710,710,256,302,302],"floor_reached":56,"language":"ENG","playtime":1627,"items_purged":[],"score":1871,"play_id":"3fc84961-382d-4d99-ad3d-463e150fae46","local_time":"20210117033132","is_ascension_mode":true,"campfire_choices":[{"floor":6.0,"key":"RECALL"},{"floor":8,"key":"REST"},{"floor":15,"key":"REST"},{"floor":23,"key":"REST"},{"floor":41,"key":"REST"},{"floor":49,"key":"REST"}],"circlet_count":0,"master_deck":["Strike_R+1","Strike_R+1","Strike_R+1","Strike_R+1","Strike_R+1","Defend_R+1","Defend_R+1","Defend_R+1","Defend_R+1","Bash+1","Pot Of Greed+1","Body Slam+1","Pot Of Greed+1","Pummel+1","Rage+1","Shrug It Off+1","Demon Form+1","Entrench+1","Demon Form+1","Iron Wave+1","Perfected Strike+1","Pot Of Greed+1","Body Slam+1","Pommel Strike+1","Thunderclap+1","Inflame+1","BarbarianYell+1","Thunderclap+1","hubris:DuctTapeCard","Shrug It Off+1","Shrug It Off+1","Twin Strike+1","Pot Of Greed+1","Body Slam+1","Barricade+1","Heavy Blade+1","Demon Form+1","Cleave+1"],"relics":["Burning Blood","Hammer of Thor","Seething Fire","Anvil of the Gods","Grinning Jar","hubris:Icosahedron","Onion Ring","infinitespire:Bottled Soul","Pear","infinitespire:WardingShard","SpikesRelics:DaevaFist","Cursed Key","hubris:TenFootPole","wanderingMiniBosses:OtherGremlinHorn","Bronze Scales","infinitespire:Joker Card","infinitespire:EvilPickle","Meat on the Bone","infinitespire:Lucky Rock","hubris:DuctTape","Chameleon Ring","RoseTintedShades","DollysMirror","SnailShell"],"acts_visited":["Exordium","TheCity","TheBeyond","TheEnding"],"potions_floor_usage":[7,10,16,16,21,28,33,33,35,42,50,52,55],"damage_taken":[{"damage":0.0,"enemies":"Jaw Worm","floor":1.0,"turns":3.0},{"damage":0.0,"enemies":"Cultist","floor":2.0,"turns":3.0},{"damage":0.0,"enemies":"2 Louse","floor":4.0,"turns":3.0},{"damage":8.0,"enemies":"Lots of Slimes","floor":5.0,"turns":2.0},{"damage":0,"enemies":"3 Sentries","floor":7,"turns":8},{"damage":36,"enemies":"Lagavulin","floor":10,"turns":5},{"damage":7,"enemies":"Blue Slaver","floor":12,"turns":3},{"damage":16,"enemies":"Replay:BlueRogue","floor":13,"turns":4},{"damage":0,"enemies":"3 Louse","floor":14,"turns":1},{"damage":28,"enemies":"Hexaghost","floor":16,"turns":7},{"damage":0,"enemies":"Chosen","floor":18,"turns":3},{"damage":42,"enemies":"3 Byrds","floor":21,"turns":6},{"damage":0,"enemies":"Book of Stabbing","floor":24,"turns":2},{"damage":0,"enemies":"Cultist and Chosen","floor":25,"turns":3},{"damage":0,"enemies":"3 Cultists","floor":27,"turns":3},{"damage":1,"enemies":"Sentry and Sphere","floor":28,"turns":3},{"damage":0,"enemies":"Centurion and Healer","floor":29,"turns":4},{"damage":15,"enemies":"Gremlin Leader","floor":31,"turns":5},{"damage":0,"enemies":"Pondfish","floor":33,"turns":4},{"damage":19,"enemies":"3 Darklings","floor":35,"turns":3},{"damage":9,"enemies":"3 Shapes","floor":37,"turns":2},{"damage":0,"enemies":"Sphere and 2 Shapes","floor":38,"turns":2},{"damage":22,"enemies":"Nemesis","floor":40,"turns":3},{"damage":0,"enemies":"Spire Growth","floor":42,"turns":3},{"damage":0,"enemies":"3 Darklings","floor":45,"turns":1},{"damage":11,"enemies":"R_Hoarder","floor":46,"turns":4},{"damage":25,"enemies":"Maw","floor":47,"turns":4},{"damage":55,"enemies":"Nemesis","floor":48,"turns":5},{"damage":1,"enemies":"Awakened One","floor":50,"turns":5},{"damage":4,"enemies":"Shield and Spear","floor":54,"turns":3},{"damage":47,"enemies":"The Heart","floor":55,"turns":7}],"seed_played":"4795877237950977948","potions_obtained":[{"floor":1.0,"key":"EssenceOfSteel"},{"floor":4.0,"key":"Dexterity Potion"},{"floor":5.0,"key":"SpeedPotion"},{"floor":10,"key":"LiquidMemories"},{"floor":18,"key":"Adrenaline Potion"},{"floor":21,"key":"Fire Potion"},{"floor":24,"key":"AttackPotion"},{"floor":27,"key":"DuplicationPotion"},{"floor":32,"key":"infinitespire:BlackPotion"},{"floor":39,"key":"EssenceOfSteel"},{"floor":39,"key":"FairyPotion"},{"floor":39,"key":"Venom Potion"},{"floor":40,"key":"DistilledChaos"},{"floor":42,"key":"SteroidPotion"},{"floor":46,"key":"Fire Potion"},{"floor":52,"key":"Fruit Juice"}],"is_trial":false,"path_per_floor":["M","M","?","M","M","R","E","R","T","E","T","M","E","M","R","B",null,"M","?","AVR","M","?","R","E","M","T","M","M","M","$","E","R","B",null,"M","$","M","M","?","E","R","M","T","$","M","E","M","E","R","B",null,"R","$","E","B",null],"character_chosen":"IRONCLAD","items_purchased":["Body Slam","Meat on the Bone","Chameleon Ring","Shrug It Off","Barricade","Heavy Blade","DollysMirror","FairyPotion"],"campfire_rested":5,"item_purchase_floors":[30,36,44,44,53,53,53,53],"current_hp_per_floor":[80,80,80,80,78,78,80,80,80,60,60,59,49,55,82,60,90,90,90,90,54,54,81,87,90,90,90,90,90,90,81,81,87,90,77,77,74,80,80,64,90,90,90,90,90,85,66,29,56,61,90,97,97,97,56],"gold":302,"neow_bonus":"RANDOM_COMMON_RELIC","is_daily":false,"chose_seed":false,"campfire_upgraded":0,"win_rate":0.0,"timestamp":1610854292,"path_taken":["M","M","?","M","M","R","E","R","T","E","?","M","E","?","R","BOSS","M","?","AVR","M","?","R","E","M","T","M","M","?","$","E","R","BOSS","M","$","M","M","?","E","R","M","T","?","M","E","M","E","R","BOSS","R","$","E","BOSS"],"items_purchased_type":["Card","Relic","Relic","Card","Card","Card","Relic","Potion"],"build_version":"2020-12-22","purchased_purges":0,"victory":true,"max_hp_per_floor":[80,80,80,80,80,80,80,80,80,90,90,90,90,90,90,90,90,90,90,90,90,90,90,90,90,90,90,90,90,90,90,90,90,90,90,90,90,90,90,90,90,90,90,90,90,90,90,90,90,90,90,97,97,97,97],"relic_stats":{"counters":[31,114],"Bronze Scales":[178],"Cursed Key":2,"obtain_stats":[{"SnailShell":54,"Pear":10,"hubris:DuctTape":43,"RoseTintedShades":46,"Hammer of Thor":0,"infinitespire:Joker Card":31,"Seething Fire":0,"wanderingMiniBosses:OtherGremlinHorn":21,"infinitespire:Lucky Rock":40,"Cursed Key":20,"Burning Blood":0,"infinitespire:EvilPickle":34,"hubris:Icosahedron":3,"Chameleon Ring":44,"infinitespire:WardingShard":11,"Anvil of the Gods":0,"infinitespire:Bottled Soul":9,"DollysMirror":53,"Bronze Scales":24,"Onion Ring":7,"SpikesRelics:DaevaFist":13,"hubris:TenFootPole":20,"Grinning Jar":0,"Meat on the Bone":36},{"SnailShell":30,"Pear":6,"hubris:DuctTape":24,"RoseTintedShades":26,"Hammer of Thor":0,"infinitespire:Joker Card":18,"Seething Fire":0,"wanderingMiniBosses:OtherGremlinHorn":12,"infinitespire:Lucky Rock":23,"Cursed Key":11,"Burning Blood":0,"infinitespire:EvilPickle":19,"hubris:Icosahedron":2,"Chameleon Ring":24,"infinitespire:WardingShard":6,"Anvil of the Gods":0,"infinitespire:Bottled Soul":5,"DollysMirror":29,"Bronze Scales":13,"Onion Ring":5,"SpikesRelics:DaevaFist":8,"hubris:TenFootPole":11,"Grinning Jar":0,"Meat on the Bone":20},{"SnailShell":107,"Pear":24,"hubris:DuctTape":85,"RoseTintedShades":90,"Hammer of Thor":0,"infinitespire:Joker Card":68,"Seething Fire":0,"wanderingMiniBosses:OtherGremlinHorn":48,"infinitespire:Lucky Rock":82,"Cursed Key":42,"Burning Blood":0,"infinitespire:EvilPickle":72,"hubris:Icosahedron":6,"Chameleon Ring":85,"infinitespire:WardingShard":24,"Anvil of the Gods":0,"infinitespire:Bottled Soul":19,"DollysMirror":104,"Bronze Scales":50,"Onion Ring":19,"SpikesRelics:DaevaFist":31,"hubris:TenFootPole":42,"Grinning Jar":0,"Meat on the Bone":75}],"Burning Blood":124,"Meat on the Bone":12},"card_choices":[{"not_picked":["Infernal Blade","Wild Strike"],"picked":"Cleave","floor":1.0},{"not_picked":["Anger","Fire Breathing"],"picked":"Body Slam","floor":2.0},{"not_picked":["Wild Strike","Hemokinesis"],"picked":"Pummel","floor":4.0},{"not_picked":["Wild Strike","ReplayTheSpireMod:Strike From Hell"],"picked":"Rage","floor":5.0},{"not_picked":["Run Through","True Grit"],"picked":"Flex","floor":7},{"not_picked":["Burning Pact","Replay:Undeath\u0027s Touch","hubris:CleavingFinish"],"picked":"SKIP","floor":10},{"not_picked":["Burning Pact","Replay:Undeath\u0027s Touch","hubris:CleavingFinish"],"picked":"SKIP","floor":10},{"not_picked":["Defy Death","ReplayTheSpireMod:Stacked","Havoc"],"picked":"SKIP","floor":12},{"not_picked":["Fire Breathing","Impervious"],"picked":"Shrug It Off","floor":13},{"not_picked":["Twin Strike","Pummel"],"picked":"Flex","floor":14},{"not_picked":["Offering","Impervious"],"picked":"Demon Form","floor":16},{"not_picked":["Run Through","Pommel Strike"],"picked":"Entrench+1","floor":18},{"not_picked":["Intimidate","ReplayTheSpireMod:Strike From Hell"],"picked":"Cleave+1","floor":21},{"not_picked":["Pommel Strike","hubris:SharpeningStone"],"picked":"Demon Form","floor":24},{"not_picked":["Havoc","Armaments"],"picked":"Iron Wave","floor":25},{"not_picked":["hubris:ReadiedAction","Ghostly Armor","ReplayTheSpireMod:Stacked"],"picked":"SKIP","floor":27},{"not_picked":["Second Wind+1","Clothesline+1"],"picked":"Perfected Strike+1","floor":28},{"not_picked":["hubris:CleavingFinish","Defy Death","Run Through"],"picked":"SKIP","floor":29},{"not_picked":["ReplayReversal+1","Armaments"],"picked":"Pommel Strike","floor":31},{"not_picked":["Warcry+1","Replay:Undeath\u0027s Touch+1"],"picked":"Thunderclap","floor":35},{"not_picked":["Anger","Havoc+1"],"picked":"Inflame+1","floor":37},{"not_picked":["ReplayTheSpireMod:Limb From Limb+1","Invigoration","ReplayReversal"],"picked":"SKIP","floor":38},{"not_picked":["Life Link+1","Sever Soul+1"],"picked":"BarbarianYell+1","floor":39},{"not_picked":["Sword Boomerang","Anger+1"],"picked":"Thunderclap+1","floor":40},{"not_picked":["Corruption","ReplayTheSpireMod:Strike From Hell+1","Ghostly Armor"],"picked":"SKIP","floor":42},{"not_picked":["Dual Wield","Invigoration+1","Perfected Strike+1"],"picked":"SKIP","floor":45},{"not_picked":["Burning Pact","Searing Blow+1"],"picked":"Twin Strike+1","floor":46},{"not_picked":["Pommel Strike+1","Perfected Strike"],"picked":"Body Slam","floor":47},{"not_picked":["Whirlwind","Armaments+1","ReplayTheSpireMod:Strike From Hell"],"picked":"SKIP","floor":48},{"not_picked":["Pommel Strike+1","BarbarianYell+1"],"picked":"Cleave+1","floor":54}],"player_experience":690517,"relics_obtained":[{"floor":7,"key":"Onion Ring"},{"floor":9,"key":"infinitespire:Bottled Soul"},{"floor":10,"key":"Pear"},{"floor":11,"key":"infinitespire:WardingShard"},{"floor":13,"key":"SpikesRelics:DaevaFist"},{"floor":21,"key":"wanderingMiniBosses:OtherGremlinHorn"},{"floor":24,"key":"Bronze Scales"},{"floor":31,"key":"infinitespire:Joker Card"},{"floor":40,"key":"infinitespire:Lucky Rock"},{"floor":43,"key":"hubris:DuctTape"},{"floor":46,"key":"RoseTintedShades"},{"floor":54,"key":"SnailShell"}],"event_choices":[{"damage_healed":0,"gold_gain":0,"player_choice":"Ignored","damage_taken":0,"max_hp_gain":0,"max_hp_loss":0,"event_name":"Transmorgrifier","floor":22,"gold_loss":0}],"is_beta":false,"boss_relics":[{"not_picked":["Sandwich","Runic Pyramid","Replay:Drink Me"]},{"not_picked":["Runic Dome","Astrolabe","ReplayTheSpireMod:DimensionalGlitch"]}],"items_purged_floors":[],"is_endless":false,"potions_floor_spawned":[1,4,5,10,18,21,24,27,37,40,42,46,47,48],"ascension_level":1}}