{"host":"5l3fd535wdxfzl1g","time":1610900658,"event":{"mods":["2.2 Compatiblity","AchievementEnabler","BaseMod","Better Third Choice","Better Vampires","Colored Powertips","Minty Spire (QoL Compilation)","Permanent Neow","Quick Restart","Rare Cards Sparkle","StSLib","UnlockEverythingMod"],"gold_per_floor":[110,123,137,147,163,163,163,163,163,19,19,34,34,62,62,160,160,172,190,205,225,245,245,245,145,145,165,183,183,58,58,58,163,163,179,229,229,240,256,256,275,275,275,275,294,144,144,156,156,156],"floor_reached":51,"language":"ZHS","playtime":1910,"items_purged":["Strike_R","Strike_R","Strike_R","Parasite"],"score":778,"play_id":"4d918ae6-292f-42e0-bea4-a05446f276e1","local_time":"20210118002418","is_ascension_mode":false,"campfire_choices":[{"data":"Demon Form","floor":6.0,"key":"SMITH"},{"data":"Bludgeon","floor":8.0,"key":"SMITH"},{"data":"Feel No Pain","floor":11.0,"key":"SMITH"},{"data":"Bash","floor":15.0,"key":"SMITH"},{"floor":24.0,"key":"REST"},{"floor":29.0,"key":"REST"},{"data":"Uppercut","floor":32.0,"key":"SMITH"},{"data":"Power Through","floor":40.0,"key":"SMITH"},{"floor":44,"key":"REST"},{"floor":49,"key":"REST"}],"circlet_count":0,"master_deck":["Defend_R","Defend_R","Defend_R","Defend_R","Bash+1","Body Slam","Demon Form+1","Feel No Pain+1","Bludgeon+1","Entrench","Barricade","Uppercut+1","Seeing Red","Clothesline","Power Through+1","Feed","Fire Breathing"],"relics":["Snecko Eye"],"acts_visited":["Exordium","TheCity","TheBeyond"],"potions_floor_usage":[45,50,50],"damage_taken":[{"damage":0.0,"enemies":"Cultist","floor":1.0,"turns":4.0},{"damage":7.0,"enemies":"Small Slimes","floor":2.0,"turns":4.0},{"damage":6.0,"enemies":"Jaw Worm","floor":3.0,"turns":4.0},{"damage":15.0,"enemies":"Exordium Thugs","floor":4.0,"turns":4.0},{"damage":10.0,"enemies":"3 Louse","floor":5.0,"turns":6.0},{"damage":0.0,"enemies":"Blue Slaver","floor":12.0,"turns":1.0},{"damage":4.0,"enemies":"3 Sentries","floor":14.0,"turns":4.0},{"damage":25.0,"enemies":"Hexaghost","floor":16.0,"turns":5.0},{"damage":10.0,"enemies":"3 Byrds","floor":18.0,"turns":5.0},{"damage":25.0,"enemies":"Shell Parasite","floor":19.0,"turns":4.0},{"damage":10.0,"enemies":"3 Cultists","floor":20.0,"turns":4.0},{"damage":14.0,"enemies":"Centurion and Healer","floor":21.0,"turns":4.0},{"damage":11.0,"enemies":"Snecko","floor":22.0,"turns":4.0},{"damage":22.0,"enemies":"Shelled Parasite and Fungi","floor":27.0,"turns":6.0},{"damage":3.0,"enemies":"Snake Plant","floor":28.0,"turns":3.0},{"damage":8.0,"enemies":"Champ","floor":33.0,"turns":8.0},{"damage":0.0,"enemies":"Orb Walker","floor":35.0,"turns":2.0},{"damage":0.0,"enemies":"Mind Bloom Boss Battle","floor":36.0,"turns":5.0},{"damage":13.0,"enemies":"3 Shapes","floor":38.0,"turns":24.0},{"damage":5.0,"enemies":"Writhing Mass","floor":39.0,"turns":5.0},{"damage":20.0,"enemies":"Jaw Worm Horde","floor":41.0,"turns":6.0},{"damage":43,"enemies":"Spire Growth","floor":45,"turns":5},{"damage":36,"enemies":"3 Darklings","floor":48,"turns":6},{"damage":6,"enemies":"Time Eater","floor":50,"turns":13}],"seed_played":"-5597506982336613569","potions_obtained":[{"floor":2.0,"key":"LiquidBronze"},{"floor":14.0,"key":"Dexterity Potion"},{"floor":20.0,"key":"DistilledChaos"},{"floor":21.0,"key":"SteroidPotion"},{"floor":27.0,"key":"PowerPotion"},{"floor":28.0,"key":"Energy Potion"},{"floor":41.0,"key":"Regen Potion"},{"floor":45,"key":"SkillPotion"},{"floor":48,"key":"SpeedPotion"}],"is_trial":false,"path_per_floor":["M","M","M","M","M","R","?","R","T","$","R","M","$","E","R","B",null,"M","M","M","M","M","?","R","$","T","M","M","R","$","?","R","B",null,"M","?","?","M","M","R","M","?","T","R","M","$","?","M","R","B",null],"character_chosen":"IRONCLAD","items_purchased":["Entrench"],"campfire_rested":4,"item_purchase_floors":[10],"current_hp_per_floor":[80,73,67,52,42,42,42,42,42,42,42,42,42,38,38,13,80,70,45,35,21,10,10,34,34,34,12,9,33,33,33,33,25,80,80,80,76,66,61,61,41,41,41,64,24,24,69,33,53,62],"gold":156,"neow_bonus":"BOSS_RELIC","is_daily":false,"chose_seed":false,"campfire_upgraded":6,"win_rate":0.0,"timestamp":1610900658,"path_taken":["M","M","?","?","M","R","?","R","T","$","R","?","?","E","R","BOSS","M","M","?","M","M","?","R","?","T","M","M","R","$","?","R","BOSS","M","?","?","M","M","R","M","?","T","R","M","$","?","M","R","BOSS"],"items_purchased_type":["Card"],"build_version":"2020-12-22","purchased_purges":4,"victory":true,"max_hp_per_floor":[80,80,80,80,80,80,80,80,80,80,80,80,80,80,80,80,80,80,80,80,80,80,80,80,80,80,80,80,80,80,80,80,80,80,80,80,76,79,79,79,79,79,79,79,82,79,69,69,69,69],"card_choices":[{"not_picked":["Warcry","Clash"],"picked":"Body Slam","floor":1.0},{"not_picked":["Pommel Strike","Iron Wave","Cleave"],"picked":"SKIP","floor":2.0},{"not_picked":["Intimidate","Shrug It Off"],"picked":"Demon Form","floor":3.0},{"not_picked":["True Grit","Headbutt"],"picked":"Feel No Pain","floor":4.0},{"not_picked":["Twin Strike","Perfected Strike","Cleave"],"picked":"SKIP","floor":5.0},{"not_picked":["Dropkick","Armaments","Metallicize"],"picked":"SKIP","floor":12.0},{"not_picked":["Pummel","Exhume","Rupture"],"picked":"SKIP","floor":14.0},{"not_picked":["Reaper","Exhume"],"picked":"Barricade","floor":16.0},{"not_picked":["Clash+1","Armaments","Intimidate"],"picked":"SKIP","floor":18.0},{"not_picked":["Clash","Clothesline"],"picked":"Uppercut","floor":19.0},{"not_picked":["Sentinel","Combust","Seeing Red"],"picked":"SKIP","floor":20.0},{"not_picked":["Havoc+1","Disarm","Sword Boomerang+1"],"picked":"SKIP","floor":21.0},{"not_picked":["Metallicize+1","Wild Strike","Feel No Pain"],"picked":"SKIP","floor":22.0},{"not_picked":["Seeing Red","True Grit","Hemokinesis+1"],"picked":"SKIP","floor":27.0},{"not_picked":["Shrug It Off","Sword Boomerang","Twin Strike"],"picked":"SKIP","floor":28.0},{"not_picked":["Brutality","Barricade"],"picked":"Feed","floor":33.0},{"not_picked":["Metallicize+1","Twin Strike","Headbutt+1"],"picked":"SKIP","floor":35.0},{"not_picked":["Flex+1","Clothesline"],"picked":"Fire Breathing","floor":36.0},{"not_picked":["Dropkick","Thunderclap","Rage+1"],"picked":"SKIP","floor":38.0},{"not_picked":["Carnage","Iron Wave","Limit Break"],"picked":"SKIP","floor":39.0},{"not_picked":["Heavy Blade+1","Twin Strike+1","Anger"],"picked":"SKIP","floor":41.0},{"not_picked":["Dark Embrace","Heavy Blade+1","Battle Trance+1"],"picked":"SKIP","floor":45},{"not_picked":["Flex","Warcry+1","Sentinel+1"],"picked":"SKIP","floor":48}],"player_experience":122892,"relics_obtained":[],"event_choices":[{"damage_healed":0.0,"max_hp_gain":0.0,"max_hp_loss":0.0,"gold_gain":0.0,"event_name":"Match and Keep!","player_choice":"1 cards matched","floor":7.0,"gold_loss":0.0,"damage_taken":0.0,"cards_obtained":["Bludgeon"]},{"damage_healed":0.0,"max_hp_gain":0.0,"max_hp_loss":0.0,"gold_gain":0.0,"cards_transformed":["Strike_R","Strike_R"],"event_name":"Drug Dealer","player_choice":"Became Test Subject","floor":23.0,"gold_loss":0.0,"damage_taken":0.0,"cards_obtained":["Seeing Red","Clothesline"]},{"damage_healed":0.0,"max_hp_gain":0.0,"max_hp_loss":0.0,"gold_gain":0.0,"event_name":"The Library","player_choice":"Read","floor":31.0,"gold_loss":0.0,"damage_taken":0.0,"cards_obtained":["Power Through"]},{"damage_healed":0.0,"max_hp_gain":0.0,"max_hp_loss":0.0,"gold_gain":0.0,"event_name":"MindBloom","player_choice":"Fight","floor":36.0,"gold_loss":0.0,"damage_taken":0.0},{"damage_healed":0.0,"max_hp_gain":0.0,"max_hp_loss":4.0,"gold_gain":0.0,"event_name":"Winding Halls","player_choice":"Max HP","floor":37.0,"gold_loss":0.0,"damage_taken":0.0},{"damage_healed":0.0,"max_hp_gain":0.0,"max_hp_loss":0.0,"gold_gain":0.0,"event_name":"Mysterious Sphere","player_choice":"Ignored","floor":42.0,"gold_loss":0.0,"damage_taken":0.0},{"damage_healed":69,"gold_gain":0,"player_choice":"Heal","damage_taken":0,"max_hp_gain":0,"max_hp_loss":10,"event_name":"The Moai Head","floor":47,"gold_loss":0}],"is_beta":false,"boss_relics":[{"not_picked":["Runic Cube","Velvet Choker","Pandora\u0027s Box"]},{"not_picked":["Cursed Key","Sozu","SacredBark"]}],"items_purged_floors":[10,25,30,46],"is_endless":false,"potions_floor_spawned":[2,14,20,21,27,28,41,45,48],"ascension_level":0}}