{"host":"tr12w2fixbnujl15","time":1610925342,"event":{"mods":["100% Spire Juice","2.2 Compatiblity","Arknights The Spire","BaseMod","Better Skull","BetterRewards","Clockwork Mod","Colored Powertips","Evolution","Hermit","Hubris","Infinite Spire","JesterMod","Koishi","Mad Scientist","Minty Spire (QoL Compilation)","Prisma Mod","Quick Restart","Replay The Spire","Shop Mod","StSLib","SuperFastMode","The Animator","The Bug Knight","The Construct","The Cursed","The Hierophant","The Mystic","The Necromancer","The Runesmith","The Sage","The Senshi","The Servant 0.9.4","The Spell Scribe","TheFirefly","WarShipGirlsR/????R mod","Yakumo Yukari mod"],"gold_per_floor":[137,153,153,170,188,188,198,230,230,243,243,243,257,272,272,377,377,397,312,312,312,7,34,49,49,95,47,63,63,75,86,86,183,183,199,214,184,197,210,210,227,227,254,281,281,281,281,78,78,78],"floor_reached":51,"language":"ENG","playtime":3800,"items_purged":[],"score":751,"play_id":"bef5ad06-3f41-4648-ba00-0270ed446d78","local_time":"20210117181542","is_ascension_mode":false,"campfire_choices":[{"floor":6,"key":"REST"},{"floor":15,"key":"REST"},{"floor":29,"key":"REST"},{"floor":32,"key":"REST"},{"floor":40,"key":"REST"},{"data":"Worldmountain_purple","floor":42,"key":"SMITH"},{"floor":45,"key":"REST"},{"floor":47,"key":"REST"},{"floor":49,"key":"REST"}],"circlet_count":0,"master_deck":["AT_purpleEX","AT_purpleEX","AT_purpleEX+1","AT_purpleEX","Defend_purpleEX","Defend_purpleEX","Defend_purpleEX+1","Defend_purpleEX","Observe_purple_1+1","Observe_purple_2","Charmbait_purple+1","Nest_LightFlightworm_purple","Mirror_FormAndEmptin_purple+1","Umbrella_purple","Boundary_of_Extermination_purpleEX","Theboundaryofcreation_purpleEX","DimensionStaggered_purple","StateErode_purple","Charmbait_purple","GluttonyofRealm_purpleEX","Shallow_ocean_purpleEX+1","DimensionStaggered_purple","Photoelasticity_Doppler_Effect_purple","StateDuplicate_purple","Worldmountain_purple+1","DimensionStaggered_purple+1","Worldmountain_purple+1","Bait_HighSpeedFlying_purple+1","GluttonyofRealm_purpleEX","Line_surface_state_purple+1","PurpleNeedle_purple","WatchEChange_purple+1","Yakumo_Ran_purple+1","Photoelasticity_Doppler_Effect_purple+1","Anti_communist_purple","infinitespire:TheBestDefense","The Bomb","Replay:Dark Deal","Replay:Dark Deal"],"relics":["Boundary_crack","Memoryfragments_purpleEX","EVO:Axolotl","NeowsBlessing","hubris:Reverence","HollowMod:PaleOreRelic","ChewingGum","War Paint","ReplayTheSpireMod:TigerMarble","MerchantsRug","Darkstone Periapt","Vajra","Strawberry","SlaversCollar","Bronze Scales","Gremlin Food","infinitespire:Joker Card","hubris:GrandSneckoEye","ReplayTheSpireMod:ShopPack"],"acts_visited":["Exordium","TheCity","TheBeyond"],"potions_floor_usage":[3,8,16,16,18,23,24,33,38,38,44,50],"damage_taken":[{"damage":0,"enemies":"2 Louse","floor":1,"turns":1},{"damage":0,"enemies":"Cultist","floor":2,"turns":1},{"damage":0,"enemies":"Small Slimes","floor":4,"turns":2},{"damage":25,"enemies":"Exordium Thugs","floor":5,"turns":5},{"damage":8,"enemies":"3 Louse","floor":7,"turns":2},{"damage":45,"enemies":"3 Sentries","floor":8,"turns":7},{"damage":10,"enemies":"Looter","floor":10,"turns":2},{"damage":12,"enemies":"2 Fungi Beasts","floor":13,"turns":2},{"damage":19,"enemies":"Exordium Wildlife","floor":14,"turns":6},{"damage":28,"enemies":"The Guardian","floor":16,"turns":6},{"damage":10,"enemies":"Chosen","floor":18,"turns":3},{"damage":47,"enemies":"Slavers","floor":23,"turns":5},{"damage":0,"enemies":"Shell Parasite","floor":24,"turns":2},{"damage":5,"enemies":"Sentry and Sphere","floor":28,"turns":3},{"damage":0,"enemies":"Centurion and Healer","floor":30,"turns":5},{"damage":3,"enemies":"Cultist and Chosen","floor":31,"turns":3},{"damage":61,"enemies":"Champ","floor":33,"turns":9},{"damage":0,"enemies":"3 Shapes","floor":35,"turns":1},{"damage":0,"enemies":"Orb Walker","floor":36,"turns":2},{"damage":0,"enemies":"Transient","floor":38,"turns":5},{"damage":22,"enemies":"Writhing Mass","floor":39,"turns":3},{"damage":0,"enemies":"3 Darklings","floor":41,"turns":2},{"damage":70,"enemies":"Nemesis","floor":44,"turns":5},{"damage":1,"enemies":"Awakened One","floor":50,"turns":4}],"seed_played":"8119907832851055101","potions_obtained":[{"floor":1,"key":"PowerPotion"},{"floor":3,"key":"Fruit Juice"},{"floor":3,"key":"BlessingOfTheForge"},{"floor":3,"key":"SpeedPotion"},{"floor":10,"key":"SkillPotion"},{"floor":16,"key":"AttackPotion"},{"floor":18,"key":"SkillPotion"},{"floor":23,"key":"Fire Potion"},{"floor":30,"key":"CultistPotion"},{"floor":36,"key":"DistilledChaos"},{"floor":37,"key":"SpeedPotion"},{"floor":37,"key":"Strength Potion"},{"floor":39,"key":"DuplicationPotion"},{"floor":44,"key":"Energy Potion"}],"is_trial":false,"path_per_floor":["M","M","?","M","M","R","M","E","T","M","?","?","M","M","R","B",null,"M","?","?","?","$","E","M","T","T","$","M","R","M","M","R","B",null,"M","M","?","M","M","R","M","R","T","E","R","AVR","R","$","R","B",null],"character_chosen":"Youkari","items_purchased":["ReplayTheSpireMod:TigerMarble","MerchantsRug","DimensionStaggered_purple","Worldmountain_purple","Adrenaline Potion","ReplayTheSpireMod:ShopPack"],"campfire_rested":8,"item_purchase_floors":[22,22,22,27,48,48],"current_hp_per_floor":[70,70,75,75,55,75,67,24,24,14,39,39,27,13,35,11,75,68,68,68,68,68,23,26,26,33,33,28,52,57,60,85,29,85,85,85,85,85,63,85,85,85,85,20,45,45,70,70,85,85],"gold":78,"neow_bonus":"THREE_ENEMY_KILL","is_daily":false,"chose_seed":false,"campfire_upgraded":1,"win_rate":0.0,"timestamp":1610925342,"path_taken":["M","M","?","M","?","R","M","E","T","M","?","?","?","M","R","BOSS","M","?","?","?","?","E","M","?","T","$","M","R","M","M","R","BOSS","M","M","?","M","M","R","M","R","T","E","R","AVR","R","$","R","BOSS"],"items_purchased_type":["Relic","Relic","Card","Card","Potion","Relic"],"build_version":"2020-12-22","purchased_purges":0,"victory":true,"max_hp_per_floor":[70,70,75,75,75,75,75,75,75,75,75,75,75,75,75,75,75,75,75,75,75,75,75,75,75,82,82,82,82,82,85,85,85,85,85,85,85,85,85,85,85,85,85,85,85,85,85,85,85,85],"card_choices":[{"not_picked":["DarkRealmRedLine_purple","ExistenceContinue_purple"],"picked":"Charmbait_purple","floor":1},{"not_picked":["AdvanceAttack_purple","WatchEChange_purple"],"picked":"Nest_LightFlightworm_purple","floor":2},{"not_picked":["Boundary_DynamicStaticEquilibrium_purple","Mirror_FourBoundary_purple"],"picked":"Mirror_FormAndEmptin_purple","floor":4},{"not_picked":["Realm_recovery_purpleEX","ExistenceContinue_purple"],"picked":"Umbrella_purple","floor":5},{"not_picked":["SharpContractionReality_purple","Mirror_FormAndEmptin_purple"],"picked":"Boundary_of_Extermination_purpleEX","floor":7},{"not_picked":["Shallow_ocean_purpleEX","Charmbait_purple"],"picked":"Theboundaryofcreation_purpleEX","floor":8},{"not_picked":["SfantasyHide_purple","Mirror_WaveAndshot_purple"],"picked":"DimensionStaggered_purple","floor":10},{"not_picked":["Mirror_FormAndEmptin_purple","Boundary_LightAndDark_purple"],"picked":"StateErode_purple","floor":13},{"not_picked":["Bait_HighSpeedFlying_purple","Mirror_FormAndEmptin_purple"],"picked":"Charmbait_purple","floor":14},{"not_picked":["Boundary_LifeAndDeath_purple","D_absorption_purple"],"picked":"GluttonyofRealm_purpleEX","floor":16},{"not_picked":["Charmbait_purple","WeekHit_purple"],"picked":"Shallow_ocean_purpleEX+1","floor":18},{"not_picked":["OmniscientAndOmnipotent_Monster_purple","DimensionStaggered_purple+1"],"picked":"Photoelasticity_Doppler_Effect_purple","floor":23},{"not_picked":["Umbrella_purple","Mirror_FormAndEmptin_purple"],"picked":"StateDuplicate_purple","floor":24},{"not_picked":["ButterflyHabitatTemple_purple+1","SharpContractionReality_purple"],"picked":"DimensionStaggered_purple+1","floor":28},{"not_picked":["Mirror_FourBoundary_purple","OpenedBox_purple"],"picked":"Worldmountain_purple+1","floor":30},{"not_picked":["Mirror_FormAndEmptin_purple","ExistenceContinue_purple"],"picked":"Bait_HighSpeedFlying_purple+1","floor":31},{"not_picked":["D_absorption_purple","Boundary_LifeAndDeath_purple"],"picked":"GluttonyofRealm_purpleEX","floor":33},{"not_picked":["ExistenceContinue_purple+1","SfantasyHide_purple"],"picked":"Line_surface_state_purple+1","floor":35},{"not_picked":["StateDuplicate_purple","Worldmountain_purple"],"picked":"PurpleNeedle_purple","floor":36},{"not_picked":["WingOfChimera_purple","RuleDissolution_purple+1"],"picked":"WatchEChange_purple+1","floor":38},{"not_picked":["Shallow_ocean_purpleEX","SfantasyHide_purple"],"picked":"Yakumo_Ran_purple+1","floor":39},{"not_picked":["RuleDissolution_purple+1","SfantasyHide_purple+1"],"picked":"Photoelasticity_Doppler_Effect_purple+1","floor":41},{"not_picked":["StateErode_purple","BarrageBoundary_PipeDream_purple"],"picked":"Anti_communist_purple","floor":44},{"not_picked":["Chrysalis","Secret Weapon"],"picked":"The Bomb","floor":48},{"not_picked":["Finesse","Replay:Sssssssssstrike"],"picked":"Replay:Dark Deal","floor":48},{"not_picked":["Replay:Sssssssssstrike","Blind"],"picked":"Replay:Dark Deal","floor":48}],"player_experience":65001,"relics_obtained":[{"floor":8,"key":"hubris:Reverence"},{"floor":9,"key":"HollowMod:PaleOreRelic"},{"floor":23,"key":"Darkstone Periapt"},{"floor":25,"key":"Vajra"},{"floor":26,"key":"Strawberry"},{"floor":43,"key":"Bronze Scales"},{"floor":44,"key":"Gremlin Food"}],"event_choices":[{"damage_healed":0,"gold_gain":0,"player_choice":"Got Potions","damage_taken":0,"max_hp_gain":0,"max_hp_loss":0,"event_name":"Lab","floor":3,"gold_loss":0},{"damage_healed":0,"gold_gain":0,"player_choice":"Ignored","damage_taken":0,"max_hp_gain":0,"max_hp_loss":0,"event_name":"Purifier","floor":12,"gold_loss":0},{"damage_healed":0,"gold_gain":0,"player_choice":"Obtained Relic","damage_taken":0,"relics_obtained":["War Paint"],"max_hp_gain":0,"max_hp_loss":0,"event_name":"Addict","floor":19,"gold_loss":85},{"damage_healed":0,"gold_gain":0,"player_choice":"Ignored","damage_taken":0,"max_hp_gain":0,"max_hp_loss":0,"event_name":"Vampires","floor":20,"gold_loss":0},{"damage_healed":0,"gold_gain":0,"player_choice":"Ignored","damage_taken":0,"max_hp_gain":0,"max_hp_loss":0,"event_name":"Ghosts","floor":21,"gold_loss":0},{"damage_healed":0,"gold_gain":0,"player_choice":"Bought 2 Potions","damage_taken":0,"max_hp_gain":0,"max_hp_loss":0,"event_name":"The Woman in Blue","floor":37,"gold_loss":0}],"is_beta":false,"boss_relics":[{"not_picked":["Busted Crown","Replay:Wanted Poster"],"picked":"ChewingGum"},{"not_picked":["Honey Jar","SacredBark"],"picked":"SlaversCollar"}],"items_purged_floors":[],"is_endless":false,"potions_floor_spawned":[1,7,10,16,18,23,30,36,39,44],"ascension_level":0}}