{"host":"oehe2dxjvdgux73m","time":1610865826,"event":{"mods":["AchievementEnabler","BaseMod","Colored Map","Colored Powertips","DeckTracker","Keyboard Shortcuts","Minty Spire (QoL Compilation)","Permanent Neow","Quick Restart","StSLib","SuperFastMode"],"gold_per_floor":[365,381,396,45,45,45,45,57,69,81,243,330,361,373,385,471,483,515,527,552,564,623,635,667,695,707,719,731,731],"floor_reached":28,"language":"KOR","playtime":727,"items_purged":[],"score":412,"play_id":"1a1dd31a-4d96-4780-8721-81b282ba4e0a","local_time":"20210117154346","is_ascension_mode":true,"campfire_choices":[{"floor":6.0,"key":"REST"},{"floor":10.0,"key":"REST"},{"floor":15.0,"key":"REST"},{"floor":23.0,"key":"REST"},{"floor":27.0,"key":"REST"}],"circlet_count":0,"master_deck":["AscendersBane","Strike_G","Strike_G","Strike_G","Strike_G","Defend_G","Defend_G","Defend_G","Defend_G","Defend_G","Survivor","Neutralize","Poisoned Stab+1","Catalyst","Bane","Apotheosis+1","Doubt","Deflect","Burst","CurseOfTheBell","Dash","Backflip","Deadly Poison","Backstab","Dagger Spray"],"relics":["Ring of the Snake","TwistedFunnel","MawBank","Calling Bell","Lantern","Shuriken","Lizard Tail","Dream Catcher","InkBottle"],"acts_visited":["Exordium","TheCity"],"potions_floor_usage":[],"damage_taken":[{"damage":9.0,"enemies":"Jaw Worm","floor":1.0,"turns":7.0},{"damage":7.0,"enemies":"Small Slimes","floor":2.0,"turns":5.0},{"damage":1.0,"enemies":"Cultist","floor":3.0,"turns":4.0},{"damage":9.0,"enemies":"Gremlin Gang","floor":13.0,"turns":4.0},{"damage":26.0,"enemies":"The Guardian","floor":16.0,"turns":10.0},{"damage":25.0,"enemies":"3 Byrds","floor":18.0,"turns":8.0},{"damage":25.0,"enemies":"Chosen","floor":20.0,"turns":7.0},{"damage":1.0,"enemies":"Centurion and Healer","floor":24.0,"turns":7.0},{"damage":51.0,"enemies":"3 Cultists","floor":25.0,"turns":7.0},{"damage":24,"enemies":"Shelled Parasite and Fungi","floor":28,"turns":2}],"seed_played":"7139137839092530733","potions_obtained":[{"floor":1.0,"key":"CunningPotion"},{"floor":16.0,"key":"Strength Potion"},{"floor":24.0,"key":"Dexterity Potion"}],"is_trial":false,"path_per_floor":["M","M","M","$","?","R","?","?","T","R","?","?","M","$","R","B",null,"M","?","M","$","T","R","M","M","T","R","M"],"character_chosen":"THE_SILENT","items_purchased":["Apotheosis","TwistedFunnel"],"campfire_rested":5,"item_purchase_floors":[4,4],"current_hp_per_floor":[35,28,27,27,7,26,26,19,19,38,38,27,18,18,37,11,52,27,27,2,2,2,21,20,2,2,21,0,0],"gold":731,"neow_bonus":"TWO_FIFTY_GOLD","is_daily":false,"chose_seed":false,"campfire_upgraded":0,"win_rate":0.0,"timestamp":1610865826,"path_taken":["M","M","M","$","?","R","?","?","T","R","?","?","M","$","R","BOSS","M","?","M","$","?","R","?","M","T","R","M"],"items_purchased_type":["Card","Relic"],"build_version":"2020-12-22","purchased_purges":0,"victory":false,"max_hp_per_floor":[66,66,66,66,66,66,66,66,66,66,66,66,66,66,66,66,66,66,66,66,66,66,66,66,66,66,66,66,66],"card_choices":[{"not_picked":["Accuracy","Quick Slash"],"picked":"Poisoned Stab","floor":1.0},{"not_picked":["Accuracy","Dodge and Roll"],"picked":"Catalyst","floor":2.0},{"not_picked":["Prepared","Flying Knee"],"picked":"Bane","floor":3.0},{"not_picked":["Expertise","Acrobatics"],"picked":"Deflect","floor":13.0},{"not_picked":["Tools of the Trade","Phantasmal Killer"],"picked":"Burst","floor":16.0},{"not_picked":["Prepared","Dagger Throw","Masterful Stab"],"picked":"SKIP","floor":18.0},{"not_picked":["Escape Plan","Dagger Spray"],"picked":"Dash","floor":20.0},{"not_picked":["Dagger Spray","Acrobatics"],"picked":"Backflip","floor":23.0},{"not_picked":["Backflip","Infinite Blades"],"picked":"Deadly Poison","floor":24.0},{"not_picked":["Dodge and Roll","Cloak And Dagger"],"picked":"Backstab","floor":25.0},{"not_picked":["Slice","Expertise+1"],"picked":"Dagger Spray","floor":27.0}],"player_experience":258020,"relics_obtained":[{"floor":17.0,"key":"Lantern"},{"floor":17.0,"key":"Shuriken"},{"floor":17.0,"key":"Lizard Tail"},{"floor":22.0,"key":"Dream Catcher"},{"floor":26.0,"key":"InkBottle"}],"event_choices":[{"damage_healed":0.0,"max_hp_gain":0.0,"max_hp_loss":0.0,"gold_gain":0.0,"event_name":"Shining Light","player_choice":"Entered Light","floor":5.0,"gold_loss":0.0,"damage_taken":20.0,"cards_upgraded":["Apotheosis","Poisoned Stab"]},{"damage_healed":0.0,"max_hp_gain":0.0,"max_hp_loss":0.0,"gold_gain":0.0,"event_name":"Dead Adventurer","player_choice":"Searched \u00272\u0027 times","floor":7.0,"gold_loss":0.0,"damage_taken":0.0,"relics_obtained":["MawBank"]},{"cards_removed":["Strike_G"],"damage_healed":0.0,"max_hp_gain":0.0,"max_hp_loss":0.0,"gold_gain":0.0,"event_name":"Golden Wing","player_choice":"Card Removal","floor":8.0,"gold_loss":0.0,"damage_taken":7.0},{"damage_healed":0.0,"max_hp_gain":0.0,"max_hp_loss":0.0,"gold_gain":150.0,"event_name":"Liars Game","player_choice":"AGREE","floor":11.0,"gold_loss":0.0,"damage_taken":0.0,"cards_obtained":["Doubt"]},{"damage_healed":0.0,"max_hp_gain":0.0,"max_hp_loss":0.0,"gold_gain":75.0,"event_name":"World of Goop","player_choice":"Gather Gold","floor":12.0,"gold_loss":0.0,"damage_taken":11.0},{"damage_healed":0.0,"max_hp_gain":0.0,"max_hp_loss":0.0,"gold_gain":0.0,"event_name":"FaceTrader","player_choice":"Leave","floor":19.0,"gold_loss":0.0,"damage_taken":0.0}],"is_beta":false,"boss_relics":[{"not_picked":["SlaversCollar","Runic Pyramid"],"picked":"Calling Bell"}],"items_purged_floors":[],"is_endless":false,"potions_floor_spawned":[1,16,24],"killed_by":"Shelled Parasite and Fungi","ascension_level":20}}