{"host":"8d3fefv2347kqkpz","time":1610867144,"event":{"mods":["100% Spire Juice","BaseMod","Better Vampires","Colored Map","Minty Spire (QoL Compilation)","Quick Restart","Replay The Spire","StSLib","The Gatherer","Waifu the Spire"],"gold_per_floor":[110,121,131,56,56,89,89,89,89,89,100,0,23,34,34,133,133,146,146,86,104,117,117,117,117],"floor_reached":24,"language":"ZHS","playtime":751,"items_purged":["Dualcast","Zap"],"score":221,"play_id":"29443ee5-c914-45bb-830a-3136a4e6c39d","local_time":"20210117150544","is_ascension_mode":false,"campfire_choices":[{"floor":10.0,"key":"REST"},{"floor":15.0,"key":"REST"},{"floor":23,"key":"REST"}],"circlet_count":0,"master_deck":["Streamline+1","Leap","Sweeping Beam","Sweeping Beam","Seek","White Noise","Reprogram","ReplayTheSpireMod:GoodbyeWorld","Electrodynamics","ReplayTheSpireMod:Omega Cannon","Consume","ReplayGash"],"relics":["SacredBark","Girya","Pear","Durian","MealTicket","Pandora\u0027s Box"],"acts_visited":["Exordium","TheCity"],"potions_floor_usage":[],"damage_taken":[{"damage":4.0,"enemies":"Cultist","floor":1.0,"turns":4.0},{"damage":0.0,"enemies":"2 Louse","floor":2.0,"turns":2.0},{"damage":6.0,"enemies":"Jaw Worm","floor":3.0,"turns":4.0},{"damage":29.0,"enemies":"3 Sentries","floor":6.0,"turns":8.0},{"damage":5.0,"enemies":"Looter","floor":11.0,"turns":4.0},{"damage":2.0,"enemies":"Blue Slaver","floor":14.0,"turns":4.0},{"damage":40,"enemies":"The Guardian","floor":16,"turns":15},{"damage":37,"enemies":"Chosen","floor":18,"turns":7},{"damage":11,"enemies":"Shell Parasite","floor":21,"turns":6},{"damage":38,"enemies":"3 Cultists","floor":22,"turns":5},{"damage":31,"enemies":"Snake Plant","floor":24,"turns":2}],"seed_played":"-714825691748663698","potions_obtained":[{"floor":2.0,"key":"ColorlessPotion"},{"floor":14.0,"key":"Venom Potion"},{"floor":16,"key":"Energy Potion"},{"floor":18,"key":"Fire Potion"}],"is_trial":false,"path_per_floor":["M","M","M","$","?","E","$","?","T","R","M","$","T","M","R","B",null,"M","?","?","M","M","R","M"],"character_chosen":"DEFECT","items_purchased":[],"campfire_rested":3,"item_purchase_floors":[],"current_hp_per_floor":[71,71,65,65,65,36,36,34,39,66,61,61,61,59,86,46,90,53,53,53,42,4,31,0,0],"gold":117,"neow_bonus":"BOSS_RELIC","is_daily":false,"chose_seed":false,"campfire_upgraded":0,"win_rate":0.0,"timestamp":1610867144,"path_taken":["M","?","M","$","?","E","?","?","T","R","M","$","?","M","R","BOSS","M","?","?","M","M","R","M"],"items_purchased_type":[],"build_version":"2020-12-22","purchased_purges":2,"victory":false,"max_hp_per_floor":[75,75,75,75,75,75,75,85,90,90,90,90,90,90,90,90,90,90,90,90,90,90,90,90,90],"card_choices":[{"not_picked":["Cold Snap","Time Bomb","Ball Lightning"],"picked":"SKIP","floor":1.0},{"not_picked":["ReplayTheSpireMod:Calculation Training","Conserve Battery"],"picked":"Streamline","floor":2.0},{"not_picked":["Redo","Beam Cell","Streamline"],"picked":"SKIP","floor":3.0},{"not_picked":["Consume","Barrage","Crystallizer"],"picked":"SKIP","floor":6.0},{"not_picked":["Panic Button","Storm"],"picked":"Leap","floor":11.0},{"not_picked":["White Noise","Barrage"],"picked":"Sweeping Beam","floor":14.0},{"not_picked":["Sweeping Beam","Beam Cell","Stack"],"picked":"SKIP","floor":18},{"not_picked":["ReplaySort","Rip and Tear","Storm"],"picked":"SKIP","floor":21},{"not_picked":["Streamline","Self Repair"],"picked":"ReplayGash","floor":22}],"player_experience":76133,"relics_obtained":[{"floor":6.0,"key":"Girya"},{"floor":9.0,"key":"Durian"},{"floor":13.0,"key":"MealTicket"}],"event_choices":[{"damage_healed":0.0,"max_hp_gain":0.0,"max_hp_loss":0.0,"gold_gain":0.0,"event_name":"Accursed Blacksmith","player_choice":"Forge","floor":5.0,"gold_loss":0.0,"damage_taken":0.0,"cards_upgraded":["Streamline"]},{"damage_healed":0.0,"max_hp_gain":0.0,"max_hp_loss":0.0,"gold_gain":0.0,"event_name":"Scrap Ooze","player_choice":"Success","floor":8.0,"gold_loss":0.0,"damage_taken":12.0,"relics_obtained":["Pear"]},{"damage_healed":0,"gold_gain":0,"cards_transformed":["ReplayRNGCard","ReplayRNGCard"],"player_choice":"Became Test Subject","damage_taken":0,"max_hp_gain":0,"max_hp_loss":0,"event_name":"Drug Dealer","floor":19,"gold_loss":0,"cards_obtained":["ReplayTheSpireMod:Omega Cannon","Consume"]}],"is_beta":false,"boss_relics":[{"not_picked":["Astrolabe","Coffee Dripper"],"picked":"Pandora\u0027s Box"}],"items_purged_floors":[4,12],"is_endless":false,"potions_floor_spawned":[2,14,16,18],"killed_by":"Snake Plant","ascension_level":0}}