{"host":"7l2t4psy44vpcd9q","time":1610904889,"event":{"mods":["AchievementEnabler","BaseMod","DeckTracker","Minty Spire (QoL Compilation)","SuperFastMode"],"gold_per_floor":[118,131,149,163,163,163,128,141,141,156,156,156,191,203,203,280,280,296,266,282,302,313,313,327,357,357,407,33,33,44,69,69,143,143,159,47,64,82,82,82,82,82],"floor_reached":41,"language":"KOR","playtime":2143,"items_purged":["Strike_B"],"score":949,"play_id":"3a05c55b-df3b-4ba7-b317-fe64429ee700","local_time":"20210118023449","is_ascension_mode":true,"campfire_choices":[{"data":"Chaos","floor":6,"key":"SMITH"},{"data":"Beam Cell","floor":11,"key":"SMITH"},{"data":"Ball Lightning","floor":15,"key":"SMITH"},{"data":"Defragment","floor":23,"key":"SMITH"},{"data":"Hologram","floor":29,"key":"SMITH"},{"floor":32,"key":"REST"},{"data":"Reboot","floor":40,"key":"SMITH"}],"circlet_count":0,"master_deck":["AscendersBane","Strike_B","Strike_B","Strike_B","Defend_B","Defend_B","Defend_B","Zap","Dualcast","Gash","Auto Shields","Self Repair","Chaos+1","Sweeping Beam","Beam Cell+1","Defragment+1","Ball Lightning+1","All For One","Hologram+1","Rebound","Glacier","Reboot","FTL","BootSequence","Defragment","Gash","Good Instincts","Go for the Eyes","Coolheaded","Reboot+1","Chill","Coolheaded","Go for the Eyes","Gash+1","Madness","Madness"],"relics":["Runic Pyramid","Shuriken","Mummified Hand","Mercury Hourglass","SacredBark","Strawberry","Bottled Tornado","Prayer Wheel","Nuclear Battery"],"acts_visited":["Exordium","TheCity","TheBeyond"],"potions_floor_usage":[13,16,16,20,25,25,31,31,31,33,35,38],"damage_taken":[{"damage":1,"enemies":"2 Louse","floor":1,"turns":3},{"damage":11,"enemies":"Small Slimes","floor":2,"turns":4},{"damage":1,"enemies":"Cultist","floor":3,"turns":4},{"damage":7,"enemies":"Blue Slaver","floor":4,"turns":6},{"damage":13,"enemies":"Large Slime","floor":8,"turns":5},{"damage":10,"enemies":"3 Louse","floor":10,"turns":4},{"damage":11,"enemies":"Lagavulin","floor":13,"turns":7},{"damage":0,"enemies":"Lots of Slimes","floor":14,"turns":2},{"damage":17,"enemies":"Slime Boss","floor":16,"turns":7},{"damage":20,"enemies":"3 Byrds","floor":18,"turns":4},{"damage":8,"enemies":"Chosen","floor":20,"turns":4},{"damage":18,"enemies":"3 Cultists","floor":21,"turns":5},{"damage":11,"enemies":"Centurion and Healer","floor":22,"turns":8},{"damage":4,"enemies":"Cultist and Chosen","floor":24,"turns":8},{"damage":25,"enemies":"Book of Stabbing","floor":25,"turns":5},{"damage":0,"enemies":"Snecko","floor":30,"turns":6},{"damage":27,"enemies":"Slavers","floor":31,"turns":4},{"damage":8,"enemies":"Champ","floor":33,"turns":7},{"damage":23,"enemies":"Orb Walker","floor":35,"turns":4},{"damage":3,"enemies":"3 Shapes","floor":37,"turns":7},{"damage":15,"enemies":"Maw","floor":38,"turns":10},{"damage":45,"enemies":"Reptomancer","floor":41,"turns":3}],"seed_played":"-9222961422283456651","potions_obtained":[{"floor":2,"key":"ColorlessPotion"},{"floor":10,"key":"Fruit Juice"},{"floor":13,"key":"SteroidPotion"},{"floor":14,"key":"PotionOfCapacity"},{"floor":19,"key":"SneckoOil"},{"floor":19,"key":"Regen Potion"},{"floor":22,"key":"Block Potion"},{"floor":31,"key":"CultistPotion"},{"floor":33,"key":"ColorlessPotion"},{"floor":37,"key":"Weak Potion"}],"is_trial":false,"path_per_floor":["M","M","M","M","?","R","?","M","T","M","R","?","E","M","R","B",null,"M","?","M","M","M","R","M","E","T","?","$","R","M","E","R","B",null,"M","$","M","M","?","R","E"],"character_chosen":"DEFECT","items_purchased":["Defragment","Gash","Good Instincts","EntropicBrew","CultistPotion"],"campfire_rested":1,"item_purchase_floors":[28,28,28,28,36],"current_hp_per_floor":[63,52,51,51,44,44,61,55,55,52,52,52,53,53,53,43,68,55,55,64,53,49,49,52,41,41,41,41,41,48,28,52,51,75,59,59,63,55,40,40,0,0],"gold":82,"neow_bonus":"BOSS_RELIC","is_daily":false,"chose_seed":false,"campfire_upgraded":6,"win_rate":0.0,"timestamp":1610904889,"path_taken":["M","M","M","M","?","R","?","M","T","M","R","?","E","M","R","BOSS","M","?","?","M","M","R","M","E","T","?","$","R","M","E","R","BOSS","M","$","M","M","?","R","E"],"items_purchased_type":["Card","Card","Card","Potion","Potion"],"build_version":"2020-12-22","purchased_purges":1,"victory":false,"max_hp_per_floor":[71,71,71,71,71,71,71,71,71,71,71,71,76,76,76,76,76,76,76,76,76,76,76,76,83,83,83,83,83,83,83,83,83,83,83,83,83,83,83,83,83,83],"card_choices":[{"not_picked":["Coolheaded","Conserve Battery"],"picked":"Gash","floor":1},{"not_picked":["Steam","Stack"],"picked":"Auto Shields","floor":2},{"not_picked":["Steam","Turbo"],"picked":"Self Repair","floor":3},{"not_picked":["Redo","Storm"],"picked":"Chaos","floor":4},{"not_picked":["Barrage","Steam"],"picked":"Sweeping Beam","floor":8},{"not_picked":["Barrage","Leap"],"picked":"Beam Cell","floor":10},{"not_picked":["Machine Learning","Beam Cell"],"picked":"Defragment","floor":13},{"not_picked":["Beam Cell","Conserve Battery"],"picked":"Ball Lightning","floor":14},{"not_picked":["Creative AI","Buffer"],"picked":"All For One","floor":16},{"not_picked":["Streamline","Stack"],"picked":"Hologram","floor":18},{"not_picked":["Sweeping Beam","Hello World"],"picked":"Rebound","floor":20},{"not_picked":["Compile Driver","Static Discharge"],"picked":"Glacier","floor":21},{"not_picked":["Aggregate","Compile Driver"],"picked":"Reboot","floor":22},{"not_picked":["Ball Lightning","Steam"],"picked":"FTL","floor":24},{"not_picked":["Rip and Tear","Steam Power"],"picked":"BootSequence","floor":25},{"not_picked":["Steam","Cold Snap"],"picked":"Go for the Eyes","floor":30},{"not_picked":["Lockon","Rebound"],"picked":"Coolheaded","floor":31},{"not_picked":["Multi-Cast","Creative AI"],"picked":"Reboot","floor":33},{"not_picked":["Go for the Eyes","Cold Snap+1"],"picked":"Chill","floor":35},{"not_picked":["Steam+1","Cold Snap"],"picked":"Coolheaded","floor":35},{"not_picked":["Compile Driver","Consume"],"picked":"Go for the Eyes","floor":37},{"not_picked":["Redo","Barrage+1","Steam"],"picked":"SKIP","floor":37},{"not_picked":["Sweeping Beam+1","Hologram"],"picked":"Gash+1","floor":38},{"not_picked":["Cold Snap","Static Discharge","Ball Lightning"],"picked":"SKIP","floor":38}],"player_experience":1248760,"relics_obtained":[{"floor":9,"key":"Shuriken"},{"floor":13,"key":"Mercury Hourglass"},{"floor":25,"key":"Strawberry"},{"floor":26,"key":"Bottled Tornado"},{"floor":31,"key":"Prayer Wheel"}],"event_choices":[{"cards_removed":["Defend_B"],"damage_healed":0,"gold_gain":0,"player_choice":"Card Removal","damage_taken":7,"max_hp_gain":0,"max_hp_loss":0,"event_name":"Golden Wing","floor":5,"gold_loss":0},{"damage_healed":17,"gold_gain":0,"player_choice":"Healed","damage_taken":0,"max_hp_gain":0,"max_hp_loss":0,"event_name":"The Cleric","floor":7,"gold_loss":35},{"damage_healed":0,"gold_gain":0,"player_choice":"Searched \u00271\u0027 times","damage_taken":0,"relics_obtained":["Mummified Hand"],"max_hp_gain":0,"max_hp_loss":0,"event_name":"Dead Adventurer","floor":12,"gold_loss":0},{"damage_healed":0,"gold_gain":0,"player_choice":"Bought 2 Potions","damage_taken":0,"max_hp_gain":0,"max_hp_loss":0,"event_name":"The Woman in Blue","floor":19,"gold_loss":0},{"damage_healed":0,"gold_gain":50,"player_choice":"Stole From Cult","damage_taken":0,"max_hp_gain":0,"max_hp_loss":0,"event_name":"Nest","floor":27,"gold_loss":0},{"damage_healed":0,"gold_gain":0,"player_choice":"Embrace Madness","damage_taken":15,"max_hp_gain":0,"max_hp_loss":0,"event_name":"Winding Halls","floor":39,"gold_loss":0,"cards_obtained":["Madness","Madness"]}],"is_beta":false,"boss_relics":[{"not_picked":["Philosopher\u0027s Stone","Fusion Hammer"],"picked":"SacredBark"},{"not_picked":["Pandora\u0027s Box","Busted Crown"],"picked":"Nuclear Battery"}],"items_purged_floors":[28],"is_endless":false,"potions_floor_spawned":[2,10,13,14,22,24,31,33,37],"killed_by":"Reptomancer","ascension_level":20}}