{"host":"0bqebwv4xgw84x98","time":1610869822,"event":{"mods":["2.2 Compatiblity","Act Like it!","Aspiration","BaseMod","Conspire","Gold Saver","Googly Eyes","GungeonMod","Minty Spire (QoL Compilation)","Pale of the Ancients","Quick Restart","Rare Cards Sparkle","Relic Stats","Replay The Spire","Shop Mod","StSLib","Synergy Search","TestMod","The IronCluck","[IsaacMod]ÒÔÈö¼âËþ","thorton","óô»ðÖ¸ÄÏ"],"gold_per_floor":[337,487,498,512,437,466,466,495,546,556,568,598,613,96,96,96,96],"floor_reached":16,"language":"ZHS","playtime":469,"items_purged":["Strike_B"],"score":244,"play_id":"707eada5-bc74-4983-b874-d517e9478a3f","local_time":"20210117155022","is_ascension_mode":true,"campfire_choices":[{"data":"White Noise","floor":7.0,"key":"SMITH"},{"floor":15.0,"key":"REST"}],"circlet_count":0,"master_deck":["AscendersBane","Strike_B","Strike_B","Strike_B","Defend_B","Defend_B","Defend_B","Defend_B","Zap","Dualcast","DoctorFetus","White Noise+1","Turbo","Machine Learning","Sweeping Beam","Gash","Sunder","Conserve Battery","FIFO Queue","Turbo"],"relics":["Cracked Core","testmod-TestBox","HushsDoor","testmod-ThousandKnives","MoneyPower","NeowsBlessing","Pet Ghost","Mummified Hand","Omamori","Replay:WaspNest","ForgetMeNow"],"acts_visited":["Exordium"],"potions_floor_usage":[],"damage_taken":[{"damage":0.0,"enemies":"2 Louse","floor":1.0,"turns":1.0},{"damage":0.0,"enemies":"Jaw Worm","floor":3.0,"turns":1.0},{"damage":0.0,"enemies":"Cultist","floor":4.0,"turns":1.0},{"damage":23.0,"enemies":"Lagavulin","floor":6.0,"turns":7.0},{"damage":10.0,"enemies":"3 Sentries","floor":8.0,"turns":6.0},{"damage":6.0,"enemies":"Exordium Wildlife","floor":10.0,"turns":4.0},{"damage":8.0,"enemies":"Looter","floor":11.0,"turns":2.0},{"damage":10.0,"enemies":"Gremlin Nob","floor":12.0,"turns":3.0},{"damage":0.0,"enemies":"Large Slime","floor":13.0,"turns":2.0},{"damage":32,"enemies":"The Guardian","floor":16,"turns":5}],"seed_played":"5735087989983529538","potions_obtained":[{"floor":1.0,"key":"Reflective Coating"},{"floor":4.0,"key":"Dexterity Potion"},{"floor":6.0,"key":"Block Potion"},{"floor":10.0,"key":"Ancient Potion"},{"floor":12.0,"key":"SteroidPotion"}],"is_trial":false,"path_per_floor":["M","?","M","M","?","E","R","E","T","M","M","E","M","$","R","B"],"character_chosen":"DEFECT","items_purchased":["ForgetMeNow","FIFO Queue","Turbo"],"campfire_rested":1,"item_purchase_floors":[14,14,14],"current_hp_per_floor":[64,64,64,64,64,41,41,31,31,25,17,7,7,7,28,0,0],"gold":96,"neow_bonus":"THREE_ENEMY_KILL","is_daily":false,"chose_seed":false,"campfire_upgraded":1,"win_rate":0.0,"timestamp":1610869822,"path_taken":["M","?","M","M","?","E","R","E","T","M","M","E","M","$","R","BOSS"],"items_purchased_type":["Relic","Card","Card"],"build_version":"2020-12-22","purchased_purges":1,"victory":false,"max_hp_per_floor":[71,71,71,71,71,71,71,71,71,71,71,71,71,71,71,71,71],"relic_stats":{"counters":[10,32],"Mummified Hand":[11],"obtain_stats":[{"KeepersGift":0,"testmod-TestBox":0,"NeowsBlessing":0,"DemoMod:GlassGuonStoneRelic":1,"Replay:WaspNest":12,"MoneyPower":0,"Omamori":9,"Pet Ghost":6,"Mummified Hand":8,"ForgetMeNow":14,"testmod-ThousandKnives":0,"Cracked Core":0,"HushsDoor":0},{"KeepersGift":0,"testmod-TestBox":0,"NeowsBlessing":0,"DemoMod:GlassGuonStoneRelic":1,"Replay:WaspNest":8,"MoneyPower":0,"Omamori":5,"Pet Ghost":4,"Mummified Hand":5,"ForgetMeNow":9,"testmod-ThousandKnives":0,"Cracked Core":0,"HushsDoor":0},{"KeepersGift":0,"testmod-TestBox":0,"NeowsBlessing":0,"DemoMod:GlassGuonStoneRelic":1,"Replay:WaspNest":25,"MoneyPower":0,"Omamori":16,"Pet Ghost":10,"Mummified Hand":16,"ForgetMeNow":27,"testmod-ThousandKnives":0,"Cracked Core":0,"HushsDoor":0}]},"card_choices":[{"not_picked":[],"picked":"DoctorFetus","floor":0.0},{"not_picked":["Leap","ReplaySort","Panic Button"],"picked":"SKIP","floor":1.0},{"not_picked":["Streamline","Compile Driver"],"picked":"White Noise","floor":3.0},{"not_picked":["Bomb","Beam Cell"],"picked":"Turbo","floor":4.0},{"not_picked":["Barrage","Seek"],"picked":"Machine Learning","floor":6.0},{"not_picked":["Rebound","Steam"],"picked":"Sweeping Beam","floor":8.0},{"not_picked":["Sweeping Beam","Beam Cell"],"picked":"Gash","floor":10.0},{"not_picked":["Stack","Redo","ReplayGash"],"picked":"SKIP","floor":11.0},{"not_picked":["Compile Driver","Gash"],"picked":"Sunder","floor":12.0},{"not_picked":["Distribution","Auto Shields"],"picked":"Conserve Battery","floor":13.0}],"player_experience":902478,"relics_obtained":[{"floor":6.0,"key":"Pet Ghost"},{"floor":8.0,"key":"Mummified Hand"},{"floor":9.0,"key":"Omamori"},{"floor":12.0,"key":"Replay:WaspNest"}],"event_choices":[{"damage_healed":0.0,"max_hp_gain":0.0,"max_hp_loss":0.0,"gold_gain":150.0,"event_name":"Liars Game","player_choice":"AGREE","floor":2.0,"gold_loss":0.0,"damage_taken":0.0,"cards_obtained":["Doubt"]},{"cards_removed":["Doubt"],"damage_healed":0.0,"max_hp_gain":0.0,"max_hp_loss":0.0,"gold_gain":0.0,"event_name":"The Cleric","player_choice":"Card Removal","floor":5.0,"gold_loss":75.0,"damage_taken":0.0}],"is_beta":false,"boss_relics":[],"items_purged_floors":[14],"is_endless":false,"potions_floor_spawned":[1,4,6,10,12],"killed_by":"The Guardian","ascension_level":20}}