{"host":"7qoz5gmva6til3yp","time":1610868840,"event":{"mods":["AchievementEnabler","BaseMod","Minty Spire (QoL Compilation)","Replay The Spire","StSLib","SuperFastMode"],"gold_per_floor":[112,129,24,66,85,116,116,116,116,116,130,130,140,151,151,151,151],"floor_reached":16,"language":"KOR","playtime":376,"items_purged":["Strike_R"],"score":194,"play_id":"4e0b9fca-7920-4c07-80e1-f776816d9eb5","local_time":"20210117163400","is_ascension_mode":true,"campfire_choices":[{"data":"Armaments","floor":8,"key":"SMITH"},{"data":"Heavy Blade","floor":10,"key":"SMITH"},{"data":"Blood for Blood","floor":12,"key":"SMITH"}],"circlet_count":0,"master_deck":["AscendersBane","Strike_R","Strike_R","Strike_R","Defend_R","Defend_R","Defend_R","Defend_R","Bash","Battle Trance","Flex","Heavy Blade+1","Blood for Blood+1","Armaments+1","Clash+1","Cleave"],"relics":["Burning Blood","NeowsBlessing","Meat on the Bone","Nunchaku"],"acts_visited":["Exordium"],"potions_floor_usage":[6],"damage_taken":[{"damage":0,"enemies":"Cultist","floor":1,"turns":1},{"damage":0,"enemies":"Small Slimes","floor":2,"turns":1},{"damage":0,"enemies":"Jaw Worm","floor":5,"turns":2},{"damage":32,"enemies":"Gremlin Nob","floor":6,"turns":4},{"damage":12,"enemies":"Looter","floor":11,"turns":3},{"damage":8,"enemies":"Lots of Slimes","floor":13,"turns":5},{"damage":14,"enemies":"Blue Slaver","floor":14,"turns":4},{"damage":557,"enemies":"Fading Forest","floor":16,"turns":10}],"seed_played":"541489333280061246","potions_obtained":[{"floor":5,"key":"AttackPotion"},{"floor":6,"key":"BlessingOfTheForge"},{"floor":11,"key":"Venom Potion"}],"is_trial":false,"path_per_floor":["M","M","$","$","M","E","?","R","T","R","M","R","M","M","R","B"],"character_chosen":"IRONCLAD","items_purchased":["Flex","Heavy Blade"],"campfire_rested":0,"item_purchase_floors":[3,4],"current_hp_per_floor":[74,75,75,75,75,49,49,49,49,49,55,55,53,45,67,0,0],"gold":151,"neow_bonus":"THREE_ENEMY_KILL","is_daily":false,"chose_seed":false,"campfire_upgraded":3,"win_rate":0.0,"timestamp":1610868840,"path_taken":["M","M","?","$","?","E","?","R","T","R","M","R","M","?","R","BOSS"],"items_purchased_type":["Card","Card"],"build_version":"2020-12-22","purchased_purges":1,"victory":false,"max_hp_per_floor":[75,75,75,75,75,75,75,75,75,75,75,75,75,75,75,75,75],"card_choices":[{"not_picked":["Body Slam","Run Through","True Grit"],"picked":"SKIP","floor":1},{"not_picked":["Twin Strike","Run Through"],"picked":"Battle Trance","floor":2},{"not_picked":["Wild Strike","Clash"],"picked":"Blood for Blood","floor":5},{"not_picked":["Twin Strike","Perfected Strike"],"picked":"Armaments","floor":6},{"not_picked":["Battle Trance","Dropkick","Searing Blow"],"picked":"SKIP","floor":11},{"not_picked":["Body Slam","Iron Wave","ReplayReversal"],"picked":"SKIP","floor":13},{"not_picked":["Body Slam","Thunderclap"],"picked":"Cleave","floor":14}],"player_experience":369919,"relics_obtained":[{"floor":6,"key":"Meat on the Bone"},{"floor":9,"key":"Nunchaku"}],"event_choices":[{"damage_healed":0,"gold_gain":0,"cards_transformed":["Strike_R"],"player_choice":"Transformed","damage_taken":0,"max_hp_gain":0,"max_hp_loss":0,"event_name":"Transmorgrifier","floor":7,"gold_loss":0,"cards_obtained":["Clash"]}],"is_beta":false,"boss_relics":[],"items_purged_floors":[3],"is_endless":false,"potions_floor_spawned":[5,6,11],"killed_by":"Fading Forest","ascension_level":18}}