{"host":"1a3cjta80tad0aqj","time":1610910655,"event":{"mods":["2.2 Compatiblity","AchievementEnabler","BaseMod","Colored Map","DeckTracker","KOR Keyword Fix","Keyboard Shortcuts","Minty Spire (QoL Compilation)","Permanent Neow","Quick Restart","Random Character Button","StSLib","SuperFastMode","everything is the same but u backflip on backflip"],"gold_per_floor":[114,114,114,39,57,57,132,145,145,155,155,170,170,182,182,255,255,266,266,279,279,279,279],"floor_reached":22,"language":"KOR","playtime":633,"items_purged":["Strike_P"],"score":299,"play_id":"316a6fa3-5971-435f-8473-07c971c73278","local_time":"20210118041055","is_ascension_mode":true,"campfire_choices":[{"data":"Eruption","floor":6.0,"key":"SMITH"},{"data":"Vault","floor":11,"key":"SMITH"},{"floor":13,"key":"REST"},{"data":"SashWhip","floor":15,"key":"SMITH"}],"circlet_count":0,"master_deck":["AscendersBane","Strike_P","Strike_P","Defend_P","Defend_P","Eruption+1","Vigilance","Vault+1","SashWhip+1","EmptyBody","Vault","BattleHymn","EmptyMind"],"relics":["PureWater","Toy Ornithopter","VioletLotus"],"acts_visited":["Exordium","TheCity"],"potions_floor_usage":[16,22,22],"damage_taken":[{"damage":9.0,"enemies":"Small Slimes","floor":1.0,"turns":6.0},{"damage":1.0,"enemies":"2 Louse","floor":5.0,"turns":3.0},{"damage":4.0,"enemies":"Jaw Worm","floor":8.0,"turns":3.0},{"damage":10,"enemies":"3 Louse","floor":10,"turns":4},{"damage":3,"enemies":"Blue Slaver","floor":12,"turns":4},{"damage":0,"enemies":"Exordium Thugs","floor":14,"turns":4},{"damage":44,"enemies":"The Guardian","floor":16,"turns":13},{"damage":41,"enemies":"2 Thieves","floor":18,"turns":6},{"damage":4,"enemies":"Shell Parasite","floor":20,"turns":4},{"damage":17,"enemies":"Cultist and Chosen","floor":22,"turns":5}],"seed_played":"-5273200057384368495","potions_obtained":[{"floor":5.0,"key":"SpeedPotion"},{"floor":12,"key":"Block Potion"},{"floor":20,"key":"SpeedPotion"}],"is_trial":false,"path_per_floor":["M","?","?","$","M","R","?","M","T","M","R","M","R","M","R","B",null,"M","?","M","?","M"],"character_chosen":"WATCHER","items_purchased":[],"campfire_rested":1,"item_purchase_floors":[],"current_hp_per_floor":[52,45,67,67,66,66,55,51,51,41,41,38,58,58,58,19,56,15,15,11,11,4,4],"gold":279,"neow_bonus":"ONE_RANDOM_RARE_CARD","is_daily":false,"chose_seed":false,"campfire_upgraded":3,"win_rate":0.0,"timestamp":1610910655,"path_taken":["M","?","?","$","M","R","?","?","T","M","R","M","R","M","R","BOSS","M","?","M","?","?"],"items_purchased_type":[],"build_version":"2020-12-22","purchased_purges":1,"victory":false,"max_hp_per_floor":[68,68,68,68,68,68,68,68,68,68,68,68,68,68,68,68,68,68,68,68,68,68,68],"card_choices":[{"not_picked":["JustLucky","Prostrate","Protect"],"picked":"SKIP","floor":1.0},{"not_picked":["EmptyFist","Evaluate"],"picked":"SashWhip","floor":5.0},{"not_picked":["Perseverance","Evaluate","WheelKick"],"picked":"SKIP","floor":8.0},{"not_picked":["WaveOfTheHand","ReachHeaven","WheelKick"],"picked":"SKIP","floor":10},{"not_picked":["SashWhip","SignatureMove"],"picked":"EmptyBody","floor":12},{"not_picked":["Weave","Consecrate","Crescendo"],"picked":"SKIP","floor":14},{"not_picked":["MasterReality","Wish"],"picked":"Vault","floor":16},{"not_picked":["JustLucky+1","LikeWater","ThirdEye"],"picked":"SKIP","floor":18},{"not_picked":["ReachHeaven","Nirvana","Prostrate"],"picked":"SKIP","floor":20}],"player_experience":725282,"relics_obtained":[{"floor":9.0,"key":"Toy Ornithopter"}],"event_choices":[{"cards_removed":["Defend_P"],"damage_healed":0.0,"max_hp_gain":0.0,"max_hp_loss":0.0,"gold_gain":0.0,"event_name":"Golden Wing","player_choice":"Card Removal","floor":2.0,"gold_loss":0.0,"damage_taken":7.0},{"damage_healed":22.0,"max_hp_gain":0.0,"max_hp_loss":0.0,"gold_gain":0.0,"event_name":"Big Fish","player_choice":"Banana","floor":3.0,"gold_loss":0.0,"damage_taken":0.0},{"damage_healed":0.0,"max_hp_gain":0.0,"max_hp_loss":0.0,"gold_gain":75.0,"event_name":"World of Goop","player_choice":"Gather Gold","floor":7.0,"gold_loss":0.0,"damage_taken":11.0},{"damage_healed":0,"gold_gain":0,"cards_transformed":["Strike_P","Defend_P"],"player_choice":"Became Test Subject","damage_taken":0,"max_hp_gain":0,"max_hp_loss":0,"event_name":"Drug Dealer","floor":19,"gold_loss":0,"cards_obtained":["BattleHymn","EmptyMind"]},{"damage_healed":0,"gold_gain":0,"player_choice":"0 cards matched","damage_taken":0,"max_hp_gain":0,"max_hp_loss":0,"event_name":"Match and Keep!","floor":21,"gold_loss":0,"cards_obtained":[]}],"is_beta":false,"boss_relics":[{"not_picked":["Tiny House","Runic Dome"],"picked":"VioletLotus"}],"items_purged_floors":[4],"is_endless":false,"potions_floor_spawned":[5,12,20],"killed_by":"Cultist and Chosen","ascension_level":14}}