{"host":"9j9ju8r45kuhshxi","time":1610868201,"event":{"mods":["BaseMod","Colored Map","Colored Powertips","Highlight Path","Minty Spire (QoL Compilation)","Replay The Spire","Ryuuou龙王","StSLib","[功能]功能增强和修复MOD"],"gold_per_floor":[119,84,159,154,231,264,280,310,310,336,331,365,383,410,410,512,512,530,530,510,510,510,510,510,529,529,529,529,863,882,916,916,1014,1014,1027,1017,1017,977,996,996,1023,1035,1047,1059,1084,1096,1133,1161,1173,1185,1197,1209,1211,1240,1240],"floor_reached":56,"language":"ZHS","playtime":5070,"items_purged":["Defend_R","Defend_R","Strike_R","Strike_R","Strike_R","Defend_R","Strike_R","Strike_R","Defend_R","Ghostly","Ghostly","Ghostly","Rupture","Inflame","Ghostly","Wild Strike","Pommel Strike"],"score":2600,"play_id":"583159fd-b711-4499-8ba5-c251035220ac","local_time":"20210117152321","is_ascension_mode":true,"campfire_choices":[{"floor":15,"key":"RECALL"},{"data":"1","floor":23,"key":"LIFT"},{"data":"2","floor":27,"key":"LIFT"},{"data":"3","floor":32,"key":"LIFT"},{"data":"Offering","floor":40,"key":"SMITH"},{"data":"ReplayTheSpireMod:Muscle Training","floor":42,"key":"SMITH"},{"data":"Bludgeon","floor":44,"key":"SMITH"},{"data":"Heavy Blade","floor":46,"key":"SMITH"},{"data":"Rupture","floor":49,"key":"SMITH"},{"data":"Double Tap","floor":52,"key":"SMITH"}],"circlet_count":0,"master_deck":["Bash","Offering+1","Rupture+1","Thunderclap","Armaments","Sever Soul","Rampage","Shockwave","ReplayTheSpireMod:Limb From Limb","Heavy Blade+1","Metallicize","Carnage+1","Blood for Blood","Demonic Infusion","ReplayReversal","Flex+1","ReplayTheSpireMod:Muscle Training+1","Inflame+1","Impervious","ReplayTheSpireMod:Corrosion Curse","Replay:Undeath\u0027s Touch+1","Whirlwind+1","Barricade","Thunderclap+1","Inflame+1","Bludgeon+1","Pommel Strike+1","Metallicize+1","Double Tap+1","Spot Weakness","Dual Wield","Life Link+1","Pummel+1"],"relics":["Burning Blood","Akabeko","Strawberry","DollysMirror","Frozen Eye","Nunchaku","Letter Opener","Girya","Art of War","Anchor","ClockworkSouvenir","Ancient Tea Set","HornCleat","Toy Ornithopter","Gambling Chip","Black Star","Medical Kit","Red Skull","Juzu Bracelet","Membership Card","Shuriken","Pantograph","Potion Belt","Toolbox","Boot","Thread and Needle","Old Coin","Smiling Mask","Sundial","Ice Cream","SacredBark","Lee\u0027s Waffle","Centennial Puzzle","Frozen Egg 2","StoneCalendar","MawBank","Kunai","Omamori","Paper Frog","Mummified Hand","Sling","Happy Flower","Blood Vial","Bag of Marbles"],"acts_visited":["TheCity","TheBeyond","TheEnding"],"potions_floor_usage":[8,8,10,10,10,14,14,14,16,29,31,31,54,55,55,55,55,55],"damage_taken":[{"damage":6,"enemies":"2 Louse","floor":1,"turns":3},{"damage":21,"enemies":"Lagavulin","floor":6,"turns":3},{"damage":0,"enemies":"Small Slimes","floor":7,"turns":1},{"damage":9,"enemies":"3 Sentries","floor":8,"turns":4},{"damage":6,"enemies":"Lagavulin","floor":10,"turns":2},{"damage":6,"enemies":"Gremlin Nob","floor":12,"turns":2},{"damage":0,"enemies":"Jaw Worm","floor":13,"turns":1},{"damage":6,"enemies":"Lagavulin","floor":14,"turns":1},{"damage":14,"enemies":"Hexaghost","floor":16,"turns":3},{"damage":0,"enemies":"3 Byrds","floor":18,"turns":2},{"damage":0,"enemies":"Spheric Guardian","floor":25,"turns":1},{"damage":6,"enemies":"Slavers","floor":29,"turns":3},{"damage":1,"enemies":"3 Cultists","floor":30,"turns":2},{"damage":1,"enemies":"Replay:Snechameleon","floor":31,"turns":2},{"damage":0,"enemies":"Collector","floor":33,"turns":1},{"damage":0,"enemies":"Orb Walker","floor":35,"turns":1},{"damage":6,"enemies":"3 Shapes","floor":39,"turns":1},{"damage":1,"enemies":"R_Hoarder","floor":41,"turns":2},{"damage":6,"enemies":"3 Darklings","floor":45,"turns":1},{"damage":0,"enemies":"Reptomancer","floor":47,"turns":1},{"damage":0,"enemies":"Sphere and 2 Shapes","floor":48,"turns":2},{"damage":0,"enemies":"Awakened One","floor":50,"turns":3},{"damage":6,"enemies":"Shield and Spear","floor":54,"turns":1},{"damage":6,"enemies":"The Heart","floor":55,"turns":3}],"seed_played":"6585977665803342355","potions_obtained":[{"floor":1,"key":"BlessingOfTheForge"},{"floor":6,"key":"EssenceOfSteel"},{"floor":7,"key":"DuplicationPotion"},{"floor":8,"key":"Block Potion"},{"floor":8,"key":"Adrenaline Potion"},{"floor":10,"key":"Swift Potion"},{"floor":10,"key":"Weak Potion"},{"floor":13,"key":"Adrenaline Potion"},{"floor":14,"key":"Toxic Potion"},{"floor":16,"key":"SpeedPotion"},{"floor":18,"key":"Strength Potion"},{"floor":18,"key":"LiquidMemories"},{"floor":29,"key":"LiquidMemories"},{"floor":31,"key":"SteroidPotion"},{"floor":33,"key":"AttackPotion"},{"floor":48,"key":"Swift Potion"},{"floor":54,"key":"AttackPotion"}],"is_trial":false,"path_per_floor":["M","$","?","$","?","E","M","E","T","E","$","E","M","E","R","B",null,"M","?","$","?","$","R","?","M","T","R","$","E","M","E","R_BF","B",null,"M","$","?","?","M","R","E","R","T","R","M","R","E","M","R","B",null,"R","$","E","B",null],"character_chosen":"IRONCLAD","items_purchased":["Akabeko","Strawberry","Offering","DollysMirror","Thunderclap","Armaments","Wild Strike","Frozen Eye","Nunchaku","Letter Opener","Sever Soul","Rampage","ClockworkSouvenir","Ancient Tea Set","HornCleat","Metallicize","Medical Kit","Red Skull","Juzu Bracelet","Flex","Pommel Strike","Swift Potion","Membership Card","Shuriken","Pantograph","Inflame","ReplayTheSpireMod:Muscle Training","Toolbox","Boot","Thread and Needle","Impervious","ReplayTheSpireMod:Corrosion Curse","Languid Potion","Energy Potion","Lee\u0027s Waffle","Centennial Puzzle","Frozen Egg 2","Inflame+1","Bludgeon","Mummified Hand","Sling","Happy Flower","Dual Wield","Life Link+1"],"campfire_rested":0,"item_purchase_floors":[2,2,2,2,2,2,2,4,4,4,4,4,11,11,11,11,20,20,20,20,20,20,22,22,22,22,22,28,28,28,28,28,28,28,36,36,36,36,36,53,53,53,53,53],"current_hp_per_floor":[72,79,68,68,68,53,59,56,56,56,56,56,62,77,77,74,78,79,39,39,39,39,39,39,39,39,39,39,39,39,39,39,39,39,39,46,46,46,46,46,46,46,46,46,46,46,46,46,46,46,46,46,46,46,46],"gold":1240,"neow_bonus":"THREE_RARE_CARDS","is_daily":false,"chose_seed":false,"campfire_upgraded":6,"win_rate":0.0,"timestamp":1610868201,"path_taken":["M","$","?","$","?","E","M","E","T","E","$","E","?","E","R","BOSS","M","?","$","?","$","R","?","M","T","R","$","E","M","E","R_BF","BOSS","M","$","?","?","M","R","E","R","T","R","M","R","E","M","R","BOSS","R","$","E","BOSS"],"items_purchased_type":["Relic","Relic","Card","Relic","Card","Card","Card","Relic","Relic","Relic","Card","Card","Relic","Relic","Relic","Card","Relic","Relic","Relic","Card","Card","Potion","Relic","Relic","Relic","Card","Card","Relic","Relic","Relic","Card","Card","Potion","Potion","Relic","Relic","Relic","Card","Card","Relic","Relic","Relic","Card","Card"],"build_version":"2020-12-22","purchased_purges":17,"victory":true,"max_hp_per_floor":[72,79,79,79,79,79,79,79,79,79,79,79,79,79,79,79,79,79,39,39,39,39,39,39,39,39,39,39,39,39,39,39,39,39,39,46,46,46,46,46,46,46,46,46,46,46,46,46,46,46,46,46,46,46,46],"card_choices":[{"not_picked":["Immolate","Juggernaut"],"picked":"Feed","floor":0.0},{"not_picked":["Havoc","Rampage"],"picked":"Rupture","floor":1},{"not_picked":["Rage","Second Wind","ReplayTheSpireMod:Strike From Hell"],"picked":"SKIP","floor":6},{"not_picked":["Run Through","Anger"],"picked":"Shockwave","floor":7},{"not_picked":["Perfected Strike","Massacre"],"picked":"ReplayTheSpireMod:Limb From Limb","floor":8},{"not_picked":["Power Through","Infernal Blade"],"picked":"Heavy Blade","floor":10},{"not_picked":["Disarm","ReplayTheSpireMod:Limb From Limb"],"picked":"Carnage","floor":12},{"not_picked":["Iron Wave","Warcry","Run Through"],"picked":"SKIP","floor":13},{"not_picked":["True Grit","Heavy Blade"],"picked":"Blood for Blood","floor":14},{"not_picked":["Juggernaut","Hemogenesis"],"picked":"Demonic Infusion","floor":16},{"not_picked":["ReplayTheSpireMod:Strike From Hell+1","Anger"],"picked":"ReplayReversal","floor":18},{"not_picked":["Burning Pact","ReplayTheSpireMod:Corrosion Curse+1"],"picked":"Inflame+1","floor":25},{"not_picked":["Intimidate","Twin Strike"],"picked":"Replay:Undeath\u0027s Touch+1","floor":29},{"not_picked":["Cleave","Warcry","ReplayTheSpireMod:LeadingStrike"],"picked":"SKIP","floor":30},{"not_picked":["Warcry+1","Havoc"],"picked":"Whirlwind+1","floor":31},{"not_picked":["Impervious","Demonic Infusion"],"picked":"Barricade","floor":33},{"not_picked":["Clash+1","Iron Wave+1"],"picked":"Thunderclap+1","floor":35},{"not_picked":["Hemokinesis","Wild Strike","ReplayTheSpireMod:Strike From Hell+1"],"picked":"SKIP","floor":39},{"not_picked":["Thunderclap+1","Double Tap"],"picked":"Pommel Strike+1","floor":41},{"not_picked":["Replay:Undeath\u0027s Touch+1","Iron Wave"],"picked":"Metallicize+1","floor":45},{"not_picked":["Perfected Strike","Dark Embrace+1"],"picked":"Double Tap","floor":47},{"not_picked":["Dark Embrace+1","Shrug It Off+1"],"picked":"Spot Weakness","floor":48},{"not_picked":["Thunderclap","Reaper"],"picked":"Pummel+1","floor":54}],"player_experience":127356,"relics_obtained":[{"floor":6,"key":"Girya"},{"floor":8,"key":"Art of War"},{"floor":10,"key":"Anchor"},{"floor":12,"key":"Toy Ornithopter"},{"floor":14,"key":"Gambling Chip"},{"floor":26,"key":"Potion Belt"},{"floor":29,"key":"Old Coin"},{"floor":29,"key":"Smiling Mask"},{"floor":31,"key":"Sundial"},{"floor":31,"key":"Ice Cream"},{"floor":41,"key":"StoneCalendar"},{"floor":41,"key":"MawBank"},{"floor":43,"key":"Kunai"},{"floor":47,"key":"Omamori"},{"floor":47,"key":"Paper Frog"},{"floor":54,"key":"Blood Vial"},{"floor":54,"key":"Bag of Marbles"}],"event_choices":[{"damage_healed":0,"gold_gain":75,"player_choice":"Gather Gold","damage_taken":11,"max_hp_gain":0,"max_hp_loss":0,"event_name":"World of Goop","floor":3,"gold_loss":0},{"damage_healed":0,"gold_gain":77,"player_choice":"Gained Gold","damage_taken":0,"max_hp_gain":0,"max_hp_loss":0,"event_name":"Golden Wing","floor":5,"gold_loss":0},{"damage_healed":0,"gold_gain":0,"player_choice":"Became a Ghost","damage_taken":0,"max_hp_gain":0,"max_hp_loss":40,"event_name":"Ghosts","floor":19,"gold_loss":0,"cards_obtained":["Ghostly","Ghostly","Ghostly","Ghostly","Ghostly"]},{"cards_removed":["Ghostly"],"damage_healed":0,"gold_gain":0,"player_choice":"Purged","damage_taken":0,"max_hp_gain":0,"max_hp_loss":0,"event_name":"Purifier","floor":21,"gold_loss":0},{"damage_healed":0,"gold_gain":0,"player_choice":"Ignored","damage_taken":0,"max_hp_gain":0,"max_hp_loss":0,"event_name":"Beggar","floor":24,"gold_loss":0},{"damage_healed":0,"gold_gain":0,"player_choice":"Upgraded Two","damage_taken":0,"max_hp_gain":0,"max_hp_loss":0,"event_name":"Designer","floor":38,"gold_loss":40,"cards_upgraded":["Flex","Carnage"]}],"is_beta":false,"boss_relics":[{"not_picked":["Fusion Hammer","Snecko Eye"],"picked":"Black Star"},{"not_picked":["Runic Pyramid","Busted Crown"],"picked":"SacredBark"}],"items_purged_floors":[2,2,2,2,2,2,2,4,11,20,20,20,20,36,36,53,53],"is_endless":false,"potions_floor_spawned":[1,6,7,7,8,8,10,10,12,13,13,14,16,18,18,29,29,30,30,31,33,33,35,35,41,41,45,47,47,47,48,48,48,54,54],"ascension_level":8}}