{"host":"a5523bqxi3k68xf3","time":1610894261,"event":{"mods":["BaseMod","BetterRewards","Hermit","Koishi","Marisa????????","Minty Spire (QoL Compilation)","Quick Restart","Random Character Button","Relic Stats","Shop Mod","StSLib","The Animator","The Cursed","The Necromancer","The Servant 0.9.4"],"gold_per_floor":[116,186,186,136,147,147,158,233,233,58,58,78,88,105,105,105,105],"floor_reached":16,"language":"ENG","playtime":495,"items_purged":["Defend_G"],"score":241,"play_id":"da863ea5-59f1-4da6-bb67-fe577341bbe6","local_time":"20210117153741","is_ascension_mode":true,"campfire_choices":[{"floor":6,"key":"REST"},{"data":"Footwork","floor":11,"key":"SMITH"},{"floor":15,"key":"REST"}],"circlet_count":0,"master_deck":["AscendersBane","Strike_G","Strike_G","Strike_G","Strike_G","Defend_G","Defend_G","Defend_G","Survivor","Neutralize","Accuracy","Backstab","Expertise","Flying Knee","Footwork+1","Footwork","Accuracy","Dodge and Roll","Quick Slash","Dash"],"relics":["Ring of the Snake","Tiny Chest","WingedGreaves","Letter Opener","Orichalcum","Sling","White Beast Statue","The Courier"],"acts_visited":["Exordium"],"potions_floor_usage":[7,13],"damage_taken":[{"damage":0,"enemies":"2 Louse","floor":1,"turns":4},{"damage":0,"enemies":"Small Slimes","floor":5,"turns":4},{"damage":7,"enemies":"Jaw Worm","floor":7,"turns":2},{"damage":3,"enemies":"Blue Slaver","floor":12,"turns":5},{"damage":1,"enemies":"Gremlin Gang","floor":13,"turns":5},{"damage":13,"enemies":"Exordium Wildlife","floor":14,"turns":9},{"damage":33,"enemies":"Slime Boss","floor":16,"turns":7}],"seed_played":"7352084859012744481","potions_obtained":[{"floor":1,"key":"Fire Potion"},{"floor":5,"key":"AttackPotion"},{"floor":12,"key":"Weak Potion"},{"floor":13,"key":"GhostInAJar"},{"floor":14,"key":"Fire Potion"}],"is_trial":false,"path_per_floor":["M","?","?","?","M","R","M","T","T","$","R","M","M","M","R","B"],"character_chosen":"THE_SILENT","items_purchased":["Tiny Chest","WingedGreaves","Accuracy","Letter Opener","Orichalcum","Sling","Footwork","Footwork","Accuracy"],"campfire_rested":2,"item_purchase_floors":[0,0,0,0,0,0,10,10,10],"current_hp_per_floor":[19,19,19,19,19,38,31,31,31,31,31,28,27,14,33,0,0],"gold":105,"neow_bonus":"","is_daily":false,"chose_seed":false,"campfire_upgraded":1,"win_rate":0.0,"timestamp":1610894261,"path_taken":["M","?","?","?","M","R","M","?","T","$","R","M","?","M","R","BOSS"],"items_purchased_type":["Relic","Relic","Card","Relic","Relic","Relic","Card","Card","Card"],"build_version":"2020-12-22","purchased_purges":1,"victory":false,"max_hp_per_floor":[66,66,66,66,66,66,66,66,66,66,66,66,66,66,66,66,66],"relic_stats":{"counters":[75,310],"Tiny Chest":3,"Letter Opener":[5],"Orichalcum":[36],"obtain_stats":[{"Regal Pillow":9,"Lantern":22,"Vajra":44,"Juzu Bracelet":21,"TeardropLocket":10,"Whetstone":0,"Sling":37,"Empty Cage":17,"Blood Vial":21,"Dream Catcher":9,"Ninja Scroll":7,"Tiny Chest":7,"WingedGreaves":0,"Red Mask":38,"HandDrill":0,"Kunai":0,"Potion Belt":12,"Pear":13,"NeowsBlessing":0,"Astrolabe":34,"Blue Candle":43,"Pen Nib":22,"The Courier":26,"Omamori":31,"Letter Opener":0,"Orichalcum":24,"Akabeko":6,"White Beast Statue":8,"Runic Dome":17,"Anchor":3,"Busted Crown":17,"Bird Faced Urn":7,"Bronze Scales":9,"Bag of Marbles":7,"Bottled Lightning":36,"Membership Card":36,"PureWater":0,"Toy Ornithopter":26,"Meat on the Bone":26},{"Regal Pillow":4,"Lantern":54,"Vajra":64,"Juzu Bracelet":12,"TeardropLocket":5,"Whetstone":19,"Sling":16,"Empty Cage":26,"Blood Vial":28,"Dream Catcher":36,"Ninja Scroll":36,"Tiny Chest":4,"WingedGreaves":68,"Red Mask":16,"HandDrill":19,"Kunai":44,"Potion Belt":7,"Pear":39,"NeowsBlessing":0,"Astrolabe":15,"Blue Candle":64,"Pen Nib":12,"The Courier":13,"Omamori":14,"Letter Opener":68,"Orichalcum":29,"Akabeko":4,"White Beast Statue":71,"Runic Dome":40,"Anchor":33,"Busted Crown":10,"Bird Faced Urn":22,"Bronze Scales":22,"Bag of Marbles":48,"Bottled Lightning":16,"Membership Card":60,"PureWater":0,"Toy Ornithopter":30,"Meat on the Bone":55},{"Regal Pillow":7,"Lantern":207,"Vajra":253,"Juzu Bracelet":32,"TeardropLocket":10,"Whetstone":59,"Sling":49,"Empty Cage":82,"Blood Vial":89,"Dream Catcher":127,"Ninja Scroll":127,"Tiny Chest":7,"WingedGreaves":274,"Red Mask":49,"HandDrill":59,"Kunai":160,"Potion Belt":13,"Pear":135,"NeowsBlessing":0,"Astrolabe":45,"Blue Candle":253,"Pen Nib":32,"The Courier":35,"Omamori":38,"Letter Opener":274,"Orichalcum":97,"Akabeko":7,"White Beast Statue":284,"Runic Dome":143,"Anchor":114,"Busted Crown":25,"Bird Faced Urn":67,"Bronze Scales":67,"Bag of Marbles":180,"Bottled Lightning":49,"Membership Card":238,"PureWater":0,"Toy Ornithopter":102,"Meat on the Bone":214}],"Ring of the Snake":[99]},"card_choices":[{"not_picked":["Masterful Stab","Dash"],"picked":"Backstab","floor":1},{"not_picked":["Acrobatics","Riddle With Holes","Crippling Poison"],"picked":"SKIP","floor":5},{"not_picked":["PiercingWail","Bane"],"picked":"Flying Knee","floor":7},{"not_picked":["Acrobatics","Flying Knee"],"picked":"Dodge and Roll","floor":12},{"not_picked":["Flying Knee","Skewer"],"picked":"Quick Slash","floor":13},{"not_picked":["Deflect","PiercingWail"],"picked":"Dash","floor":14}],"player_experience":1704030,"relics_obtained":[{"floor":8,"key":"White Beast Statue"},{"floor":9,"key":"The Courier"}],"event_choices":[{"damage_healed":0,"gold_gain":70,"player_choice":"Gained Gold","damage_taken":0,"max_hp_gain":0,"max_hp_loss":0,"event_name":"Golden Wing","floor":2,"gold_loss":0},{"damage_healed":0,"gold_gain":0,"cards_transformed":["Defend_G"],"player_choice":"Change","damage_taken":0,"max_hp_gain":0,"max_hp_loss":0,"event_name":"Living Wall","floor":3,"gold_loss":0,"cards_obtained":["Expertise"]},{"cards_removed":["Strike_G"],"damage_healed":0,"gold_gain":0,"player_choice":"Card Removal","damage_taken":0,"max_hp_gain":0,"max_hp_loss":0,"event_name":"The Cleric","floor":4,"gold_loss":50}],"is_beta":false,"boss_relics":[],"items_purged_floors":[0],"is_endless":false,"potions_floor_spawned":[1,5,12,13,14],"killed_by":"Slime Boss","ascension_level":14}}