{"host":"0fmi5fguj5lvt8pf","time":1610855117,"event":{"mods":["BaseMod","Colored Map","Curses Come First","Downfall","Minty Spire (QoL Compilation)","Permanent Neow","StSLib"],"gold_per_floor":[99,117,117,117,27,40,40,40,58,43,61,73,73,87,100,100,100],"floor_reached":16,"language":"ENG","playtime":983,"items_purged":[],"score":94,"play_id":"b802a7f3-2e10-4e70-8837-b8b36f4fdc8d","local_time":"20210116194517","is_ascension_mode":false,"campfire_choices":[{"data":"Mayhem","floor":1.0,"key":"SMITH"},{"data":"bronze:ClassDefault","floor":13,"key":"SMITH"}],"circlet_count":0,"master_deck":["bronze:Strike","bronze:Strike","bronze:Strike","bronze:Defend","bronze:Defend","bronze:Defend","bronze:Defend","bronze:Replicate","bronze:Goto","Mayhem+1","bronze:DazingPulse","bronze:ClassDefault+1","bronze:InfiniteBeams","bronze:MaxOutput","bronze:DelayedGuard","bronze:ChosenStrike","bronze:FollowUp","bronze:Refactor","bronze:Verify","bronze:DelayedGuard"],"relics":["bronze:BronzeCore","Juzu Bracelet"],"acts_visited":["Exordium"],"potions_floor_usage":[14,14],"damage_taken":[{"damage":0.0,"enemies":"Small Slimes","floor":2.0,"turns":3.0},{"damage":0.0,"enemies":"Small Slimes","floor":3.0,"turns":4.0},{"damage":0.0,"enemies":"downfall:FleeingMerchant","floor":5.0,"turns":4.0},{"damage":9.0,"enemies":"2 Louse","floor":6.0,"turns":4.0},{"damage":18.0,"enemies":"Jaw Worm","floor":9.0,"turns":3.0},{"damage":0,"enemies":"downfall:FleeingMerchant","floor":10,"turns":4},{"damage":7,"enemies":"Exordium Wildlife","floor":11,"turns":5},{"damage":8,"enemies":"Red Slaver","floor":12,"turns":3},{"damage":16,"enemies":"Lots of Slimes","floor":14,"turns":4},{"damage":4,"enemies":"Blue Slaver","floor":15,"turns":4},{"damage":18,"enemies":"IC_STATUS_ARCHETYPE","floor":16,"turns":8}],"seed_played":"-5324100899869724735","potions_obtained":[{"floor":6.0,"key":"champ:CounterPotion"},{"floor":11,"key":"Swift Potion"},{"floor":12,"key":"SpeedPotion"},{"floor":14,"key":"Fruit Juice"}],"is_trial":false,"path_per_floor":["R","M","?","?","$","M","T","?","M","$","M","M","R","M","M","B"],"character_chosen":"THE_AUTOMATON","items_purchased":["bronze:MaxOutput"],"campfire_rested":0,"item_purchase_floors":[5],"current_hp_per_floor":[49,49,49,70,70,61,61,61,43,43,36,28,28,17,13,0,0],"gold":100,"neow_bonus":"RANDOM_COLORLESS_2","is_daily":false,"chose_seed":false,"campfire_upgraded":2,"win_rate":0.0,"timestamp":1610855117,"path_taken":["R","M","?","?","?","M","T","?","M","?","M","M","R","M","M","BOSS"],"items_purchased_type":["Card"],"build_version":"2020-12-22","purchased_purges":0,"victory":false,"max_hp_per_floor":[70,70,70,70,70,70,70,70,70,70,70,70,70,75,75,75,75],"card_choices":[{"not_picked":["Apotheosis","Secret Weapon"],"picked":"Mayhem","floor":0.0},{"not_picked":["bronze:Terminator","bronze:NullPointer","bronze:Flail"],"picked":"SKIP","floor":2.0},{"not_picked":[],"picked":"bronze:DazingPulse","floor":3.0},{"not_picked":["bronze:Turbo","bronze:Philosophize"],"picked":"bronze:ClassDefault","floor":3.0},{"not_picked":["bronze:CutThrough","bronze:Branch"],"picked":"bronze:InfiniteBeams","floor":5.0},{"not_picked":["bronze:Constructor","bronze:BuggyMess"],"picked":"bronze:DelayedGuard","floor":6.0},{"not_picked":["bronze:Constructor","bronze:Shield"],"picked":"bronze:FollowUp","floor":9.0},{"not_picked":["bronze:BuggyMess","bronze:Invalidate"],"picked":"bronze:Refactor","floor":10},{"not_picked":["bronze:Shield","bronze:Branch"],"picked":"bronze:Verify","floor":11},{"not_picked":["bronze:Overheat","bronze:Iterate"],"picked":"bronze:DelayedGuard","floor":12},{"not_picked":["bronze:NullPointer","bronze:Turbo","bronze:Shield"],"picked":"SKIP","floor":14},{"not_picked":["bronze:DelayedSlice","bronze:Flail","bronze:FineTuning"],"picked":"SKIP","floor":15}],"player_experience":1365297,"relics_obtained":[{"floor":7.0,"key":"Juzu Bracelet"}],"event_choices":[{"damage_healed":23.0,"max_hp_gain":0.0,"max_hp_loss":0.0,"gold_gain":0.0,"event_name":"Big Fish","player_choice":"Banana","floor":4.0,"gold_loss":0.0,"damage_taken":0.0}],"is_beta":false,"boss_relics":[],"items_purged_floors":[],"is_endless":false,"potions_floor_spawned":[6,11,12,14],"killed_by":"IC_STATUS_ARCHETYPE","ascension_level":0}}