{"host":"fdq5pmhluajjrf8d","time":1610847562,"event":{"mods":["BaseMod","Minty Spire (QoL Compilation)"],"gold_per_floor":[116,127,277,45,58,58,86,86,167,200,275,5,5,15,15,15,15],"floor_reached":16,"language":"ENG","playtime":677,"items_purged":["Doubt"],"score":216,"play_id":"6f0151b5-5125-4543-851a-60a94ca7de3d","local_time":"20210116203922","is_ascension_mode":true,"campfire_choices":[{"data":"Rainbow","floor":6,"key":"SMITH"},{"data":"Chaos","floor":8,"key":"SMITH"},{"floor":13,"key":"REST"},{"data":"Zap","floor":15,"key":"SMITH"}],"circlet_count":0,"master_deck":["AscendersBane","Strike_B","Strike_B","Strike_B","Strike_B","Defend_B","Defend_B","Defend_B","Defend_B","Zap+1","Dualcast","Chaos+1","Coolheaded","Rainbow+1","Biased Cognition"],"relics":["Cracked Core","Bag of Marbles","Bottled Lightning","Regal Pillow","Symbiotic Virus"],"acts_visited":["Exordium"],"potions_floor_usage":[7],"damage_taken":[{"damage":4,"enemies":"Jaw Worm","floor":1,"turns":4},{"damage":7,"enemies":"Small Slimes","floor":2,"turns":4},{"damage":1,"enemies":"2 Louse","floor":5,"turns":2},{"damage":8,"enemies":"3 Sentries","floor":7,"turns":7},{"damage":12,"enemies":"Lagavulin","floor":10,"turns":4},{"damage":6,"enemies":"Exordium Wildlife","floor":14,"turns":2},{"damage":64,"enemies":"Hexaghost","floor":16,"turns":9}],"seed_played":"3604411165679578062","potions_obtained":[{"floor":1,"key":"DistilledChaos"},{"floor":5,"key":"SmokeBomb"},{"floor":7,"key":"FearPotion"}],"is_trial":false,"path_per_floor":["M","M","?","$","M","R","E","R","T","E","?","$","R","M","R","B"],"character_chosen":"DEFECT","items_purchased":["Rainbow","Symbiotic Virus"],"campfire_rested":1,"item_purchase_floors":[4,12],"current_hp_per_floor":[67,60,60,60,59,59,51,51,51,39,28,28,66,60,60,0,0],"gold":15,"neow_bonus":"TEN_PERCENT_HP_BONUS","is_daily":false,"chose_seed":false,"campfire_upgraded":3,"win_rate":0.0,"timestamp":1610847562,"path_taken":["M","M","?","$","M","R","E","R","T","E","?","$","R","?","R","BOSS"],"items_purchased_type":["Card","Relic"],"build_version":"2020-12-22","purchased_purges":1,"victory":false,"max_hp_per_floor":[78,78,78,78,78,78,78,78,78,78,78,78,78,78,78,78,78],"card_choices":[{"not_picked":["Ball Lightning","Hologram"],"picked":"Chaos","floor":1},{"not_picked":["Gash","Conserve Battery"],"picked":"Coolheaded","floor":2},{"not_picked":["Barrage","Aggregate","Hologram"],"picked":"SKIP","floor":5},{"not_picked":["Capacitor","Go for the Eyes"],"picked":"Biased Cognition","floor":7},{"not_picked":["Stack","Chill","Rebound"],"picked":"SKIP","floor":10},{"not_picked":["Stack","Auto Shields","Consume"],"picked":"SKIP","floor":14}],"player_experience":1919168,"relics_obtained":[{"floor":7,"key":"Bag of Marbles"},{"floor":9,"key":"Bottled Lightning"},{"floor":10,"key":"Regal Pillow"}],"event_choices":[{"damage_healed":0,"gold_gain":150,"player_choice":"AGREE","damage_taken":0,"max_hp_gain":0,"max_hp_loss":0,"event_name":"Liars Game","floor":3,"gold_loss":0,"cards_obtained":["Doubt"]},{"damage_healed":0,"gold_gain":75,"player_choice":"Gather Gold","damage_taken":11,"max_hp_gain":0,"max_hp_loss":0,"event_name":"World of Goop","floor":11,"gold_loss":0}],"is_beta":false,"boss_relics":[],"items_purged_floors":[4],"is_endless":false,"potions_floor_spawned":[1,5,7],"killed_by":"Hexaghost","ascension_level":20}}