{"host":"h4lp0eeso8a0ssq0","time":1610923928,"event":{"mods":["2.2 Compatiblity","AchievementEnabler","BaseMod","CapriCore","Colored Map","Minty Spire (QoL Compilation)","StSLib","SuperFastMode"],"gold_per_floor":[119,194,209,209,42,81,81,95,146,170,247,268,268,283,283,402,402,402],"floor_reached":17,"language":"KOR","playtime":414,"items_purged":[],"score":257,"play_id":"432b8803-0f0c-44e9-b19c-4aebc9d2c7a1","local_time":"20210118075208","is_ascension_mode":false,"campfire_choices":[{"floor":7,"key":"REST"},{"floor":13,"key":"REST"},{"data":"Defragment","floor":15,"key":"SMITH"}],"circlet_count":0,"master_deck":["Strike_B","Strike_B","Strike_B","Strike_B","Defend_B","Defend_B","Defend_B","Defend_B","Zap","Dualcast","Sunder","Coolheaded","Hologram","Glacier","FTL","Chill","Meteor Strike","Lockon","Blizzard","Defragment+1","Capacitor","Multi-Cast"],"relics":["Cracked Core","Bag of Marbles","Golden Idol","Dream Catcher","MealTicket","HornCleat","Philosopher\u0027s Stone"],"acts_visited":["Exordium","TheCity"],"potions_floor_usage":[1],"damage_taken":[{"damage":4,"enemies":"2 Louse","floor":1,"turns":3},{"damage":6,"enemies":"Jaw Worm","floor":3,"turns":2},{"damage":16,"enemies":"3 Sentries","floor":6,"turns":9},{"damage":0,"enemies":"Cultist","floor":8,"turns":2},{"damage":9,"enemies":"Blue Slaver","floor":10,"turns":3},{"damage":0,"enemies":"Large Slime","floor":12,"turns":4},{"damage":0,"enemies":"Looter","floor":14,"turns":3},{"damage":33,"enemies":"Slime Boss","floor":16,"turns":14}],"seed_played":"3806695815609253689","potions_obtained":[{"floor":1,"key":"Fruit Juice"},{"floor":8,"key":"FocusPotion"},{"floor":10,"key":"FearPotion"},{"floor":14,"key":"Weak Potion"}],"is_trial":false,"path_per_floor":["M","?","M","?","$","E","R","M","T","M","T","M","R","M","R","B",null],"character_chosen":"DEFECT","items_purchased":["Hologram","Glacier","FTL"],"campfire_rested":2,"item_purchase_floors":[5,5,5],"current_hp_per_floor":[76,65,59,39,39,23,47,47,47,38,38,38,62,62,62,29,80,80],"gold":402,"neow_bonus":"RANDOM_COMMON_RELIC","is_daily":false,"chose_seed":false,"campfire_upgraded":1,"win_rate":0.0,"timestamp":1610923928,"path_taken":["M","?","M","?","$","E","R","M","T","?","?","M","R","M","R","BOSS"],"items_purchased_type":["Card","Card","Card"],"build_version":"2020-12-22","purchased_purges":0,"victory":false,"max_hp_per_floor":[80,80,80,80,80,80,80,80,80,80,80,80,80,80,80,80,80,80],"card_choices":[{"not_picked":["Steam Power","Stack"],"picked":"Sunder","floor":1},{"not_picked":["Beam Cell","Cold Snap"],"picked":"Coolheaded","floor":3},{"not_picked":["Stack","Rip and Tear"],"picked":"Chill","floor":6},{"not_picked":["Darkness","Rebound"],"picked":"Meteor Strike","floor":7},{"not_picked":["Undo","Scrape"],"picked":"Lockon","floor":8},{"not_picked":["Coolheaded","Doom and Gloom"],"picked":"Blizzard","floor":10},{"not_picked":["Steam","Barrage"],"picked":"Defragment","floor":12},{"not_picked":["Glacier","Scrape"],"picked":"Capacitor","floor":13},{"not_picked":["Gash","Static Discharge","Rebound"],"picked":"SKIP","floor":14},{"not_picked":["All For One","Fission"],"picked":"Multi-Cast","floor":16}],"player_experience":165851,"relics_obtained":[{"floor":6,"key":"Dream Catcher"},{"floor":9,"key":"MealTicket"},{"floor":11,"key":"HornCleat"}],"event_choices":[{"damage_healed":0,"gold_gain":75,"player_choice":"Gather Gold","damage_taken":11,"max_hp_gain":0,"max_hp_loss":0,"event_name":"World of Goop","floor":2,"gold_loss":0},{"damage_healed":0,"gold_gain":0,"player_choice":"Take Damage","damage_taken":20,"relics_obtained":["Golden Idol"],"max_hp_gain":0,"max_hp_loss":0,"event_name":"Golden Idol","floor":4,"gold_loss":0}],"is_beta":false,"boss_relics":[{"not_picked":["Busted Crown","Empty Cage"],"picked":"Philosopher\u0027s Stone"}],"items_purged_floors":[],"is_endless":false,"potions_floor_spawned":[1,8,10,14,16],"ascension_level":0}}