{"host":"54jr43vd79817238","time":1610896082,"event":{"mods":["100% Spire Juice","ATMod(°¢èªMod)","Act Like it!","Arknights The Spire","Aspiration","BaseMod","CapriCore","Dota2Spire","Friendly Minions","Gensokyo","GungeonMod","Hallownest","Hermit","Jedi Mod","KinomotoSakuraMod(Ä¾Ö®±¾Ó£)","Lobotomy","LobotomyExtend","Mari Mod (Legacy)","Mari\u0027s V1 Patch","Marisa£¨ìFÓê¡¡Ä§ÀíÉ³£©","Minty Spire (QoL Compilation)","MostiFishMod","Quarter Circle Forward PUNCH!","Replay The Spire","Robot Space Explorer","RumiaBox-Â¶Ã×æ«µÄÉñÃØºÐ×Ó","Spicy Shops","StSLib","TestMod","The Alterego","The Dragon Tamer","The Marked","WarShipGirlsR/Õ½½¢ÉÙÅ®R mod","Yakumo Yukari mod","Youmu£¨»êÆÇÑýÃÎ£©","vexMod","¡¾ÒÅÎï¿¨ÅÆ¡¿REMEMod"],"gold_per_floor":[212,212,212,229,247,247,280,280,280,280,280,298,317,332,332,429,429,440,450,163,176,56,56,56,72,72,89,17,17,44,98,98,217,217,238,87,105,18,35,35,51,51,51,51,73,73,101,129,129,146,146,146,146,69,80,80,80],"floor_reached":55,"language":"ZHS","playtime":2565,"items_purged":[],"score":473,"play_id":"0210b2ad-1761-49a0-9dad-aca0211cd613","local_time":"20210117230802","is_ascension_mode":false,"metric_token":2391,"campfire_choices":[{"floor":6,"key":"RECALL"},{"data":"DTMod:SealedStrike","floor":8,"key":"SMITH"},{"data":"DTMod:SealedStrike+1","floor":10,"key":"SMITH"},{"data":"DTMod:SealedStrike+2","floor":15,"key":"SMITH"},{"data":"DTMod:SealedStrike+4","floor":23,"key":"SMITH"},{"floor":29,"key":"REST"},{"floor":40,"key":"REST"},{"floor":44,"key":"REST"},{"floor":46,"key":"REST"},{"floor":49,"key":"REST"},{"floor":53,"key":"REST"}],"dtmod_dragon_data":[0,50,2,1,4,8],"circlet_count":0,"master_deck":["DTMod:Strike+1","DTMod:Strike+1","DTMod:Strike+1","DTMod:DoubleHit+1","DTMod:TargetDefense+1","DTMod:TargetDefense+1","DTMod:TargetDefense+1","DTMod:TargetDefense+1","DTMod:SwitchingTactic+1","DTMod:BurningForce+1","DTMod:Hide+1","DTMod:SealedStrike+5","DTMod:SneakAttack+1","Replay:Bootleg Shield Generator+1","DTMod:Weaken+1","DTMod:Training+1","DTMod:Dissolve+1","DTMod:Prediction+1","DTMod:QuickFly+1","DTMod:PurifyingFlame+1","DTMod:BurningEnergy+1","DTMod:DragonDance+1","DTMod:Threaten+1","DTMod:RepeatStrike+1","aspiration:Polymerization+1","Steam Power+1","DTMod:BlazingStrike+1","DTMod:ComboAttack+1","Buffer+1","DTMod:RecklessFlurry+1"],"relics":["DTMod:PactStone","testmod-TestBox","DaveBox","REME_ComplimentaryCards","AT_ATBox","DSteel32","testmod-Justice","MealTicket","DTMod:TheChair","SynthV","BrkXgEgg","Gensokyo:DemonMask","DTMod:BindingString","testmod-Acrobat","DemoMod:WhiteGuonStone","aspiration:DefectSkillbook","jedi:arcanewood","Ginger","HandDrill"],"acts_visited":["Exordium","Gensokyo:Gensokyoer","TheBeyond","TheEnding"],"potions_floor_usage":[7,16,16,25,27,33,35,41,55],"damage_taken":[{"damage":2,"enemies":"2 Louse","floor":1,"turns":3},{"damage":0,"enemies":"Cultist","floor":4,"turns":3},{"damage":8,"enemies":"Jaw Worm","floor":5,"turns":5},{"damage":11,"enemies":"Gremlin Nob","floor":7,"turns":5},{"damage":0,"enemies":"Exordium Wildlife","floor":12,"turns":4},{"damage":0,"enemies":"Blue Slaver","floor":13,"turns":3},{"damage":0,"enemies":"Lots of Slimes","floor":14,"turns":4},{"damage":5,"enemies":"The Guardian","floor":16,"turns":11},{"damage":0,"enemies":"Gensokyo:2_Gloops","floor":18,"turns":5},{"damage":0,"enemies":"Gensokyo:CosmicMonolith","floor":19,"turns":4},{"damage":0,"enemies":"Gensokyo:Swordslinger","floor":21,"turns":4},{"damage":0,"enemies":"Gensokyo:Chomper_and_Gloop","floor":25,"turns":6},{"damage":1,"enemies":"Gensokyo:Monolith_and_Dog","floor":27,"turns":5},{"damage":0,"enemies":"Gensokyo:Mirror_and_Dog","floor":30,"turns":5},{"damage":28,"enemies":"Gensokyo:Eiki","floor":33,"turns":8},{"damage":0,"enemies":"3 Darklings","floor":35,"turns":3},{"damage":2,"enemies":"3 Shapes","floor":37,"turns":4},{"damage":0,"enemies":"3 Darklings","floor":39,"turns":3},{"damage":0,"enemies":"4 Shapes","floor":41,"turns":4},{"damage":0,"enemies":"Jaw Worm Horde","floor":45,"turns":4},{"damage":0,"enemies":"3 Darklings","floor":47,"turns":4},{"damage":0,"enemies":"Maw","floor":48,"turns":4},{"damage":0,"enemies":"Replay:Hell Engine","floor":50,"turns":7},{"damage":43,"enemies":"Shield and Spear","floor":55,"turns":9}],"seed_played":"1610240730293089895","potions_obtained":[{"floor":1,"key":"jedi:StrikingPotion"},{"floor":12,"key":"SkillPotion"},{"floor":13,"key":"DuplicationPotion"},{"floor":21,"key":"SkillPotion"},{"floor":25,"key":"REME_GoldPotion"},{"floor":33,"key":"jedi:StrikingPotion"},{"floor":35,"key":"Elixir"},{"floor":45,"key":"Reflective Coating"},{"floor":47,"key":"jedi:tentaclejuice"}],"is_trial":false,"path_per_floor":["M","$","?","M","M","R","E","R","T","R","?","M","M","M","R","B",null,"M","M","COS","M","?","R","$","M","T","M","$","R","M","T","R","B",null,"M","$","M","$","M","R","M","?","T","R","M","R","M","M","R","B",null,null,"R","$","E"],"character_chosen":"THE_DT","items_purchased":["testmod-Acrobat","jedi:arcanewood","Ginger","HandDrill"],"campfire_rested":6,"item_purchase_floors":[28,36,38,54],"current_hp_per_floor":[43,43,43,43,35,35,24,24,24,24,24,24,24,24,24,19,45,45,45,45,45,45,45,45,45,45,44,45,45,45,45,45,17,45,43,43,41,43,43,43,43,43,43,43,43,43,43,43,43,43,43,43,43,43,0,0,0],"gold":80,"neow_bonus":"HUNDRED_GOLD","is_daily":false,"chose_seed":false,"campfire_upgraded":4,"win_rate":0.0,"timestamp":1610896082,"path_taken":["M","$","?","M","?","R","E","R","T","R","?","M","M","?","R","BOSS","M","M","COS","M","?","R","$","M","T","M","?","R","M","?","R","BOSS","M","?","M","$","M","R","?","?","T","R","M","R","M","M","R","BOSS","R","$","E"],"items_purchased_type":["Relic","Relic","Relic","Relic"],"build_version":"2020-12-22","purchased_purges":0,"victory":false,"max_hp_per_floor":[45,45,45,45,45,45,45,45,45,45,45,45,45,45,45,45,45,45,45,45,45,45,45,45,45,45,45,45,45,45,45,45,45,45,43,43,43,43,43,43,43,43,43,43,43,43,43,43,43,43,43,43,43,43,43,43,43],"card_choices":[{"not_picked":["DTMod:BlazingStrike","DTMod:DeepFocus"],"picked":"DTMod:BurningForce","floor":1},{"not_picked":["DTMod:BreakAttack","DTMod:Conduct"],"picked":"DTMod:Hide","floor":4},{"not_picked":["DTMod:ComboAttack","DTMod:Training"],"picked":"DTMod:SealedStrike","floor":5},{"not_picked":["DTMod:HeatWave","DTMod:BizarreTactic"],"picked":"DTMod:SneakAttack","floor":7},{"not_picked":["DTMod:Shift","DTMod:MagicField"],"picked":"DTMod:Weaken","floor":12},{"not_picked":["DTMod:Hide","DTMod:Shift"],"picked":"DTMod:Training","floor":13},{"not_picked":["DTMod:Hide","DTMod:BuildUp"],"picked":"DTMod:Dissolve","floor":14},{"not_picked":["DTMod:EchoTactic","DTMod:StunTrap"],"picked":"DTMod:Prediction","floor":16},{"not_picked":["DTMod:WarmUp","DTMod:TauntingStrike"],"picked":"DTMod:QuickFly+1","floor":18},{"not_picked":["DTMod:BuildUp","DTMod:MagicField"],"picked":"DTMod:PurifyingFlame","floor":19},{"not_picked":["DTMod:Cover","DTMod:BreakAttack"],"picked":"DTMod:BurningEnergy","floor":21},{"not_picked":["DTMod:Outburst+1","DTMod:Threaten+1"],"picked":"DTMod:DragonDance+1","floor":25},{"not_picked":["DTMod:Hide+1","DTMod:ComboAttack"],"picked":"DTMod:Threaten","floor":27},{"not_picked":["DTMod:Prediction+1","DTMod:Conduct+1","DTMod:RunningTactic+1"],"picked":"SKIP","floor":30},{"not_picked":["DTMod:GearUp+1","DTMod:Prediction+1"],"picked":"DTMod:RepeatStrike+1","floor":33},{"not_picked":["Ball Lightning","Auto Shields","Hologram+1"],"picked":"aspiration:Polymerization","floor":35},{"not_picked":["DTMod:Weaken+1","Streamline","Beam Cell+1"],"picked":"Steam Power","floor":37},{"not_picked":["Go for the Eyes+1","Steam","jedi:BurstFrost"],"picked":"DTMod:BlazingStrike","floor":39},{"not_picked":["DemoMod:Spice","DemoMod:Spice+1","DTMod:HeatWave"],"picked":"DTMod:ComboAttack+1","floor":41},{"not_picked":["Coolheaded+1","DTMod:Coolant+1","Panic Button"],"picked":"Buffer+1","floor":45},{"not_picked":["DTMod:Feint","Doom and Gloom+1","Streamline","ReplayTheSpireMod:Repulse+1"],"picked":"SKIP","floor":47},{"not_picked":["Leap+1","Streamline+1","DTMod:GhostSkin+1"],"picked":"DTMod:RecklessFlurry+1","floor":48}],"player_experience":271569,"relics_obtained":[{"floor":7,"key":"MealTicket"},{"floor":26,"key":"DTMod:BindingString"},{"floor":31,"key":"DemoMod:WhiteGuonStone"}],"event_choices":[{"cards_removed":["DTMod:Strike"],"damage_healed":0,"gold_gain":0,"player_choice":"Offered Basic","damage_taken":0,"max_hp_gain":0,"max_hp_loss":0,"event_name":"Bonfire Elementals","floor":3,"gold_loss":0},{"damage_healed":0,"gold_gain":0,"cards_transformed":["AT_FamilyPortrait"],"player_choice":"Transformed","damage_taken":0,"max_hp_gain":0,"max_hp_loss":0,"event_name":"Transmorgrifier","floor":11,"gold_loss":0,"cards_obtained":["Replay:Bootleg Shield Generator"]},{"damage_healed":0,"gold_gain":0,"player_choice":"0 cards matched","damage_taken":0,"max_hp_gain":0,"max_hp_loss":0,"event_name":"Match and Keep!","floor":42,"gold_loss":0,"cards_obtained":[]}],"is_beta":false,"boss_relics":[{"not_picked":["Kintsugi","Calling Bell"],"picked":"DTMod:TheChair"},{"not_picked":["Runic Dome","REME_DuelDisc"],"picked":"aspiration:DefectSkillbook"}],"items_purged_floors":[],"is_endless":false,"potions_floor_spawned":[1,12,13,21,25,33,35,45,47],"killed_by":"Shield and Spear","ascension_level":0}}