{"host":"8lgo2trwv2o0qyml","time":1610854604,"event":{"mods":["BaseMod","Colored Map","Colored Powertips","DeckTracker","Highlight Path","Hubris","Infinite Spire","Minty Spire (QoL Compilation)","Quick Restart","Random Character Button","Relic Sorter","Replay The Spire","StSLib","SuperFastMode","Synergy Search"],"gold_per_floor":[111,111,129,145,145,157,176,27,77,77,104,104,138,150,150,254,254,270,283,283,294,294,294,323,323,323,323,342,377,394,407,407,508,508,523,536,556,328,328,342,368,368,392,412,443,443,456,486,536,536],"floor_reached":51,"playtime":3656,"items_purged":["Regret"],"score":816,"play_id":"c279243f-ad1e-4306-9069-5eb54fb7d669","local_time":"20210116223644","is_ascension_mode":false,"campfire_choices":[{"data":"hubris:PowerSurge","floor":10,"key":"SMITH"},{"data":"Biased Cognition","floor":12,"key":"SMITH"},{"floor":15,"key":"REST"},{"data":"Buffer","floor":23,"key":"SMITH"},{"floor":25,"key":"REST"},{"data":"Strike_B+1","floor":27,"key":"SMITH"},{"data":"Echo Form","floor":32,"key":"SMITH"},{"floor":42,"key":"REST"},{"floor":46,"key":"REST"},{"floor":49,"key":"REST"}],"circlet_count":0,"master_deck":["Strike_B","Strike_B","Strike_B+2","Defend_B","Defend_B+1","Defend_B","Defend_B","Zap","Dualcast","Conserve Battery","Consume","Gash","Rebound","hubris:PowerSurge+1","Hello World+1","Beam Cell","Biased Cognition+1","Doom and Gloom","Go for the Eyes","Buffer+1","Melter","Steam","Steam+1","Go for the Eyes","Redo","Echo Form+1","Turbo","Go for the Eyes","Reboot","ReplayTheSpireMod:System Scan+1","BootSequence+1","BasicCrystalCard+1","Steam+1","Master of Strategy","Tempest+1","Chaos+1","Go for the Eyes+1","Self Repair+1","ReplayTheSpireMod:Calculation Training","Sweeping Beam+1"],"relics":["Cracked Core","NeowsBlessing","Smiling Mask","hubris:MobiusCoin","hubris:OldNail","infinitespire:WardingShard","ChewingGum","infinitespire:Freezer","Simple Rune","Vajra","Replay:Grab Bag","Painkiller Herb","hubris:GrandSneckoEye","hubris:HollowSoul","Black Star","Pocketwatch","hubris:BallOfYels","Replay:Rubber Ducky","Potion Belt","Replay:Bottled Steam","PreservedInsect","hubris:MysteriousPyramids"],"acts_visited":["Exordium","TheCity","TheBeyond"],"potions_floor_usage":[11,16,16,16,16,16,16,16,18,29,29,33,36,40,50,50,50],"damage_taken":[{"damage":0,"enemies":"Cultist","floor":1,"turns":1},{"damage":0,"enemies":"Small Slimes","floor":3,"turns":1},{"damage":0,"enemies":"Jaw Worm","floor":4,"turns":1},{"damage":3,"enemies":"Blue Slaver","floor":6,"turns":3},{"damage":27,"enemies":"Exordium Thugs","floor":7,"turns":4},{"damage":6,"enemies":"Gremlin Nob","floor":11,"turns":3},{"damage":19,"enemies":"3 Sentries","floor":13,"turns":4},{"damage":15,"enemies":"Lots of Slimes","floor":14,"turns":3},{"damage":18,"enemies":"Fading Forest","floor":16,"turns":11},{"damage":21,"enemies":"2 Thieves","floor":18,"turns":4},{"damage":10,"enemies":"Chosen","floor":19,"turns":4},{"damage":0,"enemies":"Sentry and Sphere","floor":21,"turns":3},{"damage":4,"enemies":"Book of Stabbing","floor":24,"turns":5},{"damage":0,"enemies":"Snake Plant","floor":28,"turns":3},{"damage":5,"enemies":"Replay:Snechameleon","floor":29,"turns":5},{"damage":0,"enemies":"Snecko","floor":30,"turns":5},{"damage":4,"enemies":"Centurion and Healer","floor":31,"turns":5},{"damage":34,"enemies":"Collector","floor":33,"turns":9},{"damage":4,"enemies":"3 Shapes","floor":35,"turns":3},{"damage":8,"enemies":"3 Darklings","floor":36,"turns":6},{"damage":32,"enemies":"Spire Growth","floor":37,"turns":5},{"damage":0,"enemies":"Maw","floor":40,"turns":7},{"damage":11,"enemies":"R_Hoarder","floor":41,"turns":8},{"damage":5,"enemies":"3 Darklings","floor":44,"turns":4},{"damage":39,"enemies":"Nightmare","floor":45,"turns":7},{"damage":0,"enemies":"Jaw Worm Horde","floor":47,"turns":3},{"damage":0,"enemies":"Giant Head","floor":48,"turns":7},{"damage":33,"enemies":"Donu and Deca","floor":50,"turns":6}],"seed_played":"-6072084508233738578","potions_obtained":[{"floor":1,"key":"FearPotion"},{"floor":7,"key":"AttackPotion"},{"floor":13,"key":"ColorlessPotion"},{"floor":18,"key":"EssenceOfSteel"},{"floor":19,"key":"Elixir"},{"floor":29,"key":"BlessingOfTheForge"},{"floor":33,"key":"Elixir"},{"floor":36,"key":"Block Potion"},{"floor":40,"key":"Toxic Potion"},{"floor":41,"key":"SneckoOil"},{"floor":44,"key":"Strength Potion"}],"is_trial":false,"path_per_floor":["M","?","M","M","?","M","M","$","T","R","E","R","E","M","R","B",null,"M","M","?","M","?","R","E","R","T","R","M","E","M","M","R","B",null,"?","?","?","T","?","?","E","T","T","?","NM","T","?","E","T","B",null],"character_chosen":"DEFECT","items_purchased":["Hello World+1","Beam Cell","Steam+1","Master of Strategy"],"campfire_rested":5,"item_purchase_floors":[8,8,38,38],"current_hp_per_floor":[75,75,75,75,75,72,45,45,45,45,39,39,20,5,27,9,75,54,44,44,44,44,44,40,62,62,62,62,57,57,53,53,19,75,75,67,35,35,35,35,24,46,46,41,2,24,34,54,75,42],"gold":536,"neow_bonus":"THREE_ENEMY_KILL","is_daily":false,"chose_seed":false,"campfire_upgraded":5,"win_rate":0.0,"timestamp":1610854604,"path_taken":["M","?","M","M","?","M","M","$","T","R","E","R","E","?","R","BOSS","M","M","?","M","?","R","E","R","T","R","M","E","?","M","R","BOSS","?","?","?","T","?","?","E","T","T","?","NM","T","?","E","T","BOSS"],"items_purchased_type":["Card","Card","Card","Card"],"build_version":"2020-12-22","purchased_purges":1,"victory":true,"max_hp_per_floor":[75,75,75,75,75,75,75,75,75,75,75,75,75,75,75,75,75,75,75,75,75,75,75,75,75,75,75,75,75,75,75,75,75,75,75,75,75,75,75,75,75,75,75,75,75,75,75,75,75,75],"card_choices":[{"not_picked":["Go for the Eyes","Beam Cell"],"picked":"Conserve Battery","floor":1},{"not_picked":["Chill","ReplayTheSpireMod:Calculation Training"],"picked":"Consume","floor":3},{"not_picked":["Compile Driver","Panic Button"],"picked":"Gash","floor":4},{"not_picked":["Streamline","Stack"],"picked":"Rebound","floor":6},{"not_picked":["Leap","Compile Driver"],"picked":"hubris:PowerSurge","floor":7},{"not_picked":["All For One","Sweeping Beam"],"picked":"Biased Cognition","floor":11},{"not_picked":["Capacitor","BootSequence"],"picked":"Doom and Gloom","floor":13},{"not_picked":["Hello World","Steam"],"picked":"Go for the Eyes","floor":14},{"not_picked":["Rainbow","Meteor Strike"],"picked":"Buffer","floor":16},{"not_picked":["Compile Driver+1","Cold Snap"],"picked":"Melter","floor":18},{"not_picked":["Sweeping Beam","Scrape"],"picked":"Steam","floor":19},{"not_picked":["Genetic Algorithm+1","Conserve Battery"],"picked":"Steam+1","floor":21},{"not_picked":["Streamline","Stack"],"picked":"Go for the Eyes","floor":24},{"not_picked":["Steam","Undo"],"picked":"Redo","floor":28},{"not_picked":["ReplaySort","Storm+1"],"picked":"Echo Form","floor":29},{"not_picked":["Barrage+1","Rebound"],"picked":"Turbo","floor":30},{"not_picked":["Barrage","Hello World"],"picked":"Go for the Eyes","floor":31},{"not_picked":["Biased Cognition","Hyperbeam"],"picked":"Reboot","floor":33},{"not_picked":["Fusion+1","Sunder+1"],"picked":"ReplayTheSpireMod:System Scan+1","floor":35},{"not_picked":["Sweeping Beam","Fusion"],"picked":"BootSequence+1","floor":36},{"not_picked":["Turbo+1","Stack"],"picked":"BasicCrystalCard+1","floor":37},{"not_picked":["Gash","Compile Driver+1"],"picked":"Tempest+1","floor":40},{"not_picked":["Biased Cognition","BasicCrystalCard"],"picked":"Chaos+1","floor":41},{"not_picked":["Recycle","Steam"],"picked":"Go for the Eyes+1","floor":44},{"not_picked":["Sunder+1","Reboot"],"picked":"Self Repair+1","floor":45},{"not_picked":["Sweeping Beam","Coolheaded+1"],"picked":"ReplayTheSpireMod:Calculation Training","floor":47},{"not_picked":["Cold Snap","ReplayGash"],"picked":"Sweeping Beam+1","floor":48}],"player_experience":78271,"relics_obtained":[{"floor":9,"key":"hubris:MobiusCoin"},{"floor":11,"key":"hubris:OldNail"},{"floor":13,"key":"infinitespire:WardingShard"},{"floor":24,"key":"infinitespire:Freezer"},{"floor":26,"key":"Simple Rune"},{"floor":29,"key":"Vajra"},{"floor":41,"key":"Pocketwatch"},{"floor":41,"key":"hubris:BallOfYels"},{"floor":43,"key":"Replay:Rubber Ducky"},{"floor":45,"key":"Potion Belt"},{"floor":45,"key":"Replay:Bottled Steam"},{"floor":48,"key":"PreservedInsect"},{"floor":48,"key":"hubris:MysteriousPyramids"}],"event_choices":[{"damage_healed":0,"gold_gain":0,"player_choice":"Box","damage_taken":0,"relics_obtained":["Smiling Mask"],"max_hp_gain":0,"max_hp_loss":0,"event_name":"Big Fish","floor":2,"gold_loss":0,"cards_obtained":["Regret"]},{"damage_healed":0,"gold_gain":0,"player_choice":"Full Heal","damage_taken":0,"max_hp_gain":0,"max_hp_loss":0,"event_name":"Wheel of Change","floor":5,"gold_loss":0},{"damage_healed":0,"gold_gain":0,"player_choice":"Ignored","damage_taken":0,"max_hp_gain":0,"max_hp_loss":0,"event_name":"Beggar","floor":20,"gold_loss":0},{"cards_removed":["Strike_B"],"damage_healed":0,"gold_gain":0,"player_choice":"Offered Basic","damage_taken":0,"max_hp_gain":0,"max_hp_loss":0,"event_name":"Bonfire Elementals","floor":22,"gold_loss":0},{"damage_healed":0,"gold_gain":0,"player_choice":"Ignored","damage_taken":0,"max_hp_gain":0,"max_hp_loss":0,"event_name":"NoteForYourself","floor":39,"gold_loss":0}],"is_beta":false,"boss_relics":[{"not_picked":["Fusion Hammer","Runic Pyramid"],"picked":"ChewingGum"},{"not_picked":["Runic Dome","ReplayTheSpireMod:DimensionalGlitch"],"picked":"Replay:Grab Bag"},{"not_picked":["hubris:VirtuousBlindfold","hubris:RunicObelisk"],"picked":"Painkiller Herb"},{"not_picked":["Velvet Choker","infinitespire:Cupcake"],"picked":"hubris:GrandSneckoEye"},{"not_picked":["ReplayTheSpireMod:SealedPack","Kintsugi"],"picked":"hubris:HollowSoul"},{"not_picked":["Empty Cage","FrozenCore"],"picked":"Black Star"}],"items_purged_floors":[8],"is_endless":false,"potions_floor_spawned":[1,7,13,18,19,24,29,33,36,40,41,44],"ascension_level":0}}