{"host":"8d3fefv2347kqkpz","time":1610888340,"event":{"mods":["100% Spire Juice","AchievementEnabler","Act Like it!","Aspiration","BaseMod","Better Vampires","BetterRewards","Colored Map","Colored Powertips","Conspire","GifTheSpireLib","Highlight Path","Mimic Mod","Minty Spire (QoL Compilation)","Quick Restart","Reimu£®≤©¿ˆ¡È√Œ£©","Relic Stats","Remilia£®¿Ÿ√◊¿Ú—«£©","Replay The Spire","Spicy Shops","StSLib","The Gatherer","The Jungle","The Senshi","The Servant 0.9.4","Waifu the Spire","vexMod"],"gold_per_floor":[368,368,83,102,122,122,133,160,160,130,130,61,77,77,77],"floor_reached":14,"language":"ZHS","playtime":434,"items_purged":["Strike_B"],"score":115,"play_id":"1e88eb8e-cf37-4e12-89ea-3023126a8de4","local_time":"20210117205900","is_ascension_mode":false,"campfire_choices":[{"data":"ReplayTheSpireMod:Private Reserves","floor":6,"key":"SMITH"},{"floor":11,"key":"REST"}],"circlet_count":0,"master_deck":["Strike_B","Strike_B","Strike_B","Defend_B","Defend_B","Defend_B","Defend_B","Zap","Dualcast","Injury","Static Discharge+1","ReplayTheSpireMod:Private Reserves+1","Cold Snap","ReplayTheSpireMod:Dual Polarity","Coolheaded","Coolheaded","FIFO Queue+1"],"relics":["Cracked Core","Frozen Egg 2","Toxic Egg 2","Meat on the Bone"],"acts_visited":["Exordium"],"potions_floor_usage":[8,8],"damage_taken":[{"damage":0,"enemies":"2 Louse","floor":1,"turns":2},{"damage":3,"enemies":"Small Slimes","floor":4,"turns":4},{"damage":0,"enemies":"Cultist","floor":5,"turns":4},{"damage":14,"enemies":"Lots of Slimes","floor":7,"turns":4},{"damage":12,"enemies":"Gremlin Nob","floor":8,"turns":2},{"damage":2,"enemies":"Looter","floor":10,"turns":4},{"damage":7,"enemies":"Large Slime","floor":13,"turns":7},{"damage":0,"enemies":"Lagavulin","floor":14,"turns":1}],"seed_played":"-8516069601272789057","potions_obtained":[{"floor":1,"key":"Death Potion"},{"floor":7,"key":"PowerPotion"},{"floor":13,"key":"SpeedPotion"}],"is_trial":false,"path_per_floor":["M","?","$","M","M","R","M","E","T","M","R","$","M","E"],"character_chosen":"DEFECT","items_purchased":["Static Discharge+1","ReplayTheSpireMod:Private Reserves","Cold Snap","FIFO Queue+1"],"campfire_rested":1,"item_purchase_floors":[3,3,3,12],"current_hp_per_floor":[54,54,54,51,51,51,37,25,25,35,57,57,50,50,50],"gold":77,"neow_bonus":"TWO_FIFTY_GOLD","is_daily":false,"chose_seed":false,"campfire_upgraded":1,"win_rate":0.0,"timestamp":1610888340,"path_taken":["M","?","$","M","M","R","M","E","T","M","R","$","M","E"],"items_purchased_type":["Card","Card","Card","Card"],"build_version":"2020-12-22","purchased_purges":1,"victory":false,"max_hp_per_floor":[75,75,75,75,75,75,75,75,75,75,75,75,75,75,75],"relic_stats":{"counters":[8,28],"obtain_stats":[{"Frozen Egg 2":2,"Toxic Egg 2":8,"Cracked Core":0,"Meat on the Bone":9},{"Frozen Egg 2":1,"Toxic Egg 2":5,"Cracked Core":0,"Meat on the Bone":5},{"Frozen Egg 2":2,"Toxic Egg 2":16,"Cracked Core":0,"Meat on the Bone":16}],"Meat on the Bone":12},"card_choices":[{"not_picked":["Doom and Gloom","Rip and Tear","Rebound"],"picked":"SKIP","floor":1},{"not_picked":["Glacier","Stack"],"picked":"ReplayTheSpireMod:Dual Polarity","floor":4},{"not_picked":["Barrage","Turbo"],"picked":"Coolheaded","floor":5},{"not_picked":["Redo","Steam"],"picked":"Coolheaded","floor":7},{"not_picked":["Redo+1","Stack+1","Compile Driver"],"picked":"SKIP","floor":8},{"not_picked":["FTL","Beam Cell","Barrage"],"picked":"SKIP","floor":10},{"not_picked":["Go for the Eyes","Panic Button+1","Turbo+1"],"picked":"SKIP","floor":13}],"player_experience":89621,"relics_obtained":[{"floor":8,"key":"Toxic Egg 2"},{"floor":9,"key":"Meat on the Bone"}],"event_choices":[],"is_beta":false,"boss_relics":[],"items_purged_floors":[3],"is_endless":false,"potions_floor_spawned":[1,7,13],"killed_by":"Lagavulin","ascension_level":0}}