{"host":"btj53a7qlsawl9sy","time":1610891167,"event":{"mods":["ATMod(∞¢Ë™Mod)","Act Like it!","Arknights The Spire","BaseMod","Better Vampires","Colored Powertips","Dota2Spire","Gensokyo","Luminous","Marisa£®ÏF”Í°°ƒß¿Ì…≥£©","Marked Mod","Minty Spire (QoL Compilation)","Quick Restart","Reimu£®≤©¿ˆ¡È√Œ£©","Relic Stats","Remilia£®¿Ÿ√◊¿Ú—«£©","Replay The Spire","Spicy Shops","StSLib","The Administrix","The Servant 0.9.4","Yakumo Yukari mod","Youmu£®ªÍ∆«—˝√Œ£©","Yuyuko","vexMod","°æ“≈ŒÔø®≈∆°øREMEMod","≤–¡Ù÷ÆŒÔ"],"gold_per_floor":[109,129,139,114,34,34,34],"floor_reached":6,"language":"ZHS","playtime":304,"items_purged":[],"score":36,"play_id":"0ebeaa96-e219-41b9-b8d7-7476e3cfe6f4","local_time":"20210117214607","is_ascension_mode":false,"campfire_choices":[],"circlet_count":0,"master_deck":["Fantasy Butterflies","Fantasy Butterflies","Fantasy Butterflies","Fantasy Butterflies","Fantasy Butterflies","Dreamy Sakura","Dreamy Sakura","Dreamy Sakura","Dreamy Sakura","Dreamy Sakura","Deathly Ground","Faramita\u0027s Temptation","Dancing Butterflies","Elegance","Monster Cherry Tree","Clumsy","Ghostdom Sakura"],"relics":["Coronal","Yuyuko\u0027s fan","REME_ComplimentaryCards","AT_ATBox","Replay:Baseball","Medical Kit"],"acts_visited":["Exordium"],"potions_floor_usage":[6],"damage_taken":[{"damage":20,"enemies":"Jaw Worm","floor":1,"turns":3},{"damage":6,"enemies":"2 Louse","floor":2,"turns":2},{"damage":12,"enemies":"Cultist","floor":3,"turns":3},{"damage":50,"enemies":"Replay:BlueRogue","floor":6,"turns":10}],"seed_played":"2619181916753908303","potions_obtained":[{"floor":2,"key":"AttackPotion"}],"is_trial":false,"path_per_floor":["M","M","M","?","$","E"],"character_chosen":"YUYOKO","items_purchased":["Medical Kit","Ghostdom Sakura"],"campfire_rested":0,"item_purchase_floors":[5,5],"current_hp_per_floor":[27,28,33,33,33,13,13],"gold":34,"neow_bonus":"RANDOM_COMMON_RELIC","is_daily":false,"chose_seed":false,"campfire_upgraded":0,"win_rate":0.0,"timestamp":1610891167,"path_taken":["M","M","M","?","?","E"],"items_purchased_type":["Relic","Card"],"build_version":"2020-12-22","purchased_purges":0,"victory":false,"max_hp_per_floor":[40,40,40,40,40,40,40],"relic_stats":{"counters":[4,18],"Medical Kit":[12],"obtain_stats":[{"Replay:Baseball":0,"Yuyuko\u0027s fan":0,"AT_ATBox":0,"Coronal":0,"Medical Kit":5,"REME_ComplimentaryCards":0},{"Replay:Baseball":0,"Yuyuko\u0027s fan":0,"AT_ATBox":0,"Coronal":0,"Medical Kit":3,"REME_ComplimentaryCards":0},{"Replay:Baseball":0,"Yuyuko\u0027s fan":0,"AT_ATBox":0,"Coronal":0,"Medical Kit":8,"REME_ComplimentaryCards":0}]},"card_choices":[{"not_picked":["Gauzy Sakura","Become Phantom"],"picked":"Dancing Butterflies","floor":1},{"not_picked":["Dancing Soul","Gone"],"picked":"Elegance","floor":2},{"not_picked":["Unpaved Way","Living to Die"],"picked":"Monster Cherry Tree","floor":3}],"player_experience":139152,"relics_obtained":[],"event_choices":[],"is_beta":false,"boss_relics":[],"items_purged_floors":[],"is_endless":false,"potions_floor_spawned":[2],"killed_by":"Replay:BlueRogue","ascension_level":0}}