{"host":"Letariel","time":1610919508,"event":{"mods":["BaseMod","Minty Spire (QoL Compilation)"],"gold_per_floor":[111,123,134,134,146,146,146,156,183,183,215,225,244,244,244,348,348,363,36,54,54,73,73,73,85,85,85,96,96,96,96,96,201,201,212,228,242,242,242,242,142,192,192,192,192,207,207,7,7,7],"floor_reached":51,"language":"ENG","playtime":3525,"items_purged":["Strike_B","Defend_B"],"score":672,"play_id":"5a27ced2-8f8d-4ff2-a8e4-d0bb477cde26","local_time":"20210117133828","is_ascension_mode":false,"campfire_choices":[{"floor":7,"key":"REST"},{"data":"Zap","floor":10,"key":"SMITH"},{"data":"Sweeping Beam","floor":15,"key":"SMITH"},{"data":"Recycle","floor":23,"key":"SMITH"},{"data":"Static Discharge","floor":27,"key":"SMITH"},{"data":"Go for the Eyes","floor":30,"key":"SMITH"},{"data":"Barrage","floor":32,"key":"SMITH"},{"data":"Echo Form","floor":40,"key":"SMITH"},{"data":"Panache","floor":45,"key":"SMITH"},{"floor":47,"key":"REST"},{"data":"Forethought","floor":49,"key":"SMITH"}],"circlet_count":0,"master_deck":["Defend_B+1","Defend_B+1","Zap+1","Dualcast+1","Echo Form+1","Steam","Sweeping Beam+1","Sweeping Beam","Genetic Algorithm","Ball Lightning","Cold Snap","Genetic Algorithm","Capacitor","Core Surge","Static Discharge+1","Conserve Battery+1","Recycle+1","Capacitor","Barrage+1","Go for the Eyes+1","Cold Snap","Electrodynamics","Turbo+1","Forethought+1","Panache+1","Chaos+1"],"relics":["Cracked Core","Akabeko","Blood Vial","Runic Pyramid","Mercury Hourglass","SacredBark","Lizard Tail","CaptainsWheel","War Paint","Bronze Scales"],"acts_visited":["Exordium","TheCity","TheBeyond"],"potions_floor_usage":[11,16,25,33,35,46,50],"damage_taken":[{"damage":8.0,"enemies":"Jaw Worm","floor":1.0,"turns":3.0},{"damage":1.0,"enemies":"2 Louse","floor":2.0,"turns":3.0},{"damage":3.0,"enemies":"Small Slimes","floor":3.0,"turns":4.0},{"damage":6,"enemies":"Looter","floor":5,"turns":4},{"damage":0,"enemies":"Lots of Slimes","floor":8,"turns":1},{"damage":8,"enemies":"Lagavulin","floor":11,"turns":5},{"damage":2,"enemies":"2 Fungi Beasts","floor":12,"turns":3},{"damage":4,"enemies":"Blue Slaver","floor":13,"turns":3},{"damage":5,"enemies":"Slime Boss","floor":16,"turns":6},{"damage":19,"enemies":"2 Thieves","floor":18,"turns":4},{"damage":4,"enemies":"3 Byrds","floor":20,"turns":4},{"damage":1,"enemies":"Shelled Parasite and Fungi","floor":22,"turns":5},{"damage":0,"enemies":"Cultist and Chosen","floor":25,"turns":7},{"damage":0,"enemies":"Snecko","floor":28,"turns":5},{"damage":0,"enemies":"Champ","floor":33,"turns":9},{"damage":4,"enemies":"3 Darklings","floor":35,"turns":5},{"damage":0,"enemies":"3 Shapes","floor":36,"turns":3},{"damage":0,"enemies":"Jaw Worm Horde","floor":37,"turns":4},{"damage":0,"enemies":"Mind Bloom Boss Battle","floor":42,"turns":5},{"damage":26,"enemies":"Spire Growth","floor":46,"turns":5},{"damage":47,"enemies":"Time Eater","floor":50,"turns":10}],"seed_played":"5444483216955657719","potions_obtained":[{"floor":2.0,"key":"Regen Potion"},{"floor":5,"key":"FocusPotion"},{"floor":13,"key":"PotionOfCapacity"},{"floor":16,"key":"Dexterity Potion"},{"floor":22,"key":"Regen Potion"},{"floor":28,"key":"AttackPotion"},{"floor":33,"key":"Fire Potion"},{"floor":35,"key":"Energy Potion"}],"is_trial":false,"path_per_floor":["M","M","M","?","M","?","R","M","T","R","E","M","M","?","R","B",null,"M","$","M","?","M","R","?","M","T","R","M","?","R","$","R","B",null,"M","M","M","?","?","R","$","?","T","T","R","M","R","$","R","B",null],"character_chosen":"DEFECT","items_purchased":["Mercury Hourglass","Bronze Scales","PowerPotion"],"campfire_rested":2,"item_purchase_floors":[19,48,48],"current_hp_per_floor":[67,66,63,56,50,35,57,57,57,57,61,61,59,64,64,61,80,61,61,59,59,60,60,60,77,77,77,79,79,79,79,79,80,80,76,78,80,80,70,70,70,72,72,72,72,48,72,72,72,27],"gold":7,"neow_bonus":"ONE_RANDOM_RARE_CARD","is_daily":false,"chose_seed":false,"campfire_upgraded":9,"win_rate":0.0,"timestamp":1610919508,"path_taken":["M","M","M","?","M","?","R","M","T","R","E","M","M","?","R","BOSS","M","$","M","?","M","R","?","M","T","R","M","?","R","$","R","BOSS","M","?","M","?","?","R","?","?","T","?","R","M","R","$","R","BOSS"],"items_purchased_type":["Relic","Relic","Potion"],"build_version":"2020-12-18","purchased_purges":2,"victory":true,"max_hp_per_floor":[75,75,75,75,75,75,75,75,75,75,75,75,75,80,80,80,80,80,80,80,80,80,80,80,80,80,80,80,80,80,80,80,80,80,80,80,80,80,80,80,80,80,80,80,80,80,80,80,80,80],"card_choices":[{"not_picked":["Turbo","Fusion"],"picked":"Steam","floor":1.0},{"not_picked":["Tempest","Cold Snap"],"picked":"Sweeping Beam","floor":2.0},{"not_picked":["Reprogram","Turbo"],"picked":"Sweeping Beam","floor":3.0},{"not_picked":["Conserve Battery","Aggregate"],"picked":"Genetic Algorithm","floor":5},{"not_picked":["Go for the Eyes","Chill"],"picked":"Ball Lightning","floor":8},{"not_picked":["Rip and Tear","Reprogram"],"picked":"Cold Snap","floor":11},{"not_picked":["Blizzard","Doom and Gloom"],"picked":"Genetic Algorithm","floor":12},{"not_picked":["Rainbow","Coolheaded"],"picked":"Capacitor","floor":13},{"not_picked":["All For One","Echo Form"],"picked":"Core Surge","floor":16},{"not_picked":["FTL","Hello World+1"],"picked":"Static Discharge","floor":18},{"not_picked":["White Noise","Sweeping Beam"],"picked":"Conserve Battery","floor":20},{"not_picked":["Rip and Tear+1","Sweeping Beam","Ball Lightning"],"picked":"SKIP","floor":22},{"not_picked":["Loop","Cold Snap"],"picked":"Barrage","floor":25},{"not_picked":["Rebound","Gash"],"picked":"Go for the Eyes","floor":28},{"not_picked":["Creative AI","All For One"],"picked":"Electrodynamics","floor":33},{"not_picked":["Hello World+1","Conserve Battery"],"picked":"Turbo+1","floor":35},{"not_picked":["Blizzard+1","Stack","White Noise"],"picked":"SKIP","floor":36},{"not_picked":["Rebound","Skim+1","Hello World"],"picked":"SKIP","floor":37},{"not_picked":["Impatience","The Bomb"],"picked":"Forethought","floor":39},{"not_picked":["Purity","Dark Shackles"],"picked":"Panache","floor":39},{"not_picked":["Coolheaded","Tempest"],"picked":"Chaos+1","floor":46}],"player_experience":737719,"relics_obtained":[{"floor":9,"key":"Akabeko"},{"floor":11,"key":"Blood Vial"},{"floor":42,"key":"Lizard Tail"},{"floor":43,"key":"CaptainsWheel"},{"floor":44,"key":"War Paint"}],"event_choices":[{"cards_removed":["Strike_B"],"damage_healed":0,"gold_gain":0,"player_choice":"Card Removal","damage_taken":7,"max_hp_gain":0,"max_hp_loss":0,"event_name":"Golden Wing","floor":4,"gold_loss":0},{"damage_healed":0,"gold_gain":0,"player_choice":"Entered Light","damage_taken":15,"max_hp_gain":0,"max_hp_loss":0,"event_name":"Shining Light","floor":6,"gold_loss":0,"cards_upgraded":["Defend_B","Defend_B"]},{"damage_healed":0,"gold_gain":0,"player_choice":"Donut","damage_taken":0,"max_hp_gain":5,"max_hp_loss":0,"event_name":"Big Fish","floor":14,"gold_loss":0},{"damage_healed":0,"gold_gain":0,"player_choice":"Read","damage_taken":0,"max_hp_gain":0,"max_hp_loss":0,"event_name":"The Library","floor":21,"gold_loss":0,"cards_obtained":["Recycle"]},{"damage_healed":0,"gold_gain":0,"cards_transformed":["Strike_B","Strike_B"],"player_choice":"Became Test Subject","damage_taken":0,"max_hp_gain":0,"max_hp_loss":0,"event_name":"Drug Dealer","floor":24,"gold_loss":0,"cards_obtained":["Capacitor","BootSequence"]},{"damage_healed":0,"gold_gain":0,"cards_transformed":["Defend_B"],"player_choice":"Transformed","damage_taken":0,"max_hp_gain":0,"max_hp_loss":0,"event_name":"Transmorgrifier","floor":29,"gold_loss":0,"cards_obtained":["Cold Snap"]},{"cards_removed":["BootSequence"],"damage_healed":0,"gold_gain":0,"player_choice":"Removed Skill","damage_taken":0,"max_hp_gain":0,"max_hp_loss":0,"event_name":"Falling","floor":38,"gold_loss":0},{"damage_healed":0,"gold_gain":0,"player_choice":"Memory 3","damage_taken":10,"max_hp_gain":0,"max_hp_loss":0,"event_name":"SensoryStone","floor":39,"gold_loss":0},{"damage_healed":0,"gold_gain":0,"player_choice":"Fight","damage_taken":0,"max_hp_gain":0,"max_hp_loss":0,"event_name":"MindBloom","floor":42,"gold_loss":0}],"is_beta":true,"boss_relics":[{"not_picked":["Velvet Choker","Philosopher\u0027s Stone"],"picked":"Runic Pyramid"},{"not_picked":["Black Star","Pandora\u0027s Box"],"picked":"SacredBark"}],"items_purged_floors":[19,41],"is_endless":false,"potions_floor_spawned":[2,5,13,16,22,28,33,35,37],"ascension_level":0}}