{"host":"2i1rjl87isetstuj","time":1610861489,"event":{"mods":["BaseMod","Better Vampires","Challenge The Spire","Luminous","Marked Mod","Minty Spire (QoL Compilation)","Quick Restart","Shop Mod","StSLib","Waifu the Spire","óô»ðÖ¸ÄÏ"],"gold_per_floor":[118,118,6,19,37,68,84,84,84],"floor_reached":8,"language":"ZHS","playtime":276,"items_purged":["Strike_P"],"score":61,"play_id":"f992d051-1af5-4d4f-bd63-ac43e10893ff","local_time":"20210117133129","is_ascension_mode":true,"campfire_choices":[],"circlet_count":0,"master_deck":["Strike_P","Strike_P","Strike_P+1","Defend_P","Defend_P","Defend_P","Defend_P","Eruption","Vigilance","BattleHymn+1","MarkedMod:GracefulMovements","PathToVictory","MarkedMod:Acupuncture"],"relics":["PureWater","NeowsBlessing","InkBottle"],"acts_visited":["Exordium"],"potions_floor_usage":[],"damage_taken":[{"damage":0,"enemies":"Jaw Worm","floor":1,"turns":1},{"damage":0,"enemies":"Cultist","floor":4,"turns":1},{"damage":0,"enemies":"Small Slimes","floor":5,"turns":1},{"damage":26,"enemies":"Gremlin Nob","floor":6,"turns":4},{"damage":15,"enemies":"Looter","floor":7,"turns":3},{"damage":36,"enemies":"Lagavulin","floor":8,"turns":4}],"seed_played":"-6132634454207186713","potions_obtained":[{"floor":1,"key":"Swift Potion"},{"floor":6,"key":"SmokeBomb"}],"is_trial":false,"path_per_floor":["M","?","$","M","M","E","M","E"],"character_chosen":"WATCHER","items_purchased":["MarkedMod:GracefulMovements"],"campfire_rested":0,"item_purchase_floors":[3],"current_hp_per_floor":[72,58,58,58,58,32,17,0,0],"gold":84,"neow_bonus":"THREE_ENEMY_KILL","is_daily":false,"chose_seed":false,"campfire_upgraded":0,"win_rate":0.0,"timestamp":1610861489,"path_taken":["M","?","?","M","M","E","M","E"],"items_purchased_type":["Card"],"build_version":"2020-12-22","purchased_purges":1,"victory":false,"max_hp_per_floor":[72,72,72,72,72,72,72,72,72],"card_choices":[{"not_picked":["WindmillStrike","Weave"],"picked":"BattleHymn","floor":1},{"not_picked":["Consecrate","CrushJoints"],"picked":"PathToVictory","floor":4},{"not_picked":["ThirdEye","WreathOfFlame"],"picked":"MarkedMod:Acupuncture","floor":5},{"not_picked":["CrushJoints","EmptyBody","ThirdEye"],"picked":"SKIP","floor":6},{"not_picked":["JustLucky","ThirdEye","EmptyFist"],"picked":"SKIP","floor":7}],"player_experience":102718,"relics_obtained":[{"floor":6,"key":"InkBottle"}],"event_choices":[{"damage_healed":0,"gold_gain":0,"player_choice":"Entered Light","damage_taken":14,"max_hp_gain":0,"max_hp_loss":0,"event_name":"Shining Light","floor":2,"gold_loss":0,"cards_upgraded":["Strike_P","BattleHymn"]}],"is_beta":false,"boss_relics":[],"items_purged_floors":[3],"is_endless":false,"potions_floor_spawned":[1,6],"killed_by":"Lagavulin","ascension_level":1}}