{"host":"dgf4n6lo35jtjz0c","time":1610846517,"event":{"mods":["AchievementEnabler","BaseMod","Bestiary","Colored Powertips","Minty Spire (QoL Compilation)"],"gold_per_floor":[166,166,186,206,226,226,126,141,141,151,170,201,201,219,219,323,323,340,38,38,38,53,71,71,103,130,130,130,143,168,185,185,289,289,303,314,13,31,42,42,55,68,68,84,84,84,84,84,84,84,84],"floor_reached":50,"language":"ENG","playtime":3899,"items_purged":["Strike_P"],"score":545,"play_id":"bee49abb-40c4-4920-a357-e669a0db04ed","local_time":"20210117122157","is_ascension_mode":false,"campfire_choices":[{"data":"ThirdEye","floor":6,"key":"SMITH"},{"data":"Meditate","floor":13,"key":"SMITH"},{"floor":15,"key":"REST"},{"floor":24,"key":"REST"},{"floor":27,"key":"REST"},{"floor":32,"key":"REST"},{"floor":40,"key":"REST"},{"floor":45,"key":"REST"},{"floor":47,"key":"REST"},{"floor":49,"key":"REST"}],"circlet_count":0,"master_deck":["Strike_P+1","Strike_P+1","Strike_P+1","Defend_P+1","Defend_P+1","Defend_P+1","Defend_P+1","Eruption+1","Vigilance+1","Prostrate+1","ThirdEye+1","Consecrate+1","PathToVictory+1","Sanctity+1","PathToVictory+1","MentalFortress+1","DeusExMachina+1","Meditate+1","PathToVictory+1","ThirdEye+1","ThirdEye+1","Meditate+1","DevaForm+1","Alpha+1","Weave+1","Study+1","JustLucky+1","ThirdEye+1","CutThroughFate+1","PathToVictory+1","Alpha+1"],"relics":["Tiny House","Art of War","Pen Nib","Fusion Hammer","Mercury Hourglass","MutagenicStrength","Mummified Hand","Lantern","Shuriken","Red Mask","Philosopher\u0027s Stone","Eternal Feather","Meat on the Bone","Mark of the Bloom"],"acts_visited":["Exordium","TheCity","TheBeyond"],"potions_floor_usage":[16,25,29,33,33,41,50,50],"damage_taken":[{"damage":0.0,"enemies":"Small Slimes","floor":1.0,"turns":4.0},{"damage":0.0,"enemies":"2 Louse","floor":3.0,"turns":4.0},{"damage":2,"enemies":"Jaw Worm","floor":4,"turns":4},{"damage":1,"enemies":"Looter","floor":5,"turns":4},{"damage":0,"enemies":"Blue Slaver","floor":8,"turns":5},{"damage":6,"enemies":"3 Louse","floor":10,"turns":5},{"damage":5,"enemies":"Looter","floor":11,"turns":2},{"damage":6,"enemies":"Gremlin Nob","floor":12,"turns":4},{"damage":7,"enemies":"Exordium Thugs","floor":14,"turns":4},{"damage":36,"enemies":"Slime Boss","floor":16,"turns":9},{"damage":14,"enemies":"Shell Parasite","floor":18,"turns":4},{"damage":2,"enemies":"3 Byrds","floor":22,"turns":4},{"damage":7,"enemies":"Snecko","floor":23,"turns":4},{"damage":27,"enemies":"Slavers","floor":25,"turns":6},{"damage":4,"enemies":"Cultist and Chosen","floor":29,"turns":6},{"damage":0,"enemies":"Masked Bandits","floor":30,"turns":2},{"damage":0,"enemies":"3 Cultists","floor":31,"turns":4},{"damage":71,"enemies":"Collector","floor":33,"turns":6},{"damage":1,"enemies":"Orb Walker","floor":35,"turns":4},{"damage":5,"enemies":"3 Shapes","floor":36,"turns":5},{"damage":11,"enemies":"3 Darklings","floor":38,"turns":4},{"damage":17,"enemies":"Jaw Worm Horde","floor":39,"turns":3},{"damage":33,"enemies":"Writhing Mass","floor":41,"turns":4},{"damage":8,"enemies":"4 Shapes","floor":42,"turns":6},{"damage":13,"enemies":"3 Darklings","floor":44,"turns":5},{"damage":102,"enemies":"Time Eater","floor":50,"turns":6}],"seed_played":"-8442483553697482293","potions_obtained":[{"floor":0.0,"key":"Weak Potion"},{"floor":4,"key":"Energy Potion"},{"floor":5,"key":"GamblersBrew"},{"floor":10,"key":"Block Potion"},{"floor":22,"key":"PowerPotion"},{"floor":25,"key":"SteroidPotion"},{"floor":30,"key":"Fire Potion"},{"floor":31,"key":"Swift Potion"},{"floor":36,"key":"Energy Potion"},{"floor":38,"key":"SpeedPotion"},{"floor":39,"key":"PowerPotion"},{"floor":42,"key":"StancePotion"}],"is_trial":false,"path_per_floor":["M","?","M","M","M","R","$","M","T","M","M","E","R","M","R","B",null,"M","$","?","?","M","M","R","E","T","R","?","M","?","M","R","B",null,"M","M","$","M","M","R","M","M","T","M","R","$","R","?","R","B"],"character_chosen":"WATCHER","items_purchased":["PathToVictory","ThirdEye","Mercury Hourglass","Eternal Feather","Study"],"campfire_rested":8,"item_purchase_floors":[7,19,19,37,37],"current_hp_per_floor":[77,77,77,75,74,74,74,74,74,68,63,57,57,50,73,37,77,63,63,63,63,61,54,77,50,50,73,73,69,69,69,77,6,77,76,71,71,60,43,77,44,36,36,35,76,76,77,77,77,0,0],"gold":84,"neow_bonus":"BOSS_RELIC","is_daily":false,"chose_seed":false,"campfire_upgraded":2,"win_rate":0.0,"timestamp":1610846517,"path_taken":["M","?","M","M","M","R","$","M","T","M","M","E","R","M","R","BOSS","M","$","?","?","M","M","R","E","T","R","?","?","?","M","R","BOSS","M","M","$","M","M","R","M","M","T","M","R","$","R","?","R","BOSS"],"items_purchased_type":["Card","Card","Relic","Relic","Card"],"build_version":"2020-12-22","purchased_purges":1,"victory":false,"max_hp_per_floor":[77,77,77,77,77,77,77,77,77,77,77,77,77,77,77,77,77,77,77,77,77,77,77,77,77,77,77,77,77,77,77,77,77,77,77,77,77,77,77,77,77,77,77,77,77,77,77,77,77,77,77],"card_choices":[{"not_picked":["BowlingBash","WindmillStrike"],"picked":"Prostrate","floor":0.0},{"not_picked":["SignatureMove","Meditate"],"picked":"ThirdEye","floor":1.0},{"not_picked":["Weave","SandsOfTime"],"picked":"Consecrate","floor":3},{"not_picked":["CrushJoints","ClearTheMind"],"picked":"PathToVictory","floor":4},{"not_picked":["Consecrate","EmptyFist"],"picked":"Sanctity","floor":5},{"not_picked":["FlyingSleeves","Wallop"],"picked":"MentalFortress","floor":8},{"not_picked":["JustLucky","EmptyBody"],"picked":"DeusExMachina","floor":10},{"not_picked":["CarveReality","BowlingBash","FollowUp"],"picked":"SKIP","floor":11},{"not_picked":["Prostrate","BattleHymn"],"picked":"Meditate","floor":12},{"not_picked":["Meditate","WreathOfFlame"],"picked":"PathToVictory","floor":14},{"not_picked":["Consecrate","Crescendo","EmptyFist"],"picked":"SKIP","floor":18},{"not_picked":["CrushJoints","FollowUp","DeceiveReality"],"picked":"SKIP","floor":22},{"not_picked":["Pray","CarveReality","Crescendo"],"picked":"SKIP","floor":23},{"not_picked":["Adaptation","Crescendo"],"picked":"ThirdEye","floor":25},{"not_picked":["FollowUp+1","Perseverance"],"picked":"Meditate+1","floor":29},{"not_picked":["BowlingBash","EmptyFist"],"picked":"DevaForm","floor":30},{"not_picked":["ForeignInfluence","Crescendo","BowlingBash"],"picked":"SKIP","floor":31},{"not_picked":["DeusExMachina","Ragnarok"],"picked":"Alpha","floor":33},{"not_picked":["Adaptation+1","FollowUp","Protect"],"picked":"SKIP","floor":35},{"not_picked":["EmptyBody+1","Perseverance"],"picked":"Weave+1","floor":36},{"not_picked":["Crescendo","Worship+1"],"picked":"JustLucky","floor":38},{"not_picked":["Protect","Crescendo+1"],"picked":"ThirdEye","floor":39},{"not_picked":["JustLucky+1","EmptyBody+1"],"picked":"CutThroughFate+1","floor":41},{"not_picked":["Prostrate","Vengeance+1"],"picked":"PathToVictory","floor":42},{"not_picked":["Evaluate+1","DeceiveReality+1"],"picked":"Alpha","floor":44}],"player_experience":113306,"relics_obtained":[{"floor":9,"key":"Art of War"},{"floor":12,"key":"Pen Nib"},{"floor":25,"key":"Mummified Hand"},{"floor":26,"key":"Lantern"},{"floor":30,"key":"Red Mask"},{"floor":43,"key":"Meat on the Bone"}],"event_choices":[{"damage_healed":0.0,"max_hp_gain":0.0,"max_hp_loss":0.0,"gold_gain":0.0,"event_name":"The Cleric","player_choice":"Leave","floor":2.0,"gold_loss":0.0,"damage_taken":0.0},{"damage_healed":0,"gold_gain":0,"player_choice":"Ignored","damage_taken":0,"max_hp_gain":0,"max_hp_loss":0,"event_name":"Vampires","floor":20,"gold_loss":0},{"damage_healed":0,"gold_gain":0,"player_choice":"Inject Mutagens","damage_taken":0,"relics_obtained":["MutagenicStrength"],"max_hp_gain":0,"max_hp_loss":0,"event_name":"Drug Dealer","floor":21,"gold_loss":0},{"damage_healed":0,"gold_gain":0,"player_choice":"Opened","damage_taken":0,"relics_obtained":["Shuriken"],"max_hp_gain":0,"max_hp_loss":0,"event_name":"The Mausoleum","floor":28,"gold_loss":0},{"damage_healed":0,"gold_gain":0,"player_choice":"Fought Bandits","damage_taken":0,"max_hp_gain":0,"max_hp_loss":0,"event_name":"Masked Bandits","floor":30,"gold_loss":0},{"damage_healed":0,"gold_gain":0,"player_choice":"Upgrade","damage_taken":0,"relics_obtained":["Mark of the Bloom"],"max_hp_gain":0,"max_hp_loss":0,"event_name":"MindBloom","floor":48,"gold_loss":0,"cards_upgraded":["Strike_P","Strike_P","Strike_P","Defend_P","Defend_P","Defend_P","Defend_P","Eruption","Prostrate","Consecrate","PathToVictory","Sanctity","PathToVictory","MentalFortress","DeusExMachina","PathToVictory","ThirdEye","ThirdEye","DevaForm","Alpha","Study","JustLucky","ThirdEye","PathToVictory","Alpha"]}],"is_beta":false,"boss_relics":[{"not_picked":["Coffee Dripper","Velvet Choker"],"picked":"Fusion Hammer"},{"not_picked":["Busted Crown","Runic Dome"],"picked":"Philosopher\u0027s Stone"}],"items_purged_floors":[7],"is_endless":false,"potions_floor_spawned":[4,5,10,11,22,25,30,31,36,38,39,42,44],"killed_by":"Time Eater","ascension_level":0}}