{"host":"phniwng9zo19jwdb","time":1609522424,"event":{"mods":["AchievementEnabler","BaseMod","Colored Powertips","Faster Ascension Climbing","GifTheSpireLib","Minty Spire (QoL Compilation)","Permanent Neow","Rare Cards Sparkle","StSLib"],"gold_per_floor":[111,36,36,52,68,108,108,143,143,178,178,194,214,227,227,227,227],"floor_reached":16,"playtime":496,"items_purged":[],"score":220,"play_id":"727c3ece-0ed8-4c40-912e-aaabdc14174e","local_time":"20210101183344","is_ascension_mode":true,"campfire_choices":[{"data":"Footwork","floor":7,"key":"SMITH"},{"floor":11,"key":"REST"},{"data":"Envenom","floor":15,"key":"SMITH"}],"circlet_count":0,"master_deck":["AscendersBane","Strike_G","Strike_G","Strike_G","Strike_G","Defend_G","Defend_G","Defend_G+1","Defend_G","Defend_G","Survivor+1","Neutralize","Corpse Explosion","Footwork+1","Cloak And Dagger","Infinite Blades","Backstab","Envenom+1","Tactician","Heel Hook+1","Cloak And Dagger"],"relics":["Ring of the Snake","Golden Idol","Tiny Chest","Molten Egg 2","War Paint","Smiling Mask"],"acts_visited":["Exordium"],"potions_floor_usage":[6,10],"damage_taken":[{"damage":5,"enemies":"Jaw Worm","floor":1,"turns":7},{"damage":5,"enemies":"2 Louse","floor":4,"turns":3},{"damage":4,"enemies":"Cultist","floor":5,"turns":4},{"damage":6,"enemies":"3 Sentries","floor":6,"turns":6},{"damage":32,"enemies":"Gremlin Nob","floor":8,"turns":5},{"damage":10,"enemies":"3 Sentries","floor":10,"turns":4},{"damage":0,"enemies":"2 Fungi Beasts","floor":12,"turns":3},{"damage":0,"enemies":"3 Louse","floor":13,"turns":3},{"damage":0,"enemies":"Blue Slaver","floor":14,"turns":4},{"damage":21,"enemies":"Slime Boss","floor":16,"turns":3}],"seed_played":"4007105162757751960","potions_obtained":[{"floor":4,"key":"AttackPotion"},{"floor":6,"key":"Fruit Juice"},{"floor":10,"key":"Energy Potion"},{"floor":12,"key":"Poison Potion"}],"is_trial":false,"path_per_floor":["M","?","?","M","M","E","R","E","T","E","R","M","M","M","R","B"],"character_chosen":"THE_SILENT","items_purchased":[],"campfire_rested":1,"item_purchase_floors":[],"current_hp_per_floor":[54,54,54,49,45,39,39,7,7,2,21,21,21,21,21,0,0],"gold":227,"neow_bonus":"ONE_RANDOM_RARE_CARD","is_daily":false,"chose_seed":false,"campfire_upgraded":2,"win_rate":0.0,"timestamp":1609522424,"path_taken":["M","?","?","M","M","E","R","E","T","E","R","M","M","M","R","BOSS"],"items_purchased_type":[],"build_version":"2020-12-22","purchased_purges":0,"victory":false,"max_hp_per_floor":[66,66,60,60,60,60,60,60,60,65,65,65,65,65,65,65,65],"card_choices":[{"not_picked":["PiercingWail","Dodge and Roll"],"picked":"Footwork","floor":1},{"not_picked":["Slice","Flechettes"],"picked":"Cloak And Dagger","floor":4},{"not_picked":["Outmaneuver","Cloak And Dagger"],"picked":"Infinite Blades","floor":5},{"not_picked":["Quick Slash","Infinite Blades"],"picked":"Backstab","floor":6},{"not_picked":["Quick Slash+1","Dagger Throw+1"],"picked":"Envenom","floor":8},{"not_picked":["Slice+1","Riddle With Holes+1"],"picked":"Tactician","floor":10},{"not_picked":["PiercingWail","Terror"],"picked":"Heel Hook+1","floor":12},{"not_picked":["Deflect","Dagger Throw+1"],"picked":"Cloak And Dagger","floor":13},{"not_picked":["Choke+1","Bane+1","Outmaneuver"],"picked":"SKIP","floor":14}],"player_experience":38791,"relics_obtained":[{"floor":6,"key":"Tiny Chest"},{"floor":8,"key":"Molten Egg 2"},{"floor":9,"key":"War Paint"},{"floor":10,"key":"Smiling Mask"}],"event_choices":[{"cards_removed":["Strike_G"],"damage_healed":0,"gold_gain":0,"player_choice":"Card Removal","damage_taken":0,"max_hp_gain":0,"max_hp_loss":0,"event_name":"The Cleric","floor":2,"gold_loss":75},{"damage_healed":0,"gold_gain":0,"player_choice":"Lose Max HP","damage_taken":0,"relics_obtained":["Golden Idol"],"max_hp_gain":0,"max_hp_loss":6,"event_name":"Golden Idol","floor":3,"gold_loss":0}],"is_beta":false,"boss_relics":[],"items_purged_floors":[],"is_endless":false,"potions_floor_spawned":[4,6,10,12],"killed_by":"Slime Boss","ascension_level":16}}