{"host":"wha9hktbkslqvblg","time":1609464514,"event":{"mods":["BaseMod","Colored Map","Minty Spire (QoL Compilation)","Relic Stats","SuperFastMode","everything is the same but u backflip on backflip"],"gold_per_floor":[113,130,130,205,205,233,158,172,172,12,31,45,45,45,45,121,121,135,135,146,165,165,165,197,197,197,210,210,229,129,141,141,214,214,225,225,244,256,131,157,167,167,167,186,201,201,201,201,201,201,201,201,201,51,80,80],"floor_reached":57,"playtime":1703,"items_purged":["Defend_R","Anger","Bash","Defend_R"],"score":3233,"play_id":"f89824c2-ef78-410c-8c7d-829c53e94e19","local_time":"20210101102834","is_ascension_mode":true,"campfire_choices":[{"data":"Body Slam","floor":13.0,"key":"SMITH"},{"data":"Second Wind","floor":15.0,"key":"SMITH"},{"data":"Dark Embrace","floor":23.0,"key":"SMITH"},{"data":"Power Through","floor":25.0,"key":"SMITH"},{"data":"Warcry","floor":32.0,"key":"SMITH"},{"floor":42.0,"key":"RECALL"},{"data":"Shockwave","floor":46.0,"key":"SMITH"},{"data":"Seeing Red","floor":49.0,"key":"SMITH"},{"data":"Impervious","floor":53.0,"key":"SMITH"}],"circlet_count":0,"master_deck":["AscendersBane","Defend_R+1","Defend_R","Shrug It Off","Warcry+1","Second Wind+1","Power Through+1","Body Slam+1","Shockwave+1","Impervious+1","Dark Embrace+1","Seeing Red+1","Juggernaut"],"relics":["Burning Blood","NeowsBlessing","Question Card","White Beast Statue","Empty Cage","Pear","Omamori","Cursed Key","CaptainsWheel","Bag of Marbles"],"acts_visited":["Exordium","TheCity","TheBeyond","TheEnding"],"potions_floor_usage":[56,56],"damage_taken":[{"damage":0.0,"enemies":"Cultist","floor":1.0,"turns":1.0},{"damage":0.0,"enemies":"Jaw Worm","floor":2.0,"turns":1.0},{"damage":0.0,"enemies":"Gremlin Nob","floor":6.0,"turns":1.0},{"damage":0.0,"enemies":"2 Louse","floor":8.0,"turns":3.0},{"damage":11.0,"enemies":"Looter","floor":11.0,"turns":3.0},{"damage":12.0,"enemies":"Large Slime","floor":12.0,"turns":5.0},{"damage":0.0,"enemies":"Slime Boss","floor":16.0,"turns":10.0},{"damage":0.0,"enemies":"Chosen","floor":18.0,"turns":5.0},{"damage":7.0,"enemies":"2 Thieves","floor":20.0,"turns":5.0},{"damage":9.0,"enemies":"Centurion and Healer","floor":21.0,"turns":8.0},{"damage":27.0,"enemies":"Book of Stabbing","floor":24.0,"turns":5.0},{"damage":0.0,"enemies":"Shelled Parasite and Fungi","floor":27.0,"turns":4.0},{"damage":5.0,"enemies":"Snecko","floor":29.0,"turns":7.0},{"damage":0.0,"enemies":"Sentry and Sphere","floor":31.0,"turns":6.0},{"damage":0.0,"enemies":"Automaton","floor":33.0,"turns":8.0},{"damage":0.0,"enemies":"3 Darklings","floor":35.0,"turns":3.0},{"damage":8.0,"enemies":"3 Shapes","floor":37.0,"turns":6.0},{"damage":7.0,"enemies":"3 Darklings","floor":38.0,"turns":6.0},{"damage":0.0,"enemies":"Reptomancer","floor":40.0,"turns":2.0},{"damage":0.0,"enemies":"4 Shapes","floor":41.0,"turns":4.0},{"damage":0.0,"enemies":"Sphere and 2 Shapes","floor":44.0,"turns":3.0},{"damage":0.0,"enemies":"3 Darklings","floor":45.0,"turns":3.0},{"damage":0.0,"enemies":"Donu and Deca","floor":50.0,"turns":8.0},{"damage":0.0,"enemies":"Awakened One","floor":51.0,"turns":9.0},{"damage":28.0,"enemies":"Shield and Spear","floor":55.0,"turns":5.0},{"damage":0,"enemies":"The Heart","floor":56,"turns":8}],"seed_played":"7994898551263516014","potions_obtained":[{"floor":1.0,"key":"PowerPotion"},{"floor":11.0,"key":"Ancient Potion"},{"floor":12.0,"key":"BloodPotion"},{"floor":16.0,"key":"LiquidBronze"},{"floor":18.0,"key":"Energy Potion"},{"floor":24.0,"key":"DistilledChaos"},{"floor":27.0,"key":"PowerPotion"},{"floor":29.0,"key":"Swift Potion"},{"floor":33.0,"key":"DuplicationPotion"},{"floor":35.0,"key":"Fire Potion"},{"floor":40.0,"key":"LiquidBronze"}],"is_trial":false,"path_per_floor":["M","M","?","?","?","E","?","M","T","$","M","M","R","$","R","B",null,"M","?","M","M","?","R","E","R","T","M","?","M","$","M","R","B",null,"M","?","M","M","$","E","M","R","T","M","M","R","?","T","R","B","B",null,"R","$","E","B",null],"character_chosen":"IRONCLAD","items_purchased":["Power Through"],"campfire_rested":0,"item_purchase_floors":[10],"current_hp_per_floor":[74,75,52,41,41,47,47,53,53,53,48,42,42,42,42,48,68,75,75,74,71,50,50,39,39,39,45,45,46,46,52,52,58,82,88,88,86,85,85,90,90,90,90,90,90,90,90,90,90,90,90,90,90,90,68,74],"gold":80,"neow_bonus":"THREE_ENEMY_KILL","is_daily":false,"chose_seed":false,"campfire_upgraded":8,"win_rate":0.0,"timestamp":1609464514,"path_taken":["M","?","?","?","?","E","?","M","T","$","M","M","R","?","R","BOSS","M","?","M","?","?","R","E","R","T","M","?","M","$","?","R","BOSS","M","?","?","M","$","E","M","R","T","M","M","R","?","?","R","BOSS","BOSS","R","$","E","BOSS"],"items_purchased_type":["Card"],"build_version":"2020-12-22","purchased_purges":4,"victory":true,"max_hp_per_floor":[75,75,75,75,75,75,75,75,75,75,75,75,75,75,75,75,75,75,75,75,75,80,80,90,90,90,90,90,90,90,90,90,90,90,90,90,90,90,90,90,90,90,90,90,90,90,90,90,90,90,90,90,90,90,90,90],"relic_stats":{"counters":[26,129],"Question Card":20,"Cursed Key":1,"obtain_stats":[{"CaptainsWheel":40,"Pear":24,"NeowsBlessing":0,"Omamori":26,"Bag of Marbles":55,"Question Card":6,"Empty Cage":17,"Cursed Key":34,"Burning Blood":0,"White Beast Statue":9},{"CaptainsWheel":19,"Pear":11,"NeowsBlessing":0,"Omamori":11,"Bag of Marbles":25,"Question Card":3,"Empty Cage":7,"Cursed Key":15,"Burning Blood":0,"White Beast Statue":4},{"CaptainsWheel":89,"Pear":47,"NeowsBlessing":0,"Omamori":47,"Bag of Marbles":121,"Question Card":3,"Empty Cage":24,"Cursed Key":72,"Burning Blood":0,"White Beast Statue":6}],"Burning Blood":120},"card_choices":[{"not_picked":["Headbutt","Twin Strike"],"picked":"Anger","floor":1.0},{"not_picked":["Combust","Headbutt"],"picked":"Shrug It Off","floor":2.0},{"not_picked":["Flex","Intimidate"],"picked":"Second Wind","floor":6.0},{"not_picked":["Anger","Armaments","Warcry","Twin Strike"],"picked":"SKIP","floor":8.0},{"not_picked":["Armaments","True Grit","Double Tap"],"picked":"Body Slam","floor":11.0},{"not_picked":["Wild Strike","Combust","Flex"],"picked":"Shockwave","floor":12.0},{"not_picked":["Demon Form","Bludgeon","Exhume"],"picked":"Impervious","floor":16.0},{"not_picked":["Flex","Infernal Blade","Reckless Charge","Anger"],"picked":"SKIP","floor":18.0},{"not_picked":["Twin Strike","Clothesline+1","Dual Wield","Sword Boomerang"],"picked":"SKIP","floor":20.0},{"not_picked":["Spot Weakness","Havoc","Fire Breathing+1"],"picked":"Dark Embrace","floor":21.0},{"not_picked":["Carnage+1","Pommel Strike","Corruption","Hemokinesis"],"picked":"SKIP","floor":24.0},{"not_picked":["Flex","Warcry","Clothesline"],"picked":"Seeing Red","floor":27.0},{"not_picked":["Intimidate","Power Through+1","Body Slam","Flex"],"picked":"SKIP","floor":29.0},{"not_picked":["Havoc","Inflame","Clothesline","Impervious"],"picked":"SKIP","floor":31.0},{"not_picked":["Wild Strike","Pommel Strike+1","Heavy Blade","Double Tap"],"picked":"SKIP","floor":35.0},{"not_picked":["Havoc+1","Wild Strike","Anger+1","Disarm"],"picked":"SKIP","floor":37.0},{"not_picked":["Anger","Rage","Body Slam","Clash+1"],"picked":"SKIP","floor":38.0},{"not_picked":["Havoc","Shockwave+1","Dropkick","Iron Wave"],"picked":"SKIP","floor":40.0},{"not_picked":["Havoc","Shockwave+1","Dropkick","Iron Wave"],"picked":"SKIP","floor":40.0},{"not_picked":["Impervious","Metallicize","Clash","Dropkick"],"picked":"SKIP","floor":41.0},{"not_picked":["Headbutt","Warcry","Armaments+1","Corruption"],"picked":"SKIP","floor":44.0},{"not_picked":["Pommel Strike+1","Clothesline","Twin Strike+1","Wild Strike"],"picked":"SKIP","floor":45.0},{"not_picked":["Ghostly Armor","Rampage+1","Perfected Strike"],"picked":"Juggernaut","floor":55.0}],"player_experience":913373,"relics_obtained":[{"floor":6.0,"key":"Question Card"},{"floor":9.0,"key":"White Beast Statue"},{"floor":24.0,"key":"Pear"},{"floor":26.0,"key":"Omamori"},{"floor":40.0,"key":"CaptainsWheel"},{"floor":55.0,"key":"Bag of Marbles"}],"event_choices":[{"damage_healed":0.0,"max_hp_gain":0.0,"max_hp_loss":0.0,"gold_gain":0.0,"event_name":"Shining Light","player_choice":"Entered Light","floor":3.0,"gold_loss":0.0,"damage_taken":23.0,"cards_upgraded":["Strike_R","Defend_R"]},{"damage_healed":0.0,"max_hp_gain":0.0,"max_hp_loss":0.0,"gold_gain":75.0,"event_name":"World of Goop","player_choice":"Gather Gold","floor":4.0,"gold_loss":0.0,"damage_taken":11.0},{"damage_healed":0.0,"max_hp_gain":0.0,"max_hp_loss":0.0,"gold_gain":0.0,"cards_transformed":["Strike_R"],"event_name":"Living Wall","player_choice":"Change","floor":5.0,"gold_loss":0.0,"damage_taken":0.0,"cards_obtained":["Warcry"]},{"cards_removed":["Strike_R"],"damage_healed":0.0,"max_hp_gain":0.0,"max_hp_loss":0.0,"gold_gain":0.0,"event_name":"The Cleric","player_choice":"Card Removal","floor":7.0,"gold_loss":75.0,"damage_taken":0.0},{"damage_healed":0.0,"max_hp_gain":0.0,"max_hp_loss":0.0,"gold_gain":0.0,"event_name":"Match and Keep!","player_choice":"0 cards matched","floor":19.0,"gold_loss":0.0,"damage_taken":0.0,"cards_obtained":[]},{"damage_healed":0.0,"max_hp_gain":5.0,"max_hp_loss":0.0,"gold_gain":0.0,"event_name":"Forgotten Altar","player_choice":"Shed Blood","floor":22.0,"gold_loss":0.0,"damage_taken":26.0},{"damage_healed":0.0,"max_hp_gain":0.0,"max_hp_loss":0.0,"gold_gain":0.0,"event_name":"Vampires","player_choice":"Ignored","floor":28.0,"gold_loss":0.0,"damage_taken":0.0},{"cards_removed":["Strike_R"],"damage_healed":0.0,"max_hp_gain":0.0,"max_hp_loss":0.0,"gold_gain":0.0,"event_name":"Purifier","player_choice":"Purged","floor":36.0,"gold_loss":0.0,"damage_taken":0.0},{"damage_healed":18.0,"max_hp_gain":0.0,"max_hp_loss":0.0,"gold_gain":0.0,"event_name":"Winding Halls","player_choice":"Writhe","floor":47.0,"gold_loss":0.0,"damage_taken":0.0,"cards_obtained":["Writhe"]}],"is_beta":false,"boss_relics":[{"not_picked":["Velvet Choker","Mark of Pain"],"picked":"Empty Cage"},{"not_picked":["Runic Cube","Black Star"],"picked":"Cursed Key"}],"items_purged_floors":[10,30,39,54],"is_endless":false,"potions_floor_spawned":[1,11,12,16,18,20,21,24,27,29,31,33,35,37,38,40,41,44,45,55],"ascension_level":20}}