{"host":"jb40sdn36ct36hhv","time":1609535115,"event":{"mods":["Act Like it!","BaseMod","Better Third Choice","Minty Spire (QoL Compilation)","StSLib","The Alterego"],"gold_per_floor":[117,133,149,167,177,210,238,238,261,291,291,317,317,327,327,433,433,444,456,67,87,98,98,132,132,132,147,867,867,891,934,934,1038,1038,1063,1063,1083,1083,1117,1165,668,701,701,739,739,739,766,784,784,789,789,789,92,125,130],"floor_reached":56,"playtime":7334,"items_purged":["alterego_mod:BigMeatyClaws"],"score":1340,"play_id":"71191b4f-313f-4235-886e-47b43fe14f81","local_time":"20210101130515","is_ascension_mode":false,"campfire_choices":[{"data":"alterego_mod:AlterEgo","floor":8.0,"key":"SMITH"},{"data":"alterego_mod:1TonWallop","floor":11,"key":"SMITH"},{"data":"alterego_mod:Impale","floor":15,"key":"SMITH"},{"data":"alterego_mod:BrynhildrRomantia","floor":23,"key":"SMITH"},{"data":"alterego_mod:Cushion","floor":25,"key":"SMITH"},{"data":"alterego_mod:BrynhildrsRune","floor":29,"key":"SMITH"},{"data":"alterego_mod:ClassAdvantage","floor":32,"key":"SMITH"},{"floor":45,"key":"RECALL"},{"data":"Secret Weapon","floor":49,"key":"SMITH"},{"data":"alterego_mod:Nekomimi","floor":52,"key":"SMITH"}],"circlet_count":0,"master_deck":["alterego_mod:Strike","alterego_mod:Strike","alterego_mod:Strike","alterego_mod:Defend","alterego_mod:Defend","alterego_mod:Defend","alterego_mod:BrynhildrsRune+1","alterego_mod:1TonWallop+1","alterego_mod:Nekomimi+1","alterego_mod:Undulate","alterego_mod:AlterEgo+1","alterego_mod:Cushion+1","alterego_mod:BrynhildrRomantia+1","alterego_mod:PainIsPleasure","alterego_mod:MaintainEyeContact+1","alterego_mod:ClassAdvantage+1","alterego_mod:PainIsPleasure","alterego_mod:TrashNCrash+1","alterego_mod:Birthday+1","alterego_mod:Belle","Secret Weapon+1","alterego_mod:1TonWallop+1","alterego_mod:Pet+1","alterego_mod:Clones"],"relics":["alterego_mod:MasochisticConstitution","CeramicFish","Akabeko","Sozu","Anchor","HornCleat","Lantern","Darkstone Periapt","Strawberry","Runic Pyramid","Ornamental Fan","Membership Card","Bottled Tornado","Ancient Tea Set","The Courier","Bottled Lightning","Orrery","Bag of Marbles","Happy Flower","Art of War","Centennial Puzzle","Bronze Scales","Bag of Preparation","Torii","StrikeDummy","Nunchaku","Lizard Tail"],"acts_visited":["Exordium","TheCity","TheBeyond","TheEnding"],"potions_floor_usage":[16],"damage_taken":[{"damage":5.0,"enemies":"Jaw Worm","floor":1.0,"turns":11.0},{"damage":9.0,"enemies":"Cultist","floor":2.0,"turns":5.0},{"damage":3.0,"enemies":"Small Slimes","floor":3.0,"turns":6.0},{"damage":4.0,"enemies":"Gremlin Gang","floor":4.0,"turns":1.0},{"damage":12.0,"enemies":"Exordium Wildlife","floor":5.0,"turns":11.0},{"damage":20.0,"enemies":"Lagavulin","floor":6.0,"turns":8.0},{"damage":6.0,"enemies":"Large Slime","floor":7.0,"turns":8.0},{"damage":22,"enemies":"3 Sentries","floor":10,"turns":7},{"damage":11,"enemies":"Gremlin Gang","floor":12,"turns":7},{"damage":9,"enemies":"Blue Slaver","floor":14,"turns":6},{"damage":44,"enemies":"Hexaghost","floor":16,"turns":16},{"damage":20,"enemies":"Spheric Guardian","floor":18,"turns":6},{"damage":8,"enemies":"Chosen","floor":19,"turns":5},{"damage":0,"enemies":"Centurion and Healer","floor":21,"turns":6},{"damage":2,"enemies":"Snecko","floor":22,"turns":4},{"damage":8,"enemies":"Gremlin Leader","floor":24,"turns":6},{"damage":2,"enemies":"3 Cultists","floor":27,"turns":9},{"damage":9,"enemies":"Shelled Parasite and Fungi","floor":30,"turns":9},{"damage":17,"enemies":"Book of Stabbing","floor":31,"turns":7},{"damage":29,"enemies":"Automaton","floor":33,"turns":13},{"damage":14,"enemies":"3 Darklings","floor":35,"turns":7},{"damage":3,"enemies":"3 Shapes","floor":37,"turns":9},{"damage":15,"enemies":"Maw","floor":39,"turns":9},{"damage":30,"enemies":"Nemesis","floor":40,"turns":7},{"damage":8,"enemies":"3 Darklings","floor":42,"turns":6},{"damage":28,"enemies":"Reptomancer","floor":44,"turns":7},{"damage":2,"enemies":"Jaw Worm Horde","floor":47,"turns":8},{"damage":1,"enemies":"Spire Growth","floor":48,"turns":5},{"damage":45,"enemies":"Donu and Deca","floor":50,"turns":11},{"damage":9,"enemies":"Shield and Spear","floor":54,"turns":4},{"damage":43,"enemies":"The Heart","floor":55,"turns":9}],"seed_played":"9102704871946180914","potions_obtained":[{"floor":1.0,"key":"Block Potion"},{"floor":2.0,"key":"BlessingOfTheForge"},{"floor":4.0,"key":"SteroidPotion"},{"floor":7.0,"key":"GamblersBrew"},{"floor":14,"key":"Weak Potion"}],"is_trial":false,"path_per_floor":["M","M","M","M","M","E","M","R","T","E","R","M","?","M","R","B",null,"M","M","$","M","M","R","E","R","T","M","?","R","M","E","R","B",null,"M","?","M","?","M","E","$","M","T","E","R","?","M","M","R","B",null,"R","$","E","B",null],"character_chosen":"The_Alterego","items_purchased":["Anchor","HornCleat","Membership Card","Bottled Tornado","Ancient Tea Set","alterego_mod:Belle","Secret Weapon","Orrery","Bag of Marbles","Happy Flower","Art of War","Centennial Puzzle","Bronze Scales","Bag of Preparation","Torii","StrikeDummy","Nunchaku"],"campfire_rested":0,"item_purchase_floors":[20,20,41,41,41,41,41,53,53,53,53,53,53,53,53,53,53],"current_hp_per_floor":[71,70,73,70,66,54,63,63,63,49,49,60,60,59,59,23,81,72,75,75,92,96,96,100,100,100,114,32,32,57,68,68,71,136,141,141,150,150,155,160,160,165,165,170,170,170,183,188,188,197,197,197,197,206,211],"gold":130,"neow_bonus":"REMOVE_CARD","is_daily":false,"chose_seed":false,"campfire_upgraded":9,"win_rate":0.0,"timestamp":1609535115,"path_taken":["M","M","M","M","M","E","M","R","T","E","R","M","?","M","R","BOSS","M","M","$","M","M","R","E","R","T","M","?","R","M","E","R","BOSS","M","?","M","?","M","E","$","M","T","E","R","?","M","M","R","BOSS","R","$","E","BOSS"],"items_purchased_type":["Relic","Relic","Relic","Relic","Relic","Card","Card","Relic","Relic","Relic","Relic","Relic","Relic","Relic","Relic","Relic","Relic"],"build_version":"2020-12-22","purchased_purges":1,"victory":true,"max_hp_per_floor":[71,72,73,74,75,76,77,77,77,78,78,79,79,80,80,81,81,85,89,89,92,96,96,101,101,101,114,114,114,123,135,135,136,136,141,141,150,150,155,160,160,165,165,170,170,170,183,188,188,197,197,197,197,206,211],"card_choices":[{"not_picked":["alterego_mod:SuperDuperMasochism","alterego_mod:SakuraLabyrinth","alterego_mod:Lingerie"],"picked":"SKIP","floor":1.0},{"not_picked":["alterego_mod:DeftHands","alterego_mod:BustOut"],"picked":"alterego_mod:1TonWallop","floor":2.0},{"not_picked":["alterego_mod:1TonWallop","alterego_mod:Undulate"],"picked":"alterego_mod:Nekomimi","floor":3.0},{"not_picked":["alterego_mod:BustOut","alterego_mod:Rip","alterego_mod:Mirror"],"picked":"SKIP","floor":4.0},{"not_picked":["alterego_mod:Cycle","alterego_mod:Rip"],"picked":"alterego_mod:Undulate","floor":5.0},{"not_picked":["alterego_mod:Bloomers","alterego_mod:Lingerie","alterego_mod:Maid"],"picked":"SKIP","floor":6.0},{"not_picked":["alterego_mod:Birthday","alterego_mod:1TonWallop"],"picked":"alterego_mod:AlterEgo","floor":7.0},{"not_picked":["alterego_mod:DeftHands","alterego_mod:Cooking","alterego_mod:SuperDuperMasochism"],"picked":"SKIP","floor":10},{"not_picked":["alterego_mod:Punishment","alterego_mod:DeftHands"],"picked":"alterego_mod:Cushion","floor":12},{"not_picked":["alterego_mod:MagicResistance","alterego_mod:BiFurious","alterego_mod:Jiggle"],"picked":"SKIP","floor":14},{"not_picked":["alterego_mod:SideboobHour","alterego_mod:TrickOrTreatment"],"picked":"alterego_mod:BrynhildrRomantia","floor":16},{"not_picked":["alterego_mod:DestructionOfProperty","alterego_mod:SakuraFive","alterego_mod:Santa"],"picked":"SKIP","floor":18},{"not_picked":["alterego_mod:BiFurious","alterego_mod:Stockings","alterego_mod:DustData"],"picked":"SKIP","floor":19},{"not_picked":["alterego_mod:Cooking","alterego_mod:HighServant","alterego_mod:SakuraPetals+1"],"picked":"SKIP","floor":21},{"not_picked":["alterego_mod:Mirror+1","alterego_mod:Punishment","alterego_mod:Complex"],"picked":"SKIP","floor":22},{"not_picked":["alterego_mod:MagicResistance","alterego_mod:Belle"],"picked":"alterego_mod:PainIsPleasure","floor":24},{"not_picked":["alterego_mod:HighServant","alterego_mod:TrashNCrash+1","alterego_mod:SakuraPetals+1"],"picked":"SKIP","floor":27},{"not_picked":["alterego_mod:Undulate","alterego_mod:Birthday"],"picked":"alterego_mod:MaintainEyeContact+1","floor":30},{"not_picked":["alterego_mod:BreastValley","alterego_mod:1TonWallop"],"picked":"alterego_mod:ClassAdvantage","floor":31},{"not_picked":["alterego_mod:BrynhildrRomantia","alterego_mod:Antipathy"],"picked":"alterego_mod:PainIsPleasure","floor":33},{"not_picked":["alterego_mod:Jiggle","alterego_mod:1TonWallop"],"picked":"alterego_mod:Belle+1","floor":35},{"not_picked":["alterego_mod:Jiggle+1","alterego_mod:Schoolgirl","alterego_mod:Support+1"],"picked":"SKIP","floor":37},{"not_picked":["alterego_mod:Rip+1","alterego_mod:Bounce"],"picked":"alterego_mod:TrashNCrash+1","floor":39},{"not_picked":["alterego_mod:SuperDuperMasochism","alterego_mod:Complex"],"picked":"alterego_mod:Birthday+1","floor":40},{"not_picked":["alterego_mod:BusterCard+1","alterego_mod:TrashNCrash+1"],"picked":"alterego_mod:1TonWallop+1","floor":42},{"not_picked":["alterego_mod:GachaTicket+1","alterego_mod:Cycle+1","alterego_mod:PerceptionDisorder"],"picked":"SKIP","floor":44},{"not_picked":["alterego_mod:Alter","alterego_mod:PerceptionDisorder+1"],"picked":"alterego_mod:Pet+1","floor":47},{"not_picked":["alterego_mod:Nekomimi","alterego_mod:Cycle","alterego_mod:Undulate+1"],"picked":"SKIP","floor":48},{"not_picked":["alterego_mod:BreastValley","alterego_mod:Bunnysuit+1"],"picked":"alterego_mod:Clones","floor":53},{"not_picked":["alterego_mod:MagicResistance+1","alterego_mod:Support","alterego_mod:Cycle"],"picked":"SKIP","floor":54}],"player_experience":950520,"relics_obtained":[{"floor":6.0,"key":"CeramicFish"},{"floor":10,"key":"Akabeko"},{"floor":24,"key":"Lantern"},{"floor":26,"key":"Darkstone Periapt"},{"floor":31,"key":"Strawberry"},{"floor":40,"key":"Ornamental Fan"},{"floor":43,"key":"The Courier"},{"floor":44,"key":"Bottled Lightning"},{"floor":54,"key":"Lizard Tail"}],"event_choices":[{"damage_healed":0,"gold_gain":0,"player_choice":"Ignored","damage_taken":317,"max_hp_gain":0,"max_hp_loss":0,"event_name":"betterThird:BetterSerpent","floor":13,"gold_loss":0},{"damage_healed":0,"gold_gain":720,"player_choice":"GOLD GOLD GOLD GOLD GOLD GOLD GOLD GOLD ","damage_taken":82,"max_hp_gain":0,"max_hp_loss":0,"event_name":"Knowing Skull","floor":28,"potions_obtained":[],"gold_loss":0,"cards_obtained":[]},{"damage_healed":0,"gold_gain":0,"player_choice":"Ignored","damage_taken":0,"max_hp_gain":0,"max_hp_loss":0,"event_name":"Tomb of Lord Red Mask","floor":36,"gold_loss":0},{"cards_removed":["alterego_mod:Defend"],"damage_healed":0,"gold_gain":0,"player_choice":"Removed Skill","damage_taken":0,"max_hp_gain":0,"max_hp_loss":0,"event_name":"Falling","floor":38,"gold_loss":0},{"cards_removed":["alterego_mod:Impale"],"damage_healed":0,"gold_gain":0,"player_choice":"Purged","damage_taken":0,"max_hp_gain":0,"max_hp_loss":0,"event_name":"Purifier","floor":46,"gold_loss":0}],"is_beta":false,"boss_relics":[{"not_picked":["Ectoplasm","SlaversCollar"],"picked":"Sozu"},{"not_picked":["Fusion Hammer","SacredBark"],"picked":"Runic Pyramid"}],"items_purged_floors":[41],"is_endless":false,"potions_floor_spawned":[1,2,4,7,14,19,21,24,30,33,35,37,40,42,47],"ascension_level":0}}