{"host":"mnh4wpjhgsqu3knk","time":1609522969,"event":{"mods":["ATMod(°¢èªMod)","AchievementEnabler","Act Like it!","AlwaysNeverKeys","Ascension Reborn","BaseMod","BetterRewards","Colored Powertips","Faster Ascension Climbing","Gensokyo","KinomotoSakuraMod(Ä¾Ö®±¾Ó£)","KomeijiMod","Marisa£¨ìFÓê¡¡Ä§ÀíÉ³£©","Minty Spire (QoL Compilation)","Reimu£¨²©ÀöÁéÃÎ£©","Relic Sorter","Remove Card Discount Mod","Replay The Spire","RumiaBox-Â¶Ã×æ«µÄÉñÃØºÐ×Ó","Shop Mod","StSLib","UnlockEverythingMod","Yakumo Yukari mod","Youmu£¨»êÆÇÑýÃÎ£©","¡¾ÒÅÎï¿¨ÅÆ¡¿REMEMod","óô»ðÖ¸ÄÏ"],"gold_per_floor":[119,4675,4689,4702,3978,4004,4004,3232,3232,2501,2536,2548,2548,2564,1231,1331,1381,1394,1410,220,220,231,262,212,238,291,1730,1730,1730,1236,1249,700,797,797,809,2173,2183,2209,2222,1772,1802,1845,1845,1933,602,642,687,597,1789,1814,1814,1258,819,899,924],"floor_reached":56,"playtime":5549,"items_purged":["Strike_Komeiji","Strike_Komeiji","Gensokyo:TarnishedGold","Gensokyo:ScrapIron","Gensokyo:BlemishedSteel","Gensokyo:RustyChest","Gensokyo:Shovel","Defend_Komeiji","Clumsy","ShieldDoll","Voices","Defend_Komeiji","Defend_Komeiji","Defend_Komeiji","Strike_Komeiji","KokorosuKi+1","NingyouSousou+1","NingyouOkisou+1"],"score":1627,"play_id":"4b642d50-eca2-4ea9-a636-efee23bb2a8d","local_time":"20210102014249","is_ascension_mode":true,"campfire_choices":[{"floor":29,"key":"RECALL"}],"circlet_count":0,"master_deck":["Strike_Komeiji","Dash_Komeiji+1","KokorosuKi+1","DemonLordCradle+1","NingyouKisou+1","NingyouKisou+1","KeiseiJin+1","NingyouFukuhei+1","Melting","NingyouOkisou+1","KouPou+1","SuitokuNoKyoryu+1","AbyssNova+1","SeekerWire+1","DemonLordCradle+1","OoedoNingyou+1","ShanghaiNingyou+1","NingyouSP+1","Gensokyo:TurboGranny+1","REME_FirmDetermination+1","HenyouMirume+1","NingyouKisou+1","Gensokyo:GapWoman+1","NingyouYunhei+1","NingyouKisou+1","Agarareta+1","Gensokyo:CustomPotion"],"relics":["KomeijisEye","HoshigumaDish","Sling","Toolbox","TheAbacus","SpellCardsRule","AT_ATBox","REME_ComplimentaryCards","MusicBox","MerchantsRug","MealTicket","REME_CardOfGreed","Incense Burner","Gensokyo:NagashiBinaDoll","BargainBundle","ReplayTheSpireMod:Shallot","AT_GoldPhoenixTree","GodSword1","Replay:Mystery Machine","Medical Kit","CrystalOfMemory","ReplayTheSpireMod:Ring of Exchange","Ice Cream","Replay:Wax Seal","Philosopher\u0027s Stone","Tiny House","ChewingGum","SlaversCollar","Sozu","Bottled Lightning","MagicDraw4","Replay:Rubber Ducky","Replay:Towering Pillar of Hats","Mastiff:ReiMu","Guide Book","Shuriken","Pantograph","ReplayTheSpireMod:Ninjato","Lizard Tail","Coffee Dripper","AT_TrinityForce","REME_ChargedStone","Painkiller Herb","AT_SunfireAegis","Happy Flower","ReplayFunnel","Boot","Chemical X","AT_MibuBalloonWealth","Meat on the Bone","Vajra","Cursed Key","AT_EbonyIvory","Akabeko","Replay:Baseball","Bag of Preparation","Bronze Scales","Grimoire","AT_SilvercatRing","ZombieArmy","PrismaticShard","Nunchaku","Torii","Sundial"],"acts_visited":["Gensokyo:Gensokyo","Gensokyo:Gensokyoer","Gensokyo:Gensokyoest","TheEnding"],"potions_floor_usage":[3,6,50,55],"damage_taken":[{"damage":9,"enemies":"Gensokyo:Gryphon","floor":1,"turns":8},{"damage":0,"enemies":"Gensokyo:3_Fairies","floor":3,"turns":2},{"damage":9,"enemies":"Gensokyo:2_Kodama","floor":4,"turns":3},{"damage":0,"enemies":"Gensokyo:Cirno","floor":6,"turns":4},{"damage":0,"enemies":"Gensokyo:Aya","floor":11,"turns":6},{"damage":0,"enemies":"Gensokyo:Gryphon_and_Rabbit","floor":12,"turns":3},{"damage":0,"enemies":"Gensokyo:2_Rabbits","floor":14,"turns":4},{"damage":0,"enemies":"Gensokyo:Yukari","floor":16,"turns":7},{"damage":5,"enemies":"Gensokyo:2_Gloops","floor":18,"turns":2},{"damage":0,"enemies":"Gensokyo:AngelMirror","floor":19,"turns":2},{"damage":0,"enemies":"Gensokyo:Wraith","floor":22,"turns":4},{"damage":0,"enemies":"Gensokyo:Koishi","floor":23,"turns":4},{"damage":5,"enemies":"Gensokyo:Tenshi","floor":25,"turns":3},{"damage":0,"enemies":"Gensokyo:Mirror_and_Dog","floor":31,"turns":2},{"damage":0,"enemies":"Gensokyo:Kaguya","floor":33,"turns":5},{"damage":0,"enemies":"Gensokyo:3_Bats","floor":35,"turns":1},{"damage":0,"enemies":"Gensokyo:AncientGuardian","floor":37,"turns":2},{"damage":0,"enemies":"Gensokyo:Sharpion","floor":39,"turns":2},{"damage":0,"enemies":"Gensokyo:Marisa","floor":41,"turns":2},{"damage":0,"enemies":"Gensokyo:SeedOfUnknown","floor":42,"turns":2},{"damage":0,"enemies":"Gensokyo:3_Boulders","floor":44,"turns":1},{"damage":0,"enemies":"Gensokyo:AtlasGolem","floor":46,"turns":2},{"damage":0,"enemies":"Gensokyo:Rafflesia","floor":47,"turns":3},{"damage":0,"enemies":"Gensokyo:Scarlet_Devils","floor":50,"turns":3},{"damage":0,"enemies":"Shield and Spear","floor":54,"turns":1},{"damage":3,"enemies":"The Heart","floor":55,"turns":4}],"seed_played":"3927107961924108731","potions_obtained":[{"floor":1,"key":"PowerPotion"},{"floor":4,"key":"BlessingOfTheForge"},{"floor":6,"key":"Fruit Juice"},{"floor":18,"key":"PpointPotion"}],"is_trial":false,"path_per_floor":["M","COS","M","M","$","E","?","$","T","R","E","M","?","M","R","B",null,"M","M","COS","?","M","E","?","E","T","R","?","R","$","M","R","B",null,"M","COS","?","T","?","T","E","?","T","?","T","?","?","?","T","B",null,"T","T","E","B",null],"character_chosen":"KomeijiSatori","items_purchased":["MerchantsRug","MealTicket","REME_CardOfGreed","HoshigumaDish","NingyouKisou+1","KeiseiJin+1","NingyouFukuhei+1","BargainBundle","Melting","ReplayTheSpireMod:Shallot","AT_GoldPhoenixTree","SteroidPotion","GodSword1","Replay:Mystery Machine","Medical Kit","NingyouOkisou+1","KouPou+1","SuitokuNoKyoryu","Ice Cream","Replay:Wax Seal","Philosopher\u0027s Stone","DemonLordCradle","OoedoNingyou+1","Replay:Towering Pillar of Hats","Mastiff:ReiMu","Guide Book","REME_FirmDetermination","Shuriken","Pantograph","ReplayTheSpireMod:Ninjato","Lizard Tail","ReplayFunnel","Boot","Chemical X","Vajra","Cursed Key","AT_EbonyIvory","Bag of Preparation","Bronze Scales","Grimoire","AT_SilvercatRing","ZombieArmy","PrismaticShard","Nunchaku","Torii"],"campfire_rested":0,"item_purchase_floors":[5,5,5,5,5,5,5,8,8,8,8,8,10,10,10,10,10,10,15,15,15,15,15,27,27,27,27,30,30,32,32,40,40,40,45,45,45,49,49,49,52,52,52,53,53],"current_hp_per_floor":[47,47,51,42,42,53,53,60,60,60,60,60,60,60,60,60,65,60,60,60,60,60,62,69,64,64,64,64,64,72,72,72,72,72,72,72,72,72,72,72,72,72,72,72,72,72,72,72,72,72,72,72,72,72,71],"gold":924,"neow_bonus":"TEN_PERCENT_HP_BONUS","is_daily":false,"chose_seed":false,"campfire_upgraded":0,"win_rate":0.0,"timestamp":1609522969,"path_taken":["M","COS","M","M","$","E","?","$","T","R","E","M","?","M","R","BOSS","M","M","COS","?","?","E","?","E","T","R","?","R","$","?","R","BOSS","M","COS","?","?","?","T","E","?","T","?","T","?","?","?","T","BOSS","T","T","E","BOSS"],"items_purchased_type":["Relic","Relic","Relic","Relic","Card","Card","Card","Relic","Card","Relic","Relic","Potion","Relic","Relic","Relic","Card","Card","Card","Relic","Relic","Relic","Card","Card","Relic","Relic","Relic","Card","Relic","Relic","Relic","Relic","Relic","Relic","Relic","Relic","Relic","Relic","Relic","Relic","Relic","Relic","Relic","Relic","Relic","Relic"],"build_version":"2020-12-22","purchased_purges":18,"victory":true,"max_hp_per_floor":[55,55,55,55,55,60,60,60,60,60,60,60,60,60,60,60,65,65,65,65,65,65,65,72,72,72,72,72,72,72,72,72,72,72,72,72,72,72,72,72,72,72,72,72,72,72,72,72,72,72,72,72,72,72,72],"card_choices":[{"not_picked":["Melting","Agarareta+1"],"picked":"KokorosuKi+1","floor":1},{"not_picked":["SeekerDolls","Melting"],"picked":"DemonLordCradle","floor":3},{"not_picked":["MusuNoYume","Agarareta+1"],"picked":"NingyouKisou+1","floor":4},{"not_picked":["HagoromoKu","Mishyaguji+1"],"picked":"NingyouSousou+1","floor":6},{"not_picked":["HagoromoMizu","SenyouGoraku+1"],"picked":"AbyssNova","floor":11},{"not_picked":["NingyouSousou+1","MajikuruSanhai+1","KeiseiJin+1"],"picked":"SKIP","floor":12},{"not_picked":["NingyouSousou+1","HagoromoMizu"],"picked":"SeekerWire+1","floor":14},{"not_picked":["MiraiBunraku","HelanNingyou"],"picked":"ShanghaiNingyou","floor":16},{"not_picked":["Sabishigari+1","KeiseiJin+1"],"picked":"NingyouSP+1","floor":17},{"not_picked":["Melting","Sabishigari+1","KouPou+1"],"picked":"SKIP","floor":18},{"not_picked":["KoKei+1","NingyouShinki+1","Sabishigari+1"],"picked":"SKIP","floor":19},{"not_picked":["Sabishigari+1","InscribeRedSoul","KeiseiJin+1"],"picked":"SKIP","floor":22},{"not_picked":["SeekerDolls","NingyouShinki+1","KoKei+1"],"picked":"SKIP","floor":23},{"not_picked":["NingyouKasou+1","Sabishigari+1","HisouTensoku"],"picked":"SKIP","floor":25},{"not_picked":["MajikuruSanhai+1","MusuNoYume"],"picked":"HenyouMirume+1","floor":31},{"not_picked":["SeekerDolls+1","GroundStardust+1"],"picked":"NingyouKisou+1","floor":35},{"not_picked":["DemonsDinnerFork+1","SeekerWire+1"],"picked":"KokorosuKi+1","floor":37},{"not_picked":["RikonNoKama+1","KokorosuKi+1","SeekerWire+1"],"picked":"SKIP","floor":39},{"not_picked":["SemiAutomaton","DemonLordCradle+1"],"picked":"NingyouYunhei+1","floor":41},{"not_picked":["NingyouFukuhei+1","ArtfulChanter"],"picked":"NingyouKisou+1","floor":42},{"not_picked":["NingyouSousou+1","Mishyaguji+1","Melting+1"],"picked":"SKIP","floor":44},{"not_picked":["NingyouFukuhei+1","DochyakuKami+1"],"picked":"Agarareta+1","floor":46},{"not_picked":["NingyouKasou+1","DemonLordCradle","Melting"],"picked":"SKIP","floor":47},{"not_picked":["AsteroidBelt+1","Extrememeaning_purpleEX+1","ClowCardTheWave+1"],"picked":"SKIP","floor":54}],"player_experience":43860,"relics_obtained":[{"floor":6,"key":"Incense Burner"},{"floor":11,"key":"CrystalOfMemory"},{"floor":13,"key":"ReplayTheSpireMod:Ring of Exchange"},{"floor":23,"key":"Bottled Lightning"},{"floor":25,"key":"MagicDraw4"},{"floor":26,"key":"Replay:Rubber Ducky"},{"floor":38,"key":"AT_SunfireAegis"},{"floor":41,"key":"AT_MibuBalloonWealth"},{"floor":43,"key":"Meat on the Bone"},{"floor":54,"key":"Sundial"}],"event_choices":[],"is_beta":false,"boss_relics":[{"not_picked":["Replay:Ancient Bell","ReplayTheSpireMod:DimensionalGlitch"],"picked":"Tiny House"},{"not_picked":["REME_DuelDisc","ClockworkSouvenir"],"picked":"Coffee Dripper"}],"items_purged_floors":[5,5,5,5,5,5,5,5,8,15,15,15,52,52,52,52,52,52],"is_endless":false,"potions_floor_spawned":[1,4,6,16,18,23,41,42,54],"ascension_level":0}}