{"host":"zzc28wglrg51iog5","time":1609496677,"event":{"mods":["BaseMod","Colored Map","Downfall","Hermit","Minty Spire (QoL Compilation)","StSLib","The Hierophant","The Marked"],"gold_per_floor":[16,28,28,28,53,87,87,127,127,127,147,222,236,259,259,379,379,393,393,413,438,101,101,137,157,157,172,188,188,206,219,219,323,323,340,85,133,183,183,183,183,213,213,213,226,101,113,142,142,142,142,142,88,119,119,119],"floor_reached":55,"playtime":3905,"items_purged":["Writhe","theMarked:Strike","theMarked:Strike"],"score":784,"play_id":"d7bc1eec-aa7b-4a26-99cb-9b5279145e2a","local_time":"20210101112437","is_ascension_mode":false,"campfire_choices":[{"data":"theMarked:SoldierOfQuellstein","floor":7.0,"key":"SMITH"},{"floor":10.0,"key":"REST"},{"data":"expansioncontent:StudyTheSpire","floor":15.0,"key":"SMITH"},{"data":"theMarked:SoldierForm","floor":23.0,"key":"SMITH"},{"data":"theMarked:Reabsorb","floor":32.0,"key":"SMITH"},{"floor":40.0,"key":"RECALL"},{"floor":44.0,"key":"REST"},{"floor":49.0,"key":"REST"},{"floor":52,"key":"REST"}],"circlet_count":0,"master_deck":["theMarked:Strike","theMarked:Defend","theMarked:Defend","theMarked:Defend","theMarked:Defend","theMarked:SoldierOfQuellstein+1","expansioncontent:StudyTheSpire+1","theMarked:RepellingDischarge","theMarked:WastefulDefense","theMarked:SelfDefenseTraining","theMarked:MuscleMemory","theMarked:ParalyzingBlade","theMarked:Reabsorb+1","theMarked:FavorableWinds+1","theMarked:EnhanceMovement+1","theMarked:SoldierForm+1","theMarked:Levitate+1","theMarked:RepellingDischarge+1","theMarked:StartUp+1","theMarked:Challenge+1","theMarked:SwordAndMagic+1","Madness+1","Madness+1","theMarked:SwordAndMagic+1","theMarked:Reabsorb+1","theMarked:EmpowerWeapon+1","theMarked:RepellingDischarge+1"],"relics":["theMarked:ArtifactOfAir","Bloody Idol","InkBottle","theMarked:Gun","Toxic Egg 2","expansioncontent:StudyCardRelic","Nunchaku","Mummified Hand","White Beast Statue","Ice Cream","Fusion Hammer","Art of War","Dead Branch","Du-Vu Doll","Omamori","StrikeDummy","Happy Flower"],"acts_visited":["Exordium","TheCity","TheBeyond","TheEnding"],"potions_floor_usage":[55],"damage_taken":[{"damage":1.0,"enemies":"Jaw Worm","floor":1.0,"turns":4.0},{"damage":3.0,"enemies":"Small Slimes","floor":2.0,"turns":2.0},{"damage":0.0,"enemies":"2 Louse","floor":5.0,"turns":2.0},{"damage":28.0,"enemies":"3 Sentries","floor":6.0,"turns":8.0},{"damage":10.0,"enemies":"Gremlin Nob","floor":8.0,"turns":5.0},{"damage":6.0,"enemies":"2 Fungi Beasts","floor":11.0,"turns":4.0},{"damage":0.0,"enemies":"Looter","floor":13.0,"turns":2.0},{"damage":0.0,"enemies":"Exordium Wildlife","floor":14.0,"turns":2.0},{"damage":0.0,"enemies":"Hexaghost","floor":16.0,"turns":8.0},{"damage":6.0,"enemies":"Shell Parasite","floor":18.0,"turns":2.0},{"damage":0.0,"enemies":"Chosen","floor":20.0,"turns":7.0},{"damage":11.0,"enemies":"Snake Plant","floor":21.0,"turns":3.0},{"damage":30.0,"enemies":"Slavers","floor":24.0,"turns":4.0},{"damage":10.0,"enemies":"Centurion and Healer","floor":25.0,"turns":4.0},{"damage":3.0,"enemies":"Shelled Parasite and Fungi","floor":27.0,"turns":3.0},{"damage":5.0,"enemies":"Sentry and Sphere","floor":28.0,"turns":3.0},{"damage":6.0,"enemies":"Centurion and Healer","floor":30.0,"turns":4.0},{"damage":0.0,"enemies":"Snake Plant","floor":31.0,"turns":4.0},{"damage":19.0,"enemies":"Collector","floor":33.0,"turns":6.0},{"damage":20.0,"enemies":"3 Shapes","floor":35.0,"turns":4.0},{"damage":10.0,"enemies":"2 Orb Walkers","floor":37.0,"turns":5.0},{"damage":1.0,"enemies":"Mind Bloom Boss Battle","floor":38.0,"turns":5.0},{"damage":26.0,"enemies":"Nemesis","floor":42.0,"turns":3.0},{"damage":2.0,"enemies":"3 Darklings","floor":45.0,"turns":3.0},{"damage":0.0,"enemies":"Jaw Worm Horde","floor":47.0,"turns":3.0},{"damage":0.0,"enemies":"Reptomancer","floor":48.0,"turns":4.0},{"damage":31,"enemies":"Donu and Deca","floor":50,"turns":8},{"damage":26,"enemies":"Shield and Spear","floor":54,"turns":5},{"damage":59,"enemies":"The Heart","floor":55,"turns":5}],"seed_played":"2608782777750154634","potions_obtained":[{"floor":1.0,"key":"SteroidPotion"},{"floor":8.0,"key":"Swift Potion"},{"floor":13.0,"key":"FairyPotion"},{"floor":14.0,"key":"EssenceOfSteel"},{"floor":18.0,"key":"Explosive Potion"},{"floor":25.0,"key":"SpeedPotion"},{"floor":28.0,"key":"AttackPotion"},{"floor":30.0,"key":"Fruit Juice"},{"floor":31.0,"key":"theMarked:ChargePotion"},{"floor":33.0,"key":"Energy Potion"},{"floor":37.0,"key":"DuplicationPotion"},{"floor":48.0,"key":"theMarked:ChargePotion"}],"is_trial":false,"path_per_floor":["M","M","?","?","M","E","R","E","T","R","M","?","M","M","R","B",null,"M","?","M","M","$","R","E","M","T","M","M","?","M","M","R","B",null,"M","$","?","?","?","R","?","E","T","R","M","$","M","E","R","B",null,"R","$","E","B"],"character_chosen":"THE_DEFAULT","items_purchased":["Mummified Hand","Art of War","theMarked:EmpowerWeapon+1"],"campfire_rested":4,"item_purchase_floors":[22,36,53],"current_hp_per_floor":[69,66,49,49,49,21,21,11,11,32,26,15,15,15,15,15,70,64,64,64,53,53,53,23,13,13,10,5,5,26,31,31,22,75,60,60,55,59,50,50,50,29,29,51,54,54,59,64,75,44,75,75,75,54,0,0],"gold":119,"neow_bonus":"RANDOM_COLORLESS_2","is_daily":false,"chose_seed":false,"campfire_upgraded":4,"win_rate":0.0,"timestamp":1609496677,"path_taken":["M","M","?","?","M","E","R","E","T","R","M","?","?","M","R","BOSS","M","?","M","M","$","R","E","M","T","M","M","?","M","M","R","BOSS","M","$","?","?","?","R","?","E","T","R","M","$","M","E","R","BOSS","R","$","E","BOSS"],"items_purchased_type":["Relic","Relic","Card"],"build_version":"2020-12-22","purchased_purges":3,"victory":false,"max_hp_per_floor":[70,70,70,70,70,70,70,70,70,70,70,70,70,70,70,70,70,70,70,70,70,70,70,70,70,70,70,70,70,70,70,70,75,75,75,75,75,75,75,75,75,75,75,75,75,75,75,75,75,75,75,75,75,75,75,75],"card_choices":[{"not_picked":["Panache","Secret Weapon"],"picked":"expansioncontent:StudyTheSpire","floor":0.0},{"not_picked":["theMarked:ElectricStrings","theMarked:ChainLightning"],"picked":"theMarked:RepellingDischarge","floor":1.0},{"not_picked":["theMarked:ElectricStrings","theMarked:TwofoldDefense"],"picked":"theMarked:WastefulDefense","floor":2.0},{"not_picked":["theMarked:TwofoldDefense","theMarked:ResourceFulStrike"],"picked":"theMarked:MuscleMemory","floor":5.0},{"not_picked":["theMarked:WastefulAttack","theMarked:ResourceFulStrike"],"picked":"theMarked:ParalyzingBlade","floor":6.0},{"not_picked":["theMarked:HeritageOfTheMarked","theMarked:Aftermath"],"picked":"theMarked:Reabsorb","floor":8.0},{"not_picked":["theMarked:HeightenedSenses+1","theMarked:ResourceFulStrike"],"picked":"theMarked:FavorableWinds+1","floor":11.0},{"not_picked":["theMarked:MaelstromOfLightning+1","theMarked:WardOff+1"],"picked":"theMarked:EnhanceMovement+1","floor":13.0},{"not_picked":["theMarked:WardOff+1","theMarked:Parkour","theMarked:WastefulAttack"],"picked":"SKIP","floor":14.0},{"not_picked":["theMarked:SummonStrength","theMarked:SuspiciousRaven+1"],"picked":"theMarked:SoldierForm","floor":16.0},{"not_picked":["theMarked:Electrocute","theMarked:Static+1","theMarked:Overcharge+1"],"picked":"SKIP","floor":18.0},{"not_picked":["theMarked:MagicAdept+1","theMarked:ElectricStrings+1","theMarked:SwordAndMagic"],"picked":"SKIP","floor":20.0},{"not_picked":["theMarked:TwofoldDefense+1","theMarked:HeightenedSenses+1","theMarked:Aftermath+1"],"picked":"SKIP","floor":21.0},{"not_picked":["theMarked:TunnelVision","theMarked:BanishingWave"],"picked":"theMarked:Levitate+1","floor":24.0},{"not_picked":["theMarked:ResourceFulStrike","theMarked:KeepCalmAndFightOn","theMarked:TwofoldDefense+1"],"picked":"SKIP","floor":25.0},{"not_picked":["theMarked:SelfDefenseTraining+1","theMarked:BanishingStrike","theMarked:MaelstromOfLightning+1"],"picked":"SKIP","floor":27.0},{"not_picked":["theMarked:Seal+1","theMarked:ElectricStrings"],"picked":"theMarked:RepellingDischarge+1","floor":28.0},{"not_picked":["theMarked:Overcharge+1","theMarked:PowerFlow+1"],"picked":"theMarked:StartUp+1","floor":30.0},{"not_picked":["theMarked:WardOff+1","theMarked:Electrify+1","theMarked:TunnelVision"],"picked":"SKIP","floor":31.0},{"not_picked":["theMarked:TurnInvisible+1","theMarked:SuspiciousRaven+1"],"picked":"theMarked:Challenge+1","floor":33.0},{"not_picked":["theMarked:Overcharge+1","theMarked:HeightenedSenses+1"],"picked":"theMarked:SwordAndMagic+1","floor":35.0},{"not_picked":["theMarked:KeepCalmAndFightOn+1","theMarked:DispelDoubt","theMarked:ChainLightning"],"picked":"SKIP","floor":42.0},{"not_picked":["theMarked:BanishingWave+1","theMarked:HeightenedSenses+1","theMarked:ReduceFriction+1"],"picked":"SKIP","floor":45.0},{"not_picked":["theMarked:PowerFlow+1","theMarked:Frustration"],"picked":"theMarked:SwordAndMagic+1","floor":47.0},{"not_picked":["theMarked:EnhancedHearing+1","theMarked:StartUp+1"],"picked":"theMarked:Reabsorb+1","floor":48.0},{"not_picked":["theMarked:Generate+1","theMarked:SwordAndMagic+1"],"picked":"theMarked:RepellingDischarge+1","floor":54}],"player_experience":1586976,"relics_obtained":[{"floor":6.0,"key":"InkBottle"},{"floor":8.0,"key":"theMarked:Gun"},{"floor":9.0,"key":"Toxic Egg 2"},{"floor":24.0,"key":"White Beast Statue"},{"floor":26.0,"key":"Ice Cream"},{"floor":37.0,"key":"Dead Branch"},{"floor":38.0,"key":"Du-Vu Doll"},{"floor":42.0,"key":"Omamori"},{"floor":48.0,"key":"StrikeDummy"},{"floor":54,"key":"Happy Flower"}],"event_choices":[{"damage_healed":0.0,"max_hp_gain":0.0,"max_hp_loss":0.0,"gold_gain":0.0,"event_name":"Golden Idol","player_choice":"Take Damage","floor":3.0,"gold_loss":0.0,"damage_taken":17.0,"relics_obtained":["Golden Idol"]},{"damage_healed":0.0,"max_hp_gain":0.0,"max_hp_loss":0.0,"gold_gain":0.0,"cards_transformed":["theMarked:Strike"],"event_name":"Living Wall","player_choice":"Change","floor":4.0,"gold_loss":0.0,"damage_taken":0.0,"cards_obtained":["theMarked:SelfDefenseTraining"]},{"damage_healed":0.0,"max_hp_gain":0.0,"max_hp_loss":0.0,"gold_gain":75.0,"event_name":"World of Goop","player_choice":"Gather Gold","floor":12.0,"gold_loss":0.0,"damage_taken":11.0},{"damage_healed":0.0,"max_hp_gain":0.0,"max_hp_loss":0.0,"gold_gain":0.0,"event_name":"The Mausoleum","player_choice":"Opened","floor":19.0,"gold_loss":0.0,"damage_taken":0.0,"relics_obtained":["Nunchaku"],"cards_obtained":["Writhe"]},{"damage_healed":0.0,"max_hp_gain":0.0,"max_hp_loss":0.0,"gold_gain":0.0,"event_name":"Forgotten Altar","player_choice":"Gave Idol","floor":29.0,"relics_lost":["Golden Idol"],"gold_loss":0.0,"damage_taken":0.0,"relics_obtained":["Bloody Idol"]},{"damage_healed":0.0,"max_hp_gain":0.0,"max_hp_loss":0.0,"gold_gain":0.0,"event_name":"Mysterious Sphere","player_choice":"Fight","floor":37.0,"gold_loss":0.0,"damage_taken":0.0},{"damage_healed":0.0,"max_hp_gain":0.0,"max_hp_loss":0.0,"gold_gain":0.0,"event_name":"MindBloom","player_choice":"Fight","floor":38.0,"gold_loss":0.0,"damage_taken":0.0},{"damage_healed":0.0,"max_hp_gain":0.0,"max_hp_loss":0.0,"gold_gain":0.0,"event_name":"Winding Halls","player_choice":"Embrace Madness","floor":39.0,"gold_loss":0.0,"damage_taken":9.0,"cards_obtained":["Madness","Madness"]},{"cards_removed":["theMarked:Strike"],"damage_healed":0.0,"max_hp_gain":0.0,"max_hp_loss":0.0,"gold_gain":0.0,"event_name":"Falling","player_choice":"Removed Attack","floor":41.0,"gold_loss":0.0,"damage_taken":0.0}],"is_beta":false,"boss_relics":[{"not_picked":["Tiny House","Runic Dome"],"picked":"expansioncontent:StudyCardRelic"},{"not_picked":["theMarked:BronzeBlade","theMarked:Eyepatch"],"picked":"Fusion Hammer"}],"items_purged_floors":[22,36,46],"is_endless":false,"potions_floor_spawned":[1,8,13,14,18,25,27,28,30,31,33,35,37,38,42,45,47,48,54],"killed_by":"The Heart","ascension_level":0}}