{"host":"sav7uxregyirlf69","time":1609479470,"event":{"mods":["AchievementEnabler","BaseMod","Colored Map","DeckTracker","Keyboard Shortcuts","Minty Spire (QoL Compilation)","READ ME - Guardian Mod","StSLib","SuperFastMode"],"gold_per_floor":[117,117,141,141,160,160,235,235,235,235,253,253,253,25,25,116,116,116,166,179,179,179],"floor_reached":21,"playtime":298,"items_purged":["Strike_G"],"score":334,"play_id":"9768b76d-04ad-4342-9cd3-211ffacad100","local_time":"20210101143750","is_ascension_mode":true,"campfire_choices":[{"data":"Noxious Fumes","floor":6.0,"key":"SMITH"},{"data":"Neutralize","floor":8.0,"key":"SMITH"},{"data":"Catalyst","floor":13.0,"key":"SMITH"},{"data":"Tactician","floor":15.0,"key":"SMITH"}],"circlet_count":0,"master_deck":["AscendersBane","Strike_G","Strike_G","Strike_G","Defend_G","Defend_G","Defend_G","Defend_G","Survivor","Neutralize+1","Tactician+1","Noxious Fumes+1","Catalyst+1","Footwork","Well Laid Plans","Prepared","Night Terror"],"relics":["Ring of the Snake","Golden Idol","The Courier","Pantograph","Sozu"],"acts_visited":["Exordium","TheCity"],"potions_floor_usage":[],"damage_taken":[{"damage":3.0,"enemies":"Jaw Worm","floor":1.0,"turns":7.0},{"damage":1.0,"enemies":"2 Louse","floor":3.0,"turns":3.0},{"damage":0.0,"enemies":"Cultist","floor":5.0,"turns":4.0},{"damage":1.0,"enemies":"Blue Slaver","floor":11.0,"turns":6.0},{"damage":18.0,"enemies":"The Guardian","floor":16.0,"turns":10.0},{"damage":4.0,"enemies":"3 Byrds","floor":18.0,"turns":2.0},{"damage":23,"enemies":"Chosen","floor":20,"turns":5},{"damage":23,"enemies":"Snecko","floor":21,"turns":5}],"seed_played":"9032136909775300021","potions_obtained":[{"floor":5.0,"key":"AttackPotion"},{"floor":11.0,"key":"SmokeBomb"},{"floor":16.0,"key":"Energy Potion"}],"is_trial":false,"path_per_floor":["M","?","M","?","M","R","?","R","T","T","M","?","R","$","R","B",null,"M","?","M","M"],"character_chosen":"THE_SILENT","items_purchased":["Footwork","Well Laid Plans","Prepared"],"campfire_rested":0,"item_purchase_floors":[14,14,14],"current_hp_per_floor":[41,41,40,45,45,45,34,34,34,34,33,33,33,33,33,40,59,55,49,26,3,3],"gold":179,"neow_bonus":"REMOVE_TWO","is_daily":false,"chose_seed":false,"campfire_upgraded":4,"win_rate":0.0,"timestamp":1609479470,"path_taken":["M","?","M","?","M","R","?","R","T","?","M","?","R","?","R","BOSS","M","?","M","?"],"items_purchased_type":["Card","Card","Card"],"build_version":"2020-12-22","purchased_purges":1,"victory":false,"max_hp_per_floor":[66,60,60,65,65,65,65,65,65,65,65,65,65,65,65,65,65,65,65,65,65,65],"card_choices":[{"not_picked":["Blade Dance","Prepared"],"picked":"Tactician","floor":1.0},{"not_picked":["Flechettes","Caltrops"],"picked":"Noxious Fumes","floor":3.0},{"not_picked":["Noxious Fumes","Caltrops","Blur"],"picked":"SKIP","floor":5.0},{"not_picked":["Dagger Spray","Blade Dance"],"picked":"Catalyst","floor":11.0},{"not_picked":["A Thousand Cuts","Bullet Time"],"picked":"Night Terror","floor":16.0},{"not_picked":["Dagger Spray","Masterful Stab","All Out Attack"],"picked":"SKIP","floor":20}],"player_experience":1093894,"relics_obtained":[{"floor":9.0,"key":"The Courier"},{"floor":10.0,"key":"Pantograph"}],"event_choices":[{"damage_healed":0.0,"max_hp_gain":0.0,"max_hp_loss":6.0,"gold_gain":0.0,"event_name":"Golden Idol","player_choice":"Lose Max HP","floor":2.0,"gold_loss":0.0,"damage_taken":0.0,"relics_obtained":["Golden Idol"]},{"damage_healed":0.0,"max_hp_gain":5.0,"max_hp_loss":0.0,"gold_gain":0.0,"event_name":"Big Fish","player_choice":"Donut","floor":4.0,"gold_loss":0.0,"damage_taken":0.0},{"damage_healed":0.0,"max_hp_gain":0.0,"max_hp_loss":0.0,"gold_gain":75.0,"event_name":"World of Goop","player_choice":"Gather Gold","floor":7.0,"gold_loss":0.0,"damage_taken":11.0},{"damage_healed":0.0,"max_hp_gain":0.0,"max_hp_loss":0.0,"gold_gain":0.0,"event_name":"Liars Game","player_choice":"Ignored","floor":12.0,"gold_loss":0.0,"damage_taken":0.0},{"damage_healed":0.0,"max_hp_gain":0.0,"max_hp_loss":0.0,"gold_gain":50.0,"event_name":"FaceTrader","player_choice":"Touch","floor":19.0,"gold_loss":0.0,"damage_taken":6.0}],"is_beta":false,"boss_relics":[{"not_picked":["Cursed Key","Runic Dome"],"picked":"Sozu"}],"items_purged_floors":[14],"is_endless":false,"potions_floor_spawned":[5,11,16,20],"killed_by":"Snecko","ascension_level":20}}