{"host":"jksa5rawk3m4gilz","time":1609502084,"event":{"mods":["BaseMod","Colored Map","Highlight Path","Minty Spire (QoL Compilation)","Quick Restart"],"gold_per_floor":[112,112,112,126,126,160,160,179,179,222,245,245,281,304,304,398,398,418,260,260,274,32,32,73,73,73,73,73],"floor_reached":27,"playtime":775,"items_purged":[],"score":466,"play_id":"74b7293d-c0c9-4b9d-8940-13ae8cf9c5bd","local_time":"20210101125444","is_ascension_mode":true,"campfire_choices":[{"floor":12,"key":"REST"},{"floor":15,"key":"REST"},{"floor":23,"key":"REST"},{"floor":25,"key":"REST"}],"circlet_count":0,"master_deck":["AscendersBane","Strike_B","Strike_B","Strike_B","Strike_B+1","Defend_B","Defend_B","Defend_B","Defend_B","Zap","Dualcast+1","Auto Shields","Beam Cell+1","Hologram","Injury","FTL+1","Beam Cell+1","Cold Snap+1","Defragment","Core Surge+1","Glacier+1","All For One+1","Steam"],"relics":["Cracked Core","NeowsBlessing","Molten Egg 2","Shuriken","Golden Idol","Ancient Tea Set","Darkstone Periapt","Vajra","Black Star","Singing Bowl","Lantern","Toxic Egg 2","Frozen Egg 2"],"acts_visited":["Exordium","TheCity"],"potions_floor_usage":[16],"damage_taken":[{"damage":0,"enemies":"Small Slimes","floor":1,"turns":1},{"damage":0,"enemies":"Jaw Worm","floor":4,"turns":1},{"damage":0,"enemies":"Gremlin Nob","floor":6,"turns":1},{"damage":6,"enemies":"2 Louse","floor":8,"turns":3},{"damage":20,"enemies":"Lagavulin","floor":10,"turns":7},{"damage":2,"enemies":"Looter","floor":11,"turns":3},{"damage":32,"enemies":"3 Sentries","floor":13,"turns":7},{"damage":0,"enemies":"Large Slime","floor":14,"turns":2},{"damage":16,"enemies":"Hexaghost","floor":16,"turns":7},{"damage":52,"enemies":"3 Byrds","floor":18,"turns":6},{"damage":29,"enemies":"2 Thieves","floor":21,"turns":4},{"damage":38,"enemies":"Slavers","floor":24,"turns":7},{"damage":44,"enemies":"Book of Stabbing","floor":27,"turns":5}],"seed_played":"3322677477543560112","potions_obtained":[{"floor":1,"key":"FairyPotion"},{"floor":6,"key":"PotionOfCapacity"},{"floor":13,"key":"Explosive Potion"},{"floor":14,"key":"Regen Potion"},{"floor":21,"key":"PotionOfCapacity"}],"is_trial":false,"path_per_floor":["M","?","?","M","?","E","?","M","T","E","M","R","E","M","R","B",null,"M","$","?","M","$","R","E","R","T","E"],"character_chosen":"DEFECT","items_purchased":["All For One+1","Singing Bowl"],"campfire_rested":4,"item_purchase_floors":[19,22],"current_hp_per_floor":[64,69,57,57,42,42,42,36,36,16,14,36,4,4,26,25,63,11,11,36,7,7,29,20,43,43,0,0],"gold":73,"neow_bonus":"THREE_ENEMY_KILL","is_daily":false,"chose_seed":false,"campfire_upgraded":0,"win_rate":0.0,"timestamp":1609502084,"path_taken":["M","?","?","M","?","E","?","M","T","E","M","R","E","M","R","BOSS","M","$","?","M","?","R","E","R","T","E"],"items_purchased_type":["Card","Relic"],"build_version":"2020-12-22","purchased_purges":0,"victory":false,"max_hp_per_floor":[71,76,76,76,76,76,76,76,76,76,76,76,76,76,76,76,76,76,76,76,76,76,76,78,78,78,78,78],"card_choices":[{"not_picked":["Static Discharge","Streamline"],"picked":"Auto Shields","floor":1},{"not_picked":["Blizzard+1","Sweeping Beam+1"],"picked":"Beam Cell+1","floor":4},{"not_picked":["Undo","Turbo"],"picked":"Hologram","floor":6},{"not_picked":["Redo","Leap","Rebound+1"],"picked":"SKIP","floor":8},{"not_picked":["Coolheaded","Biased Cognition"],"picked":"FTL+1","floor":10},{"not_picked":["Ball Lightning+1","Turbo"],"picked":"Beam Cell+1","floor":11},{"not_picked":["Reinforced Body","Barrage+1"],"picked":"Cold Snap+1","floor":13},{"not_picked":["Leap","Echo Form"],"picked":"Defragment","floor":14},{"not_picked":["Amplify","Machine Learning"],"picked":"Core Surge+1","floor":16},{"not_picked":["Leap","Conserve Battery+1"],"picked":"Glacier+1","floor":18},{"not_picked":["Streamline+1","Rebound+1"],"picked":"Steam","floor":21},{"not_picked":["Stack+1","Conserve Battery+1","Streamline+1"],"picked":"Singing Bowl","floor":24}],"player_experience":2104022,"relics_obtained":[{"floor":6,"key":"Shuriken"},{"floor":9,"key":"Ancient Tea Set"},{"floor":10,"key":"Darkstone Periapt"},{"floor":13,"key":"Vajra"},{"floor":24,"key":"Lantern"},{"floor":24,"key":"Toxic Egg 2"},{"floor":26,"key":"Frozen Egg 2"}],"event_choices":[{"damage_healed":0,"gold_gain":0,"player_choice":"Donut","damage_taken":0,"max_hp_gain":5,"max_hp_loss":0,"event_name":"Big Fish","floor":2,"gold_loss":0},{"damage_healed":0,"gold_gain":0,"player_choice":"Success","damage_taken":12,"relics_obtained":["Molten Egg 2"],"max_hp_gain":0,"max_hp_loss":0,"event_name":"Scrap Ooze","floor":3,"gold_loss":0},{"damage_healed":0,"gold_gain":0,"player_choice":"Entered Light","damage_taken":15,"max_hp_gain":0,"max_hp_loss":0,"event_name":"Shining Light","floor":5,"gold_loss":0,"cards_upgraded":["Dualcast","Strike_B"]},{"damage_healed":0,"gold_gain":0,"player_choice":"Take Wound","damage_taken":0,"relics_obtained":["Golden Idol"],"max_hp_gain":0,"max_hp_loss":0,"event_name":"Golden Idol","floor":7,"gold_loss":0,"cards_obtained":["Injury"]},{"damage_healed":25,"gold_gain":0,"player_choice":"Heal","damage_taken":0,"max_hp_gain":0,"max_hp_loss":0,"event_name":"The Library","floor":20,"gold_loss":0}],"is_beta":false,"boss_relics":[{"not_picked":["Coffee Dripper","Runic Dome"],"picked":"Black Star"}],"items_purged_floors":[],"is_endless":false,"potions_floor_spawned":[1,6,13,14,21],"killed_by":"Book of Stabbing","ascension_level":14}}