{"host":"15f3wpiimhe5yrng","time":1609543587,"event":{"mods":["2.2 Compatiblity","Arknights The Spire","BaseMod","Bestiary","Better Altar","Better Match","Better Note","Better Sensory Stone","Better Skull","Better Third Choice","Colored Map","Colored Powertips","Downfall","Evolution","Marisa????????","Minty Spire (QoL Compilation)","Permanent Neow","Relic Filter","SacredBarkPlus","Spicy Shops","StSLib","The Animator","The Caster","The Marked","The Poker Player","TheSwordswoman","??????REMEMod"],"gold_per_floor":[119,119,135,145,159,185,204,0,50,50,83,95,169,195,207,318,330,360,372,399,427,455,493,520,557,592,634,661,693,724,736,748,760,760],"floor_reached":33,"playtime":2939,"items_purged":["ats:Strike C"],"score":323,"play_id":"198cc28e-6065-473b-948c-0ceaa10abccd","local_time":"20210102002627","is_ascension_mode":false,"campfire_choices":[{"data":"expansioncontent:DashGenerateEvil","floor":10,"key":"SMITH"},{"data":"ats:Soul Rend","floor":15,"key":"SMITH"},{"data":"ats:Magnetic Hammer","floor":32,"key":"SMITH"}],"circlet_count":0,"master_deck":["ats:Strike G","ats:Strike S","ats:Strike V","ats:Armor Crushing Shot","ats:Defend","ats:Defend","ats:Defend","ats:Emotion Absorption","expansioncontent:DashGenerateEvil+1","expansioncontent:DefensiveMode","ats:Blood Oath","ats:Magnetic Hammer+1","ats:Cat Scratch","ats:Thermite Blade","ats:Soul Rend+1","ats:Assault Order","ats:Calcification","ats:Apocalypse","ats:Assault Order","ats:Thermite Blade","ats:Curse Doll","ats:Calcification","ats:Song Of Battle","ats:Apocalypse+1","ats:Blood Oath","ats:Song Of Battle","ats:Fractured Body","ats:Revitalization+1","ats:Assault Order"],"relics":["ats:Sanity","EVO:Axolotl","REME_ComplimentaryCards","ats:Originium","ats:Military Tradition","Bronze Scales","MawBank","REME_LimitBreaker","SacredBark","Ornamental Fan","Pen Nib","Potion Belt"],"acts_visited":["Exordium","TheCity"],"potions_floor_usage":[6,22,24,25,25],"damage_taken":[{"damage":0,"enemies":"Small Slimes","floor":1,"turns":2},{"damage":0,"enemies":"2 Louse","floor":3,"turns":3},{"damage":0,"enemies":"Cultist","floor":4,"turns":4},{"damage":5,"enemies":"Gremlin Gang","floor":5,"turns":6},{"damage":25,"enemies":"3 Sentries","floor":6,"turns":11},{"damage":0,"enemies":"Large Slime","floor":7,"turns":4},{"damage":22,"enemies":"Lagavulin","floor":11,"turns":5},{"damage":14,"enemies":"Lagavulin Event","floor":13,"turns":8},{"damage":7,"enemies":"3 Louse","floor":14,"turns":2},{"damage":35,"enemies":"The Guardian","floor":16,"turns":10},{"damage":5,"enemies":"Spheric Guardian","floor":18,"turns":4},{"damage":4,"enemies":"Shell Parasite","floor":20,"turns":6},{"damage":2,"enemies":"Snecko","floor":21,"turns":3},{"damage":19,"enemies":"Cultist and Chosen","floor":22,"turns":5},{"damage":21,"enemies":"Book of Stabbing","floor":23,"turns":5},{"damage":10,"enemies":"Snake Plant","floor":24,"turns":3},{"damage":69,"enemies":"Gremlin Leader","floor":25,"turns":11},{"damage":69,"enemies":"Book of Stabbing","floor":27,"turns":8},{"damage":16,"enemies":"3 Cultists","floor":28,"turns":6},{"damage":0,"enemies":"Centurion and Healer","floor":29,"turns":6},{"damage":35,"enemies":"Chosen and Byrds","floor":30,"turns":6},{"damage":164,"enemies":"Champ","floor":33,"turns":20}],"seed_played":"-7120101574334888654","potions_obtained":[{"floor":3,"key":"EssenceOfSteel"},{"floor":7,"key":"LiquidBronze"},{"floor":11,"key":"FearPotion"},{"floor":16,"key":"champ:CounterPotion"},{"floor":20,"key":"PowerPotion"},{"floor":24,"key":"PowerPotion"},{"floor":28,"key":"ats:Emergency Sanity Potion"}],"is_trial":false,"path_per_floor":["M","?","M","M","M","E","M","$","T","R","E","?","?","M","R","B",null,"M","?","M","M","M","E","M","E","T","E","M","M","M","?","R","B"],"character_chosen":"DOCTOR_CLASS","items_purchased":["ats:Calcification","ats:Apocalypse"],"campfire_rested":0,"item_purchase_floors":[8,8],"current_hp_per_floor":[72,77,77,77,75,58,62,62,62,62,50,50,66,61,61,61,77,75,75,77,75,74,67,68,77,77,21,29,70,59,59,59,0,0],"gold":760,"neow_bonus":"RANDOM_COLORLESS","is_daily":false,"chose_seed":false,"campfire_upgraded":3,"win_rate":0.0,"timestamp":1609543587,"path_taken":["M","?","M","M","M","E","M","$","T","R","E","?","?","M","R","BOSS","M","?","M","M","M","E","M","E","T","E","M","M","?","?","R","BOSS"],"items_purchased_type":["Card","Card"],"build_version":"2020-12-22","purchased_purges":1,"victory":false,"max_hp_per_floor":[72,77,77,77,77,77,77,77,77,77,77,77,77,77,77,77,77,77,77,77,77,77,77,77,77,77,77,77,77,77,77,77,77,77],"card_choices":[{"not_picked":["Bandage Up","expansioncontent:AwakenDeath"],"picked":"expansioncontent:DefensiveMode","floor":0},{"not_picked":["ats:Collapsing Strike","ats:Consecutive Shot Auto"],"picked":"ats:Blood Oath","floor":1},{"not_picked":["ats:Shell Defense","ats:Consecutive Shot Auto"],"picked":"ats:Magnetic Hammer","floor":3},{"not_picked":["ats:Consecutive Shot Auto","ats:Thermite Blade"],"picked":"ats:Cat Scratch","floor":4},{"not_picked":["ats:Nebulous Foxfire","ats:Neurotoxin"],"picked":"ats:Thermite Blade","floor":5},{"not_picked":["ats:Disruption Kick","ats:Hammer On"],"picked":"ats:Soul Rend","floor":6},{"not_picked":["ats:Cat Scratch","ats:Explosion Area Strengthen"],"picked":"ats:Assault Order","floor":7},{"not_picked":["ats:Encircling Forest","ats:Roar Of Ursus"],"picked":"ats:Assault Order","floor":11},{"not_picked":["ats:Red Shift","ats:Ignite"],"picked":"ats:Thermite Blade","floor":13},{"not_picked":["ats:Burning Ground","ats:Hook Shot"],"picked":"ats:Curse Doll","floor":14},{"not_picked":["ats:Durian","ats:Dogmatic Field"],"picked":"ats:Calcification","floor":16},{"not_picked":["ats:Assault Order","ats:Thermite Blade"],"picked":"ats:Song Of Battle","floor":18},{"not_picked":["ats:Leaping Hammer","ats:Flexible Camouflage"],"picked":"ats:Apocalypse+1","floor":20},{"not_picked":["ats:Magnetic Hammer","ats:Poison Spread","ats:Soul Absorption"],"picked":"SKIP","floor":21},{"not_picked":["ats:Apocalypse","ats:Durian","ats:Steam Pump+1"],"picked":"SKIP","floor":22},{"not_picked":["ats:Song Of Battle","ats:Red Shift"],"picked":"ats:Blood Oath","floor":23},{"not_picked":["ats:Ignite","ats:Curse Doll","ats:Shell Defense"],"picked":"SKIP","floor":24},{"not_picked":["ats:Echo Reverb","ats:Very Hot Blade+1"],"picked":"ats:Song Of Battle","floor":25},{"not_picked":["ats:Powerful Strike+1","ats:Consecutive Shot Auto+1"],"picked":"ats:Fractured Body","floor":27},{"not_picked":["ats:Very Hot Blade+1","ats:Explosion Area Strengthen+1","ats:Song Of Battle"],"picked":"SKIP","floor":28},{"not_picked":["ats:Consecutive Shot Auto","ats:Flexible Camouflage"],"picked":"ats:Revitalization+1","floor":29},{"not_picked":["ats:Encircling Forest","ats:Ignite","ats:Dogmatic Field"],"picked":"SKIP","floor":30}],"player_experience":118882,"relics_obtained":[{"floor":6,"key":"ats:Originium"},{"floor":6,"key":"ats:Military Tradition"},{"floor":9,"key":"Bronze Scales"},{"floor":11,"key":"ats:Originium"},{"floor":11,"key":"MawBank"},{"floor":13,"key":"REME_LimitBreaker"},{"floor":23,"key":"ats:Originium"},{"floor":23,"key":"Ornamental Fan"},{"floor":25,"key":"Pen Nib"},{"floor":27,"key":"Potion Belt"}],"event_choices":[{"damage_healed":0,"gold_gain":0,"player_choice":"Donut","damage_taken":0,"max_hp_gain":5,"max_hp_loss":0,"event_name":"Big Fish","floor":2,"gold_loss":0},{"cards_removed":["ats:Defend"],"damage_healed":0,"gold_gain":0,"player_choice":"Forget","damage_taken":0,"max_hp_gain":0,"max_hp_loss":0,"event_name":"Living Wall","floor":12,"gold_loss":0},{"damage_healed":0,"gold_gain":0,"player_choice":"Searched \u00271\u0027 times","damage_taken":0,"max_hp_gain":0,"max_hp_loss":0,"event_name":"Dead Adventurer","floor":13,"gold_loss":0},{"cards_removed":["expansioncontent:DashGenerateEvil"],"damage_healed":0,"gold_gain":0,"player_choice":"Give","damage_taken":0,"max_hp_gain":0,"max_hp_loss":0,"event_name":"betterNote:BetterNote","floor":19,"gold_loss":0,"cards_obtained":["animator:Raven"]},{"damage_healed":0,"gold_gain":0,"player_choice":"Read","damage_taken":0,"max_hp_gain":0,"max_hp_loss":0,"event_name":"The Library","floor":31,"gold_loss":0,"cards_obtained":["ats:Assault Order"]}],"is_beta":false,"boss_relics":[{"not_picked":["Ectoplasm","REME_ChargedStone"],"picked":"SacredBark"}],"items_purged_floors":[8],"is_endless":false,"potions_floor_spawned":[3,7,11,16,20,21,24,28],"killed_by":"Champ","ascension_level":0}}