{"host":"jydwu1shxxemady1","time":1609498728,"event":{"mods":["BaseMod","Colored Powertips","Conspire","Downfall","Hermit","Highlight Path","Marisa£®ÏF”Í°°ƒß¿Ì…≥£©","Minty Spire (QoL Compilation)","READ ME - Guardian Mod","Replay The Spire","Shop Mod","StSLib","TestMod","The Bladedancer","The Cursed","The Servant 0.9.4"],"gold_per_floor":[359,359,377,396,407,435,435,447,447,447,447],"floor_reached":10,"playtime":515,"items_purged":[],"score":133,"play_id":"112982bd-d260-4830-a504-943d1701962d","local_time":"20210101185848","is_ascension_mode":true,"campfire_choices":[{"data":"HalloweenModGhostCostume","floor":7,"key":"SMITH"}],"circlet_count":0,"master_deck":["AscendersBane","Strike_G","Strike_G","Strike_G","Strike_G","Strike_G","Defend_G","Defend_G","Defend_G","Defend_G","Defend_G","Survivor","Neutralize","ReplayTheSpireMod:Faulty Equipment","HalloweenModCandy","Burst","ReplayTheSpireMod:Tripwire","HalloweenModCandy","HalloweenModTrick","HalloweenModGhostCostume+1","HalloweenModTrick","HalloweenModCandy"],"relics":["Ring of the Snake","testmod-TestBox","HalloweenModHalloween","Blue Candle","Blue Doll","Meat on the Bone"],"acts_visited":["Exordium"],"potions_floor_usage":[6,6],"damage_taken":[{"damage":12,"enemies":"Jaw Worm","floor":1,"turns":5},{"damage":26,"enemies":"Cultist","floor":3,"turns":7},{"damage":0,"enemies":"2 Louse","floor":4,"turns":5},{"damage":4,"enemies":"Blue Slaver","floor":5,"turns":4},{"damage":35,"enemies":"Gremlin Nob","floor":6,"turns":5},{"damage":24,"enemies":"Exordium Wildlife","floor":8,"turns":4},{"damage":32,"enemies":"3 Sentries","floor":10,"turns":6}],"seed_played":"6276484064824607719","potions_obtained":[{"floor":3,"key":"champ:CounterPotion"},{"floor":4,"key":"Guardian:BlockOnCardUsePotion"}],"is_trial":false,"path_per_floor":["M","?","M","M","M","E","R","M","T","E"],"character_chosen":"THE_SILENT","items_purchased":[],"campfire_rested":0,"item_purchase_floors":[],"current_hp_per_floor":[47,47,29,37,45,30,30,14,14,0,0],"gold":447,"neow_bonus":"TWO_FIFTY_GOLD","is_daily":false,"chose_seed":false,"campfire_upgraded":1,"win_rate":0.0,"timestamp":1609498728,"path_taken":["M","?","M","?","M","E","R","M","T","E"],"items_purchased_type":[],"build_version":"2020-12-22","purchased_purges":0,"victory":false,"max_hp_per_floor":[66,66,66,66,66,66,66,66,66,66,66],"card_choices":[{"not_picked":["HalloweenModTrick","HalloweenModGhostCostume"],"picked":"HalloweenModCandy","floor":1},{"not_picked":["HalloweenModGhostCostume","HalloweenModTrick"],"picked":"HalloweenModCandy","floor":3},{"not_picked":["HalloweenModGhostCostume","HalloweenModCandy"],"picked":"HalloweenModTrick","floor":4},{"not_picked":["HalloweenModCandy","HalloweenModTrick"],"picked":"HalloweenModGhostCostume","floor":5},{"not_picked":["HalloweenModGhostCostume","HalloweenModCandy"],"picked":"HalloweenModTrick","floor":6},{"not_picked":["HalloweenModTrick","HalloweenModGhostCostume"],"picked":"HalloweenModCandy","floor":8}],"player_experience":605623,"relics_obtained":[{"floor":6,"key":"Blue Doll"},{"floor":9,"key":"Meat on the Bone"}],"event_choices":[{"damage_healed":0,"gold_gain":0,"player_choice":"2 cards matched","damage_taken":0,"max_hp_gain":0,"max_hp_loss":0,"event_name":"Match and Keep!","floor":2,"gold_loss":0,"cards_obtained":["Burst","ReplayTheSpireMod:Tripwire"]}],"is_beta":false,"boss_relics":[],"items_purged_floors":[],"is_endless":false,"potions_floor_spawned":[3,4],"killed_by":"3 Sentries","ascension_level":18}}