{"host":"1kq2ingo3j45gyyp","time":1609492222,"event":{"mods":["BaseMod","Better Note","Better Third Choice","Downfall","Minty Spire (QoL Compilation)","StSLib"],"gold_per_floor":[99,116,136,136,147,597,597,611,611,627,221,231,156,41,54,156,156,81,91,28,44,29,29,29,29,55,75,75,75,75],"floor_reached":29,"playtime":1591,"items_purged":["Slimebound:Icky","Slimebound:Icky"],"score":260,"play_id":"9000938b-7f32-4be4-9cc4-8ca2ee39076a","local_time":"20210101041022","is_ascension_mode":false,"campfire_choices":[{"data":"sneckomod:Unknown3Cost","floor":1,"key":"SMITH"},{"floor":13,"key":"RECALL"},{"data":"sneckomod:CheapStock","floor":18,"key":"SMITH"},{"data":"sneckomod:UnknownRareSkill","floor":23,"key":"SMITH"},{"data":"sneckomod:UnknownRareAttack","floor":25,"key":"SMITH"}],"circlet_count":0,"master_deck":["sneckomod:Strike","sneckomod:Strike","sneckomod:Defend","sneckomod:Defend","sneckomod:TailWhip+1","sneckomod:SnekBite","sneckomod:Unknown","sneckomod:Unknown","sneckomod:Unknown3Cost+1","sneckomod:UnknownBlock","sneckomod:UnknownClassGUARDIAN","sneckomod:SerpentIdol","sneckomod:UnknownVulnerable","sneckomod:UnknownX","sneckomod:UnknownBlock","sneckomod:UnknownCommonSkill","sneckomod:UnknownClassPURPLE","expansioncontent:SuperHexaguard","sneckomod:Unknown1Cost","sneckomod:UnknownRareAttack+1","sneckomod:CheapStock+1","sneckomod:UnknownRareSkill+1","sneckomod:UnknownStrike+1","sneckomod:Nope+1","sneckomod:UnknownStrike","sneckomod:Unknown0Cost","sneckomod:UnknownUncommonSkill+1","sneckomod:UnknownExhaust","sneckomod:DefensiveFlair"],"relics":["sneckomod:SneckoSoul","Orichalcum","downfall:HeartBlessingBlue","Empty Cage","downfall:HeartBlessingRed","Pantograph","Oddly Smooth Stone"],"acts_visited":["Exordium","TheCity"],"potions_floor_usage":[3,21,26],"damage_taken":[{"damage":11,"enemies":"Jaw Worm","floor":2,"turns":3},{"damage":1,"enemies":"Cultist","floor":3,"turns":4},{"damage":8,"enemies":"2 Louse","floor":5,"turns":3},{"damage":13,"enemies":"Lots of Slimes","floor":8,"turns":4},{"damage":12,"enemies":"Red Slaver","floor":10,"turns":3},{"damage":0,"enemies":"downfall:FleeingMerchant","floor":11,"turns":4},{"damage":4,"enemies":"Exordium Thugs","floor":12,"turns":3},{"damage":0,"enemies":"downfall:FleeingMerchant","floor":14,"turns":4},{"damage":2,"enemies":"Blue Slaver","floor":15,"turns":4},{"damage":11,"enemies":"downfall:Watcher","floor":16,"turns":11},{"damage":50,"enemies":"Shell Parasite","floor":19,"turns":6},{"damage":0,"enemies":"downfall:FleeingMerchant","floor":20,"turns":4},{"damage":18,"enemies":"Cultist and Chosen","floor":21,"turns":6},{"damage":8,"enemies":"downfall:FleeingMerchant","floor":22,"turns":4},{"damage":33,"enemies":"Slavers","floor":26,"turns":6},{"damage":22,"enemies":"Centurion and Healer","floor":27,"turns":8},{"damage":11,"enemies":"downfall:FleeingMerchant","floor":29,"turns":2}],"seed_played":"3256381376015433300","potions_obtained":[{"floor":3,"key":"Fruit Juice"},{"floor":10,"key":"Guardian:BlockOnCardUsePotion"},{"floor":12,"key":"ColorlessPotion"},{"floor":21,"key":"LiquidBronze"},{"floor":27,"key":"SneckoOil"}],"is_trial":false,"path_per_floor":["R","M","M","?","M","?","T","M","?","M","$","M","R","$","M","B",null,"R","M","$","M","$","R","T","R","E","M","?","$"],"character_chosen":"THE_SNECKO","items_purchased":["Orichalcum","sneckomod:UnknownClassPURPLE","expansioncontent:SuperHexaguard","sneckomod:UnknownStrike"],"campfire_rested":0,"item_purchase_floors":[11,11,11,20],"current_hp_per_floor":[82,72,77,77,69,69,69,57,58,47,49,50,60,61,59,49,107,107,77,78,61,59,59,59,59,31,9,9,0,0],"gold":75,"neow_bonus":"THREE_RARE_CARDS","is_daily":false,"chose_seed":false,"campfire_upgraded":4,"win_rate":0.0,"timestamp":1609492222,"path_taken":["R","M","M","?","?","?","T","M","?","?","$","M","R","$","M","BOSS","R","M","$","M","$","R","T","R","E","M","?","?"],"items_purchased_type":["Relic","Card","Card","Card"],"build_version":"2020-12-22","purchased_purges":2,"victory":false,"max_hp_per_floor":[82,83,89,89,89,89,89,90,91,92,94,95,105,106,106,107,107,107,108,109,110,111,111,111,111,112,112,112,112,112],"card_choices":[{"not_picked":["sneckomod:UnknownRareSkill","sneckomod:Restock"],"picked":"sneckomod:Unknown3Cost","floor":0},{"not_picked":["sneckomod:UnknownExhaust","sneckomod:WideSting"],"picked":"sneckomod:UnknownBlock","floor":2},{"not_picked":["sneckomod:Unknown0Cost","sneckomod:Unknown1Cost"],"picked":"sneckomod:UnknownClassGUARDIAN","floor":3},{"not_picked":["sneckomod:IronFang","sneckomod:QuickBite"],"picked":"sneckomod:SerpentIdol","floor":5},{"not_picked":["sneckomod:UnknownClassGUARDIAN","sneckomod:SoulDraw"],"picked":"sneckomod:UnknownVulnerable","floor":8},{"not_picked":["sneckomod:WideSting","sneckomod:RainOfDice"],"picked":"sneckomod:UnknownBlock","floor":10},{"not_picked":["sneckomod:UnknownX","sneckomod:DiceCrush"],"picked":"sneckomod:UnknownCommonSkill","floor":11},{"not_picked":["sneckomod:UnknownVulnerable","sneckomod:UnknownWeak"],"picked":"sneckomod:Unknown1Cost","floor":12},{"not_picked":["sneckomod:SoulRoll","sneckomod:Unknown1Cost"],"picked":"sneckomod:UnknownRareAttack","floor":14},{"not_picked":["sneckomod:UnknownWeak","sneckomod:SnakeSap"],"picked":"sneckomod:CheapStock","floor":15},{"not_picked":["sneckomod:DangerNoodle","sneckomod:UnlimitedRolls"],"picked":"sneckomod:UnknownRareSkill","floor":16},{"not_picked":["sneckomod:SnakeSap","sneckomod:IronFang+1"],"picked":"sneckomod:UnknownStrike+1","floor":19},{"not_picked":["sneckomod:Unknown1Cost","sneckomod:SoulCleanse"],"picked":"sneckomod:Nope+1","floor":20},{"not_picked":["sneckomod:UnknownCommonAttack+1","sneckomod:UnknownCommonSkill"],"picked":"sneckomod:Unknown0Cost","floor":21},{"not_picked":["sneckomod:UnknownCommonSkill+1","sneckomod:SerpentIdol"],"picked":"sneckomod:UnknownUncommonSkill+1","floor":22},{"not_picked":["sneckomod:DiceBlock","sneckomod:RainOfDice"],"picked":"sneckomod:UnknownExhaust","floor":26},{"not_picked":["sneckomod:Unknown2Cost","sneckomod:MorePower"],"picked":"sneckomod:DefensiveFlair","floor":27}],"player_experience":824710,"relics_obtained":[{"floor":24,"key":"Pantograph"},{"floor":26,"key":"Oddly Smooth Stone"}],"event_choices":[{"damage_healed":0,"gold_gain":0,"player_choice":"Forge","damage_taken":0,"max_hp_gain":0,"max_hp_loss":0,"event_name":"Accursed Blacksmith","floor":4,"gold_loss":0,"cards_upgraded":["sneckomod:TailWhip"]},{"damage_healed":0,"gold_gain":0,"cards_transformed":["sneckomod:Strike"],"player_choice":"Transformed","damage_taken":0,"max_hp_gain":0,"max_hp_loss":0,"event_name":"Transmorgrifier","floor":9,"gold_loss":0,"cards_obtained":["sneckomod:UnknownX"]},{"damage_healed":0,"gold_gain":0,"player_choice":"Ignored","damage_taken":0,"max_hp_gain":0,"max_hp_loss":0,"event_name":"betterNote:BetterNote","floor":28,"gold_loss":0,"cards_obtained":["Blind"]}],"is_beta":false,"boss_relics":[{"not_picked":["sneckomod:SuperSneckoSoul","Coffee Dripper"],"picked":"Empty Cage"}],"items_purged_floors":[11,14],"is_endless":false,"potions_floor_spawned":[3,10,12,21,27],"killed_by":"downfall:FleeingMerchant","ascension_level":0}}