{"host":"Yuki","time":1609472232,"event":{"mods":["AchievementEnabler","BaseMod","Block Reminder","Colored Map","Colored Powertips","Googly Eyes","Highlight Path","Minty Spire (QoL Compilation)","Permanent Neow","Quick Restart","Random Character Button","Random Character Mod","Relic Stats","StSLib","The Wild Card","everything is the same but u backflip on backflip","slay the spire mod where everything is the same but ironclad has a cowboy hat"],"gold_per_floor":[112,59,126,38,50,85,85,121,121,121,121],"floor_reached":10,"playtime":574,"items_purged":[],"score":96,"play_id":"09836479-6343-458e-bfe0-577d5a3b8573","local_time":"20201231213712","is_ascension_mode":true,"campfire_choices":[],"circlet_count":0,"master_deck":["Strike_B","Strike_B","Strike_B","Strike_B","Defend_B","Defend_B","Defend_B","Defend_B","Zap","Dualcast","Doom and Gloom","Redo","Loop","Ball Lightning","Compile Driver","Auto Shields"],"relics":["Black Star","Calipers","Meat on the Bone","Gremlin Horn","CeramicFish"],"acts_visited":["Exordium"],"potions_floor_usage":[10],"damage_taken":[{"damage":5,"enemies":"Cultist","floor":1,"turns":4},{"damage":12,"enemies":"Small Slimes","floor":5,"turns":2},{"damage":15,"enemies":"Lagavulin","floor":6,"turns":6},{"damage":35,"enemies":"3 Sentries","floor":8,"turns":7},{"damage":32,"enemies":"Gremlin Nob","floor":10,"turns":3}],"seed_played":"-8948494699393183393","potions_obtained":[{"floor":1,"key":"FearPotion"}],"is_trial":false,"path_per_floor":["M","$","?","$","M","E","?","E","T","E"],"character_chosen":"DEFECT","items_purchased":["Redo","Loop","Ball Lightning"],"campfire_rested":0,"item_purchase_floors":[2,4,4],"current_hp_per_floor":[63,63,63,63,51,36,41,18,18,0,0],"gold":121,"neow_bonus":"BOSS_RELIC","is_daily":false,"chose_seed":false,"campfire_upgraded":0,"win_rate":0.0,"timestamp":1609472232,"path_taken":["M","?","?","$","M","E","?","E","T","E"],"items_purchased_type":["Card","Card","Card"],"build_version":"2020-12-18","purchased_purges":0,"victory":false,"max_hp_per_floor":[75,75,75,75,75,75,80,80,80,80,80],"relic_stats":{"Gremlin Horn":[0,0],"counters":[5,22],"CeramicFish":9,"Black Star":2,"obtain_stats":[{"Calipers":6,"Gremlin Horn":8,"CeramicFish":8,"Black Star":0,"Cracked Core":0,"Meat on the Bone":6},{"Calipers":3,"Gremlin Horn":4,"CeramicFish":4,"Black Star":0,"Cracked Core":0,"Meat on the Bone":3},{"Calipers":12,"Gremlin Horn":19,"CeramicFish":19,"Black Star":0,"Cracked Core":0,"Meat on the Bone":12}],"Meat on the Bone":12},"card_choices":[{"not_picked":["Hello World","Conserve Battery"],"picked":"Doom and Gloom","floor":1},{"not_picked":["Cold Snap","Rebound"],"picked":"Compile Driver","floor":5},{"not_picked":["Force Field","Compile Driver","Buffer"],"picked":"SKIP","floor":6},{"not_picked":["Loop","Cold Snap"],"picked":"Auto Shields","floor":8}],"player_experience":1248067,"relics_obtained":[{"floor":6,"key":"Calipers"},{"floor":6,"key":"Meat on the Bone"},{"floor":8,"key":"Gremlin Horn"},{"floor":8,"key":"CeramicFish"}],"event_choices":[{"damage_healed":0,"gold_gain":67,"player_choice":"Gained Gold","damage_taken":0,"max_hp_gain":0,"max_hp_loss":0,"event_name":"Golden Wing","floor":3,"gold_loss":0},{"damage_healed":0,"gold_gain":0,"player_choice":"Donut","damage_taken":0,"max_hp_gain":5,"max_hp_loss":0,"event_name":"Big Fish","floor":7,"gold_loss":0}],"is_beta":true,"boss_relics":[],"items_purged_floors":[],"is_endless":false,"potions_floor_spawned":[1],"killed_by":"Gremlin Nob","ascension_level":6}}