{"host":"xdg5osv0fulac4z3","time":1609483799,"event":{"mods":["2.2 Compatiblity","Act Like it!","BaseMod","Colored Map","Hallownest","Minty Spire (QoL Compilation)","Rare Cards Sparkle","Replay The Spire","StSLib","The Bug Knight"],"gold_per_floor":[111,123,140,140,140,170,65,65,65,65,84,84,84,84,84,84,84],"floor_reached":16,"playtime":668,"items_purged":[],"score":98,"play_id":"4232c8c1-0745-4a58-8da1-188c3b05de6b","local_time":"20210101164959","is_ascension_mode":false,"campfire_choices":[{"data":"HollowMod:ShadowDash","floor":8,"key":"SMITH"},{"data":"HollowMod:ShadowDash","floor":10,"key":"SMITH"},{"data":"HollowMod:DescendingDark","floor":12,"key":"SMITH"},{"data":"HollowMod:InfectionAssault","floor":15,"key":"SMITH"}],"circlet_count":0,"master_deck":["HollowMod:NailStrikeStart","HollowMod:NailStrikeStart","HollowMod:NailStrikeStart","HollowMod:QuickDashStart","HollowMod:QuickDashStart+1","HollowMod:QuickDashStart","HollowMod:FocusHealStart","HollowMod:PogoStrike","HollowMod:InfectionAssault+1","HollowMod:ShadowDash+1","HollowMod:VengefulSpirit","HollowMod:ShadowDash+1","HollowMod:MothsMistake","HollowMod:MothsMistake","HollowMod:DescendingDark+1","HollowMod:MonarchWings","HollowMod:DashSlash"],"relics":["HollowMod:VesselMask","Calipers","Mercury Hourglass"],"acts_visited":["Hallownest:Greenpath"],"potions_floor_usage":[16,16,16],"damage_taken":[{"damage":3,"enemies":"Hallownest:monsterHuskGuard","floor":1,"turns":7},{"damage":2,"enemies":"Hallownest:2_Tiktiks_and_1_Crawlid","floor":2,"turns":4},{"damage":1,"enemies":"Hallownest:monsterHuskWarrior","floor":3,"turns":4},{"damage":45,"enemies":"Hallownest:eliteCrystalGuardian","floor":6,"turns":7},{"damage":1,"enemies":"Hallownest:monsterMossCharger","floor":11,"turns":5},{"damage":42,"enemies":"Hallownest:BossBrokenVessel","floor":16,"turns":7}],"seed_played":"-6935885013712739019","potions_obtained":[{"floor":1,"key":"Reflective Coating"},{"floor":6,"key":"Block Potion"},{"floor":11,"key":"Energy Potion"}],"is_trial":false,"path_per_floor":["M","M","M","?","?","E","$","R","T","R","M","R","?","?","R","B"],"character_chosen":"THE_BUGKNIGHT","items_purchased":["HollowMod:MothsMistake","HollowMod:DescendingDark"],"campfire_rested":0,"item_purchase_floors":[7,7],"current_hp_per_floor":[79,82,81,81,81,42,42,42,42,42,41,41,41,32,32,0,0],"gold":84,"neow_bonus":"TEN_PERCENT_HP_BONUS","is_daily":false,"chose_seed":false,"campfire_upgraded":4,"win_rate":0.0,"timestamp":1609483799,"path_taken":["M","M","?","?","?","E","?","R","T","R","M","R","?","?","R","BOSS"],"items_purchased_type":["Card","Card"],"build_version":"2020-12-22","purchased_purges":0,"victory":false,"max_hp_per_floor":[82,82,82,82,82,82,82,82,82,82,82,82,82,82,82,82,82],"card_choices":[{"not_picked":["HollowMod:SoulSplash","HollowMod:MawleksShell"],"picked":"HollowMod:InfectionAssault","floor":1},{"not_picked":["HollowMod:DreamGate","HollowMod:Grubsong"],"picked":"HollowMod:ShadowDash","floor":2},{"not_picked":["HollowMod:ShapeofUnn","HollowMod:SoulShaman","HollowMod:PureNailStrike"],"picked":"SKIP","floor":3},{"not_picked":["HollowMod:SoulSplash","HollowMod:ShapeofUnn"],"picked":"HollowMod:ShadowDash","floor":6},{"not_picked":["HollowMod:HeavyBlow","HollowMod:Grubsong"],"picked":"HollowMod:MonarchWings","floor":11}],"player_experience":141656,"relics_obtained":[{"floor":6,"key":"Calipers"},{"floor":9,"key":"Mercury Hourglass"}],"event_choices":[],"is_beta":false,"boss_relics":[],"items_purged_floors":[],"is_endless":false,"potions_floor_spawned":[1,6,11],"killed_by":"Hallownest:BossBrokenVessel","ascension_level":0}}