{"host":"cjczijzq2n4uvi0v","time":1609475941,"event":{"mods":["2.2 Compatiblity","Act Like it!","Aspiration","Astrologer","BaseMod","BetterRewards","Challenge The Spire","Colored Map","Colored Powertips","Conspire","Elementarium","Gensokyo","GifTheSpireLib","GungeonMod","Halation","Hallownest","Highlight Path","Hubris","Infinite Spire","Jorbs\u0027s Wanderer Trilogy","Lobotomy","Mimic Mod","Minty Spire (QoL Compilation)","Pale of the Ancients","Permanent Neow","Rare Cards Sparkle","Replay The Spire","Shop Mod","Spikes Relics","StSLib","Stuff the Spire","The Animator","The Bug Knight","The Construct","The Disciple","The Factory","The Jungle","The Problem Sleuth","Unknown Chances","Wandering Minibosses"],"gold_per_floor":[118,118,1259,604,615,615,630,630,657,688,705,705,716,205,205,301,301,336,336,336],"floor_reached":19,"playtime":778,"items_purged":["Strike_B","Strike_B","Strike_B"],"score":217,"play_id":"f992b4b5-28f5-4d39-98aa-80a533f69793","local_time":"20210101043901","is_ascension_mode":false,"campfire_choices":[{"data":"Ball Lightning","floor":6,"key":"SMITH"},{"floor":12,"key":"REST"},{"data":"BasicCrystalCard","floor":15,"key":"SMITH"}],"circlet_count":0,"master_deck":["Strike_B","Defend_B","Defend_B","Defend_B","Defend_B","Zap+1","Dualcast","StuffTheSpire:ForEach","BasicCrystalCard+1","hubris:PowerSurge","Ball Lightning+1","ReplayUltimateDefense","hubris:PowerSurge","hubris:Ukulele","hubris:Ukulele","Machine Learning","conspire:Rain","Echo Form","StuffTheSpire:Snapshot","Compile Driver+1","Panic Button"],"relics":["Cracked Core","Hallownest:DreamNailRelic","Solar Panel","Replay:Bottled Eggs","StuffTheSpire:Saxophone","HollowMod:PaleOreRelic","Regal Pillow","ReplayTheSpireMod:TigerMarble","Quantum Egg","aspiration:Lifesprig","Sling","aspiration:BursterCore","PrismaticShard"],"acts_visited":["Hallownest:Greenpath","TheCity"],"potions_floor_usage":[],"damage_taken":[{"damage":13,"enemies":"Hallownest:2_Tiktiks_and_1_Crawlid","floor":1,"turns":2},{"damage":0,"enemies":"Hallownest:2_Baldur","floor":5,"turns":2},{"damage":5,"enemies":"2_ Uuma","floor":7,"turns":2},{"damage":5,"enemies":"Hallownest:eliteMossKnight","floor":10,"turns":2},{"damage":8,"enemies":"Hallownest:Guard_and_Warrior","floor":11,"turns":2},{"damage":1,"enemies":"Hallownest:2_Tiktiks_1_Baldur_1_Crawlid","floor":13,"turns":2},{"damage":43,"enemies":"Hallownest:BossHornet","floor":16,"turns":9},{"damage":52,"enemies":"Spheric Guardian","floor":18,"turns":6}],"seed_played":"5914900083101368957","potions_obtained":[{"floor":10,"key":"DemoMod:LeadSkinPotion"},{"floor":16,"key":"Energy Potion"}],"is_trial":false,"path_per_floor":["M","?","$","$","M","R","M","?","T","E","M","R","M","$","R","B",null,"M","?"],"character_chosen":"DEFECT","items_purchased":["Solar Panel","Replay:Bottled Eggs","StuffTheSpire:Saxophone","hubris:PowerSurge","Ball Lightning","HollowMod:PaleOreRelic","ReplayUltimateDefense","hubris:PowerSurge","Regal Pillow","StuffTheSpire:SnapShoot","aspiration:Lifesprig","Sling"],"campfire_rested":1,"item_purchase_floors":[3,3,3,3,3,4,4,4,4,14,14,14],"current_hp_per_floor":[62,62,62,62,64,64,63,63,63,60,52,75,75,75,75,36,75,27,19,19],"gold":336,"neow_bonus":"ONE_RANDOM_RARE_CARD","is_daily":false,"chose_seed":false,"campfire_upgraded":2,"win_rate":0.0,"timestamp":1609475941,"path_taken":["M","?","?","$","M","R","M","?","T","E","?","R","M","$","R","BOSS","M","?"],"items_purchased_type":["Relic","Relic","Relic","Card","Card","Relic","Card","Card","Relic","Card","Relic","Relic"],"build_version":"2020-12-22","purchased_purges":3,"victory":false,"max_hp_per_floor":[75,75,75,75,75,75,75,75,75,75,75,75,75,75,75,75,75,75,75,75],"card_choices":[{"not_picked":["Doom and Gloom","StuffTheSpire:Coldhearted"],"picked":"BasicCrystalCard","floor":1},{"not_picked":["Redo","StuffTheSpire:LoadUp"],"picked":"hubris:Ukulele","floor":5},{"not_picked":["Hologram","Skim"],"picked":"hubris:Ukulele","floor":7},{"not_picked":["Sweeping Beam","Hologram","Stack"],"picked":"SKIP","floor":10},{"not_picked":["Streamline","Panic Button"],"picked":"Machine Learning","floor":11},{"not_picked":["Gash","Skim"],"picked":"conspire:Rain","floor":13},{"not_picked":["Creative AI","Fission"],"picked":"Echo Form","floor":16},{"not_picked":["Rebound","StuffTheSpire:SnapShoot+1"],"picked":"Compile Driver+1","floor":18},{"not_picked":["Barrage+1","Redo"],"picked":"Panic Button","floor":19}],"player_experience":35803,"relics_obtained":[{"floor":9,"key":"ReplayTheSpireMod:TigerMarble"},{"floor":10,"key":"Quantum Egg"},{"floor":19,"key":"PrismaticShard"}],"event_choices":[],"is_beta":false,"boss_relics":[{"not_picked":["hubris:Backtick","construct:ClawGrip"],"picked":"aspiration:BursterCore"}],"items_purged_floors":[3,4,14],"is_endless":false,"potions_floor_spawned":[10,16],"ascension_level":0}}