{"host":"oc5h2hqz0xgb0igf","time":1609532393,"event":{"mods":["AchievementEnabler","BaseMod","Card Forge","Colored Map","Colored Powertips","Minty Spire (QoL Compilation)","Prisma Mod","Rare Cards Sparkle","StSLib"],"gold_per_floor":[113,113,127,127,147,179,196,196,250,266,266,279,279,305,305,400,400,413,432,452,412,424,450,450,478,526,536,536,552,587,605,605,704,704,717,727,727,739,739,739,771,771,794,829,839,873,611,629,629,629,629,629,428,459,459],"floor_reached":56,"playtime":2682,"items_purged":[],"score":1789,"play_id":"060ad398-92b6-4665-8a63-ba1230be1071","local_time":"20210101121953","is_ascension_mode":true,"campfire_choices":[{"data":"Accuracy","floor":8,"key":"SMITH"},{"data":"Accuracy","floor":11,"key":"SMITH"},{"data":"Accuracy","floor":13,"key":"SMITH"},{"data":"Terror","floor":15,"key":"SMITH"},{"data":"Neutralize","floor":24,"key":"SMITH"},{"data":"Footwork","floor":28,"key":"SMITH"},{"data":"Sucker Punch","floor":32,"key":"SMITH"},{"data":"Cloak And Dagger","floor":40,"key":"SMITH"},{"data":"Cloak And Dagger","floor":42,"key":"SMITH"},{"floor":49,"key":"RECALL"},{"data":"Cloak And Dagger","floor":52,"key":"SMITH"}],"circlet_count":0,"master_deck":["Neutralize+1","Accuracy+1","Cloak And Dagger+1","Infinite Blades","Backflip+1","Accuracy+1","Cloak And Dagger+1","Infinite Blades","Blade Dance+1","Cloak And Dagger+1","Terror+1","Accuracy+1","Blade Dance+1","Cloak And Dagger+1","Sucker Punch+1","Backflip+1","Infinite Blades","Backflip+1","Footwork+1","Accuracy+1","Backflip+1"],"relics":["Ring of the Serpent","Hammer of Thor","Seething Fire","Anvil of the Gods","Shuriken","Kunai","Ninja Scroll","WristBlade","Question Card","Strawberry","Blood Vial","InkBottle","Dream Catcher","Nunchaku","Ninja Scroll","WristBlade","Toy Ornithopter","Art of War","The Specimen","Mercury Hourglass","Kunai","Lantern"],"acts_visited":["Exordium","TheCity","TheBeyond","TheEnding"],"potions_floor_usage":[14,22,22,27,35,38,38,50,55,55,55],"damage_taken":[{"damage":0,"enemies":"2 Louse","floor":1,"turns":1},{"damage":0,"enemies":"Cultist","floor":3,"turns":1},{"damage":0,"enemies":"Small Slimes","floor":5,"turns":1},{"damage":0,"enemies":"Gremlin Nob","floor":6,"turns":2},{"damage":0,"enemies":"Blue Slaver","floor":7,"turns":1},{"damage":0,"enemies":"3 Louse","floor":10,"turns":1},{"damage":0,"enemies":"2 Fungi Beasts","floor":12,"turns":1},{"damage":0,"enemies":"3 Sentries","floor":14,"turns":3},{"damage":0,"enemies":"Slime Boss","floor":16,"turns":2},{"damage":0,"enemies":"Spheric Guardian","floor":18,"turns":1},{"damage":0,"enemies":"Shell Parasite","floor":19,"turns":1},{"damage":0,"enemies":"3 Cultists","floor":20,"turns":2},{"damage":0,"enemies":"Sentry and Sphere","floor":22,"turns":2},{"damage":6,"enemies":"Slavers","floor":23,"turns":2},{"damage":8,"enemies":"Book of Stabbing","floor":25,"turns":3},{"damage":0,"enemies":"Shelled Parasite and Fungi","floor":27,"turns":3},{"damage":0,"enemies":"Cultist and Chosen","floor":29,"turns":3},{"damage":0,"enemies":"Gremlin Leader","floor":30,"turns":4},{"damage":0,"enemies":"Snake Plant","floor":31,"turns":1},{"damage":0,"enemies":"Champ","floor":33,"turns":4},{"damage":0,"enemies":"3 Shapes","floor":35,"turns":3},{"damage":0,"enemies":"Orb Walker","floor":36,"turns":1},{"damage":10,"enemies":"Writhing Mass","floor":38,"turns":3},{"damage":9,"enemies":"Giant Head","floor":41,"turns":3},{"damage":5,"enemies":"Nemesis","floor":44,"turns":3},{"damage":0,"enemies":"3 Darklings","floor":45,"turns":2},{"damage":1,"enemies":"Giant Head","floor":46,"turns":3},{"damage":0,"enemies":"Sphere and 2 Shapes","floor":48,"turns":1},{"damage":6,"enemies":"Time Eater","floor":50,"turns":7},{"damage":0,"enemies":"Shield and Spear","floor":54,"turns":1},{"damage":46,"enemies":"The Heart","floor":55,"turns":5}],"seed_played":"-1278488634495376978","potions_obtained":[{"floor":3,"key":"SneckoOil"},{"floor":5,"key":"Block Potion"},{"floor":6,"key":"Explosive Potion"},{"floor":18,"key":"SmokeBomb"},{"floor":25,"key":"Block Potion"},{"floor":29,"key":"EssenceOfSteel"},{"floor":31,"key":"AttackPotion"},{"floor":35,"key":"ColorlessPotion"},{"floor":38,"key":"SteroidPotion"},{"floor":41,"key":"Strength Potion"},{"floor":48,"key":"DuplicationPotion"}],"is_trial":false,"path_per_floor":["M","?","M","$","M","E","M","R","T","M","R","M","R","E","R","B",null,"M","M","M","$","M","E","R","E","T","M","R","M","E","M","R","B",null,"M","M","$","M","T","R","E","R","T","E","M","E","$","M","R","B",null,"R","$","E","B",null],"character_chosen":"THE_SILENT","items_purchased":["Footwork","Kunai","Strength Potion","Lantern"],"campfire_rested":0,"item_purchase_floors":[21,47,53,53],"current_hp_per_floor":[70,70,70,70,70,70,70,70,77,77,77,77,77,77,77,77,77,77,77,77,77,77,71,71,65,65,67,67,69,71,73,73,75,77,77,77,77,67,67,67,60,60,60,57,59,60,60,62,62,63,77,77,77,77,36],"gold":459,"neow_bonus":"THREE_RARE_CARDS","is_daily":false,"chose_seed":false,"campfire_upgraded":10,"win_rate":0.0,"timestamp":1609532393,"path_taken":["M","?","M","$","M","E","M","R","T","M","R","M","R","E","R","BOSS","M","M","M","$","M","E","R","E","T","M","R","M","E","?","R","BOSS","M","M","$","?","?","R","E","R","T","E","M","E","$","M","R","BOSS","R","$","E","BOSS"],"items_purchased_type":["Card","Relic","Potion","Relic"],"build_version":"2020-12-22","purchased_purges":0,"victory":true,"max_hp_per_floor":[70,70,70,70,70,70,70,70,77,77,77,77,77,77,77,77,77,77,77,77,77,77,77,77,77,77,77,77,77,77,77,77,77,77,77,77,77,77,77,77,77,77,77,77,77,77,77,77,77,77,77,77,77,77,77],"card_choices":[{"not_picked":["Phantasmal Killer","A Thousand Cuts"],"picked":"Die Die Die","floor":0},{"not_picked":["Deflect","Bouncing Flask","Prepared"],"picked":"SKIP","floor":1},{"not_picked":["Endless Agony","Choke"],"picked":"Backflip","floor":3},{"not_picked":["Poisoned Stab","Underhanded Strike","Deadly Poison"],"picked":"SKIP","floor":5},{"not_picked":["Dodge and Roll","Prepared","Bane"],"picked":"SKIP","floor":6},{"not_picked":["Dash","Catalyst","Phantasmal Killer"],"picked":"Infinite Blades","floor":7},{"not_picked":["PiercingWail","Dagger Spray","Acrobatics","Skewer"],"picked":"SKIP","floor":10},{"not_picked":["Terror","Eviscerate","Bane","Underhanded Strike"],"picked":"SKIP","floor":12},{"not_picked":["Terror","Quick Slash","Well Laid Plans","Finisher"],"picked":"SKIP","floor":14},{"not_picked":["Expertise","Quick Slash","Outmaneuver","Distraction"],"picked":"SKIP","floor":18},{"not_picked":["Riddle With Holes","Sucker Punch","Bane"],"picked":"Backflip+1","floor":19},{"not_picked":["Dodge and Roll","Skewer","Well Laid Plans","Glass Knife"],"picked":"SKIP","floor":20},{"not_picked":["Predator","Deflect","Underhanded Strike","Dash+1"],"picked":"SKIP","floor":22},{"not_picked":["Skewer+1","Crippling Poison+1","Phantasmal Killer","Setup"],"picked":"SKIP","floor":23},{"not_picked":["Blur+1","Dash","Dagger Spray+1","Blade Dance"],"picked":"SKIP","floor":25},{"not_picked":["Caltrops","PiercingWail","Catalyst+1","Dagger Throw"],"picked":"SKIP","floor":27},{"not_picked":["Deadly Poison","Backflip+1","Concentrate","Deflect"],"picked":"SKIP","floor":29},{"not_picked":["Underhanded Strike+1","Tools of the Trade","PiercingWail","Catalyst"],"picked":"SKIP","floor":30},{"not_picked":["Slice","Cloak And Dagger","Eviscerate","Outmaneuver"],"picked":"SKIP","floor":31},{"not_picked":["Outmaneuver","Heel Hook","Calculated Gamble","Prepared+1"],"picked":"SKIP","floor":35},{"not_picked":["Underhanded Strike+1","Dodge and Roll","Bane+1","Dagger Spray"],"picked":"SKIP","floor":36},{"not_picked":["Slice","Dagger Spray","Deadly Poison"],"picked":"Accuracy+1","floor":38},{"not_picked":["Leg Sweep+1","Flying Knee","Blade Dance+1","PiercingWail"],"picked":"SKIP","floor":41},{"not_picked":["Underhanded Strike+1","Infinite Blades+1","Slice+1","Noxious Fumes+1"],"picked":"SKIP","floor":44},{"not_picked":["Unload","Heel Hook","Deflect+1","Masterful Stab"],"picked":"SKIP","floor":45},{"not_picked":["Prepared","Footwork","Quick Slash","Heel Hook"],"picked":"SKIP","floor":46},{"not_picked":["Poisoned Stab","Expertise+1","Distraction+1"],"picked":"Backflip+1","floor":48},{"not_picked":["Calculated Gamble","Dagger Throw+1","Setup+1","Riddle With Holes"],"picked":"SKIP","floor":54}],"player_experience":140686,"relics_obtained":[{"floor":6,"key":"Question Card"},{"floor":9,"key":"Strawberry"},{"floor":14,"key":"Blood Vial"},{"floor":23,"key":"InkBottle"},{"floor":25,"key":"Dream Catcher"},{"floor":26,"key":"Nunchaku"},{"floor":30,"key":"Ninja Scroll"},{"floor":41,"key":"Toy Ornithopter"},{"floor":43,"key":"Art of War"},{"floor":44,"key":"The Specimen"},{"floor":46,"key":"Mercury Hourglass"}],"event_choices":[{"damage_healed":0,"gold_gain":0,"player_choice":"Ignored","damage_taken":0,"max_hp_gain":0,"max_hp_loss":0,"event_name":"WeMeetAgain","floor":2,"gold_loss":0}],"is_beta":false,"boss_relics":[{"not_picked":["Fusion Hammer","Ectoplasm"],"picked":"Ring of the Serpent"},{"not_picked":["SacredBark","Runic Pyramid"],"picked":"WristBlade"}],"items_purged_floors":[],"is_endless":false,"potions_floor_spawned":[3,5,6,18,25,29,31,35,38,41,48],"ascension_level":3}}