{"host":"klzxa3457b6fcx00","time":1609490862,"event":{"mods":["AchievementEnabler","BaseMod","Downfall","Minty Spire (QoL Compilation)","Replay The Spire","StSLib"],"gold_per_floor":[115,115,135,146,164,164,194,194,243,271,285,303,76,87,87,87,87],"floor_reached":16,"playtime":455,"items_purged":["Strike_R"],"score":114,"play_id":"c8625ecf-694f-4d17-b184-518df27980df","local_time":"20210101154742","is_ascension_mode":false,"campfire_choices":[{"data":"Wild Strike","floor":6,"key":"SMITH"},{"floor":8,"key":"REST"},{"data":"Whirlwind","floor":15,"key":"SMITH"}],"circlet_count":0,"master_deck":["Strike_R","Strike_R","Strike_R","Strike_R","Defend_R","Defend_R","Defend_R","Defend_R","Cleave","Wild Strike+1","Carnage","Wild Strike","Whirlwind+1"],"relics":["Burning Blood","Ancient Tea Set","Anchor","Toy Ornithopter","ReplayFunnel"],"acts_visited":["Exordium"],"potions_floor_usage":[11,16,16],"damage_taken":[{"damage":5,"enemies":"Cultist","floor":1,"turns":4},{"damage":7,"enemies":"Small Slimes","floor":3,"turns":3},{"damage":11,"enemies":"Jaw Worm","floor":4,"turns":2},{"damage":10,"enemies":"2 Fungi Beasts","floor":5,"turns":4},{"damage":31,"enemies":"Gremlin Nob","floor":7,"turns":5},{"damage":45,"enemies":"Lagavulin","floor":10,"turns":7},{"damage":0,"enemies":"Red Slaver","floor":11,"turns":2},{"damage":16,"enemies":"Large Slime","floor":12,"turns":9},{"damage":9,"enemies":"Blue Slaver","floor":14,"turns":4},{"damage":40,"enemies":"The Guardian","floor":16,"turns":7}],"seed_played":"8878277893171444870","potions_obtained":[{"floor":10,"key":"Energy Potion"},{"floor":11,"key":"Fire Potion"},{"floor":12,"key":"SpeedPotion"},{"floor":14,"key":"Dexterity Potion"}],"is_trial":false,"path_per_floor":["M","T","M","M","M","R","E","R","T","E","M","M","$","M","R","B"],"character_chosen":"IRONCLAD","items_purchased":["ReplayFunnel"],"campfire_rested":1,"item_purchase_floors":[13],"current_hp_per_floor":[80,80,79,74,70,70,45,69,69,30,41,31,31,28,28,0,0],"gold":87,"neow_bonus":"REMOVE_CARD","is_daily":false,"chose_seed":false,"campfire_upgraded":2,"win_rate":0.0,"timestamp":1609490862,"path_taken":["M","?","?","M","M","R","E","R","T","E","M","M","$","M","R","BOSS"],"items_purchased_type":["Relic"],"build_version":"2020-12-22","purchased_purges":1,"victory":false,"max_hp_per_floor":[80,80,80,80,80,80,80,80,80,80,80,80,80,80,80,80,80],"card_choices":[{"not_picked":["Clothesline","Iron Wave"],"picked":"Cleave","floor":1},{"not_picked":["Fire Breathing","Pommel Strike"],"picked":"Wild Strike","floor":3},{"not_picked":["Rage","Iron Wave","Pommel Strike"],"picked":"SKIP","floor":4},{"not_picked":["Havoc","ReplayTheSpireMod:Limb From Limb","Exhume"],"picked":"SKIP","floor":5},{"not_picked":["Shrug It Off","Clash","Run Through"],"picked":"SKIP","floor":7},{"not_picked":["Rage","Havoc","Barricade"],"picked":"SKIP","floor":10},{"not_picked":["Evolve","Dual Wield"],"picked":"Carnage","floor":11},{"not_picked":["Shrug It Off","ReplayTheSpireMod:Muscle Training"],"picked":"Wild Strike","floor":12},{"not_picked":["Armaments","Run Through"],"picked":"Whirlwind","floor":14}],"player_experience":235825,"relics_obtained":[{"floor":7,"key":"Ancient Tea Set"},{"floor":9,"key":"Anchor"},{"floor":10,"key":"Toy Ornithopter"}],"event_choices":[],"is_beta":false,"boss_relics":[],"items_purged_floors":[13],"is_endless":false,"potions_floor_spawned":[10,11,12,14],"killed_by":"The Guardian","ascension_level":0}}