{"host":"2461dio7vetlq1z3","time":1609540527,"event":{"mods":["2.2 Compatiblity","AchievementEnabler","BaseMod","Better Third Choice","Friendly Minions","Minty Spire (QoL Compilation)","Relic Stats","Replay The Spire","Spicy Shops","StSLib","Waifu the Spire"],"gold_per_floor":[117,133,133,66,0,0,0,0],"floor_reached":7,"playtime":216,"items_purged":[],"score":78,"play_id":"bcd03679-81c6-4374-b5af-cbb638b77a07","local_time":"20210101233527","is_ascension_mode":true,"campfire_choices":[{"floor":6,"key":"REST"}],"circlet_count":0,"master_deck":["AscendersBane","Strike_R","Strike_R","Strike_R","Strike_R","Defend_R","Defend_R","Defend_R","Bash","Headbutt","Iron Wave","Enlightenment"],"relics":["Empty Cage","MealTicket","betterThird:SlimedRelic"],"acts_visited":["Exordium"],"potions_floor_usage":[7],"damage_taken":[{"damage":16.0,"enemies":"Jaw Worm","floor":1.0,"turns":4.0},{"damage":1.0,"enemies":"2 Louse","floor":2.0,"turns":3.0},{"damage":52,"enemies":"3 Sentries","floor":7,"turns":8}],"seed_played":"-8959696066219931589","potions_obtained":[{"floor":2.0,"key":"Dexterity Potion"}],"is_trial":false,"path_per_floor":["M","M","?","?","?","R","E"],"character_chosen":"IRONCLAD","items_purchased":[],"campfire_rested":1,"item_purchase_floors":[],"current_hp_per_floor":[52,51,33,22,28,52,0,0],"gold":0,"neow_bonus":"BOSS_RELIC","is_daily":false,"chose_seed":false,"campfire_upgraded":0,"win_rate":0.0,"timestamp":1609540527,"path_taken":["M","M","?","?","?","R","E"],"items_purchased_type":[],"build_version":"2020-12-22","purchased_purges":0,"victory":false,"max_hp_per_floor":[75,75,75,75,81,81,81,81],"relic_stats":{"counters":[3,15],"MealTicket":0,"obtain_stats":[{"betterThird:SlimedRelic":4,"MealTicket":3,"Empty Cage":0,"Burning Blood":0},{"betterThird:SlimedRelic":2,"MealTicket":2,"Empty Cage":0,"Burning Blood":0},{"betterThird:SlimedRelic":7,"MealTicket":7,"Empty Cage":0,"Burning Blood":0}]},"card_choices":[{"not_picked":["Defy Death","ReplayReversal"],"picked":"Headbutt","floor":1.0},{"not_picked":["Havoc","Clothesline"],"picked":"Iron Wave","floor":2.0}],"player_experience":999890,"relics_obtained":[],"event_choices":[{"damage_healed":0,"gold_gain":0,"player_choice":"Relic ","damage_taken":18,"max_hp_gain":0,"max_hp_loss":0,"event_name":"betterThird:BetterScrap","floor":3,"gold_loss":0,"cards_obtained":["MasterReality"]},{"damage_healed":0,"gold_gain":0,"player_choice":"Slimed","damage_taken":11,"max_hp_gain":0,"max_hp_loss":0,"event_name":"betterThird:BetterGoop","floor":4,"gold_loss":67},{"damage_healed":0,"gold_gain":0,"player_choice":"RENOUNCE","damage_taken":66,"max_hp_gain":0,"max_hp_loss":0,"event_name":"betterThird:BetterSerpent","floor":5,"gold_loss":66,"cards_obtained":["Enlightenment"]}],"is_beta":false,"boss_relics":[],"items_purged_floors":[],"is_endless":false,"potions_floor_spawned":[2],"killed_by":"3 Sentries","ascension_level":20}}