{"host":"gu5asyuva7frvhbf","time":1609498245,"event":{"mods":["Aspiration","BaseMod","Card Forge","Colored Map","Colored Powertips","Downfall","Infinite Spire","Mimic Mod","Minty Spire (QoL Compilation)","Replay The Spire","Shop Mod","StSLib","The Construct"],"gold_per_floor":[118,118,118,138,153,153,167,167,201,220,76,76,96,114,114,218,218,236,246,246,246],"floor_reached":20,"playtime":1104,"items_purged":[],"score":170,"play_id":"52ca388d-8ae1-4752-81aa-fa93e51bd1b5","local_time":"20210101025045","daily_mods":["Heirloom","DeadlyEvents"],"is_ascension_mode":false,"campfire_choices":[{"floor":6,"key":"REST"},{"floor":12,"key":"REST"},{"floor":15,"key":"REST"}],"circlet_count":0,"master_deck":["Strike_B","Strike_B","Strike_B","Strike_B","Defend_B","Defend_B","Defend_B","Zap","Dualcast","Heatsinks","Beam Cell","Pain","Auto Shields","Go for the Eyes","Core Surge","Turbo","ReplayTheSpireMod:GoodbyeWorld","Turbo","Echo Form","Sweeping Beam+1","FIFO Queue+1"],"relics":["Cracked Core","Hammer of Thor","Seething Fire","Anvil of the Gods","infinitespire:Golems Mask","WarpedTongs","Potion Belt","infinitespire:Freezer","Nuclear Battery"],"acts_visited":["Exordium","TheCity"],"potions_floor_usage":[16,16,20],"damage_taken":[{"damage":7,"enemies":"2 Louse","floor":1,"turns":3},{"damage":7,"enemies":"Cultist","floor":4,"turns":3},{"damage":6,"enemies":"Small Slimes","floor":5,"turns":3},{"damage":8,"enemies":"2 Fungi Beasts","floor":7,"turns":3},{"damage":28,"enemies":"Lots of Slimes","floor":8,"turns":4},{"damage":3,"enemies":"Exordium Thugs","floor":9,"turns":5},{"damage":20,"enemies":"Exordium Thugs","floor":10,"turns":4},{"damage":16,"enemies":"3 Louse","floor":13,"turns":3},{"damage":12,"enemies":"Large Slime","floor":14,"turns":6},{"damage":18,"enemies":"Slime Boss","floor":16,"turns":8},{"damage":33,"enemies":"3 Byrds","floor":18,"turns":6},{"damage":29,"enemies":"Shell Parasite","floor":19,"turns":7},{"damage":18,"enemies":"Centurion and Healer","floor":20,"turns":2}],"seed_played":"8929763768390102268","potions_obtained":[{"floor":10,"key":"hexamod:EctoCoolerPotion"},{"floor":13,"key":"FocusPotion"},{"floor":14,"key":"construct:ShiftPotion"}],"is_trial":true,"path_per_floor":["M","?","?","M","M","R","M","M","MIM","M","$","R","M","M","R","B",null,"M","M","M"],"character_chosen":"DEFECT","items_purchased":["infinitespire:Freezer"],"campfire_rested":3,"item_purchase_floors":[11],"current_hp_per_floor":[68,68,68,61,55,75,67,39,36,16,16,38,22,10,32,14,75,42,13,0,0],"gold":246,"neow_bonus":"","is_daily":false,"chose_seed":false,"campfire_upgraded":0,"win_rate":0.0,"timestamp":1609498245,"path_taken":["M","?","?","M","?","R","M","M","MIM","M","$","R","M","M","R","BOSS","M","M","M"],"items_purchased_type":["Relic"],"build_version":"2020-12-22","purchased_purges":0,"victory":false,"max_hp_per_floor":[75,75,75,75,75,75,75,75,75,75,75,75,75,75,75,75,75,75,75,75,75],"card_choices":[{"not_picked":["Ball Lightning","Glacier"],"picked":"Heatsinks","floor":1},{"not_picked":["Streamline","Redo"],"picked":"Auto Shields","floor":4},{"not_picked":["Scrape","BasicCrystalCard"],"picked":"Go for the Eyes","floor":5},{"not_picked":["Blizzard","Rebound"],"picked":"Core Surge","floor":7},{"not_picked":["Sweeping Beam","Conserve Battery","Cold Snap"],"picked":"SKIP","floor":8},{"not_picked":["Coolheaded","Streamline"],"picked":"Turbo","floor":9},{"not_picked":["Sunder","Recycle","Ball Lightning"],"picked":"SKIP","floor":10},{"not_picked":["Doom and Gloom","Go for the Eyes"],"picked":"ReplayTheSpireMod:GoodbyeWorld","floor":13},{"not_picked":["ReplaySort","Coolheaded"],"picked":"Turbo","floor":14},{"not_picked":["Buffer","Hyperbeam"],"picked":"Echo Form","floor":16},{"not_picked":["Redo","Rebound"],"picked":"Sweeping Beam+1","floor":18},{"not_picked":["Ball Lightning","Tempest"],"picked":"FIFO Queue+1","floor":19}],"player_experience":281051,"relics_obtained":[{"floor":9,"key":"Potion Belt"}],"event_choices":[{"damage_healed":0,"gold_gain":0,"cards_transformed":["Defend_B"],"player_choice":"Change","damage_taken":0,"max_hp_gain":0,"max_hp_loss":0,"event_name":"Living Wall","floor":2,"gold_loss":0,"cards_obtained":["Beam Cell"]},{"damage_healed":0,"gold_gain":0,"player_choice":"Rummage","damage_taken":0,"relics_obtained":["WarpedTongs"],"max_hp_gain":0,"max_hp_loss":0,"event_name":"Accursed Blacksmith","floor":3,"gold_loss":0,"cards_obtained":["Pain"]}],"is_beta":false,"boss_relics":[{"not_picked":["Replay:Ancient Bell","Ring of Chaos"],"picked":"Nuclear Battery"}],"items_purged_floors":[],"is_endless":false,"potions_floor_spawned":[8,10,13,14],"killed_by":"Centurion and Healer","ascension_level":0}}