{"host":"kh6fvhxn285ncg0o","time":1609509775,"event":{"mods":["Act Like it!","BaseMod","Colored Map","Friendly Minions","Keyboard Shortcuts","Minty Spire (QoL Compilation)","Quick Restart","Relic Stats","StSLib","SuperFastMode"],"gold_per_floor":[115,115,115,125,5,5,18,36,36,68,68,100,100,115,115,190,190,206,236,247,247,262,262,187,187,187,216,226,238,238,238,238,238,238],"floor_reached":33,"playtime":918,"items_purged":["Strike_G"],"score":550,"play_id":"49d62f81-7eea-4549-8066-85a5b5e6742a","local_time":"20210101230255","is_ascension_mode":true,"campfire_choices":[{"data":"Noxious Fumes","floor":6.0,"key":"SMITH"},{"data":"Defend_G","floor":13,"key":"PURGE"},{"data":"Neutralize","floor":15,"key":"SMITH"},{"data":"Wraith Form v2","floor":23,"key":"SMITH"},{"data":"Bouncing Flask","floor":25,"key":"SMITH"},{"data":"Defend_G","floor":30,"key":"PURGE"},{"floor":32,"key":"REST"}],"circlet_count":0,"master_deck":["AscendersBane","Strike_G+1","Strike_G+1","Strike_G+1","Defend_G+1","Defend_G+1","Defend_G+1","Survivor","Neutralize+1","Finesse","Masterful Stab","Noxious Fumes+1","Predator","Bouncing Flask+1","Wraith Form v2+1","Calculated Gamble","PiercingWail","Deadly Poison+1","Prepared+1"],"relics":["Ring of the Snake","Girya","Thread and Needle","Matryoshka","Vajra","TungstenRod","Peace Pipe","Runic Dome","Red Mask","Ornamental Fan","PreservedInsect","Toxic Egg 2"],"acts_visited":["Exordium","TheCity"],"potions_floor_usage":[16,16,19,19,19,33],"damage_taken":[{"damage":4.0,"enemies":"Jaw Worm","floor":1.0,"turns":6.0},{"damage":2.0,"enemies":"Cultist","floor":4.0,"turns":5.0},{"damage":1.0,"enemies":"2 Louse","floor":7.0,"turns":3.0},{"damage":1.0,"enemies":"Looter","floor":8.0,"turns":4.0},{"damage":12.0,"enemies":"Lagavulin","floor":10.0,"turns":6.0},{"damage":8.0,"enemies":"3 Sentries","floor":12.0,"turns":6.0},{"damage":0,"enemies":"3 Louse","floor":14,"turns":3},{"damage":25,"enemies":"Slime Boss","floor":16,"turns":4},{"damage":12,"enemies":"Chosen","floor":18,"turns":4},{"damage":2,"enemies":"Masked Bandits","floor":19,"turns":5},{"damage":6,"enemies":"2 Thieves","floor":20,"turns":4},{"damage":6,"enemies":"3 Cultists","floor":22,"turns":5},{"damage":7,"enemies":"Slavers","floor":27,"turns":7},{"damage":3,"enemies":"Snecko","floor":28,"turns":5},{"damage":0,"enemies":"Snake Plant","floor":29,"turns":3},{"damage":45,"enemies":"Champ","floor":33,"turns":12}],"seed_played":"-1321396060236344197","potions_obtained":[{"floor":1.0,"key":"DistilledChaos"},{"floor":7.0,"key":"SteroidPotion"},{"floor":10.0,"key":"ColorlessPotion"},{"floor":14,"key":"AttackPotion"},{"floor":16,"key":"Ancient Potion"},{"floor":18,"key":"EntropicBrew"},{"floor":22,"key":"Ancient Potion"},{"floor":28,"key":"Block Potion"}],"is_trial":false,"path_per_floor":["M","?","$","M","$","R","M","M","T","E","T","E","R","M","R","B",null,"M","?","M","?","M","R","?","R","T","E","M","M","R","?","R","B"],"character_chosen":"THE_SILENT","items_purchased":["Noxious Fumes"],"campfire_rested":1,"item_purchase_floors":[5],"current_hp_per_floor":[55,55,55,53,53,53,52,51,51,39,39,31,31,31,31,6,51,39,37,31,31,25,25,25,25,25,18,15,15,15,15,34,0,0],"gold":238,"neow_bonus":"RANDOM_COLORLESS","is_daily":false,"chose_seed":false,"campfire_upgraded":4,"win_rate":0.0,"timestamp":1609509775,"path_taken":["M","?","?","?","$","R","M","M","T","E","?","E","R","M","R","BOSS","M","?","M","?","M","R","?","R","T","E","M","M","R","?","R","BOSS"],"items_purchased_type":["Card"],"build_version":"2020-12-22","purchased_purges":1,"victory":false,"max_hp_per_floor":[66,66,66,66,66,66,66,66,66,66,66,66,66,66,66,66,66,66,66,66,66,66,66,66,66,66,66,66,66,66,66,66,66,66],"relic_stats":{"Peace Pipe":3,"counters":[16,82],"Ornamental Fan":[20],"PreservedInsect":41,"obtain_stats":[{"Peace Pipe":12,"Girya":2,"Runic Dome":17,"Matryoshka":10,"Ornamental Fan":26,"Vajra":11,"Thread and Needle":9,"PreservedInsect":26,"Red Mask":19,"Toxic Egg 2":27,"TungstenRod":11,"Ring of the Snake":0},{"Peace Pipe":6,"Girya":1,"Runic Dome":8,"Matryoshka":5,"Ornamental Fan":12,"Vajra":5,"Thread and Needle":4,"PreservedInsect":12,"Red Mask":10,"Toxic Egg 2":13,"TungstenRod":5,"Ring of the Snake":0},{"Peace Pipe":30,"Girya":6,"Runic Dome":37,"Matryoshka":24,"Ornamental Fan":55,"Vajra":24,"Thread and Needle":18,"PreservedInsect":55,"Red Mask":46,"Toxic Egg 2":62,"TungstenRod":24,"Ring of the Snake":0}],"TungstenRod":16,"Ring of the Snake":[32]},"card_choices":[{"not_picked":["Good Instincts","Swift Strike"],"picked":"Finesse","floor":0.0},{"not_picked":["Infinite Blades","Escape Plan"],"picked":"Masterful Stab","floor":4.0},{"not_picked":["Concentrate","Bane"],"picked":"Predator","floor":7.0},{"not_picked":["Quick Slash","Dagger Throw","Poisoned Stab"],"picked":"SKIP","floor":8.0},{"not_picked":["Reflex","Accuracy","Dodge and Roll"],"picked":"SKIP","floor":10.0},{"not_picked":["Concentrate","Accuracy"],"picked":"Bouncing Flask","floor":12.0},{"not_picked":["Malaise","Die Die Die"],"picked":"Wraith Form v2","floor":16},{"not_picked":["Deadly Poison","Cloak And Dagger"],"picked":"Calculated Gamble","floor":18},{"not_picked":["Endless Agony","Underhanded Strike","Dagger Spray"],"picked":"SKIP","floor":20},{"not_picked":["Slice","Cloak And Dagger"],"picked":"PiercingWail","floor":22},{"not_picked":["Tools of the Trade","Reflex+1"],"picked":"Deadly Poison+1","floor":28},{"not_picked":["Calculated Gamble+1","Cloak And Dagger+1"],"picked":"Prepared+1","floor":29}],"player_experience":3343812,"relics_obtained":[{"floor":9.0,"key":"Thread and Needle"},{"floor":10.0,"key":"Matryoshka"},{"floor":11.0,"key":"Vajra"},{"floor":11.0,"key":"TungstenRod"},{"floor":12.0,"key":"Peace Pipe"},{"floor":19,"key":"Red Mask"},{"floor":26,"key":"Ornamental Fan"},{"floor":26,"key":"PreservedInsect"},{"floor":27,"key":"Toxic Egg 2"}],"event_choices":[{"damage_healed":0.0,"max_hp_gain":0.0,"max_hp_loss":0.0,"gold_gain":0.0,"event_name":"WeMeetAgain","player_choice":"Gave Potion","floor":2.0,"gold_loss":0.0,"damage_taken":0.0,"relics_obtained":["Girya"]},{"damage_healed":0,"gold_gain":0,"player_choice":"Fought Bandits","damage_taken":0,"max_hp_gain":0,"max_hp_loss":0,"event_name":"Masked Bandits","floor":19,"gold_loss":0},{"damage_healed":0,"gold_gain":0,"player_choice":"Ignored","damage_taken":0,"max_hp_gain":0,"max_hp_loss":0,"event_name":"The Mausoleum","floor":21,"gold_loss":0},{"cards_removed":["Strike_G"],"damage_healed":0,"gold_gain":0,"player_choice":"Gave Gold","damage_taken":0,"max_hp_gain":0,"max_hp_loss":0,"event_name":"Beggar","floor":24,"gold_loss":75},{"damage_healed":0,"gold_gain":0,"player_choice":"Simplicity","damage_taken":0,"max_hp_gain":0,"max_hp_loss":0,"event_name":"Back to Basics","floor":31,"gold_loss":0,"cards_upgraded":["Strike_G","Strike_G","Strike_G","Defend_G","Defend_G","Defend_G"]}],"is_beta":false,"boss_relics":[{"not_picked":["Velvet Choker","Cursed Key"],"picked":"Runic Dome"}],"items_purged_floors":[5],"is_endless":false,"potions_floor_spawned":[1,7,10,14,16,18,22,28],"killed_by":"Champ","ascension_level":20}}