{"host":"43vb3u4kiuosyd1s","time":1609519368,"event":{"mods":["Arknights The Spire","BaseMod","HololiveMod","Minty Spire (QoL Compilation)","StSLib","Td1madao Mod"],"gold_per_floor":[110,35,47,122,135,170,182,182,182],"floor_reached":8,"playtime":356,"items_purged":["ats:Defend"],"score":58,"play_id":"e0ff6af8-e876-4ef0-9d2e-cfcf6411f930","local_time":"20210102014248","is_ascension_mode":false,"campfire_choices":[],"circlet_count":0,"master_deck":["ats:Strike C","ats:Strike G","ats:Strike S","ats:Strike V","ats:Armor Crushing Shot","ats:Defend","ats:Defend","ats:Defend","ats:Emotion Absorption","ats:Flexible Camouflage","ats:Explosion Area Strengthen","ats:Chain Hook","ats:Soul Absorption","ats:Curse Doll"],"relics":["ats:Sanity","NeowsBlessing","ats:Originium","Lantern"],"acts_visited":["Exordium"],"potions_floor_usage":[],"damage_taken":[{"damage":0,"enemies":"Jaw Worm","floor":1,"turns":1},{"damage":0,"enemies":"Small Slimes","floor":3,"turns":1},{"damage":0,"enemies":"2 Louse","floor":5,"turns":1},{"damage":49,"enemies":"3 Sentries","floor":6,"turns":7},{"damage":0,"enemies":"2 Fungi Beasts","floor":7,"turns":3},{"damage":22,"enemies":"Lagavulin","floor":8,"turns":5}],"seed_played":"-8140103299735960349","potions_obtained":[{"floor":3,"key":"SteroidPotion"},{"floor":7,"key":"Explosive Potion"}],"is_trial":false,"path_per_floor":["M","$","M","?","M","E","M","E"],"character_chosen":"DOCTOR_CLASS","items_purchased":[],"campfire_rested":0,"item_purchase_floors":[],"current_hp_per_floor":[72,72,72,61,61,12,12,0,0],"gold":182,"neow_bonus":"THREE_ENEMY_KILL","is_daily":false,"chose_seed":false,"campfire_upgraded":0,"win_rate":0.0,"timestamp":1609519368,"path_taken":["M","$","M","?","M","E","M","E"],"items_purchased_type":[],"build_version":"2020-12-22","purchased_purges":1,"victory":false,"max_hp_per_floor":[72,72,72,72,72,72,72,72,72],"card_choices":[{"not_picked":["ats:Consecutive Shot Auto","ats:Support Order"],"picked":"ats:Flexible Camouflage","floor":1},{"not_picked":["ats:Hook Shot","ats:Assault Order"],"picked":"ats:Explosion Area Strengthen","floor":3},{"not_picked":["ats:Defend Order","ats:Flexible Camouflage"],"picked":"ats:Chain Hook","floor":5},{"not_picked":["ats:Leaping Hammer","ats:Apocalypse"],"picked":"ats:Soul Absorption","floor":6},{"not_picked":["ats:Consecutive Shot Auto","ats:Soul Absorption"],"picked":"ats:Curse Doll","floor":7}],"player_experience":162045,"relics_obtained":[{"floor":6,"key":"ats:Originium"},{"floor":6,"key":"Lantern"}],"event_choices":[{"damage_healed":0,"gold_gain":75,"player_choice":"Gather Gold","damage_taken":11,"max_hp_gain":0,"max_hp_loss":0,"event_name":"World of Goop","floor":4,"gold_loss":0}],"is_beta":false,"boss_relics":[],"items_purged_floors":[2],"is_endless":false,"potions_floor_spawned":[3,7],"killed_by":"Lagavulin","ascension_level":0}}