{"host":"i58uscbei3sy5089","time":1609515502,"event":{"mods":["ATMod(°¢èªMod)","Act Like it!","Arknights The Spire","BaseMod","Challenge The Spire","Colored Powertips","Conspire","Infinite Spire","Koishi","Lobotomy","LobotomyExtend","Minty Spire (QoL Compilation)","MostiFishMod","Prisma Mod","Quick Restart","Reimu£¨²©ÀöÁéÃÎ£©","Replay The Spire","Shop Mod","Spicy Shops","StSLib","TestMod","The Alterego","The Construct","UnlockEverythingMod","[IsaacMod]ÒÔÈö¼âËþ","vexMod","¡¾¹¦ÄÜMod¡¿»ìãçÖ®»·ÐÞ¸´²¹¶¡","¡¾ÒÅÎï¿¨ÅÆ¡¿REMEMod","óô»ðÖ¸ÄÏ"],"gold_per_floor":[118,217,197,162,182,182,201,201,201,214,214,228,293,293,293,398,398,409,428,228,257,172,172,187,187,187,187,198,278,308,308,308,404,-996,-980,-980,-980,-960,-942,-912,-912,-892,-892,-872,-841,-841,-824,-808,-808,-709,-709,-709],"floor_reached":51,"playtime":3941,"items_purged":["ats:Strike S","ats:Strike G","ats:Strike V","ats:Armor Crushing Shot+1","ats:Sunburst","testmod-SubstituteBySubterfuge+1"],"score":919,"play_id":"284915d3-7082-4568-b173-74cdce722f58","local_time":"20210101233822","is_ascension_mode":false,"campfire_choices":[{"data":"AT_ShadowStep","floor":6,"key":"SMITH"},{"data":"ats:Burning Ground","floor":6,"key":"SMITH"},{"data":"Secret Technique","floor":8,"key":"SMITH"},{"data":"testmod-SubstituteBySubterfuge","floor":8,"key":"SMITH"},{"data":"ats:Burning Ground","floor":15,"key":"SMITH"},{"data":"ats:Emotion Absorption","floor":15,"key":"SMITH"},{"data":"ats:Echo Reverb","floor":23,"key":"SMITH"},{"data":"ats:Soul Absorption","floor":23,"key":"SMITH"},{"data":"ats:Soul Absorption","floor":25,"key":"SMITH"},{"data":"ats:Magnetic Hammer","floor":25,"key":"SMITH"},{"data":"ats:Apocalypse","floor":27,"key":"SMITH"},{"data":"ats:Apocalypse","floor":27,"key":"SMITH"},{"data":"infinitespire:NeuralNetwork","floor":32,"key":"SMITH"},{"data":"ats:Magnetic Hammer","floor":32,"key":"SMITH"},{"data":"ats:Soul Absorption","floor":41,"key":"SMITH"},{"data":"ats:Burning Ground","floor":41,"key":"SMITH"},{"data":"ats:Rat Pack","floor":49,"key":"SMITH"},{"data":"ats:Volcano","floor":49,"key":"SMITH"}],"circlet_count":0,"master_deck":["ats:Strike C","ats:Defend+1","ats:Defend+1","ats:Defend+1","ats:Emotion Absorption+1","AT_ShadowStep+1","Secret Technique+1","ats:Emotion Absorption+1","ats:Burning Ground+1","ats:Soul Absorption+1","ats:Burning Ground+1","ats:Echo Reverb+1","ats:Apocalypse+1","ats:Apocalypse+1","ats:Magnetic Hammer+1","ats:Soul Absorption+1","ats:Very Hot Blade","ats:Magnetic Hammer","infinitespire:NeuralNetwork+1","ats:Magnetic Hammer+1","ats:Volcano+1","ats:Sunburst","ats:Soul Absorption+1","ats:Burning Ground+1","ats:Guardian Obelisk","ats:Flame Of Heaven","ats:Rat Pack+1","Madness","Madness","ats:Soul Absorption","ats:Apocalypse","ats:Rat Pack"],"relics":["ats:Sanity","testmod-TestBox","HushsDoor","DaveBox","AT_ATBox","REME_ComplimentaryCards","testmod-Register","TuHaoJin","RabbitCall","SynthV:TestCard","LetterFromLob","BirthdayGift-Tetrahedron","Kunai","ats:Cure","Toy Ornithopter","Orichalcum","MerchantsRug","Replay:Arrowhead","infinitespire:BottledMercury","vexMod:ScavengeHelm","Sling","vexMod:Dragonfruit","Happy Flower","Replay:Bottled Eggs","HowToJump","testmod-Justice","BFFS","vexMod:MemoryStick","ats:Ability Aura","HandDrill","HaiYi:Twilight","infinitespire:PuzzleCube","Bottled Tornado","conspire:TreasureMap","TungstenRod","Replay:PocketPolymizer","MealTicket","testmod-IndustrialRevolution","infinitespire:CheckeredPen","REME_LimitBreaker","ats:Originium","SynthV:MejaisSoulstealer","Lantern","UnicornStump","testmod-TurbochargingSystem","MagicMushroom"],"acts_visited":["Exordium","TheCity","TheBeyond","Exordium"],"potions_floor_usage":[29,29],"damage_taken":[{"damage":15,"enemies":"Cultist","floor":1,"turns":4},{"damage":2,"enemies":"2 Louse","floor":5,"turns":2},{"damage":3,"enemies":"conspire:RoseBush","floor":7,"turns":2},{"damage":6,"enemies":"Large Slime","floor":10,"turns":3},{"damage":5,"enemies":"Red Slaver","floor":12,"turns":2},{"damage":9,"enemies":"The Guardian","floor":16,"turns":4},{"damage":3,"enemies":"2 Thieves","floor":18,"turns":2},{"damage":8,"enemies":"Chosen","floor":19,"turns":3},{"damage":3,"enemies":"conspire:MimicChest","floor":21,"turns":4},{"damage":1,"enemies":"Sentry and Sphere","floor":24,"turns":1},{"damage":1,"enemies":"Snake Plant","floor":28,"turns":2},{"damage":1,"enemies":"Chosen and Byrds","floor":29,"turns":2},{"damage":3,"enemies":"Nightmare","floor":30,"turns":4},{"damage":3,"enemies":"Champ","floor":33,"turns":4},{"damage":1,"enemies":"Orb Walker","floor":35,"turns":2},{"damage":2,"enemies":"3 Darklings","floor":38,"turns":2},{"damage":3,"enemies":"Maw","floor":39,"turns":3},{"damage":2,"enemies":"Reptomancer","floor":40,"turns":3},{"damage":1,"enemies":"Jaw Worm Horde","floor":42,"turns":2},{"damage":2,"enemies":"3 Darklings","floor":44,"turns":2},{"damage":15,"enemies":"Nemesis","floor":45,"turns":3},{"damage":1,"enemies":"4 Shapes","floor":47,"turns":2},{"damage":3,"enemies":"Maw","floor":48,"turns":3},{"damage":14,"enemies":"conspire:OrnateMirror","floor":50,"turns":4}],"seed_played":"1369482570983628375","potions_obtained":[{"floor":1,"key":"ats:Emergency Sanity Potion"},{"floor":5,"key":"Strength Potion"},{"floor":35,"key":"ats:Emergency Sanity Potion"},{"floor":45,"key":"LifebloodPotion"}],"is_trial":false,"path_per_floor":["M","$","?","$","M","R","M","R","T","M","?","M","$","E","R","B",null,"M","M","$","?","?","R","M","R","T","R","M","M","NM","?","R","B",null,"M","?","?","M","M","E","R","M","T","M","E","?","M","M","R","B",null],"character_chosen":"DOCTOR_CLASS","items_purchased":["BirthdayGift-Tetrahedron","Kunai","ats:Cure","Toy Ornithopter","Orichalcum","MerchantsRug","Secret Technique","Replay:Arrowhead","Weak Potion","LiquidMemories","GamblersBrew","SpeedPotion","infinitespire:BottledMercury","vexMod:ScavengeHelm","Sling","vexMod:Dragonfruit","Happy Flower","construct:ShiftPotion","Explosive Potion","SneckoOil","Energy Potion","testmod-SubstituteBySubterfuge","ats:Sunburst","HowToJump","testmod-Justice","BFFS","vexMod:MemoryStick","ats:Ability Aura","HandDrill","REME_GoldPotion","Strength Potion","Weak Potion","ats:Burning Ground","SpeedPotion","infinitespire:PuzzleCube","Bottled Tornado","conspire:TreasureMap","TungstenRod","Replay:PocketPolymizer","ats:Magnetic Hammer"],"campfire_rested":0,"item_purchase_floors":[2,2,2,2,2,2,2,2,2,2,2,2,4,4,4,4,4,4,4,4,4,4,4,13,13,13,13,13,13,13,13,13,13,13,20,20,20,20,20,20],"current_hp_per_floor":[57,57,57,62,60,60,57,57,57,51,36,31,31,31,31,22,77,74,74,74,75,75,75,76,76,76,76,77,76,76,76,76,76,77,76,76,76,74,76,74,74,73,73,71,66,57,61,68,68,63,84,84],"gold":-709,"neow_bonus":"","is_daily":false,"chose_seed":false,"campfire_upgraded":18,"win_rate":0.0,"timestamp":1609515502,"path_taken":["M","$","?","$","M","R","M","R","T","M","?","M","$","E","R","BOSS","M","M","$","?","?","R","?","R","T","R","M","M","NM","?","R","BOSS","M","?","?","M","?","E","R","M","T","M","E","?","M","M","R","BOSS"],"items_purchased_type":["Relic","Relic","Relic","Relic","Relic","Relic","Card","Relic","Potion","Potion","Potion","Potion","Relic","Relic","Relic","Relic","Relic","Potion","Potion","Potion","Potion","Card","Card","Relic","Relic","Relic","Relic","Relic","Relic","Potion","Potion","Potion","Card","Potion","Relic","Relic","Relic","Relic","Relic","Card"],"build_version":"2020-12-22","purchased_purges":6,"victory":false,"max_hp_per_floor":[72,72,72,77,77,77,77,77,77,77,77,77,77,77,77,77,77,77,77,77,77,77,77,77,77,77,77,77,77,77,77,77,77,77,77,77,77,77,77,77,77,77,77,77,77,77,77,77,77,77,84,84],"card_choices":[{"not_picked":["ats:Explosion Area Strengthen","ats:Apocalypse"],"picked":"Bomb","floor":1},{"not_picked":["ats:Curse Doll","ats:Magnetic Hammer","ats:Flexible Camouflage","ats:Spore Proliferation"],"picked":"ats:Burning Ground","floor":5},{"not_picked":["ats:Shadow Raid","ats:Hammer On","ats:Blood Oath","ats:Spore Proliferation","ats:Assault Order"],"picked":"SKIP","floor":7},{"not_picked":["ats:Explosion Area Strengthen","ats:Apocalypse","ats:Cat Scratch","ats:Assault Order"],"picked":"ats:Soul Absorption","floor":10},{"not_picked":["ats:Leaping Hammer","ats:Revitalization","ats:Thermite Blade","ats:Encircling Forest"],"picked":"Bomb","floor":12},{"not_picked":["ats:Nebulous Foxfire","ats:Rat Pack","ats:True Silver Slash","ats:Shadow Assault"],"picked":"ats:Echo Reverb","floor":16},{"not_picked":["ats:Beaten Up+1","ats:Ignite","ats:Flame Of Heaven","ats:Demon Strength"],"picked":"ats:Apocalypse","floor":18},{"not_picked":["ats:Ignite","ats:Explosion Area Strengthen","ats:Support Order","ats:Blood Oath"],"picked":"ats:Apocalypse","floor":19},{"not_picked":["ats:Childhood Dance","ats:Revitalization","ats:Song Of Battle","ats:Flexible Camouflage"],"picked":"ats:Soul Absorption","floor":24},{"not_picked":["ats:Overload+1","ats:Charging Defense","ats:Leaping Hammer","ats:Steam Pump"],"picked":"ats:Very Hot Blade","floor":28},{"not_picked":["ats:Poison Spread","ats:Healing Drone+1","ats:Ambush","ats:Shell Defense"],"picked":"ats:Magnetic Hammer","floor":29},{"not_picked":["infinitespire:FutureSight","infinitespire:Collect"],"picked":"infinitespire:NeuralNetwork","floor":30},{"not_picked":["ats:Red Shift","ats:Hammer On","ats:Beaten Up+1","ats:Soul Rend"],"picked":"ats:Magnetic Hammer","floor":30},{"not_picked":["ats:Dogmatic Field","ats:Durian","ats:Calcification","ats:True Silver Slash"],"picked":"ats:Volcano","floor":33},{"not_picked":["ats:Encircling Forest+1","ats:Poison Spread","ats:Automatic Cover","ats:Magnetic Hammer+1"],"picked":"ats:Sunburst","floor":35},{"not_picked":["ats:Shell Defense+1","ats:Powerful Strike","ats:Consecutive Shot Auto","ats:Explosion Area Strengthen+1"],"picked":"ats:Soul Absorption","floor":38},{"not_picked":["ats:Cat Scratch","ats:Spore Proliferation","ats:Part Time Job","ats:Poison Spread+1"],"picked":"ats:Burning Ground","floor":39},{"not_picked":["ats:Cat Scratch","ats:Flexible Camouflage","ats:Rapid Magazine","ats:Shell Defense+1","ats:Demon Strength"],"picked":"SKIP","floor":40},{"not_picked":["ats:Shell Defense","ats:Flexible Camouflage","ats:Apocalypse","ats:Leaping Hammer+1"],"picked":"ats:Guardian Obelisk","floor":42},{"not_picked":["ats:Leaping Hammer","ats:Rapid Magazine","ats:Apocalypse+1","ats:Hammer On"],"picked":"ats:Flame Of Heaven","floor":44},{"not_picked":["ats:Assault Order","ats:Steam Pump+1","ats:Cat Scratch","ats:Powerful Strike"],"picked":"ats:Rat Pack","floor":45},{"not_picked":["ats:Revitalization+1","ats:Defend Order+1","ats:Curse Doll+1","ats:Composite Medical Shells+1"],"picked":"ats:Soul Absorption","floor":47},{"not_picked":["ats:Revitalization","ats:Leaping Hammer+1","ats:Consecutive Shot Auto","ats:Powerful Strike+1"],"picked":"ats:Apocalypse","floor":48},{"not_picked":["ats:Wolf Pack","ats:Dogmatic Field","ats:Disruption Kick","ats:True Silver Slash"],"picked":"ats:Rat Pack","floor":50}],"player_experience":689157,"relics_obtained":[{"floor":1,"key":"SynthV:TestCard"},{"floor":1,"key":"LetterFromLob"},{"floor":9,"key":"Replay:Bottled Eggs"},{"floor":21,"key":"MealTicket"},{"floor":26,"key":"infinitespire:CheckeredPen"},{"floor":30,"key":"REME_LimitBreaker"},{"floor":30,"key":"ats:Originium"},{"floor":40,"key":"ats:Originium"},{"floor":40,"key":"Lantern"},{"floor":43,"key":"UnicornStump"},{"floor":45,"key":"ats:Originium"},{"floor":45,"key":"testmod-TurbochargingSystem"}],"event_choices":[{"damage_healed":0,"gold_gain":0,"player_choice":"Left Gold","damage_taken":0,"max_hp_gain":0,"max_hp_loss":0,"event_name":"World of Goop","floor":3,"gold_loss":20},{"damage_healed":0,"gold_gain":0,"player_choice":"Entered Light","damage_taken":15,"max_hp_gain":0,"max_hp_loss":0,"event_name":"Shining Light","floor":11,"gold_loss":0,"cards_upgraded":["ats:Armor Crushing Shot","ats:Emotion Absorption"]},{"damage_healed":0,"gold_gain":0,"player_choice":"Obtained Relic","damage_taken":0,"relics_obtained":["testmod-IndustrialRevolution"],"max_hp_gain":0,"max_hp_loss":0,"event_name":"Addict","floor":22,"gold_loss":85},{"damage_healed":0,"gold_gain":0,"player_choice":"Swap Relic","damage_taken":0,"relics_obtained":["HushsDoor"],"max_hp_gain":0,"max_hp_loss":0,"event_name":"¸ø×Ô¼ºµÄºÐ×Ó","floor":31,"relics_lost":["DiscerningMonocle"],"gold_loss":0},{"cards_removed":["ats:Defend"],"damage_healed":0,"gold_gain":0,"player_choice":"Removed Skill","damage_taken":0,"max_hp_gain":0,"max_hp_loss":0,"event_name":"Falling","floor":37,"gold_loss":0},{"damage_healed":0,"gold_gain":0,"player_choice":"Embrace Madness","damage_taken":10,"max_hp_gain":0,"max_hp_loss":0,"event_name":"Winding Halls","floor":46,"gold_loss":0,"cards_obtained":["Madness","Madness"]}],"is_beta":false,"boss_relics":[{"not_picked":["JellyFishMachine","Replay:Ancient Bell"],"picked":"HaiYi:Twilight"},{"not_picked":[]},{"not_picked":["vexMod:BigBerry","testmod-Prudence"],"picked":"SynthV:MejaisSoulstealer"},{"not_picked":[]},{"not_picked":["Replay:Wanted Poster","construct:ClawGrip"],"picked":"MagicMushroom"},{"not_picked":[]}],"items_purged_floors":[2,4,4,13,20,20],"is_endless":true,"potions_floor_spawned":[1,5,28,35,38,45,47,50],"ascension_level":0}}