{"host":"aw5aop3hbkunav4s","time":1609459432,"event":{"mods":["2.2 Compatiblity","AchievementEnabler","BaseMod","Colored Map","Minty Spire (QoL Compilation)","Relic Stats"],"gold_per_floor":[112,112,112,12,22,22,47,63,63,79,92,119,119,136,136,235,235,250,250,263,283,283,315,331,350,350,16,28,38,48,64,64,160,160,179,21,34,49,99,99,117,117,141,169,19,19,54,54,54,54,54,54,6,35,35],"floor_reached":56,"playtime":5604,"items_purged":["Strike_B","Shame","Pain","Pain"],"score":1443,"play_id":"3f60e5ec-ac33-498f-83b7-248bdf0a37c1","local_time":"20201231190352","is_ascension_mode":true,"campfire_choices":[{"floor":6.0,"key":"REST"},{"floor":13.0,"key":"REST"},{"floor":15.0,"key":"REST"},{"floor":32.0,"key":"REST"},{"data":"Defend_B","floor":40.0,"key":"PURGE"},{"data":"Defend_B","floor":42.0,"key":"PURGE"},{"data":"Defend_B","floor":46.0,"key":"PURGE"},{"floor":49.0,"key":"RECALL"},{"data":"Sunder","floor":52.0,"key":"PURGE"}],"circlet_count":0,"master_deck":["Defend_B+1","Zap","Dualcast","Ball Lightning","Go for the Eyes","Ball Lightning","Echo Form","White Noise","Turbo","Loop","Electrodynamics","Hologram","Chill+1","Defragment","Reinforced Body+1","Heatsinks","Defragment","Heatsinks","Glacier","Steam Power","Amplify","Coolheaded+1","Multi-Cast+1","Fission+1","Capacitor","Skim","Steam+1","Force Field+1","Reinforced Body+1","Aggregate+1"],"relics":["Fusion Hammer","TungstenRod","Ice Cream","Bottled Tornado","Centennial Puzzle","Cursed Key","WarpedTongs","PreservedInsect","DollysMirror","Astrolabe","Peace Pipe","Bag of Preparation","Ancient Tea Set","Gambling Chip","Happy Flower"],"acts_visited":["TheCity","TheBeyond","TheEnding"],"potions_floor_usage":[55,55,55],"damage_taken":[{"damage":6.0,"enemies":"2 Louse","floor":1.0,"turns":3.0},{"damage":3.0,"enemies":"Cultist","floor":5.0,"turns":3.0},{"damage":19.0,"enemies":"3 Sentries","floor":7.0,"turns":5.0},{"damage":3.0,"enemies":"Jaw Worm","floor":8.0,"turns":2.0},{"damage":8.0,"enemies":"Lots of Slimes","floor":10.0,"turns":2.0},{"damage":0.0,"enemies":"Large Slime","floor":11.0,"turns":4.0},{"damage":21.0,"enemies":"Gremlin Nob","floor":12.0,"turns":4.0},{"damage":7.0,"enemies":"Looter","floor":14.0,"turns":2.0},{"damage":13.0,"enemies":"Hexaghost","floor":16.0,"turns":7.0},{"damage":3.0,"enemies":"Shell Parasite","floor":18.0,"turns":4.0},{"damage":5.0,"enemies":"Chosen","floor":20.0,"turns":4.0},{"damage":8.0,"enemies":"Centurion and Healer","floor":21.0,"turns":4.0},{"damage":17.0,"enemies":"Book of Stabbing","floor":23.0,"turns":4.0},{"damage":0.0,"enemies":"Chosen and Byrds","floor":24.0,"turns":4.0},{"damage":0.0,"enemies":"Snake Plant","floor":25.0,"turns":4.0},{"damage":1.0,"enemies":"Centurion and Healer","floor":28.0,"turns":4.0},{"damage":0.0,"enemies":"Chosen and Byrds","floor":29.0,"turns":5.0},{"damage":2.0,"enemies":"Snake Plant","floor":30.0,"turns":4.0},{"damage":0.0,"enemies":"Centurion and Healer","floor":31.0,"turns":3.0},{"damage":13.0,"enemies":"Collector","floor":33.0,"turns":9.0},{"damage":0.0,"enemies":"3 Shapes","floor":35.0,"turns":4.0},{"damage":0.0,"enemies":"Orb Walker","floor":37.0,"turns":3.0},{"damage":0.0,"enemies":"Spire Growth","floor":38.0,"turns":7.0},{"damage":4.0,"enemies":"2 Orb Walkers","floor":39.0,"turns":3.0},{"damage":3.0,"enemies":"4 Shapes","floor":41.0,"turns":2.0},{"damage":8.0,"enemies":"Reptomancer","floor":44.0,"turns":4.0},{"damage":2.0,"enemies":"Nemesis","floor":47.0,"turns":5.0},{"damage":7.0,"enemies":"Time Eater","floor":50.0,"turns":6.0},{"damage":22.0,"enemies":"Shield and Spear","floor":54.0,"turns":4.0},{"damage":31,"enemies":"The Heart","floor":55,"turns":10}],"seed_played":"-6081627641313924901","potions_obtained":[{"floor":1.0,"key":"GamblersBrew"},{"floor":8.0,"key":"AttackPotion"},{"floor":12.0,"key":"PotionOfCapacity"},{"floor":16.0,"key":"Swift Potion"},{"floor":20.0,"key":"LiquidBronze"},{"floor":23.0,"key":"SkillPotion"},{"floor":25.0,"key":"DuplicationPotion"},{"floor":35.0,"key":"Explosive Potion"},{"floor":41.0,"key":"Regen Potion"},{"floor":44.0,"key":"BlessingOfTheForge"},{"floor":47.0,"key":"SteroidPotion"}],"is_trial":false,"path_per_floor":["M","?","?","$","M","R","E","M","T","M","M","E","R","M","R","B",null,"M","?","M","M","?","E","M","M","T","$","M","M","M","M","R","B",null,"M","$","M","M","?","R","M","R","T","E","$","R","E","?","R","B",null,"R","$","E","B",null],"character_chosen":"DEFECT","items_purchased":["Go for the Eyes","Heatsinks","DollysMirror","Block Potion","Capacitor","AttackPotion"],"campfire_rested":4,"item_purchase_floors":[4,27,27,27,36,53],"current_hp_per_floor":[62,47,44,44,41,63,44,41,41,33,33,12,34,27,49,36,65,62,75,70,62,62,45,45,45,45,45,44,44,42,42,64,51,69,69,69,69,69,65,65,62,62,62,54,54,54,66,66,66,59,71,71,71,49,18],"gold":35,"neow_bonus":"BOSS_RELIC","is_daily":false,"chose_seed":false,"campfire_upgraded":0,"win_rate":0.0,"timestamp":1609459432,"path_taken":["M","?","?","$","M","R","E","M","T","M","M","E","R","M","R","BOSS","M","?","M","?","?","E","M","M","T","$","M","M","M","M","R","BOSS","M","$","M","?","?","R","M","R","T","E","$","R","E","?","R","BOSS","R","$","E","BOSS"],"items_purchased_type":["Card","Card","Relic","Potion","Card","Potion"],"build_version":"2020-12-22","purchased_purges":4,"victory":true,"max_hp_per_floor":[75,75,75,75,75,75,75,75,75,75,75,75,75,75,75,75,75,75,75,75,75,75,75,75,75,75,75,75,75,75,75,75,75,75,75,75,75,75,75,75,75,75,75,75,75,75,75,75,75,75,75,75,75,75,75],"relic_stats":{"Peace Pipe":4,"Centennial Puzzle":[48],"Happy Flower":[3],"counters":[30,128],"Astrolabe":["Coolheaded","Multi-Cast","Fission"],"Gambling Chip":[8],"PreservedInsect":175,"Bag of Preparation":[10],"Cursed Key":2,"obtain_stats":[{"Ice Cream":7,"Happy Flower":54,"Astrolabe":34,"PreservedInsect":23,"Bag of Preparation":43,"Bottled Tornado":9,"Cursed Key":17,"Ancient Tea Set":44,"WarpedTongs":22,"Peace Pipe":39,"Centennial Puzzle":12,"DollysMirror":27,"Gambling Chip":47,"Fusion Hammer":0,"Cracked Core":0,"TungstenRod":3},{"Ice Cream":3,"Happy Flower":29,"Astrolabe":20,"PreservedInsect":13,"Bag of Preparation":25,"Bottled Tornado":4,"Cursed Key":9,"Ancient Tea Set":26,"WarpedTongs":12,"Peace Pipe":24,"Centennial Puzzle":7,"DollysMirror":15,"Gambling Chip":27,"Fusion Hammer":0,"Cracked Core":0,"TungstenRod":1},{"Ice Cream":11,"Happy Flower":118,"Astrolabe":80,"PreservedInsect":48,"Bag of Preparation":99,"Bottled Tornado":13,"Cursed Key":32,"Ancient Tea Set":103,"WarpedTongs":44,"Peace Pipe":97,"Centennial Puzzle":23,"DollysMirror":56,"Gambling Chip":108,"Fusion Hammer":0,"Cracked Core":0,"TungstenRod":3}],"TungstenRod":121,"WarpedTongs":[82]},"card_choices":[{"not_picked":["Loop","Rebound"],"picked":"Ball Lightning","floor":1.0},{"not_picked":["Cold Snap","Gash"],"picked":"Ball Lightning","floor":5.0},{"not_picked":["Sweeping Beam","Double Energy"],"picked":"Echo Form","floor":7.0},{"not_picked":["Chaos","Scrape"],"picked":"White Noise","floor":8.0},{"not_picked":["Compile Driver","Conserve Battery","Steam"],"picked":"SKIP","floor":10.0},{"not_picked":["Rebound","Beam Cell"],"picked":"Turbo","floor":11.0},{"not_picked":["Force Field","Go for the Eyes"],"picked":"FTL","floor":12.0},{"not_picked":["Compile Driver","Conserve Battery"],"picked":"Loop","floor":14.0},{"not_picked":["Amplify","Buffer"],"picked":"Electrodynamics","floor":16.0},{"not_picked":["Hologram","Cold Snap"],"picked":"Sunder","floor":18.0},{"not_picked":["Turbo","Steam"],"picked":"Hologram","floor":20.0},{"not_picked":["Stack","Conserve Battery"],"picked":"Chill+1","floor":21.0},{"not_picked":["Force Field","Ball Lightning+1"],"picked":"Defragment","floor":23.0},{"not_picked":["Ball Lightning","Turbo"],"picked":"Reinforced Body+1","floor":24.0},{"not_picked":["Fusion","Steam","Redo"],"picked":"SKIP","floor":25.0},{"not_picked":["Chaos","Redo"],"picked":"Heatsinks","floor":28.0},{"not_picked":["Rebound+1","Core Surge"],"picked":"Glacier","floor":29.0},{"not_picked":["Rebound","Barrage","Sweeping Beam"],"picked":"SKIP","floor":30.0},{"not_picked":["Go for the Eyes","Redo"],"picked":"Steam Power","floor":31.0},{"not_picked":["Hyperbeam","Rainbow"],"picked":"Amplify","floor":33.0},{"not_picked":["Scrape+1","Cold Snap","Rebound"],"picked":"SKIP","floor":35.0},{"not_picked":["Turbo","Chill+1"],"picked":"Skim","floor":37.0},{"not_picked":["Compile Driver+1","Tempest"],"picked":"Steam+1","floor":38.0},{"not_picked":["Tempest+1","Reprogram"],"picked":"Force Field+1","floor":39.0},{"not_picked":["Chill+1","Barrage"],"picked":"Reinforced Body+1","floor":41.0},{"not_picked":["Cold Snap","Gash","Steam+1"],"picked":"SKIP","floor":44.0},{"not_picked":["Compile Driver+1","Reprogram","FTL"],"picked":"SKIP","floor":47.0},{"not_picked":["Chill+1","Steam Power"],"picked":"Aggregate+1","floor":54.0}],"player_experience":274444,"relics_obtained":[{"floor":7.0,"key":"Ice Cream"},{"floor":9.0,"key":"Bottled Tornado"},{"floor":12.0,"key":"Centennial Puzzle"},{"floor":23.0,"key":"PreservedInsect"},{"floor":39.0,"key":"Peace Pipe"},{"floor":43.0,"key":"Bag of Preparation"},{"floor":44.0,"key":"Ancient Tea Set"},{"floor":47.0,"key":"Gambling Chip"},{"floor":54.0,"key":"Happy Flower"}],"event_choices":[{"damage_healed":0.0,"max_hp_gain":0.0,"max_hp_loss":0.0,"gold_gain":0.0,"event_name":"Shining Light","player_choice":"Entered Light","floor":2.0,"gold_loss":0.0,"damage_taken":15.0,"cards_upgraded":["Strike_B","Defend_B"]},{"damage_healed":0.0,"max_hp_gain":0.0,"max_hp_loss":0.0,"gold_gain":0.0,"event_name":"Scrap Ooze","player_choice":"Success","floor":3.0,"gold_loss":0.0,"damage_taken":3.0,"relics_obtained":["TungstenRod"]},{"damage_healed":13.0,"max_hp_gain":0.0,"max_hp_loss":0.0,"gold_gain":0.0,"event_name":"Wheel of Change","player_choice":"Full Heal","floor":19.0,"gold_loss":0.0,"damage_taken":0.0},{"damage_healed":0.0,"max_hp_gain":0.0,"max_hp_loss":0.0,"gold_gain":0.0,"event_name":"Accursed Blacksmith","player_choice":"Rummage","floor":22.0,"gold_loss":0.0,"damage_taken":0.0,"relics_obtained":["WarpedTongs"],"cards_obtained":["Pain"]},{"damage_healed":0.0,"max_hp_gain":0.0,"max_hp_loss":0.0,"gold_gain":0.0,"event_name":"Mysterious Sphere","player_choice":"Fight","floor":39.0,"gold_loss":0.0,"damage_taken":0.0},{"cards_removed":["FTL"],"damage_healed":0.0,"max_hp_gain":0.0,"max_hp_loss":0.0,"gold_gain":0.0,"event_name":"Falling","player_choice":"Removed Attack","floor":48.0,"gold_loss":0.0,"damage_taken":0.0}],"is_beta":false,"boss_relics":[{"not_picked":["Coffee Dripper","Nuclear Battery"],"picked":"Cursed Key"},{"not_picked":["Sozu","Runic Dome"],"picked":"Astrolabe"}],"items_purged_floors":[4,27,36,45],"is_endless":false,"potions_floor_spawned":[1,8,12,16,20,23,25,29,35,41,44,47],"ascension_level":6}}