{"host":"vumwfieg2b2mnrfl","time":1609529477,"event":{"mods":["AchievementEnabler","BaseMod","Minty Spire (QoL Compilation)","Rare Cards Sparkle","Relic Stats"],"gold_per_floor":[112,130,205,95,108,108,139,139,139,139,139],"floor_reached":10,"playtime":249,"items_purged":[],"score":112,"play_id":"e3ebc2db-9059-4461-8b0d-5f7a14fb4665","local_time":"20210101133117","is_ascension_mode":true,"campfire_choices":[{"data":"Noxious Fumes","floor":6,"key":"SMITH"}],"circlet_count":0,"master_deck":["AscendersBane","Strike_G","Strike_G","Strike_G","Strike_G","Strike_G","Defend_G","Defend_G","Defend_G","Defend_G","Defend_G","Survivor","Neutralize","Doppelganger","Poisoned Stab","Noxious Fumes+1","All Out Attack","Bane","Footwork"],"relics":["Ring of the Snake","Meat on the Bone","Blue Candle"],"acts_visited":["Exordium"],"potions_floor_usage":[10],"damage_taken":[{"damage":7,"enemies":"Small Slimes","floor":1,"turns":4},{"damage":0,"enemies":"Jaw Worm","floor":2,"turns":6},{"damage":0,"enemies":"Cultist","floor":5,"turns":4},{"damage":28,"enemies":"Gremlin Nob","floor":7,"turns":5},{"damage":14,"enemies":"Lagavulin","floor":10,"turns":5}],"seed_played":"-5663848132957438722","potions_obtained":[{"floor":5,"key":"EssenceOfSteel"},{"floor":7,"key":"CultistPotion"}],"is_trial":false,"path_per_floor":["M","M","?","$","M","R","E","$","T","E"],"character_chosen":"THE_SILENT","items_purchased":["Noxious Fumes","All Out Attack"],"campfire_rested":0,"item_purchase_floors":[4,4],"current_hp_per_floor":[52,52,41,41,41,41,13,13,13,0,0],"gold":139,"neow_bonus":"ONE_RANDOM_RARE_CARD","is_daily":false,"chose_seed":false,"campfire_upgraded":1,"win_rate":0.0,"timestamp":1609529477,"path_taken":["M","M","?","$","M","R","E","$","T","E"],"items_purchased_type":["Card","Card"],"build_version":"2020-12-22","purchased_purges":0,"victory":false,"max_hp_per_floor":[66,66,66,66,66,66,66,66,66,66,66],"relic_stats":{"counters":[5,24],"Blue Candle":[0],"obtain_stats":[{"Blue Candle":9,"Ring of the Snake":0,"Meat on the Bone":7},{"Blue Candle":4,"Ring of the Snake":0,"Meat on the Bone":4},{"Blue Candle":19,"Ring of the Snake":0,"Meat on the Bone":19}],"Ring of the Snake":[10],"Meat on the Bone":0},"card_choices":[{"not_picked":["Prepared","Backflip","Caltrops"],"picked":"SKIP","floor":1},{"not_picked":["Cloak And Dagger","Backflip"],"picked":"Poisoned Stab","floor":2},{"not_picked":["Outmaneuver","Deflect"],"picked":"Bane","floor":5},{"not_picked":["Riddle With Holes","PiercingWail"],"picked":"Footwork","floor":7}],"player_experience":335884,"relics_obtained":[{"floor":7,"key":"Meat on the Bone"},{"floor":9,"key":"Blue Candle"}],"event_choices":[{"damage_healed":0,"gold_gain":75,"player_choice":"Gather Gold","damage_taken":11,"max_hp_gain":0,"max_hp_loss":0,"event_name":"World of Goop","floor":3,"gold_loss":0}],"is_beta":false,"boss_relics":[],"items_purged_floors":[],"is_endless":false,"potions_floor_spawned":[5,7],"killed_by":"Lagavulin","ascension_level":14}}