{"host":"ye7mfqqt9ljtnqit","time":1609479814,"event":{"mods":["BaseMod","Colored Map","Downfall","Marisa£®ÏF”Í°°ƒß¿Ì…≥£©","Minty Spire (QoL Compilation)","StSLib","SuperFastMode","The Servant 0.9.4"],"gold_per_floor":[99,99,159,159,159,159,159,7,31,57,69,81,81,81,81,81],"floor_reached":14,"playtime":673,"items_purged":[],"score":84,"play_id":"c1cf1f9f-ea29-4249-9786-90be422ba690","local_time":"20210101134334","is_ascension_mode":false,"campfire_choices":[{"floor":1,"key":"RECALL"}],"circlet_count":0,"master_deck":["Slimebound:Strike_Slimebound","Slimebound:Strike_Slimebound","Slimebound:Tackle","Slimebound:Defend_Slimebound","Slimebound:Defend_Slimebound","Slimebound:Defend_Slimebound","Slimebound:Defend_Slimebound","Slimebound:Split","Slimebound:CorrosiveSpit","Slimebound:FormOfPuddle","Slimebound:DuplicatedForm","Slimebound:SplitAcid","Slimebound:MassRepurpose","Slimebound:WasteNot","Slimebound:ItLooksTasty","Slimebound:SplitBruiser","Slimebound:SlimeSpikes","Slimebound:Prepare"],"relics":["Slimebound:AbsorbEndCombat","downfall:HeartsMalice","Slimebound:MaxSlimesRelic","downfall:BrokenWingStatue","Frozen Egg 2","Juzu Bracelet","Lantern"],"acts_visited":["Exordium"],"potions_floor_usage":[10,12,14],"damage_taken":[{"damage":0,"enemies":"Small Slimes","floor":2,"turns":1},{"damage":0,"enemies":"Gremlin Nob","floor":3,"turns":1},{"damage":0,"enemies":"Cultist","floor":5,"turns":1},{"damage":37,"enemies":"downfall:FleeingMerchant","floor":8,"turns":4},{"damage":61,"enemies":"3 Sentries","floor":10,"turns":9},{"damage":27,"enemies":"Jaw Worm","floor":11,"turns":4},{"damage":42,"enemies":"Exordium Wildlife","floor":12,"turns":3},{"damage":46,"enemies":"Gremlin Nob","floor":14,"turns":4}],"seed_played":"3165876640251574604","potions_obtained":[{"floor":3,"key":"BlessingOfTheForge"},{"floor":10,"key":"LiquidMemories"},{"floor":11,"key":"Swift Potion"}],"is_trial":false,"path_per_floor":["R","M","?","?","M","?","T","$","T","E","M","M","?","E"],"character_chosen":"SLIMEBOUND","items_purchased":["Slimebound:WasteNot"],"campfire_rested":0,"item_purchase_floors":[8],"current_hp_per_floor":[60,60,60,60,60,60,60,52,52,34,38,29,29,0,0,0],"gold":81,"neow_bonus":"THREE_ENEMY_KILL","is_daily":false,"chose_seed":false,"campfire_upgraded":0,"win_rate":0.0,"timestamp":1609479814,"path_taken":["R","M","?","?","?","?","T","?","?","E","M","M","?","E"],"items_purchased_type":["Card"],"build_version":"2020-12-22","purchased_purges":0,"victory":false,"max_hp_per_floor":[60,60,60,60,60,60,60,60,60,60,60,60,60,60,60,60],"card_choices":[{"not_picked":["Slimebound:Dissolve","Slimebound:ViciousTackle"],"picked":"Slimebound:SamplingLick","floor":2},{"not_picked":["Slimebound:FinishingTackle","Slimebound:ViciousTackle"],"picked":"Slimebound:FormOfPuddle","floor":3},{"not_picked":["Slimebound:DivideAndConquer","Slimebound:GrowthPunch"],"picked":"Slimebound:SplitAcid","floor":5},{"not_picked":["Slimebound:SplitLeeching","Slimebound:SplitMire"],"picked":"Slimebound:MassRepurpose","floor":8},{"not_picked":["Slimebound:FinishingTackle","Slimebound:CheckThePlaybook"],"picked":"Slimebound:ItLooksTasty","floor":10},{"not_picked":["Slimebound:LeechingTouch","Slimebound:SamplingLick"],"picked":"Slimebound:SplitBruiser","floor":11},{"not_picked":["Slimebound:GrowthPunch","Slimebound:ViciousTackle"],"picked":"Slimebound:SlimeSpikes","floor":12}],"player_experience":95029,"relics_obtained":[{"floor":3,"key":"Slimebound:MaxSlimesRelic"},{"floor":7,"key":"Frozen Egg 2"},{"floor":9,"key":"Juzu Bracelet"},{"floor":10,"key":"Lantern"}],"event_choices":[{"damage_healed":0,"gold_gain":0,"cards_transformed":["Slimebound:SamplingLick"],"player_choice":"Transformed","damage_taken":0,"max_hp_gain":0,"max_hp_loss":0,"event_name":"Transmorgrifier","floor":4,"gold_loss":0,"cards_obtained":["Slimebound:DuplicatedForm"]},{"damage_healed":0,"gold_gain":0,"cards_transformed":["Slimebound:Strike_Slimebound"],"player_choice":"Change","damage_taken":0,"max_hp_gain":0,"max_hp_loss":0,"event_name":"Living Wall","floor":13,"gold_loss":0,"cards_obtained":["Slimebound:Prepare"]}],"is_beta":false,"boss_relics":[],"items_purged_floors":[],"is_endless":false,"potions_floor_spawned":[3,10,11],"killed_by":"Gremlin Nob","ascension_level":0}}