{"host":"Rich","time":1609528225,"event":{"mods":["AchievementEnabler","BaseMod","Highlight Path","Minty Spire (QoL Compilation)","Relic Stats"],"gold_per_floor":[17,37,37,112,126,152,152,183,255,255,255],"floor_reached":10,"playtime":359,"items_purged":[],"score":152,"play_id":"d59beaf2-1aa3-41ad-857d-18ce29b94fe7","local_time":"20210101141025","is_ascension_mode":true,"campfire_choices":[{"floor":7.0,"key":"REST"}],"circlet_count":0,"master_deck":["AscendersBane","Strike_R","Strike_R","Strike_R","Strike_R","Strike_R","Defend_R","Defend_R","Defend_R","Defend_R","Bash","Sword Boomerang","Sword Boomerang","Thunderclap","Anger","Flame Barrier"],"relics":["Burning Blood","StoneCalendar","Thread and Needle","Blood Vial","Bag of Marbles","Molten Egg 2"],"acts_visited":["Exordium"],"potions_floor_usage":[8],"damage_taken":[{"damage":14.0,"enemies":"2 Louse","floor":1.0,"turns":4.0},{"damage":5.0,"enemies":"Small Slimes","floor":2.0,"turns":4.0},{"damage":2.0,"enemies":"Cultist","floor":5.0,"turns":3.0},{"damage":47.0,"enemies":"Gremlin Nob","floor":6.0,"turns":5.0},{"damage":28,"enemies":"Lagavulin","floor":8,"turns":6},{"damage":21,"enemies":"3 Sentries","floor":10,"turns":4}],"seed_played":"-4811007817600017874","potions_obtained":[{"floor":2.0,"key":"Fruit Juice"},{"floor":6.0,"key":"SkillPotion"},{"floor":8,"key":"ElixirPotion"}],"is_trial":false,"path_per_floor":["M","M","?","?","M","E","R","E","T","E"],"character_chosen":"IRONCLAD","items_purchased":[],"campfire_rested":1,"item_purchase_floors":[],"current_hp_per_floor":[60,61,56,45,49,13,37,17,17,0,0],"gold":255,"neow_bonus":"ONE_RARE_RELIC","is_daily":false,"chose_seed":false,"campfire_upgraded":0,"win_rate":0.0,"timestamp":1609528225,"path_taken":["M","M","?","?","M","E","R","E","T","E"],"items_purchased_type":[],"build_version":"2020-12-18","purchased_purges":0,"victory":false,"max_hp_per_floor":[75,75,75,75,75,80,80,80,80,80,80],"relic_stats":{"Blood Vial":4,"counters":[6,26],"StoneCalendar":[0],"obtain_stats":[{"Blood Vial":6,"StoneCalendar":0,"Thread and Needle":3,"Molten Egg 2":9,"Bag of Marbles":8,"Burning Blood":0},{"Blood Vial":4,"StoneCalendar":0,"Thread and Needle":2,"Molten Egg 2":5,"Bag of Marbles":5,"Burning Blood":0},{"Blood Vial":16,"StoneCalendar":0,"Thread and Needle":8,"Molten Egg 2":22,"Bag of Marbles":22,"Burning Blood":0}],"Burning Blood":30},"card_choices":[{"not_picked":["Headbutt","Iron Wave"],"picked":"Sword Boomerang","floor":1.0},{"not_picked":["Havoc","Clash"],"picked":"Sword Boomerang","floor":2.0},{"not_picked":["True Grit","Ghostly Armor"],"picked":"Thunderclap","floor":5.0},{"not_picked":["Seeing Red","Pummel"],"picked":"Anger","floor":6.0},{"not_picked":["Bludgeon","Body Slam"],"picked":"Flame Barrier","floor":8}],"player_experience":1950755,"relics_obtained":[{"floor":6.0,"key":"Blood Vial"},{"floor":8,"key":"Bag of Marbles"},{"floor":9,"key":"Molten Egg 2"}],"event_choices":[{"damage_healed":0.0,"max_hp_gain":0.0,"max_hp_loss":0.0,"gold_gain":0.0,"event_name":"Scrap Ooze","player_choice":"Success","floor":3.0,"gold_loss":0.0,"damage_taken":5.0,"relics_obtained":["Thread and Needle"]},{"damage_healed":0.0,"max_hp_gain":0.0,"max_hp_loss":0.0,"gold_gain":75.0,"event_name":"World of Goop","player_choice":"Gather Gold","floor":4.0,"gold_loss":0.0,"damage_taken":11.0}],"is_beta":true,"boss_relics":[],"items_purged_floors":[],"is_endless":false,"potions_floor_spawned":[2,6,8],"killed_by":"3 Sentries","ascension_level":20}}