{"host":"2lrkmsuh7nz013qb","time":1609484276,"event":{"mods":["BaseMod","Colored Map","DeckTracker","Minty Spire (QoL Compilation)","SuperFastMode","everything is the same but u backflip on backflip"],"gold_per_floor":[365,253,178,188,198,198,348,448,448,63,23,38,57,67,67,67,67],"floor_reached":16,"playtime":468,"items_purged":["Clumsy","Doubt"],"score":184,"play_id":"632cbd3c-9b06-434b-ba63-4594e60a1353","local_time":"20210101155756","is_ascension_mode":true,"campfire_choices":[{"data":"Neutralize","floor":6,"key":"SMITH"},{"data":"Tactician","floor":15,"key":"SMITH"}],"circlet_count":0,"master_deck":["AscendersBane","Strike_G","Strike_G","Strike_G","Strike_G","Defend_G","Defend_G","Defend_G","Defend_G","Defend_G","Survivor","Neutralize+1","Slice","Tactician+1","Escape Plan","Acrobatics","Cloak And Dagger+1","Cloak And Dagger+1","Deflect+1"],"relics":["Ring of the Snake","Kunai","Toxic Egg 2"],"acts_visited":["Exordium"],"potions_floor_usage":[16,16],"damage_taken":[{"damage":11,"enemies":"Jaw Worm","floor":1,"turns":8},{"damage":6,"enemies":"2 Louse","floor":4,"turns":3},{"damage":1,"enemies":"Cultist","floor":5,"turns":5},{"damage":3,"enemies":"Looter","floor":11,"turns":4},{"damage":1,"enemies":"Gremlin Gang","floor":12,"turns":6},{"damage":1,"enemies":"Red Slaver","floor":13,"turns":4},{"damage":0,"enemies":"2 Fungi Beasts","floor":14,"turns":4},{"damage":37,"enemies":"Hexaghost","floor":16,"turns":16}],"seed_played":"8887061622004996840","potions_obtained":[{"floor":1,"key":"Poison Potion"},{"floor":14,"key":"SteroidPotion"}],"is_trial":false,"path_per_floor":["M","$","?","M","M","R","?","?","T","$","M","M","M","M","R","B"],"character_chosen":"THE_SILENT","items_purchased":["Tactician","Toxic Egg 2"],"campfire_rested":0,"item_purchase_floors":[2,10],"current_hp_per_floor":[48,48,48,42,41,41,41,41,41,41,38,37,36,36,36,0,0],"gold":67,"neow_bonus":"TWO_FIFTY_GOLD","is_daily":false,"chose_seed":false,"campfire_upgraded":2,"win_rate":0.0,"timestamp":1609484276,"path_taken":["M","$","?","M","M","R","?","?","T","$","M","M","M","M","R","BOSS"],"items_purchased_type":["Card","Relic"],"build_version":"2020-12-22","purchased_purges":2,"victory":false,"max_hp_per_floor":[66,66,66,66,66,66,66,66,66,66,66,66,66,66,66,66,66],"card_choices":[{"not_picked":["Underhanded Strike","Outmaneuver"],"picked":"Slice","floor":1},{"not_picked":["Accuracy","Flying Knee"],"picked":"Escape Plan","floor":4},{"not_picked":["Deflect","Quick Slash"],"picked":"Acrobatics","floor":5},{"not_picked":["Outmaneuver+1","Dash"],"picked":"Cloak And Dagger+1","floor":11},{"not_picked":["Outmaneuver+1","Heel Hook"],"picked":"Cloak And Dagger+1","floor":12},{"not_picked":["Caltrops","Cloak And Dagger+1","Dagger Throw"],"picked":"SKIP","floor":13},{"not_picked":["Crippling Poison+1","Eviscerate"],"picked":"Deflect+1","floor":14}],"player_experience":715136,"relics_obtained":[{"floor":9,"key":"Kunai"}],"event_choices":[{"cards_removed":["Strike_G"],"damage_healed":0,"gold_gain":0,"player_choice":"Card Removal","damage_taken":0,"max_hp_gain":0,"max_hp_loss":0,"event_name":"The Cleric","floor":3,"gold_loss":75},{"damage_healed":0,"gold_gain":150,"player_choice":"AGREE","damage_taken":0,"max_hp_gain":0,"max_hp_loss":0,"event_name":"Liars Game","floor":7,"gold_loss":0,"cards_obtained":["Doubt"]},{"damage_healed":0,"gold_gain":100,"player_choice":"Gold","damage_taken":0,"max_hp_gain":0,"max_hp_loss":0,"event_name":"Wheel of Change","floor":8,"gold_loss":0}],"is_beta":false,"boss_relics":[],"items_purged_floors":[2,10],"is_endless":false,"potions_floor_spawned":[1,14],"killed_by":"Hexaghost","ascension_level":20}}