{"host":"873t0y8ybyo38pfq","time":1609538137,"event":{"mods":["BaseMod","Bestiary","Colored Map","Colored Powertips","Highlight Path","Minty Spire (QoL Compilation)","Quick Restart","RNG Fix","Rare Cards Sparkle","Relic Stats","StSLib"],"gold_per_floor":[110,127,127,127,277,277,277,37,37,37,51,51,69,87,87,87,87],"floor_reached":16,"playtime":345,"items_purged":["Doubt"],"score":200,"play_id":"1177a739-6068-4a45-a651-c337f1da0e11","local_time":"20210101165537","is_ascension_mode":true,"campfire_choices":[{"data":"Machine Learning","floor":6,"key":"SMITH"},{"data":"Zap","floor":10,"key":"SMITH"},{"data":"Rainbow","floor":15,"key":"SMITH"}],"circlet_count":0,"master_deck":["AscendersBane","Strike_B","Strike_B","Strike_B","Defend_B","Defend_B","Defend_B","Defend_B","Zap+1","Dualcast","Machine Learning+1","Sweeping Beam","Redo","Turbo","Ball Lightning","Rainbow+1","Tempest"],"relics":["Cracked Core","Golden Idol","MealTicket","Bottled Lightning"],"acts_visited":["Exordium"],"potions_floor_usage":[7,16],"damage_taken":[{"damage":2,"enemies":"Cultist","floor":1,"turns":4},{"damage":7,"enemies":"2 Louse","floor":2,"turns":3},{"damage":12,"enemies":"Gremlin Nob","floor":7,"turns":3},{"damage":0,"enemies":"Small Slimes","floor":11,"turns":2},{"damage":11,"enemies":"Exordium Wildlife","floor":13,"turns":3},{"damage":9,"enemies":"Blue Slaver","floor":14,"turns":3},{"damage":28,"enemies":"The Guardian","floor":16,"turns":9}],"seed_played":"-286425020278386853","potions_obtained":[{"floor":1,"key":"SmokeBomb"},{"floor":14,"key":"Fire Potion"}],"is_trial":false,"path_per_floor":["M","M","?","?","?","R","E","$","T","R","M","?","M","M","R","B"],"character_chosen":"DEFECT","items_purchased":["MealTicket"],"campfire_rested":0,"item_purchase_floors":[8],"current_hp_per_floor":[62,55,55,55,55,55,43,43,43,43,43,48,37,28,28,0,0],"gold":87,"neow_bonus":"ONE_RANDOM_RARE_CARD","is_daily":false,"chose_seed":false,"campfire_upgraded":3,"win_rate":0.0,"timestamp":1609538137,"path_taken":["M","M","?","?","?","R","E","$","T","R","M","?","?","M","R","BOSS"],"items_purchased_type":["Relic"],"build_version":"2020-12-22","purchased_purges":1,"victory":false,"max_hp_per_floor":[71,71,71,64,64,64,64,64,64,64,64,69,69,69,69,69,69],"relic_stats":{"counters":[7,27],"Golden Idol":17,"MealTicket":0,"obtain_stats":[{"Golden Idol":4,"MealTicket":8,"Bottled Lightning":9,"Cracked Core":0},{"Golden Idol":2,"MealTicket":3,"Bottled Lightning":3,"Cracked Core":0},{"Golden Idol":7,"MealTicket":10,"Bottled Lightning":10,"Cracked Core":0}]},"card_choices":[{"not_picked":["Hologram","Gash"],"picked":"Sweeping Beam","floor":1},{"not_picked":["Beam Cell","Consume"],"picked":"Redo","floor":2},{"not_picked":["Reinforced Body","Fusion"],"picked":"Ball Lightning","floor":11},{"not_picked":["Self Repair","Gash"],"picked":"Rainbow","floor":13},{"not_picked":["Stack","Streamline"],"picked":"Tempest","floor":14}],"player_experience":1468496,"relics_obtained":[{"floor":9,"key":"Bottled Lightning"}],"event_choices":[{"damage_healed":0,"gold_gain":0,"cards_transformed":["Strike_B"],"player_choice":"Change","damage_taken":0,"max_hp_gain":0,"max_hp_loss":0,"event_name":"Living Wall","floor":3,"gold_loss":0,"cards_obtained":["Turbo"]},{"damage_healed":0,"gold_gain":0,"player_choice":"Lose Max HP","damage_taken":0,"relics_obtained":["Golden Idol"],"max_hp_gain":0,"max_hp_loss":7,"event_name":"Golden Idol","floor":4,"gold_loss":0},{"damage_healed":0,"gold_gain":150,"player_choice":"AGREE","damage_taken":0,"max_hp_gain":0,"max_hp_loss":0,"event_name":"Liars Game","floor":5,"gold_loss":0,"cards_obtained":["Doubt"]},{"damage_healed":0,"gold_gain":0,"player_choice":"Donut","damage_taken":0,"max_hp_gain":5,"max_hp_loss":0,"event_name":"Big Fish","floor":12,"gold_loss":0}],"is_beta":false,"boss_relics":[],"items_purged_floors":[8],"is_endless":false,"potions_floor_spawned":[1,14],"killed_by":"The Guardian","ascension_level":20}}