{"host":"410n1t7fh6lcb80z","time":1609466241,"event":{"mods":["BaseMod","Colored Map","Highlight Path","Minty Spire (QoL Compilation)"],"gold_per_floor":[118,131,147,147,164,164,179,179,206,206,206,234,234,309,309,404,404,417,342,342,359,376,376,409,409,436,465,465,465,480,497,497,602,602,613,629,629,648,667,698,698,725,776,791,801,801,814,814,814,814,814,814,14,47,47,47],"floor_reached":55,"playtime":4310,"items_purged":["Strike_R"],"score":888,"play_id":"55c68705-8747-4950-bbd0-43c203c25707","local_time":"20201231205721","is_ascension_mode":true,"campfire_choices":[{"data":"Sword Boomerang","floor":6,"key":"SMITH"},{"data":"Headbutt","floor":10,"key":"SMITH"},{"data":"Bash","floor":13,"key":"SMITH"},{"data":"Shrug It Off","floor":15,"key":"SMITH"},{"floor":23,"key":"RECALL"},{"floor":25,"key":"REST"},{"data":"1","floor":28,"key":"LIFT"},{"data":"2","floor":32,"key":"LIFT"},{"data":"3","floor":41,"key":"LIFT"},{"floor":46,"key":"REST"},{"floor":49,"key":"REST"},{"floor":52,"key":"REST"}],"circlet_count":0,"master_deck":["Strike_R","Strike_R","Strike_R","Defend_R","Defend_R","Defend_R","Defend_R","Bash+1","Shrug It Off+1","Headbutt+1","Pummel","Sword Boomerang+1","Ghostly Armor","Ghostly Armor","Impervious","Shockwave","Shrug It Off+1","Power Through","Pommel Strike+1","Metallicize+1","Immolate+1","Body Slam+1","Parasite","Shrug It Off+1","Infernal Blade+1","Body Slam+1","Parasite","Seeing Red+1","Immolate","Apotheosis+1","Fire Breathing","Seeing Red+1"],"relics":["Burning Blood","Centennial Puzzle","Anchor","Bronze Scales","Fusion Hammer","Toxic Egg 2","Nunchaku","Girya","Sozu","Kunai","The Courier","Dead Branch","Pear","Letter Opener"],"acts_visited":["Exordium","TheCity","TheBeyond","TheEnding"],"potions_floor_usage":[7,24,27,27,33,34,40,50,50],"damage_taken":[{"damage":9,"enemies":"Jaw Worm","floor":1,"turns":5},{"damage":3,"enemies":"Small Slimes","floor":2,"turns":4},{"damage":5,"enemies":"Cultist","floor":3,"turns":4},{"damage":5,"enemies":"Large Slime","floor":5,"turns":7},{"damage":15,"enemies":"2 Fungi Beasts","floor":7,"turns":3},{"damage":37,"enemies":"Lagavulin","floor":12,"turns":7},{"damage":22,"enemies":"The Guardian","floor":16,"turns":14},{"damage":9,"enemies":"2 Thieves","floor":18,"turns":4},{"damage":0,"enemies":"Chosen","floor":21,"turns":4},{"damage":5,"enemies":"Centurion and Healer","floor":22,"turns":8},{"damage":8,"enemies":"Book of Stabbing","floor":24,"turns":5},{"damage":4,"enemies":"Slavers","floor":27,"turns":5},{"damage":8,"enemies":"Snecko","floor":30,"turns":3},{"damage":8,"enemies":"Sentry and Sphere","floor":31,"turns":5},{"damage":81,"enemies":"Collector","floor":33,"turns":17},{"damage":0,"enemies":"3 Darklings","floor":35,"turns":3},{"damage":0,"enemies":"Orb Walker","floor":36,"turns":2},{"damage":12,"enemies":"Writhing Mass","floor":38,"turns":3},{"damage":0,"enemies":"Spire Growth","floor":39,"turns":3},{"damage":11,"enemies":"Nemesis","floor":40,"turns":5},{"damage":67,"enemies":"Giant Head","floor":42,"turns":8},{"damage":4,"enemies":"3 Darklings","floor":44,"turns":3},{"damage":0,"enemies":"4 Shapes","floor":45,"turns":4},{"damage":14,"enemies":"Writhing Mass","floor":47,"turns":5},{"damage":73,"enemies":"Awakened One","floor":50,"turns":16},{"damage":42,"enemies":"Shield and Spear","floor":54,"turns":6},{"damage":79,"enemies":"The Heart","floor":55,"turns":3}],"seed_played":"5905005507508719362","potions_obtained":[{"floor":2,"key":"Energy Potion"},{"floor":3,"key":"PowerPotion"},{"floor":16,"key":"Block Potion"},{"floor":18,"key":"Energy Potion"},{"floor":30,"key":"SkillPotion"},{"floor":33,"key":"EntropicBrew"}],"is_trial":false,"path_per_floor":["M","M","M","?","M","R","M","?","T","R","?","E","R","?","R","B",null,"M","$","?","M","M","R","E","R","T","E","R","?","M","M","R","B",null,"M","M","?","M","M","E","R","E","T","M","M","R","M","?","R","B",null,"R","$","E","B"],"character_chosen":"IRONCLAD","items_purchased":["Seeing Red+1","Immolate","Apotheosis+1","Dead Branch","Pear","Fire Breathing"],"campfire_rested":4,"item_purchase_floors":[53,53,53,53,53,53],"current_hp_per_floor":[85,88,88,81,82,82,73,70,70,70,70,39,39,28,28,12,88,85,85,85,88,88,88,86,88,88,88,88,88,86,84,84,9,88,88,88,88,82,88,83,83,22,22,24,30,56,48,48,74,7,88,88,98,62,0,0],"gold":47,"neow_bonus":"TEN_PERCENT_HP_BONUS","is_daily":false,"chose_seed":false,"campfire_upgraded":4,"win_rate":0.0,"timestamp":1609466241,"path_taken":["M","M","M","?","M","R","M","?","T","R","?","E","R","?","R","BOSS","M","$","?","M","?","R","E","R","T","E","R","?","M","M","R","BOSS","M","M","?","?","M","E","R","E","T","M","M","R","M","?","R","BOSS","R","$","E","BOSS"],"items_purchased_type":["Card","Card","Card","Relic","Relic","Card"],"build_version":"2020-12-22","purchased_purges":1,"victory":false,"max_hp_per_floor":[88,88,88,88,88,88,88,88,88,88,88,88,88,88,88,88,88,88,88,88,88,88,88,88,88,88,88,88,88,88,88,88,88,88,88,88,88,88,88,88,88,88,88,88,88,88,88,88,88,88,88,88,98,98,98,98],"card_choices":[{"not_picked":["Clash","Dual Wield"],"picked":"Shrug It Off","floor":1},{"not_picked":["Anger","Heavy Blade"],"picked":"Headbutt","floor":2},{"not_picked":["Exhume","Infernal Blade"],"picked":"Pummel","floor":3},{"not_picked":["Searing Blow","Body Slam"],"picked":"Sword Boomerang","floor":5},{"not_picked":["Pummel","Rupture"],"picked":"Ghostly Armor","floor":7},{"not_picked":["Flex","Burning Pact"],"picked":"Ghostly Armor","floor":12},{"not_picked":["Corruption","Bludgeon"],"picked":"Impervious","floor":16},{"not_picked":["Pommel Strike+1","Rampage"],"picked":"Shockwave","floor":18},{"not_picked":["Metallicize","Thunderclap","Perfected Strike"],"picked":"SKIP","floor":21},{"not_picked":["Pummel","Blood for Blood+1"],"picked":"Power Through","floor":22},{"not_picked":["Sentinel+1","Anger"],"picked":"Pommel Strike+1","floor":24},{"not_picked":["Clothesline","Rampage+1","Clash+1"],"picked":"SKIP","floor":27},{"not_picked":["Second Wind+1","Twin Strike+1"],"picked":"Metallicize+1","floor":30},{"not_picked":["Perfected Strike+1","Clash","Carnage"],"picked":"SKIP","floor":31},{"not_picked":["Exhume+1","Brutality"],"picked":"Immolate","floor":33},{"not_picked":["Thunderclap","Clash"],"picked":"Body Slam+1","floor":35},{"not_picked":["Armaments+1","Iron Wave","Dual Wield+1"],"picked":"SKIP","floor":36},{"not_picked":["Cleave+1","Bloodletting+1","True Grit+1"],"picked":"SKIP","floor":38},{"not_picked":["Anger","Power Through+1","Clothesline+1"],"picked":"SKIP","floor":39},{"not_picked":["Perfected Strike","Cleave"],"picked":"Shrug It Off+1","floor":40},{"not_picked":["Bludgeon","Clash","Body Slam"],"picked":"SKIP","floor":42},{"not_picked":["Headbutt+1","Burning Pact+1"],"picked":"Infernal Blade+1","floor":44},{"not_picked":["Bloodletting+1","Armaments+1"],"picked":"Body Slam+1","floor":45},{"not_picked":["Rupture","Body Slam","Havoc+1"],"picked":"SKIP","floor":47},{"not_picked":["Cleave","Headbutt+1"],"picked":"Seeing Red+1","floor":54}],"player_experience":472066,"relics_obtained":[{"floor":9,"key":"Anchor"},{"floor":12,"key":"Bronze Scales"},{"floor":24,"key":"Toxic Egg 2"},{"floor":26,"key":"Nunchaku"},{"floor":27,"key":"Girya"},{"floor":40,"key":"Kunai"},{"floor":42,"key":"The Courier"},{"floor":54,"key":"Letter Opener"}],"event_choices":[{"cards_removed":["Strike_R"],"damage_healed":0,"gold_gain":0,"player_choice":"Card Removal","damage_taken":7,"max_hp_gain":0,"max_hp_loss":0,"event_name":"Golden Wing","floor":4,"gold_loss":0},{"damage_healed":0,"gold_gain":0,"player_choice":"Success","damage_taken":3,"relics_obtained":["Centennial Puzzle"],"max_hp_gain":0,"max_hp_loss":0,"event_name":"Scrap Ooze","floor":8,"gold_loss":0},{"damage_healed":0,"gold_gain":0,"player_choice":"Searched \u00270\u0027 times","damage_taken":0,"max_hp_gain":0,"max_hp_loss":0,"event_name":"Dead Adventurer","floor":11,"gold_loss":0},{"damage_healed":0,"gold_gain":75,"player_choice":"Gather Gold","damage_taken":11,"max_hp_gain":0,"max_hp_loss":0,"event_name":"World of Goop","floor":14,"gold_loss":0},{"damage_healed":0,"gold_gain":0,"player_choice":"Copied","damage_taken":0,"max_hp_gain":0,"max_hp_loss":0,"event_name":"Duplicator","floor":20,"gold_loss":0,"cards_obtained":["Shrug It Off"]},{"damage_healed":0,"gold_gain":0,"player_choice":"Ignored","damage_taken":0,"max_hp_gain":0,"max_hp_loss":0,"event_name":"The Mausoleum","floor":29,"gold_loss":0},{"damage_healed":0,"gold_gain":0,"player_choice":"Forge","damage_taken":0,"max_hp_gain":0,"max_hp_loss":0,"event_name":"Accursed Blacksmith","floor":37,"gold_loss":0,"cards_upgraded":["Immolate"]},{"damage_healed":0,"gold_gain":0,"player_choice":"Ignored","damage_taken":0,"max_hp_gain":0,"max_hp_loss":0,"event_name":"Mysterious Sphere","floor":48,"gold_loss":0}],"is_beta":false,"boss_relics":[{"not_picked":["Calling Bell","Busted Crown"],"picked":"Fusion Hammer"},{"not_picked":["Tiny House","Velvet Choker"],"picked":"Sozu"}],"items_purged_floors":[19],"is_endless":false,"potions_floor_spawned":[2,3,16,18,22,30,33,35,38,40,44,45,47],"killed_by":"The Heart","ascension_level":4}}