{"host":"hszimsrtxxc2k25w","time":1609519736,"event":{"mods":["AchievementEnabler","BaseMod","Colored Map","DeckTracker","Minty Spire (QoL Compilation)","Rare Cards Sparkle","SuperFastMode"],"gold_per_floor":[109,125,13,88,105,105,120,120,120,136,166,166,186,86,86,86,86],"floor_reached":16,"playtime":297,"items_purged":["Strike_R","Strike_R"],"score":204,"play_id":"5ab3516b-5851-4d41-bb69-6231b28fdb8d","local_time":"20210102014856","is_ascension_mode":true,"campfire_choices":[{"data":"Blood for Blood","floor":6,"key":"SMITH"},{"data":"Body Slam","floor":8,"key":"SMITH"},{"data":"Wild Strike","floor":15,"key":"SMITH"}],"circlet_count":0,"master_deck":["AscendersBane","Strike_R","Strike_R","Strike_R","Defend_R","Defend_R","Defend_R","Defend_R","Bash","Body Slam+1","Blood for Blood+1","Wild Strike+1","Shrug It Off"],"relics":["Burning Blood","NeowsBlessing","Sundial","Blood Vial"],"acts_visited":["Exordium"],"potions_floor_usage":[11,13],"damage_taken":[{"damage":0,"enemies":"Cultist","floor":1,"turns":1},{"damage":0,"enemies":"Small Slimes","floor":2,"turns":2},{"damage":0,"enemies":"2 Louse","floor":5,"turns":1},{"damage":35,"enemies":"Lots of Slimes","floor":7,"turns":6},{"damage":6,"enemies":"Blue Slaver","floor":10,"turns":4},{"damage":8,"enemies":"Gremlin Nob","floor":11,"turns":3},{"damage":20,"enemies":"Exordium Thugs","floor":13,"turns":4},{"damage":32,"enemies":"Hexaghost","floor":16,"turns":7}],"seed_played":"-2986592912214588422","potions_obtained":[{"floor":2,"key":"DistilledChaos"},{"floor":10,"key":"Fire Potion"},{"floor":11,"key":"Fire Potion"}],"is_trial":false,"path_per_floor":["M","M","$","?","M","R","M","R","T","M","E","?","M","$","R","B"],"character_chosen":"IRONCLAD","items_purchased":["Blood for Blood"],"campfire_rested":0,"item_purchase_floors":[3],"current_hp_per_floor":[74,75,75,64,70,70,41,41,41,41,39,39,27,27,27,0,0],"gold":86,"neow_bonus":"THREE_ENEMY_KILL","is_daily":false,"chose_seed":false,"campfire_upgraded":3,"win_rate":0.0,"timestamp":1609519736,"path_taken":["M","?","$","?","M","R","M","R","T","M","E","?","?","$","R","BOSS"],"items_purchased_type":["Card"],"build_version":"2020-12-22","purchased_purges":2,"victory":false,"max_hp_per_floor":[75,75,75,75,75,75,75,75,75,75,75,75,75,75,75,75,75],"card_choices":[{"not_picked":["Flex","Sword Boomerang","Anger"],"picked":"SKIP","floor":1},{"not_picked":["Entrench","Clash"],"picked":"Body Slam","floor":2},{"not_picked":["True Grit","Flex","Twin Strike"],"picked":"SKIP","floor":5},{"not_picked":["Havoc","Reckless Charge","Armaments"],"picked":"SKIP","floor":7},{"not_picked":["Perfected Strike","Sentinel","Thunderclap"],"picked":"SKIP","floor":10},{"not_picked":["Reaper","Shrug It Off"],"picked":"Wild Strike","floor":11},{"not_picked":["Sword Boomerang","Heavy Blade"],"picked":"Shrug It Off","floor":13}],"player_experience":600543,"relics_obtained":[{"floor":9,"key":"Sundial"},{"floor":11,"key":"Blood Vial"}],"event_choices":[{"damage_healed":0,"gold_gain":75,"player_choice":"Gather Gold","damage_taken":11,"max_hp_gain":0,"max_hp_loss":0,"event_name":"World of Goop","floor":4,"gold_loss":0},{"damage_healed":0,"gold_gain":0,"player_choice":"0 cards matched","damage_taken":0,"max_hp_gain":0,"max_hp_loss":0,"event_name":"Match and Keep!","floor":12,"gold_loss":0,"cards_obtained":[]}],"is_beta":false,"boss_relics":[],"items_purged_floors":[3,14],"is_endless":false,"potions_floor_spawned":[2,10,11],"killed_by":"Hexaghost","ascension_level":20}}