{"host":"«ÔÕ•ª®ø™√Œ¿Ôœ„","time":1609506041,"event":{"mods":["BaseMod","Challenge The Spire","Custom Start","DeckTracker","Minty Spire (QoL Compilation)","Quick Restart","Relic Stats","Replay The Spire","StSLib"],"gold_per_floor":[771,515,550,550,550],"floor_reached":4,"playtime":116,"items_purged":["Defend_G","Defend_G"],"score":55,"play_id":"2fb71bb6-d3a7-4478-95ad-02713fe90833","local_time":"20210101210041","daily_mods":["challengethespire:Bronze Difficulty","challengethespire:Elite Rush","Uncertain Future"],"is_ascension_mode":true,"campfire_choices":[],"circlet_count":0,"master_deck":["Strike_G","Strike_G","Strike_G","Strike_G","Strike_G","Defend_G","Defend_G","Defend_G","Survivor","Neutralize","Pot Of Greed","Acrobatics","Pot Of Greed"],"relics":["Ring of the Snake","Black Star","Sling","PreservedInsect","TheAbacus","Grinning Jar","Art of War","Meat on the Bone"],"acts_visited":["Exordium"],"potions_floor_usage":[],"damage_taken":[{"damage":0,"enemies":"Gremlin Nob","floor":3,"turns":3},{"damage":0,"enemies":"Lagavulin","floor":4,"turns":1}],"seed_played":"-8715237117923437125","potions_obtained":[],"is_trial":true,"path_per_floor":["$","$","E","E"],"character_chosen":"THE_SILENT","items_purchased":["TheAbacus","Grinning Jar"],"campfire_rested":0,"item_purchase_floors":[1,2],"current_hp_per_floor":[70,70,70,70,70],"gold":550,"neow_bonus":"","is_daily":false,"chose_seed":false,"campfire_upgraded":0,"win_rate":0.0,"timestamp":1609506041,"path_taken":["$","$","E","E"],"items_purchased_type":["Relic","Relic"],"build_version":"2020-12-18","purchased_purges":2,"victory":false,"max_hp_per_floor":[70,70,70,70,70],"relic_stats":{"TheAbacus":[12],"counters":[2,4],"PreservedInsect":50,"Black Star":1,"Art of War":[0],"obtain_stats":[{"TheAbacus":1,"PreservedInsect":0,"Black Star":0,"Art of War":3,"Grinning Jar":2,"Sling":0,"Ring of the Snake":0,"Meat on the Bone":3},{"TheAbacus":0,"PreservedInsect":0,"Black Star":0,"Art of War":1,"Grinning Jar":0,"Sling":0,"Ring of the Snake":0,"Meat on the Bone":1},{"TheAbacus":0,"PreservedInsect":0,"Black Star":0,"Art of War":3,"Grinning Jar":0,"Sling":0,"Ring of the Snake":0,"Meat on the Bone":3}],"Ring of the Snake":[4],"Meat on the Bone":0},"card_choices":[],"player_experience":473038,"relics_obtained":[{"floor":3,"key":"Art of War"},{"floor":3,"key":"Meat on the Bone"}],"event_choices":[],"is_beta":true,"boss_relics":[],"items_purged_floors":[1,2],"is_endless":false,"potions_floor_spawned":[],"killed_by":"Lagavulin","ascension_level":0}}