{"host":"j0vzbnzm6n2ctevn","time":1609480340,"event":{"mods":["AchievementEnabler","BaseMod","Minty Spire (QoL Compilation)","Quick Restart","Shop Mod","Spicy Shops","StSLib"],"gold_per_floor":[111,127,52,52,65,65,80,80,103,138,16,44,44,72,72,169,169,187,187,197,72,72,72,102,102,102,127,29,40,40,59,59,160,160,175,21,34,48,10,10,10],"floor_reached":40,"playtime":1709,"items_purged":["Strike_R","Decay","Strike_R"],"score":533,"play_id":"c2ad3fd3-7b36-4a2a-aedb-a3ea818cfd58","local_time":"20210101135220","is_ascension_mode":true,"campfire_choices":[{"data":"Headbutt","floor":6,"key":"SMITH"},{"data":"Headbutt","floor":8,"key":"SMITH"},{"floor":13,"key":"REST"},{"floor":15,"key":"REST"},{"data":"Bludgeon","floor":23,"key":"SMITH"},{"floor":25,"key":"REST"},{"floor":32,"key":"REST"}],"circlet_count":0,"master_deck":["Strike_R","Defend_R","Defend_R","Defend_R","Bash","Anger","Headbutt+1","Headbutt+1","Body Slam","Spot Weakness","Armaments","Sword Boomerang","Bludgeon+1","Armaments","Thunderclap","Heavy Blade","Warcry+1","Warcry+1","Feed","CurseOfTheBell","Disarm+1","Seeing Red+1","Cleave+1","Seeing Red+1"],"relics":["Burning Blood","Regal Pillow","Centennial Puzzle","Pantograph","Juzu Bracelet","Busted Crown","Blue Candle","Darkstone Periapt","Toxic Egg 2","Strawberry","Calling Bell","Nunchaku","Meat on the Bone","Prayer Wheel","Sling"],"acts_visited":["Exordium","TheCity","TheBeyond"],"potions_floor_usage":[10,12,18,27,27,28,40,40],"damage_taken":[{"damage":6,"enemies":"2 Louse","floor":1,"turns":2},{"damage":0,"enemies":"Cultist","floor":2,"turns":2},{"damage":7,"enemies":"Jaw Worm","floor":5,"turns":2},{"damage":5,"enemies":"Exordium Wildlife","floor":7,"turns":4},{"damage":32,"enemies":"Lagavulin","floor":10,"turns":5},{"damage":20,"enemies":"3 Sentries","floor":12,"turns":5},{"damage":30,"enemies":"Lagavulin","floor":14,"turns":5},{"damage":63,"enemies":"Hexaghost","floor":16,"turns":8},{"damage":7,"enemies":"2 Thieves","floor":18,"turns":3},{"damage":23,"enemies":"Spheric Guardian","floor":20,"turns":4},{"damage":52,"enemies":"Slavers","floor":24,"turns":6},{"damage":5,"enemies":"Book of Stabbing","floor":27,"turns":3},{"damage":23,"enemies":"Centurion and Healer","floor":29,"turns":3},{"damage":21,"enemies":"Snake Plant","floor":31,"turns":3},{"damage":91,"enemies":"Automaton","floor":33,"turns":7},{"damage":11,"enemies":"Orb Walker","floor":35,"turns":2},{"damage":27,"enemies":"3 Shapes","floor":37,"turns":5},{"damage":45,"enemies":"Writhing Mass","floor":38,"turns":5},{"damage":85,"enemies":"Giant Head","floor":40,"turns":6}],"seed_played":"-5285338678090674684","potions_obtained":[{"floor":7,"key":"Energy Potion"},{"floor":10,"key":"LiquidBronze"},{"floor":16,"key":"Fire Potion"},{"floor":20,"key":"Weak Potion"},{"floor":24,"key":"DistilledChaos"},{"floor":27,"key":"LiquidMemories"},{"floor":35,"key":"Energy Potion"},{"floor":37,"key":"AttackPotion"}],"is_trial":false,"path_per_floor":["M","M","$","?","M","R","M","R","T","E","$","E","R","E","R","B",null,"M","T","M","$","?","R","E","R","T","E","$","M","?","M","R","B",null,"M","$","M","M","$","E"],"character_chosen":"IRONCLAD","items_purchased":["Armaments","Fruit Juice","Sling","Seeing Red+1"],"campfire_rested":4,"item_purchase_floors":[11,28,36,39],"current_hp_per_floor":[80,80,80,80,79,79,80,80,80,54,54,40,79,55,80,23,80,79,79,62,62,62,62,16,55,55,63,68,51,51,36,78,7,98,93,93,75,48,48,0,0],"gold":10,"neow_bonus":"TRANSFORM_CARD","is_daily":false,"chose_seed":false,"campfire_upgraded":3,"win_rate":0.0,"timestamp":1609480340,"path_taken":["M","M","$","?","M","R","M","R","T","E","$","E","R","E","R","BOSS","M","?","M","$","?","R","E","R","T","E","$","M","?","M","R","BOSS","M","$","M","M","$","E"],"items_purchased_type":["Card","Potion","Relic","Card"],"build_version":"2020-12-22","purchased_purges":3,"victory":false,"max_hp_per_floor":[80,80,80,80,80,80,80,80,80,80,80,80,80,80,80,80,80,80,80,80,80,80,80,80,80,80,87,92,92,92,92,92,92,98,98,98,101,101,101,101,101],"card_choices":[{"not_picked":["Disarm","Spot Weakness"],"picked":"Headbutt","floor":1},{"not_picked":["Sentinel","Cleave"],"picked":"Headbutt","floor":2},{"not_picked":["Power Through","Dark Embrace"],"picked":"Body Slam","floor":5},{"not_picked":["Headbutt","Body Slam","True Grit"],"picked":"SKIP","floor":7},{"not_picked":["Flex","Uppercut"],"picked":"Spot Weakness","floor":10},{"not_picked":["Warcry","Berserk"],"picked":"Sword Boomerang","floor":12},{"not_picked":["Clash","Blood for Blood"],"picked":"Corruption","floor":14},{"not_picked":["Exhume","Corruption"],"picked":"Bludgeon","floor":16},{"not_picked":[],"picked":"Armaments","floor":18},{"not_picked":[],"picked":"Thunderclap","floor":20},{"not_picked":[],"picked":"Heavy Blade","floor":24},{"not_picked":["Havoc+1"],"picked":"SKIP","floor":27},{"not_picked":["Wild Strike"],"picked":"SKIP","floor":29},{"not_picked":["Clothesline"],"picked":"SKIP","floor":31},{"not_picked":[],"picked":"Feed","floor":33},{"not_picked":[],"picked":"Disarm+1","floor":35},{"not_picked":["Iron Wave"],"picked":"SKIP","floor":35},{"not_picked":[],"picked":"Seeing Red+1","floor":37},{"not_picked":["Body Slam+1"],"picked":"SKIP","floor":37},{"not_picked":[],"picked":"Cleave+1","floor":38},{"not_picked":["Clash+1"],"picked":"SKIP","floor":38}],"player_experience":80978,"relics_obtained":[{"floor":9,"key":"Regal Pillow"},{"floor":10,"key":"Centennial Puzzle"},{"floor":12,"key":"Pantograph"},{"floor":14,"key":"Juzu Bracelet"},{"floor":19,"key":"Blue Candle"},{"floor":24,"key":"Darkstone Periapt"},{"floor":26,"key":"Toxic Egg 2"},{"floor":27,"key":"Strawberry"},{"floor":34,"key":"Nunchaku"},{"floor":34,"key":"Meat on the Bone"},{"floor":34,"key":"Prayer Wheel"}],"event_choices":[{"damage_healed":0,"gold_gain":0,"player_choice":"Cursed","damage_taken":0,"max_hp_gain":0,"max_hp_loss":0,"event_name":"Wheel of Change","floor":4,"gold_loss":0,"cards_obtained":["Decay"]},{"cards_removed":["Strike_R"],"damage_healed":0,"gold_gain":0,"player_choice":"Elegance","damage_taken":0,"max_hp_gain":0,"max_hp_loss":0,"event_name":"Back to Basics","floor":22,"gold_loss":0},{"damage_healed":0,"gold_gain":0,"cards_transformed":["Strike_R","Corruption"],"player_choice":"Became Test Subject","damage_taken":0,"max_hp_gain":0,"max_hp_loss":0,"event_name":"Drug Dealer","floor":30,"gold_loss":0,"cards_obtained":["Warcry","Warcry"]}],"is_beta":false,"boss_relics":[{"not_picked":["SacredBark","Runic Cube"],"picked":"Busted Crown"},{"not_picked":["Runic Pyramid","Snecko Eye"],"picked":"Calling Bell"}],"items_purged_floors":[3,11,21],"is_endless":false,"potions_floor_spawned":[7,10,16,20,24,27,35,37],"killed_by":"Giant Head","ascension_level":3}}