{"host":"konjmgczbcns2r3g","time":1609474516,"event":{"mods":["AchievementEnabler","BaseMod","Colored Powertips","Hermit","Infinite Spire","Minty Spire (QoL Compilation)","Replay The Spire","StSLib","The Cursed","The Necromancer","The Servant 0.9.4"],"gold_per_floor":[218,29,45,65,77,77,95,126,126,126,146,146,162,127,127,127,127],"floor_reached":16,"playtime":1165,"items_purged":[],"score":104,"play_id":"00d60d35-c7e1-45ef-bd8a-8d07d80353e8","local_time":"20201231231516","is_ascension_mode":false,"campfire_choices":[{"floor":15,"key":"REST"}],"circlet_count":0,"master_deck":["Strike_G","Strike_G","Strike_G","Strike_G","Strike_G","Defend_G","Defend_G","Defend_G","Defend_G","Defend_G","Neutralize","Flying Knee","Prepared+1","Blur","Choke","Blade Dance","Cloak And Dagger","Envenom","m_Survivalism","Noxious Fumes","Terror"],"relics":["Ring of the Snake","Blue Doll","Toy Ornithopter","Ancient Tea Set","infinitespire:BottledMercury"],"acts_visited":["Exordium"],"potions_floor_usage":[4,4,5,7,8,16,16,16],"damage_taken":[{"damage":4,"enemies":"Cultist","floor":1,"turns":4},{"damage":3,"enemies":"2 Louse","floor":3,"turns":3},{"damage":0,"enemies":"Jaw Worm","floor":4,"turns":5},{"damage":0,"enemies":"Large Slime","floor":5,"turns":4},{"damage":0,"enemies":"Blue Slaver","floor":7,"turns":2},{"damage":19,"enemies":"Replay:BlueRogue","floor":8,"turns":6},{"damage":6,"enemies":"2 Fungi Beasts","floor":11,"turns":3},{"damage":8,"enemies":"3 Louse","floor":13,"turns":4},{"damage":87,"enemies":"Fading Forest","floor":16,"turns":8}],"seed_played":"455694896790754886","potions_obtained":[{"floor":1,"key":"EntropicBrew"},{"floor":4,"key":"Block Potion"},{"floor":8,"key":"Regen Potion"},{"floor":11,"key":"SteroidPotion"},{"floor":13,"key":"Dexterity Potion"}],"is_trial":false,"path_per_floor":["M","$","M","M","M","?","M","E","T","?","M","T","M","?","R","B"],"character_chosen":"THE_SILENT","items_purchased":["Blue Doll","Prepared+1"],"campfire_rested":1,"item_purchase_floors":[2,2],"current_hp_per_floor":[66,66,63,70,70,75,75,56,56,56,50,50,42,60,75,0,0],"gold":127,"neow_bonus":"HUNDRED_GOLD","is_daily":false,"chose_seed":false,"campfire_upgraded":0,"win_rate":0.0,"timestamp":1609474516,"path_taken":["M","$","M","M","M","?","M","E","T","?","M","?","M","?","R","BOSS"],"items_purchased_type":["Relic","Card"],"build_version":"2020-12-22","purchased_purges":0,"victory":false,"max_hp_per_floor":[70,70,70,70,70,75,75,75,75,75,75,75,75,75,75,75,75],"card_choices":[{"not_picked":["Deadly Poison","Deflect"],"picked":"Flying Knee","floor":1},{"not_picked":["Dodge and Roll","Escape Plan"],"picked":"Blur","floor":3},{"not_picked":["Outmaneuver","ReplayTheSpireMod:Speed Training"],"picked":"Choke","floor":4},{"not_picked":["Quick Slash","Dagger Throw"],"picked":"Blade Dance","floor":5},{"not_picked":["Burst","Prepared"],"picked":"Cloak And Dagger","floor":7},{"not_picked":["Blade Dance","ReplayTheSpireMod:Tripwire"],"picked":"Envenom","floor":8},{"not_picked":["Bane","ReplayTheSpireMod:Speed Training"],"picked":"Noxious Fumes","floor":11},{"not_picked":["Crippling Poison","Well Laid Plans"],"picked":"Terror","floor":13}],"player_experience":287492,"relics_obtained":[{"floor":8,"key":"Toy Ornithopter"},{"floor":9,"key":"Ancient Tea Set"},{"floor":12,"key":"infinitespire:BottledMercury"}],"event_choices":[{"damage_healed":0,"gold_gain":0,"player_choice":"Donut","damage_taken":0,"max_hp_gain":5,"max_hp_loss":0,"event_name":"Big Fish","floor":6,"gold_loss":0},{"damage_healed":18,"gold_gain":0,"player_choice":"Healed","damage_taken":0,"max_hp_gain":0,"max_hp_loss":0,"event_name":"The Cleric","floor":14,"gold_loss":35}],"is_beta":false,"boss_relics":[],"items_purged_floors":[],"is_endless":false,"potions_floor_spawned":[1,4,8,11,13],"killed_by":"Fading Forest","ascension_level":0}}