{"host":"2n2g1vowfllvjtvi","time":1609501037,"event":{"mods":["AchievementEnabler","BaseMod","Custom Start","GifTheSpireLib","Keyboard Shortcuts","Minty Spire (QoL Compilation)","Quick Restart","Rare Cards Sparkle","StSLib","SuperFastMode"],"gold_per_floor":[115,1,13,13,13,13,40,40,88,88,88,88,113,113,113,189,189,207,122,102,121,121,121],"floor_reached":22,"playtime":246,"items_purged":[],"score":373,"play_id":"f0856173-70fc-4dac-a759-a57729c1d71e","local_time":"20210101203717","is_ascension_mode":true,"campfire_choices":[{"data":"Rupture","floor":6.0,"key":"SMITH"},{"data":"Metallicize","floor":8.0,"key":"SMITH"},{"data":"Disarm","floor":10.0,"key":"SMITH"},{"data":"Bash","floor":15.0,"key":"SMITH"}],"circlet_count":0,"master_deck":["AscendersBane","Strike_R+1","Strike_R","Strike_R","Strike_R+1","Defend_R","Defend_R","Defend_R","Defend_R","Bash+1","Disarm+1","Rupture+1","Hemokinesis","Hemokinesis","Metallicize+1","Offering","Shrug It Off"],"relics":["Black Blood","NeowsBlessing","Shovel","Juzu Bracelet","Regal Pillow","Potion Belt","Boot"],"acts_visited":["Exordium","TheCity"],"potions_floor_usage":[21,21],"damage_taken":[{"damage":0.0,"enemies":"Cultist","floor":1.0,"turns":1.0},{"damage":0.0,"enemies":"2 Louse","floor":3.0,"turns":1.0},{"damage":0.0,"enemies":"3 Sentries","floor":7.0,"turns":2.0},{"damage":28.0,"enemies":"Gremlin Nob","floor":13.0,"turns":5.0},{"damage":25.0,"enemies":"Hexaghost","floor":16.0,"turns":8.0},{"damage":17,"enemies":"Spheric Guardian","floor":18,"turns":3},{"damage":16,"enemies":"3 Byrds","floor":21,"turns":5},{"damage":2,"enemies":"3 Cultists","floor":22,"turns":1}],"seed_played":"8807066053889482902","potions_obtained":[{"floor":1.0,"key":"LiquidBronze"},{"floor":16,"key":"DistilledChaos"},{"floor":20,"key":"LiquidBronze"}],"is_trial":false,"path_per_floor":["M","$","M","$","$","R","E","R","T","R","?","?","E","?","R","B",null,"M","?","?","M","M"],"character_chosen":"IRONCLAD","items_purchased":["Rupture","Hemokinesis"],"campfire_rested":0,"item_purchase_floors":[2,2],"current_hp_per_floor":[74,74,75,75,75,75,75,75,75,75,52,52,30,30,30,11,59,54,54,54,50,48,48],"gold":121,"neow_bonus":"THREE_ENEMY_KILL","is_daily":false,"chose_seed":false,"campfire_upgraded":4,"win_rate":0.0,"timestamp":1609501037,"path_taken":["M","$","M","?","$","R","E","R","T","R","?","?","E","?","R","BOSS","BOSS","M","?","?","M","M"],"items_purchased_type":["Card","Card"],"build_version":"2020-12-22","purchased_purges":0,"victory":false,"max_hp_per_floor":[75,75,75,75,75,75,75,75,75,75,75,75,75,75,75,75,75,75,75,75,75,75,75],"card_choices":[{"not_picked":["Infernal Blade","Twin Strike"],"picked":"Disarm","floor":1.0},{"not_picked":["Twin Strike","Hemokinesis","True Grit"],"picked":"SKIP","floor":3.0},{"not_picked":["Twin Strike","True Grit"],"picked":"Hemokinesis","floor":3.0},{"not_picked":["Twin Strike","Pommel Strike","Metallicize"],"picked":"SKIP","floor":7.0},{"not_picked":["Twin Strike","Pommel Strike"],"picked":"Metallicize","floor":7.0},{"not_picked":["Armaments","Corruption","Anger"],"picked":"SKIP","floor":13.0},{"not_picked":["Exhume","Impervious"],"picked":"Offering","floor":16},{"not_picked":["Clothesline","Shockwave"],"picked":"Shrug It Off","floor":18},{"not_picked":["Hemokinesis","Heavy Blade","True Grit"],"picked":"SKIP","floor":21}],"player_experience":414120,"relics_obtained":[{"floor":7.0,"key":"Shovel"},{"floor":9.0,"key":"Juzu Bracelet"},{"floor":13.0,"key":"Regal Pillow"}],"event_choices":[{"damage_healed":0.0,"max_hp_gain":0.0,"max_hp_loss":0.0,"gold_gain":0.0,"event_name":"Shining Light","player_choice":"Entered Light","floor":11.0,"gold_loss":0.0,"damage_taken":23.0,"cards_upgraded":["Strike_R","Strike_R"]},{"cards_removed":["Strike_R"],"damage_healed":0.0,"max_hp_gain":0.0,"max_hp_loss":0.0,"gold_gain":0.0,"event_name":"Purifier","player_choice":"Purged","floor":12.0,"gold_loss":0.0,"damage_taken":0.0},{"damage_healed":0.0,"max_hp_gain":0.0,"max_hp_loss":0.0,"gold_gain":0.0,"event_name":"Dead Adventurer","player_choice":"Searched \u00272\u0027 times","floor":14.0,"gold_loss":0.0,"damage_taken":0.0,"relics_obtained":["Potion Belt"]},{"damage_healed":0,"gold_gain":0,"player_choice":"Obtained Relic","damage_taken":0,"relics_obtained":["Boot"],"max_hp_gain":0,"max_hp_loss":0,"event_name":"Addict","floor":19,"gold_loss":85},{"damage_healed":0,"gold_gain":0,"player_choice":"Bought 1 Potion","damage_taken":0,"max_hp_gain":0,"max_hp_loss":0,"event_name":"The Woman in Blue","floor":20,"gold_loss":0}],"is_beta":false,"boss_relics":[{"not_picked":["Tiny House","Runic Dome"],"picked":"Black Blood"}],"items_purged_floors":[],"is_endless":false,"potions_floor_spawned":[1,16],"killed_by":"3 Cultists","ascension_level":15}}