{"host":"2yqfi47fogfu1ic4","time":1609512097,"event":{"mods":["AchievementEnabler","BaseMod","Colored Map","Colored Powertips","Highlight Path","Minty Spire (QoL Compilation)","Permanent Neow","Relic Stats","StSLib"],"gold_per_floor":[114,131,56,56,31,31,44,54,128,148,148,148,148,173,173,266,266,291,331,91,106,119,163,184,222,247,24,24,24,40,84,84,175,175,189,209,118,133,133,54,54,4,4,28,28,49,87,37,37,37,37,37,37,37,68,68],"floor_reached":57,"playtime":7751,"items_purged":["Strike_G","Doubt","Clumsy","Defend_G","Defend_G","Defend_G"],"score":2739,"play_id":"3076a24e-72a4-4e42-8baf-c17b67097c8f","local_time":"20210101154137","is_ascension_mode":true,"campfire_choices":[{"floor":6.0,"key":"REST"},{"data":"Corpse Explosion","floor":11.0,"key":"SMITH"},{"data":"Acrobatics","floor":13.0,"key":"SMITH"},{"data":"Acrobatics","floor":15.0,"key":"SMITH"},{"data":"Acrobatics","floor":32,"key":"SMITH"},{"data":"Footwork","floor":41,"key":"SMITH"},{"floor":45,"key":"RECALL"},{"data":"Neutralize","floor":49,"key":"SMITH"},{"data":"Blur","floor":53,"key":"SMITH"}],"circlet_count":0,"master_deck":["AscendersBane","Defend_G","Defend_G","Survivor","Neutralize+1","Underhanded Strike","Underhanded Strike","Backflip","Acrobatics+1","Acrobatics+1","Corpse Explosion+1","Acrobatics+1","Bullet Time","Backflip","Bullet Time","Crippling Poison+1","Tools of the Trade","Dash+1","Blur","Bite+1","Bite+1","Bite+1","Bite+1","Bite+1","Blur+1","Venomology","Footwork+1","Eviscerate+1","PiercingWail","Parasite","Night Terror","Predator+1","Tactician+1","Burst"],"relics":["Snecko Eye","Bronze Scales","Kunai","Golden Idol","Cursed Key","Red Mask","DollysMirror","Molten Egg 2","Du-Vu Doll","Smiling Mask","ClockworkSouvenir","Bottled Lightning","HornCleat","Coffee Dripper","Eternal Feather","Pear"],"acts_visited":["Exordium","TheCity","TheBeyond","TheEnding"],"potions_floor_usage":[56,56],"damage_taken":[{"damage":11.0,"enemies":"Jaw Worm","floor":1.0,"turns":5.0},{"damage":5.0,"enemies":"2 Louse","floor":2.0,"turns":3.0},{"damage":12.0,"enemies":"Small Slimes","floor":7.0,"turns":5.0},{"damage":1.0,"enemies":"2 Fungi Beasts","floor":8.0,"turns":3.0},{"damage":0.0,"enemies":"Blue Slaver","floor":10.0,"turns":2.0},{"damage":0.0,"enemies":"Large Slime","floor":14.0,"turns":4.0},{"damage":5.0,"enemies":"The Guardian","floor":16.0,"turns":8.0},{"damage":15.0,"enemies":"Shell Parasite","floor":18.0,"turns":2.0},{"damage":0.0,"enemies":"Masked Bandits","floor":19.0,"turns":1.0},{"damage":0.0,"enemies":"2 Thieves","floor":21.0,"turns":1.0},{"damage":13.0,"enemies":"Shelled Parasite and Fungi","floor":22.0,"turns":3.0},{"damage":1.0,"enemies":"Book of Stabbing","floor":23.0,"turns":4.0},{"damage":0.0,"enemies":"Cultist and Chosen","floor":24.0,"turns":3.0},{"damage":1.0,"enemies":"Slavers","floor":25.0,"turns":2.0},{"damage":17,"enemies":"Chosen and Byrds","floor":30,"turns":5},{"damage":3,"enemies":"Gremlin Leader","floor":31,"turns":7},{"damage":0,"enemies":"Automaton","floor":33,"turns":8},{"damage":0,"enemies":"Orb Walker","floor":35,"turns":3},{"damage":0,"enemies":"3 Darklings","floor":36,"turns":2},{"damage":0,"enemies":"Maw","floor":38,"turns":6},{"damage":4,"enemies":"Writhing Mass","floor":44,"turns":5},{"damage":10,"enemies":"Sphere and 2 Shapes","floor":46,"turns":5},{"damage":0,"enemies":"Nemesis","floor":47,"turns":6},{"damage":2,"enemies":"Time Eater","floor":50,"turns":12},{"damage":7,"enemies":"Awakened One","floor":51,"turns":13},{"damage":47,"enemies":"Shield and Spear","floor":55,"turns":14},{"damage":13,"enemies":"The Heart","floor":56,"turns":9}],"seed_played":"3299161235147659709","potions_obtained":[{"floor":2.0,"key":"FearPotion"},{"floor":7.0,"key":"SteroidPotion"},{"floor":16.0,"key":"GhostInAJar"},{"floor":18.0,"key":"GamblersBrew"},{"floor":22.0,"key":"Fruit Juice"},{"floor":24.0,"key":"SneckoOil"}],"is_trial":false,"path_per_floor":["M","M","?","?","$","R","M","M","T","M","R","?","R","M","R","B",null,"M","?","$","M","M","E","M","E","T","$","?","T","M","E","R","B",null,"M","M","$","M","?","$","R","$","T","M","R","M","E","$","R","B","B",null,"R","$","E","B",null],"character_chosen":"THE_SILENT","items_purchased":["Backflip","DollysMirror","ClockworkSouvenir","Footwork","PiercingWail"],"campfire_rested":1,"item_purchase_floors":[5,20,27,37,40],"current_hp_per_floor":[48,43,43,17,17,36,24,23,23,23,23,23,23,23,23,18,50,35,35,35,35,22,21,26,25,25,25,25,25,23,45,45,45,45,45,45,45,45,45,45,45,45,45,45,45,45,45,45,45,45,45,45,45,45,55,55],"gold":68,"neow_bonus":"BOSS_RELIC","is_daily":false,"chose_seed":false,"campfire_upgraded":7,"win_rate":0.0,"timestamp":1609512097,"path_taken":["M","M","?","?","$","R","M","M","T","M","R","?","R","?","R","BOSS","M","?","$","M","M","E","M","E","T","$","?","?","M","E","R","BOSS","M","M","$","M","?","?","R","$","T","M","R","M","E","$","R","BOSS","BOSS","R","$","E","BOSS"],"items_purchased_type":["Card","Relic","Relic","Card","Card"],"build_version":"2020-12-22","purchased_purges":6,"victory":true,"max_hp_per_floor":[66,66,66,66,66,66,66,66,66,66,66,60,60,60,60,60,60,60,60,60,60,60,60,65,65,65,65,45,45,45,45,45,45,45,45,45,45,45,45,45,45,45,45,45,45,45,45,45,45,45,45,45,45,45,55,55],"relic_stats":{"counters":[27,141],"Golden Idol":183,"Bronze Scales":[503],"Snecko Eye":[376,326,356,354],"Eternal Feather":0,"Kunai":[76],"Cursed Key":3,"Smiling Mask":500,"obtain_stats":[{"Pear":55,"Golden Idol":12,"Eternal Feather":47,"Cursed Key":17,"Smiling Mask":26,"ClockworkSouvenir":27,"Du-Vu Doll":25,"HornCleat":31,"DollysMirror":20,"Bronze Scales":4,"Snecko Eye":0,"Molten Egg 2":23,"Red Mask":19,"Coffee Dripper":34,"Kunai":9,"Bottled Lightning":29,"Ring of the Snake":0},{"Pear":26,"Golden Idol":5,"Eternal Feather":23,"Cursed Key":7,"Smiling Mask":14,"ClockworkSouvenir":14,"Du-Vu Doll":14,"HornCleat":16,"DollysMirror":9,"Bronze Scales":2,"Snecko Eye":0,"Molten Egg 2":12,"Red Mask":9,"Coffee Dripper":17,"Kunai":4,"Bottled Lightning":14,"Ring of the Snake":0},{"Pear":132,"Golden Idol":18,"Eternal Feather":93,"Cursed Key":30,"Smiling Mask":46,"ClockworkSouvenir":46,"Du-Vu Doll":46,"HornCleat":58,"DollysMirror":33,"Bronze Scales":8,"Snecko Eye":0,"Molten Egg 2":41,"Red Mask":33,"Coffee Dripper":66,"Kunai":16,"Bottled Lightning":46,"Ring of the Snake":0}]},"card_choices":[{"not_picked":["Skewer","Dagger Throw"],"picked":"Underhanded Strike","floor":1.0},{"not_picked":["Outmaneuver","Choke"],"picked":"Underhanded Strike","floor":2.0},{"not_picked":["PiercingWail","Escape Plan"],"picked":"Acrobatics","floor":7.0},{"not_picked":["Blade Dance","Bane"],"picked":"Acrobatics","floor":8.0},{"not_picked":["Bane","Caltrops"],"picked":"Corpse Explosion","floor":10.0},{"not_picked":["Dodge and Roll","Well Laid Plans"],"picked":"Acrobatics","floor":14.0},{"not_picked":["Phantasmal Killer","Night Terror"],"picked":"Bullet Time","floor":16.0},{"not_picked":["All Out Attack","Bane"],"picked":"Backflip","floor":18.0},{"not_picked":["Riddle With Holes","Dash"],"picked":"Crippling Poison+1","floor":21.0},{"not_picked":["Cloak And Dagger","Accuracy","Dodge and Roll"],"picked":"SKIP","floor":22.0},{"not_picked":["Flying Knee+1","Cloak And Dagger+1"],"picked":"Tools of the Trade","floor":23.0},{"not_picked":["Dagger Throw+1","Backstab+1"],"picked":"Dash+1","floor":24.0},{"not_picked":["Poisoned Stab+1","Skewer+1"],"picked":"Blur","floor":25.0},{"not_picked":["Deadly Poison","Heel Hook+1"],"picked":"Blur","floor":30},{"not_picked":["Outmaneuver","Dagger Throw+1","Storm of Steel"],"picked":"SKIP","floor":31},{"not_picked":["After Image","Phantasmal Killer"],"picked":"Venomology","floor":33},{"not_picked":["Backflip","Dodge and Roll","Sucker Punch+1"],"picked":"SKIP","floor":35},{"not_picked":["Deflect","Dagger Throw+1","Dagger Spray+1"],"picked":"SKIP","floor":36},{"not_picked":["Dagger Spray+1","Bane+1"],"picked":"Eviscerate+1","floor":38},{"not_picked":["Flying Knee+1","Crippling Poison"],"picked":"Night Terror","floor":44},{"not_picked":["PiercingWail","Footwork+1"],"picked":"Predator+1","floor":46},{"not_picked":["Finisher+1","Corpse Explosion"],"picked":"Tactician+1","floor":47},{"not_picked":["Outmaneuver","Escape Plan"],"picked":"Burst","floor":55}],"player_experience":1994871,"relics_obtained":[{"floor":9.0,"key":"Kunai"},{"floor":19.0,"key":"Red Mask"},{"floor":23.0,"key":"Molten Egg 2"},{"floor":25.0,"key":"Du-Vu Doll"},{"floor":26,"key":"Smiling Mask"},{"floor":29,"key":"Bottled Lightning"},{"floor":31,"key":"HornCleat"},{"floor":47,"key":"Eternal Feather"},{"floor":55,"key":"Pear"}],"event_choices":[{"cards_removed":["Strike_G"],"damage_healed":0.0,"max_hp_gain":0.0,"max_hp_loss":0.0,"gold_gain":0.0,"event_name":"The Cleric","player_choice":"Card Removal","floor":3.0,"gold_loss":75.0,"damage_taken":0.0},{"damage_healed":0.0,"max_hp_gain":0.0,"max_hp_loss":0.0,"gold_gain":0.0,"event_name":"Scrap Ooze","player_choice":"Success","floor":4.0,"gold_loss":0.0,"damage_taken":26.0,"relics_obtained":["Bronze Scales"]},{"damage_healed":0.0,"max_hp_gain":0.0,"max_hp_loss":6.0,"gold_gain":0.0,"event_name":"Golden Idol","player_choice":"Lose Max HP","floor":12.0,"gold_loss":0.0,"damage_taken":0.0,"relics_obtained":["Golden Idol"]},{"damage_healed":0.0,"max_hp_gain":0.0,"max_hp_loss":0.0,"gold_gain":0.0,"event_name":"Masked Bandits","player_choice":"Fought Bandits","floor":19.0,"gold_loss":0.0,"damage_taken":0.0},{"damage_healed":0,"gold_gain":0,"player_choice":"Became a vampire","damage_taken":0,"max_hp_gain":0,"max_hp_loss":20,"event_name":"Vampires","floor":28,"gold_loss":0,"cards_obtained":["Bite","Bite","Bite","Bite","Bite"]},{"damage_healed":0,"gold_gain":0,"player_choice":"Got Potions","damage_taken":0,"max_hp_gain":0,"max_hp_loss":0,"event_name":"Lab","floor":39,"gold_loss":0}],"is_beta":false,"boss_relics":[{"not_picked":["Astrolabe","Calling Bell"],"picked":"Cursed Key"},{"not_picked":["SlaversCollar","Pandora\u0027s Box"],"picked":"Coffee Dripper"}],"items_purged_floors":[20,27,37,40,42,48],"is_endless":false,"potions_floor_spawned":[2,7,8,16,18,19,22,24,36,38,46,47,55],"ascension_level":20}}