{"host":"sav7uxregyirlf69","time":1609494370,"event":{"mods":["AchievementEnabler","BaseMod","Colored Map","DeckTracker","Keyboard Shortcuts","Minty Spire (QoL Compilation)","READ ME - Guardian Mod","StSLib","SuperFastMode"],"gold_per_floor":[118,118,129,53,73,73,107,107,107,135,162,193,130,80,80,80,80],"floor_reached":16,"playtime":168,"items_purged":["Strike_B"],"score":107,"play_id":"a5ef1595-abcc-4121-8e53-f39ecca5b7dd","local_time":"20210101184610","daily_mods":["Heirloom"],"is_ascension_mode":true,"campfire_choices":[{"data":"Zap","floor":6,"key":"SMITH"},{"data":"Dualcast","floor":8,"key":"SMITH"},{"data":"Consume","floor":15,"key":"SMITH"}],"circlet_count":0,"master_deck":["Strike_B","Strike_B","Defend_B","Defend_B","Defend_B","Defend_B","Zap+1","Dualcast+1","Melter","Electrodynamics","Barrage","Capacitor","Consume+1","Conserve Battery"],"relics":["Cracked Core","Ice Cream","InkBottle","MawBank"],"acts_visited":["Exordium"],"potions_floor_usage":[12],"damage_taken":[{"damage":3,"enemies":"Small Slimes","floor":1,"turns":3},{"damage":1,"enemies":"Cultist","floor":3,"turns":3},{"damage":7,"enemies":"2 Louse","floor":5,"turns":2},{"damage":14,"enemies":"Gremlin Nob","floor":7,"turns":3},{"damage":0,"enemies":"2 Fungi Beasts","floor":10,"turns":2},{"damage":15,"enemies":"Looter","floor":11,"turns":3},{"damage":0,"enemies":"Gremlin Gang","floor":12,"turns":1},{"damage":35,"enemies":"Slime Boss","floor":16,"turns":3}],"seed_played":"-4308306145598939897","potions_obtained":[{"floor":5,"key":"EssenceOfSteel"},{"floor":7,"key":"Ancient Potion"},{"floor":11,"key":"Explosive Potion"},{"floor":12,"key":"Block Potion"}],"is_trial":true,"path_per_floor":["M","?","M","$","M","R","E","R","T","M","M","M","$","?","R","B"],"character_chosen":"DEFECT","items_purchased":["Capacitor"],"campfire_rested":0,"item_purchase_floors":[4],"current_hp_per_floor":[72,72,71,71,64,64,50,50,50,50,35,35,35,35,35,0,0],"gold":80,"neow_bonus":"","is_daily":false,"chose_seed":false,"campfire_upgraded":3,"win_rate":0.0,"timestamp":1609494370,"path_taken":["M","?","?","$","M","R","E","R","T","M","M","M","$","?","R","BOSS"],"items_purchased_type":["Card"],"build_version":"2020-12-22","purchased_purges":1,"victory":false,"max_hp_per_floor":[75,75,75,75,75,75,75,75,75,75,75,75,75,75,75,75,75],"card_choices":[{"not_picked":["Barrage","Leap"],"picked":"Melter","floor":1},{"not_picked":["Doom and Gloom","Consume"],"picked":"Barrage","floor":3},{"not_picked":["Streamline","Hologram","FTL"],"picked":"SKIP","floor":5},{"not_picked":["Auto Shields","Amplify","Leap"],"picked":"SKIP","floor":7},{"not_picked":["Leap","Skim"],"picked":"Consume","floor":10},{"not_picked":["Rebound","Tempest","Leap"],"picked":"SKIP","floor":11},{"not_picked":["Stack","Scrape"],"picked":"Conserve Battery","floor":12}],"player_experience":1097310,"relics_obtained":[{"floor":7,"key":"InkBottle"},{"floor":9,"key":"MawBank"}],"event_choices":[{"damage_healed":0,"gold_gain":0,"player_choice":"1 cards matched","damage_taken":0,"max_hp_gain":0,"max_hp_loss":0,"event_name":"Match and Keep!","floor":2,"gold_loss":0,"cards_obtained":["Electrodynamics"]},{"cards_removed":["Strike_B"],"damage_healed":0,"gold_gain":0,"player_choice":"Card Removal","damage_taken":0,"max_hp_gain":0,"max_hp_loss":0,"event_name":"The Cleric","floor":14,"gold_loss":50}],"is_beta":false,"boss_relics":[],"items_purged_floors":[13],"is_endless":false,"potions_floor_spawned":[5,7,11,12],"killed_by":"Slime Boss","ascension_level":1}}