{"host":"l60rmjjsfi0fipmi","time":1609460733,"event":{"mods":["BaseMod","Colored Map","DeckTracker","Highlight Path","Minty Spire (QoL Compilation)"],"gold_per_floor":[111,111,125,142,158,158,89,121,196,208,188,205,224,224,236,343,355,378,390,422,359,384,396,408,432,444,466,143,143,46,63,63,63,63],"floor_reached":33,"playtime":5265,"items_purged":["Strike_P","Strike_P"],"score":326,"play_id":"b4f286f7-8513-4f75-826f-bce66e2eae68","local_time":"20201231192533","is_ascension_mode":false,"campfire_choices":[{"data":"Crescendo","floor":6,"key":"SMITH"},{"floor":15,"key":"REST"},{"floor":23,"key":"REST"},{"data":"BattleHymn","floor":29,"key":"SMITH"},{"floor":32,"key":"REST"}],"circlet_count":0,"master_deck":["Strike_P","Strike_P","Defend_P","Defend_P","Defend_P","Defend_P","Eruption","Vigilance","Crescendo+1","Evaluate","Vengeance","ClearTheMind","WindmillStrike","BattleHymn+1","TalkToTheHand","FlyingSleeves","Protect+1","Evaluate","Metamorphosis","Bandage Up","ThirdEye","Conclude+1"],"relics":["PureWater","Mango","Sundial","MawBank","Sozu","Smiling Mask","Vajra"],"acts_visited":["Exordium","TheCity"],"potions_floor_usage":[5,27,33],"damage_taken":[{"damage":0,"enemies":"Small Slimes","floor":1,"turns":3},{"damage":0,"enemies":"Cultist","floor":3,"turns":3},{"damage":0,"enemies":"2 Louse","floor":4,"turns":4},{"damage":14,"enemies":"Gremlin Gang","floor":5,"turns":5},{"damage":26,"enemies":"Lagavulin","floor":8,"turns":9},{"damage":2,"enemies":"2 Fungi Beasts","floor":10,"turns":6},{"damage":0,"enemies":"3 Louse","floor":12,"turns":5},{"damage":6,"enemies":"Large Slime","floor":13,"turns":4},{"damage":0,"enemies":"Slime Boss","floor":16,"turns":6},{"damage":16,"enemies":"Shell Parasite","floor":18,"turns":6},{"damage":8,"enemies":"Chosen","floor":20,"turns":5},{"damage":35,"enemies":"Snake Plant","floor":22,"turns":6},{"damage":9,"enemies":"Chosen and Byrds","floor":25,"turns":6},{"damage":9,"enemies":"3 Cultists","floor":27,"turns":7},{"damage":14,"enemies":"Centurion and Healer","floor":31,"turns":5},{"damage":79,"enemies":"Automaton","floor":33,"turns":6}],"seed_played":"1118566416700717610","potions_obtained":[{"floor":1,"key":"BlessingOfTheForge"},{"floor":4,"key":"Ambrosia"},{"floor":10,"key":"Regen Potion"},{"floor":11,"key":"CultistPotion"}],"is_trial":false,"path_per_floor":["M","?","M","M","M","R","$","E","T","M","?","M","M","?","R","B",null,"M","?","M","?","M","R","?","M","T","M","$","R","$","M","R","B"],"character_chosen":"WATCHER","items_purchased":["WindmillStrike","Metamorphosis","Bandage Up","ThirdEye"],"campfire_rested":3,"item_purchase_floors":[7,28,28,30],"current_hp_per_floor":[79,79,79,79,65,65,65,53,53,51,51,51,45,42,69,69,93,77,77,69,69,34,61,61,52,52,57,57,57,57,47,74,0,0],"gold":63,"neow_bonus":"TEN_PERCENT_HP_BONUS","is_daily":false,"chose_seed":false,"campfire_upgraded":2,"win_rate":0.0,"timestamp":1609460733,"path_taken":["M","?","?","M","M","R","$","E","T","M","?","?","M","?","R","BOSS","M","?","M","?","M","R","?","M","T","?","?","R","$","M","R","BOSS"],"items_purchased_type":["Card","Card","Card","Card"],"build_version":"2020-12-22","purchased_purges":2,"victory":false,"max_hp_per_floor":[79,79,79,79,79,79,79,93,93,93,93,93,93,93,93,93,93,93,93,93,93,93,93,93,93,93,93,93,93,93,93,93,93,93],"card_choices":[{"not_picked":["Pray","Tantrum"],"picked":"Crescendo","floor":1},{"not_picked":["Prostrate","SignatureMove"],"picked":"Evaluate","floor":3},{"not_picked":["Pray","Halt"],"picked":"Vengeance","floor":4},{"not_picked":["WreathOfFlame","SashWhip"],"picked":"ClearTheMind","floor":5},{"not_picked":["Conclude","ForeignInfluence","Crescendo"],"picked":"SKIP","floor":8},{"not_picked":["BowlingBash","EmptyBody"],"picked":"BattleHymn","floor":10},{"not_picked":["PathToVictory","Nirvana"],"picked":"TalkToTheHand","floor":12},{"not_picked":["InnerPeace","Protect"],"picked":"FlyingSleeves","floor":13},{"not_picked":["ClearTheMind","SandsOfTime","CrushJoints+1"],"picked":"SKIP","floor":18},{"not_picked":["MentalFortress","JustLucky"],"picked":"Protect+1","floor":20},{"not_picked":["SashWhip","FollowUp","PathToVictory"],"picked":"SKIP","floor":22},{"not_picked":["CrushJoints","SashWhip","Collect"],"picked":"SKIP","floor":25},{"not_picked":["FlyingSleeves","TalkToTheHand","ClearTheMind"],"picked":"SKIP","floor":27},{"not_picked":["Evaluate","Protect"],"picked":"Conclude+1","floor":31}],"player_experience":150884,"relics_obtained":[{"floor":8,"key":"Mango"},{"floor":9,"key":"Sundial"},{"floor":26,"key":"Vajra"}],"event_choices":[{"damage_healed":0,"gold_gain":0,"player_choice":"Ignored","damage_taken":0,"max_hp_gain":0,"max_hp_loss":0,"event_name":"NoteForYourself","floor":2,"gold_loss":0},{"damage_healed":0,"gold_gain":0,"player_choice":"Bought 1 Potion","damage_taken":0,"max_hp_gain":0,"max_hp_loss":0,"event_name":"The Woman in Blue","floor":11,"gold_loss":0},{"damage_healed":0,"gold_gain":0,"player_choice":"Success","damage_taken":3,"relics_obtained":["MawBank"],"max_hp_gain":0,"max_hp_loss":0,"event_name":"Scrap Ooze","floor":14,"gold_loss":0},{"damage_healed":0,"gold_gain":0,"player_choice":"Opened","damage_taken":0,"relics_obtained":["Smiling Mask"],"max_hp_gain":0,"max_hp_loss":0,"event_name":"The Mausoleum","floor":19,"gold_loss":0,"cards_obtained":["Writhe"]},{"cards_removed":["Writhe"],"damage_healed":0,"gold_gain":0,"player_choice":"Gave Gold","damage_taken":0,"max_hp_gain":0,"max_hp_loss":0,"event_name":"Beggar","floor":21,"gold_loss":75},{"damage_healed":0,"gold_gain":0,"player_choice":"Copied","damage_taken":0,"max_hp_gain":0,"max_hp_loss":0,"event_name":"Duplicator","floor":24,"gold_loss":0,"cards_obtained":["Evaluate"]}],"is_beta":false,"boss_relics":[{"not_picked":["Philosopher\u0027s Stone","SacredBark"],"picked":"Sozu"}],"items_purged_floors":[28,30],"is_endless":false,"potions_floor_spawned":[1,4,10,16,25,27],"killed_by":"Automaton","ascension_level":0}}