{"host":"wbdly04l9mkn9nrc","time":1609488743,"event":{"mods":["AchievementEnabler","BaseMod","BetterRewards","Minty Spire (QoL Compilation)","StSLib","[IsaacMod]ÒÔÈö¼âËþ"],"gold_per_floor":[112,127,40,40,52,52,86,86,86,112,112,125,125,143,143,233,233,251,251,271,21,21,21,55,76,124,159,159,182,182,41,41,149,149,173,187,208,217,73,73,107,107,130,149,183,205,244,68,68,68],"floor_reached":51,"playtime":2344,"items_purged":["Strike_G","Defend_G","Injury","EpicFetus+1"],"score":1644,"play_id":"49af63fb-83f1-4248-b332-bcc646984d40","local_time":"20210101161223","is_ascension_mode":true,"campfire_choices":[{"floor":6.0,"key":"REST"},{"data":"Neutralize","floor":8.0,"key":"SMITH"},{"data":"Cloak And Dagger","floor":11.0,"key":"SMITH"},{"data":"EpicFetus","floor":15.0,"key":"SMITH"},{"data":"Apotheosis","floor":23.0,"key":"SMITH"},{"floor":28.0,"key":"REST"},{"data":"Bullet Time","floor":32.0,"key":"SMITH"},{"data":"Wraith Form v2","floor":40.0,"key":"SMITH"},{"data":"Calculated Gamble","floor":42.0,"key":"SMITH"},{"data":"Infinite Blades","floor":49,"key":"SMITH"}],"circlet_count":0,"master_deck":["AscendersBane","Survivor","Neutralize+1","Cloak And Dagger+1","Acrobatics","Blade Dance+1","Finisher","Accuracy","Backflip+1","Blur","Bullet Time+1","Doppelganger","Infinite Blades+1","Dash","A Thousand Cuts","Blur","Choke","Poisoned Stab","Endless Agony","Unload","Calculated Gamble+1","Apotheosis+1","Storm of Steel","Wraith Form v2+1","SandsOfTime","Terror"],"relics":["Ring of the Snake","HushsDoor","GuppysHead","DeathBook","Membership Card","Shuriken","TuHaoJin","Kunai","Bag of Marbles","TheBible","Golden Idol","Pandora\u0027s Box","CeramicFish","War Paint","Regal Pillow","TheBean","Oddly Smooth Stone","PokeGo","Anchor","WristBlade","SatanicBible","PrismaticShard","Blood Vial","Centennial Puzzle","D6","Toy Ornithopter","Strange Spoon"],"acts_visited":["Exordium","TheCity","TheBeyond"],"potions_floor_usage":[50],"damage_taken":[{"damage":3.0,"enemies":"Small Slimes","floor":1.0,"turns":3.0},{"damage":0.0,"enemies":"2 Louse","floor":2.0,"turns":3.0},{"damage":0.0,"enemies":"Jaw Worm","floor":5.0,"turns":1.0},{"damage":0.0,"enemies":"3 Sentries","floor":7.0,"turns":2.0},{"damage":1.0,"enemies":"Lagavulin","floor":10.0,"turns":5.0},{"damage":0.0,"enemies":"Looter","floor":12.0,"turns":3.0},{"damage":0.0,"enemies":"Blue Slaver","floor":14.0,"turns":3.0},{"damage":9.0,"enemies":"Slime Boss","floor":16.0,"turns":5.0},{"damage":13.0,"enemies":"3 Byrds","floor":18.0,"turns":4.0},{"damage":0.0,"enemies":"2 Thieves","floor":20.0,"turns":1.0},{"damage":13.0,"enemies":"Slavers","floor":24.0,"turns":5.0},{"damage":9.0,"enemies":"Cultist and Chosen","floor":25.0,"turns":5.0},{"damage":0.0,"enemies":"Gremlin Leader","floor":27.0,"turns":3.0},{"damage":0.0,"enemies":"Sentry and Sphere","floor":29.0,"turns":2.0},{"damage":0.0,"enemies":"Automaton","floor":33.0,"turns":6.0},{"damage":0.0,"enemies":"3 Darklings","floor":35.0,"turns":2.0},{"damage":0.0,"enemies":"Orb Walker","floor":36.0,"turns":1.0},{"damage":0.0,"enemies":"4 Shapes","floor":37.0,"turns":1.0},{"damage":0.0,"enemies":"Reptomancer","floor":41.0,"turns":3.0},{"damage":0.0,"enemies":"Sphere and 2 Shapes","floor":44.0,"turns":3.0},{"damage":0.0,"enemies":"Nemesis","floor":45.0,"turns":3.0},{"damage":0.0,"enemies":"Transient","floor":46.0,"turns":5.0},{"damage":0,"enemies":"Giant Head","floor":47,"turns":5},{"damage":20,"enemies":"Time Eater","floor":50,"turns":4}],"seed_played":"2058819986767225859","potions_obtained":[{"floor":1.0,"key":"Poison Potion"},{"floor":7.0,"key":"DuplicationPotion"},{"floor":24.0,"key":"Energy Potion"},{"floor":29.0,"key":"SpeedPotion"},{"floor":36.0,"key":"Poison Potion"},{"floor":47,"key":"FairyPotion"}],"is_trial":false,"path_per_floor":["M","M","$","?","M","R","E","R","T","E","R","M","?","M","R","B",null,"M","?","M","$","$","R","E","M","T","E","R","M","?","$","R","B",null,"M","M","M","?","$","R","E","R","T","M","E","M","E","$","R","B",null],"character_chosen":"THE_SILENT","items_purchased":["DeathBook","Membership Card","Shuriken","Cloak And Dagger","Acrobatics","Finisher","Apotheosis","CeramicFish","War Paint","Anchor","SatanicBible","Wraith Form v2","PrismaticShard","Terror","Strange Spoon"],"campfire_rested":2,"item_purchase_floors":[0,0,0,0,0,3,21,21,21,31,34,39,39,48,48],"current_hp_per_floor":[25,25,25,18,18,37,37,37,37,36,36,36,36,36,36,27,56,43,43,43,43,43,43,30,21,21,21,55,55,55,55,55,55,56,56,56,56,56,56,56,56,56,56,56,56,56,56,56,56,36],"gold":68,"neow_bonus":"","is_daily":false,"chose_seed":false,"campfire_upgraded":8,"win_rate":0.0,"timestamp":1609488743,"path_taken":["M","M","$","?","M","R","E","R","T","E","R","M","?","M","R","BOSS","M","?","M","?","$","R","E","M","T","E","R","?","?","$","R","BOSS","M","M","?","?","$","R","E","R","T","M","E","M","E","$","R","BOSS"],"items_purchased_type":["Relic","Relic","Relic","Card","Card","Card","Card","Relic","Relic","Relic","Relic","Card","Relic","Card","Relic"],"build_version":"2020-12-22","purchased_purges":4,"victory":true,"max_hp_per_floor":[66,66,66,66,66,66,66,66,66,66,66,66,66,66,66,66,66,66,66,66,66,66,66,66,66,66,66,66,66,66,66,66,66,56,56,56,56,56,56,56,56,56,56,56,56,56,56,56,56,56],"card_choices":[{"not_picked":[],"picked":"EpicFetus","floor":0.0},{"not_picked":["Sucker Punch","Dagger Spray"],"picked":"Blade Dance","floor":1.0},{"not_picked":["Prepared","Deflect","Underhanded Strike"],"picked":"SKIP","floor":2.0},{"not_picked":["Storm of Steel","Setup"],"picked":"Accuracy","floor":5.0},{"not_picked":["Bomb","Malaise"],"picked":"Backflip","floor":7.0},{"not_picked":["Noxious Fumes","Dash","Deflect"],"picked":"SKIP","floor":10.0},{"not_picked":["Flechettes","Bane","Acrobatics"],"picked":"SKIP","floor":12.0},{"not_picked":["Eviscerate","Dodge and Roll"],"picked":"Blur","floor":14.0},{"not_picked":["A Thousand Cuts","Burst"],"picked":"Bullet Time","floor":16.0},{"not_picked":["Quick Slash","Outmaneuver"],"picked":"Poisoned Stab","floor":18.0},{"not_picked":["Underhanded Strike","Blade Dance"],"picked":"Calculated Gamble","floor":20.0},{"not_picked":["Blade Dance","Poisoned Stab","Prepared"],"picked":"SKIP","floor":24.0},{"not_picked":["Backflip","Dodge and Roll","Deadly Poison"],"picked":"SKIP","floor":25.0},{"not_picked":["Acrobatics","Dagger Throw","Die Die Die"],"picked":"SKIP","floor":27.0},{"not_picked":["Quick Slash","Dagger Spray","Cloak And Dagger"],"picked":"SKIP","floor":29.0},{"not_picked":["Unload","Glass Knife"],"picked":"Storm of Steel","floor":33.0},{"not_picked":["Dagger Throw","Sucker Punch","Predator"],"picked":"SKIP","floor":35.0},{"not_picked":["Endless Agony","Deadly Poison+1","Dagger Throw"],"picked":"SKIP","floor":36.0},{"not_picked":["Calculated Gamble","Acrobatics","Outmaneuver"],"picked":"SKIP","floor":37.0},{"not_picked":["Purity","Finesse"],"picked":"Bomb","floor":38.0},{"not_picked":["The Bomb","ConjureBlade","Stack"],"picked":"SKIP","floor":41.0},{"not_picked":["Deflect","PathToVictory","Stack"],"picked":"SKIP","floor":44.0},{"not_picked":["EmptyFist","Immolate","Fan+1"],"picked":"SKIP","floor":45.0},{"not_picked":["Havoc","EmptyBody"],"picked":"SandsOfTime","floor":46.0},{"not_picked":["Second Wind","Bandage Up+1","Cold Snap"],"picked":"SKIP","floor":47}],"player_experience":171136,"relics_obtained":[{"floor":7.0,"key":"Kunai"},{"floor":9.0,"key":"Bag of Marbles"},{"floor":10.0,"key":"TheBible"},{"floor":24.0,"key":"Regal Pillow"},{"floor":26.0,"key":"TheBean"},{"floor":27.0,"key":"Oddly Smooth Stone"},{"floor":41.0,"key":"Blood Vial"},{"floor":43.0,"key":"Centennial Puzzle"},{"floor":45.0,"key":"D6"},{"floor":47,"key":"Toy Ornithopter"}],"event_choices":[{"damage_healed":0.0,"max_hp_gain":0.0,"max_hp_loss":0.0,"gold_gain":0.0,"event_name":"Scrap Ooze","player_choice":"Success","floor":4.0,"gold_loss":0.0,"damage_taken":7.0,"relics_obtained":["TuHaoJin"]},{"damage_healed":0.0,"max_hp_gain":0.0,"max_hp_loss":0.0,"gold_gain":0.0,"event_name":"Golden Idol","player_choice":"Take Wound","floor":13.0,"gold_loss":0.0,"damage_taken":0.0,"relics_obtained":["Golden Idol"],"cards_obtained":["Injury"]},{"damage_healed":0.0,"max_hp_gain":0.0,"max_hp_loss":0.0,"gold_gain":0.0,"cards_transformed":["Doppelganger","Tactician"],"event_name":"Drug Dealer","player_choice":"Became Test Subject","floor":19.0,"gold_loss":0.0,"damage_taken":0.0,"cards_obtained":["Endless Agony","Unload"]},{"damage_healed":0.0,"max_hp_gain":0.0,"max_hp_loss":0.0,"gold_gain":0.0,"event_name":"The Mausoleum","player_choice":"Opened","floor":30.0,"gold_loss":0.0,"damage_taken":0.0,"relics_obtained":["PokeGo"]},{"damage_healed":0.0,"max_hp_gain":0.0,"max_hp_loss":0.0,"gold_gain":0.0,"event_name":"SensoryStone","player_choice":"Memory 1","floor":38.0,"gold_loss":0.0,"damage_taken":0.0}],"is_beta":false,"boss_relics":[{"not_picked":["SlaversCollar","Velvet Choker"],"picked":"Pandora\u0027s Box"},{"not_picked":[]},{"not_picked":["Astrolabe","Runic Pyramid"],"picked":"WristBlade"},{"not_picked":[]}],"items_purged_floors":[0,3,31,48],"is_endless":false,"potions_floor_spawned":[1,7,24,29,36,41,45,47],"ascension_level":14}}