{"host":"hwrdjx5eod2cxh09","time":1609486808,"event":{"mods":["AchievementEnabler","BaseMod","Bestiary","Minty Spire (QoL Compilation)","Relic Stats"],"gold_per_floor":[110,130,130,6,20,20,48,48,48,65,82,99,127,146,146,251,251,221,240,252,263,41,72,88,88,111,111,137,137,153,170,170,266,266,281,281,295,310,320,345,364,392,418,429,529,4,18,34,34,34,34,34,34,59,59,59],"floor_reached":55,"playtime":3474,"items_purged":["Regret","Reinforced Body"],"score":839,"play_id":"e458a3bb-0de7-4567-9d22-3ae810d2e503","local_time":"20210101164008","is_ascension_mode":false,"campfire_choices":[{"data":"Defragment","floor":6,"key":"SMITH"},{"floor":8,"key":"REST"},{"floor":15,"key":"REST"},{"data":"White Noise","floor":25,"key":"SMITH"},{"floor":27,"key":"RECALL"},{"floor":29,"key":"REST"},{"data":"Zap","floor":32,"key":"SMITH"},{"data":"Seek","floor":49,"key":"SMITH"},{"data":"Tempest","floor":52,"key":"SMITH"}],"circlet_count":0,"master_deck":["Zap+1","Dualcast","White Noise+1","Gash","Defragment+1","Ball Lightning","Sweeping Beam","Leap","Undo","Coolheaded","Auto Shields","Defragment+1","Seek+1","Steam","Defragment+1","Core Surge","Defragment+1","Buffer+1","Loop+1","Recycle","Barrage+1","Glacier","FTL","Recycle","Steam Power","Tempest+1","Self Repair+1","Turbo+1","Stack+1","Redo","Coolheaded+1","Bandage Up","Ball Lightning+1"],"relics":["FrozenCore","Frozen Egg 2","Potion Belt","Vajra","Runic Capacitor","Bag of Preparation","Orichalcum","Nunchaku","Pandora\u0027s Box","Omamori","HornCleat","Centennial Puzzle","Pantograph","Bronze Scales"],"acts_visited":["Exordium","TheCity","TheBeyond","TheEnding"],"potions_floor_usage":[21,23,54,55,55,55,55,55,55,55],"damage_taken":[{"damage":0,"enemies":"Cultist","floor":1,"turns":3},{"damage":8,"enemies":"Jaw Worm","floor":2,"turns":4},{"damage":5,"enemies":"2 Louse","floor":5,"turns":3},{"damage":24,"enemies":"Gremlin Nob","floor":7,"turns":4},{"damage":8,"enemies":"Red Slaver","floor":10,"turns":3},{"damage":8,"enemies":"Exordium Wildlife","floor":11,"turns":4},{"damage":13,"enemies":"3 Louse","floor":12,"turns":3},{"damage":16,"enemies":"Lagavulin","floor":13,"turns":6},{"damage":0,"enemies":"Looter","floor":14,"turns":3},{"damage":6,"enemies":"The Guardian","floor":16,"turns":10},{"damage":18,"enemies":"2 Thieves","floor":18,"turns":5},{"damage":5,"enemies":"3 Byrds","floor":19,"turns":7},{"damage":3,"enemies":"Centurion and Healer","floor":20,"turns":7},{"damage":3,"enemies":"Shelled Parasite and Fungi","floor":21,"turns":9},{"damage":14,"enemies":"Gremlin Leader","floor":23,"turns":9},{"damage":0,"enemies":"Snake Plant","floor":24,"turns":5},{"damage":0,"enemies":"Book of Stabbing","floor":28,"turns":7},{"damage":0,"enemies":"Snecko","floor":30,"turns":7},{"damage":0,"enemies":"Cultist and Chosen","floor":31,"turns":8},{"damage":0,"enemies":"Automaton","floor":33,"turns":10},{"damage":0,"enemies":"3 Shapes","floor":35,"turns":6},{"damage":0,"enemies":"Orb Walker","floor":37,"turns":4},{"damage":0,"enemies":"Sphere and 2 Shapes","floor":38,"turns":6},{"damage":13,"enemies":"Jaw Worm Horde","floor":39,"turns":5},{"damage":13,"enemies":"Nemesis","floor":40,"turns":13},{"damage":9,"enemies":"Transient","floor":41,"turns":5},{"damage":52,"enemies":"Reptomancer","floor":42,"turns":6},{"damage":0,"enemies":"Sphere and 2 Shapes","floor":44,"turns":7},{"damage":9,"enemies":"4 Shapes","floor":47,"turns":9},{"damage":0,"enemies":"Maw","floor":48,"turns":8},{"damage":8,"enemies":"Time Eater","floor":50,"turns":12},{"damage":59,"enemies":"Shield and Spear","floor":54,"turns":7},{"damage":99,"enemies":"The Heart","floor":55,"turns":15}],"seed_played":"9152402655547790819","potions_obtained":[{"floor":2,"key":"AttackPotion"},{"floor":5,"key":"BlessingOfTheForge"},{"floor":12,"key":"DistilledChaos"},{"floor":13,"key":"CultistPotion"},{"floor":19,"key":"Dexterity Potion"},{"floor":24,"key":"FairyPotion"},{"floor":28,"key":"SpeedPotion"},{"floor":41,"key":"SpeedPotion"},{"floor":48,"key":"EntropicBrew"}],"is_trial":false,"path_per_floor":["M","M","?","$","M","R","E","R","T","M","M","M","E","M","R","B",null,"M","M","M","M","$","E","M","R","T","R","E","R","M","M","R","B",null,"M","?","M","M","M","E","M","E","T","M","?","$","M","M","R","B",null,"R","$","E","B"],"character_chosen":"DEFECT","items_purchased":["Ball Lightning","Defragment+1","Runic Capacitor","Pantograph","GamblersBrew","Bandage Up"],"campfire_rested":3,"item_purchase_floors":[4,22,22,46,46,46],"current_hp_per_floor":[75,67,67,67,62,62,38,60,60,52,44,31,15,15,37,31,75,57,52,49,46,46,32,32,32,32,32,32,54,54,54,54,54,75,75,85,85,85,72,79,80,38,38,48,48,48,67,81,81,85,85,85,85,40,0,0],"gold":59,"neow_bonus":"TRANSFORM_CARD","is_daily":false,"chose_seed":false,"campfire_upgraded":5,"win_rate":0.0,"timestamp":1609486808,"path_taken":["M","M","?","$","M","R","E","R","T","M","M","M","E","M","R","BOSS","M","M","M","M","$","E","M","R","T","R","E","R","M","M","R","BOSS","M","?","M","M","M","E","M","E","T","?","?","$","M","?","R","BOSS","R","$","E","BOSS"],"items_purchased_type":["Card","Card","Relic","Relic","Potion","Card"],"build_version":"2020-12-22","purchased_purges":2,"victory":false,"max_hp_per_floor":[75,75,75,75,75,75,75,75,75,75,75,75,75,75,75,75,75,75,75,75,75,75,75,75,75,75,75,75,75,75,75,75,75,75,75,85,85,85,85,85,85,85,85,85,85,85,85,85,85,85,85,85,85,85,85,85],"relic_stats":{"Nunchaku":[12],"Centennial Puzzle":[12],"counters":[33,220],"Pantograph":29,"Bronze Scales":[174],"Pandora\u0027s Box":["Fission","Glacier","Reinforced Body","FTL","Recycle","Steam Power","Tempest"],"Bag of Preparation":[36],"Orichalcum":[198],"obtain_stats":[{"Potion Belt":7,"Vajra":13,"Runic Capacitor":22,"Bag of Preparation":23,"Omamori":40,"Frozen Egg 2":3,"Orichalcum":26,"FrozenCore":17,"Nunchaku":28,"Centennial Puzzle":43,"HornCleat":42,"Pantograph":46,"Bronze Scales":54,"Pandora\u0027s Box":34,"Cracked Core":0},{"Potion Belt":4,"Vajra":8,"Runic Capacitor":14,"Bag of Preparation":15,"Omamori":25,"Frozen Egg 2":2,"Orichalcum":16,"FrozenCore":10,"Nunchaku":17,"Centennial Puzzle":27,"HornCleat":27,"Pantograph":28,"Bronze Scales":32,"Pandora\u0027s Box":20,"Cracked Core":0},{"Potion Belt":14,"Vajra":30,"Runic Capacitor":71,"Bag of Preparation":80,"Omamori":151,"Frozen Egg 2":7,"Orichalcum":85,"FrozenCore":43,"Nunchaku":92,"Centennial Puzzle":162,"HornCleat":162,"Pantograph":169,"Bronze Scales":205,"Pandora\u0027s Box":117,"Cracked Core":0}],"FrozenCore":[69]},"card_choices":[{"not_picked":["Compile Driver","Redo"],"picked":"Gash","floor":1},{"not_picked":["Rip and Tear","Undo"],"picked":"Defragment","floor":2},{"not_picked":["Sunder","Ball Lightning"],"picked":"Sweeping Beam","floor":5},{"not_picked":["Sweeping Beam","Stack"],"picked":"Leap","floor":7},{"not_picked":["Barrage","Beam Cell"],"picked":"Undo","floor":10},{"not_picked":["Leap","Storm+1"],"picked":"Coolheaded","floor":11},{"not_picked":["Rebound","Coolheaded","Conserve Battery"],"picked":"SKIP","floor":12},{"not_picked":["Redo","Static Discharge+1"],"picked":"Auto Shields","floor":13},{"not_picked":["Coolheaded","Steam"],"picked":"Defragment+1","floor":14},{"not_picked":["Fission","Meteor Strike"],"picked":"Seek","floor":16},{"not_picked":["Sweeping Beam","Beam Cell"],"picked":"Steam","floor":18},{"not_picked":["Darkness+1","Sweeping Beam"],"picked":"Defragment+1","floor":19},{"not_picked":["Hologram","Ball Lightning","Steam"],"picked":"SKIP","floor":20},{"not_picked":["Storm+1","Beam Cell"],"picked":"Core Surge","floor":21},{"not_picked":["Ball Lightning","Lockon"],"picked":"Buffer+1","floor":23},{"not_picked":["BootSequence","Cold Snap"],"picked":"Loop+1","floor":24},{"not_picked":["Sweeping Beam","Darkness"],"picked":"Recycle","floor":28},{"not_picked":["Coolheaded","Sweeping Beam+1"],"picked":"Barrage+1","floor":30},{"not_picked":["Steam Power","Compile Driver","Conserve Battery+1"],"picked":"SKIP","floor":31},{"not_picked":["Barrage+1","Steam"],"picked":"Self Repair+1","floor":35},{"not_picked":["Rebound+1","Cold Snap","Sweeping Beam"],"picked":"SKIP","floor":37},{"not_picked":["Leap+1","BootSequence+1"],"picked":"Turbo+1","floor":38},{"not_picked":["Streamline","Conserve Battery"],"picked":"Stack+1","floor":39},{"not_picked":["White Noise","Storm+1","Reprogram+1"],"picked":"SKIP","floor":40},{"not_picked":["Self Repair+1","Hologram","Conserve Battery+1"],"picked":"SKIP","floor":41},{"not_picked":["Aggregate","Static Discharge+1"],"picked":"Redo","floor":42},{"not_picked":["Compile Driver","Melter"],"picked":"Coolheaded+1","floor":44},{"not_picked":["Sunder+1","Aggregate"],"picked":"Ball Lightning+1","floor":47},{"not_picked":["Steam Power","Hyperbeam","Leap+1"],"picked":"SKIP","floor":48},{"not_picked":["Sweeping Beam","Ball Lightning+1","Gash"],"picked":"SKIP","floor":54}],"player_experience":145217,"relics_obtained":[{"floor":7,"key":"Potion Belt"},{"floor":13,"key":"Vajra"},{"floor":23,"key":"Bag of Preparation"},{"floor":26,"key":"Orichalcum"},{"floor":28,"key":"Nunchaku"},{"floor":40,"key":"Omamori"},{"floor":42,"key":"HornCleat"},{"floor":43,"key":"Centennial Puzzle"},{"floor":54,"key":"Bronze Scales"}],"event_choices":[{"damage_healed":0,"gold_gain":0,"player_choice":"Box","damage_taken":0,"relics_obtained":["Frozen Egg 2"],"max_hp_gain":0,"max_hp_loss":0,"event_name":"Big Fish","floor":3,"gold_loss":0,"cards_obtained":["Regret"]},{"cards_removed":["Fission"],"damage_healed":0,"gold_gain":0,"player_choice":"Offered Rare","damage_taken":0,"max_hp_gain":10,"max_hp_loss":0,"event_name":"Bonfire Elementals","floor":36,"gold_loss":0},{"damage_healed":0,"gold_gain":100,"player_choice":"Pray","damage_taken":0,"max_hp_gain":0,"max_hp_loss":0,"event_name":"Golden Shrine","floor":45,"gold_loss":0}],"is_beta":false,"boss_relics":[{"not_picked":["Snecko Eye","Velvet Choker"],"picked":"FrozenCore"},{"not_picked":["Black Star","SacredBark"],"picked":"Pandora\u0027s Box"}],"items_purged_floors":[4,46],"is_endless":false,"potions_floor_spawned":[2,5,12,13,19,24,28,37,38,41,42,48],"killed_by":"The Heart","ascension_level":0}}