{"host":"aryqrlgvv7cx3d7m","time":1609544052,"event":{"mods":["AchievementEnabler","BaseMod","Downfall","GungeonMod","Hermit","Infinite Spire","Jorbs\u0027s Wanderer Trilogy","KinomotoSakuraMod(????)","Koishi","Lobotomy","Marisa????????","Minty Spire (QoL Compilation)","Reimu??????","Remilia??????","Replay The Spire","StSLib","Td1madao Mod","The Administrix","The Animator","The Construct","The Cursed","The Disciple","The Hierophant","The IronCluck","The Necromancer","The Poker Player","The Runesmith","The Servant 0.9.4"],"gold_per_floor":[113,113,124,124,135,135,36,36,60,78,3,18,18,32,32,132,132,151,151,0,11,11,11,31,31,81,81,100,117,117,68,68,175,175,197,251,251,251,251],"floor_reached":38,"playtime":6844,"items_purged":[],"score":514,"play_id":"43912b7e-1878-494d-a4f2-efbdb1c1090d","local_time":"20210101183412","is_ascension_mode":false,"campfire_choices":[{"data":"Endless Agony","floor":6,"key":"SMITH"},{"data":"Sucker Punch","floor":13,"key":"SMITH"},{"data":"PiercingWail","floor":15,"key":"SMITH"},{"floor":23,"key":"REST"},{"data":"Backstab","floor":25,"key":"SMITH"},{"data":"Finisher","floor":27,"key":"SMITH"},{"floor":32,"key":"REST"}],"circlet_count":0,"master_deck":["Strike_G","Strike_G","Strike_G","Strike_G","Defend_G","Defend_G","Defend_G","Defend_G","Defend_G","Survivor+1","Neutralize","Backflip","Iron Wave+1","PiercingWail+1","Endless Agony+1","Blade Dance","Sucker Punch+1","Caltrops","Expertise","Phantasmal Killer","ReplayTheSpireMod:From All Sides","Deadly Poison","RitualDagger","Backstab+1","Finisher+1","Toxin Wave+1","Flying Knee","Underhanded Strike","Hidden Blade","Poisoned Stab","Poison Darts","Dagger Spray+1","Dodge and Roll+1"],"relics":["RedLine:ReiMu","infinitespire:Cubic Diamond","ReplayTheSpireMod:TigerMarble","WristBlade","War Paint","MutagenicStrength","infinitespire:EvilPickle","Honey Jar","Byrd Skull"],"acts_visited":["Exordium","TheCity","TheBeyond"],"potions_floor_usage":[10,10,16,33,33,36,38],"damage_taken":[{"damage":2,"enemies":"Cultist","floor":1,"turns":5},{"damage":1,"enemies":"2 Louse","floor":3,"turns":4},{"damage":0,"enemies":"Jaw Worm","floor":5,"turns":5},{"damage":0,"enemies":"Exordium Thugs","floor":10,"turns":5},{"damage":0,"enemies":"Looter","floor":12,"turns":4},{"damage":0,"enemies":"2 Fungi Beasts","floor":14,"turns":1},{"damage":33,"enemies":"Hexaghost","floor":16,"turns":12},{"damage":5,"enemies":"Shell Parasite","floor":18,"turns":4},{"damage":0,"enemies":"2 Thieves","floor":21,"turns":3},{"damage":5,"enemies":"Snecko","floor":24,"turns":3},{"damage":3,"enemies":"3 Cultists","floor":28,"turns":4},{"damage":0,"enemies":"Centurion and Healer","floor":29,"turns":4},{"damage":55,"enemies":"Pondfish","floor":33,"turns":13},{"damage":13,"enemies":"3 Shapes","floor":35,"turns":3},{"damage":34,"enemies":"2 Orb Walkers","floor":36,"turns":6},{"damage":25,"enemies":"3 Darklings","floor":38,"turns":6}],"seed_played":"-3151187777053107274","potions_obtained":[{"floor":1,"key":"Strength Potion"},{"floor":5,"key":"CunningPotion"},{"floor":14,"key":"Dexterity Potion"},{"floor":28,"key":"SkillPotion"},{"floor":33,"key":"PowerPotion"},{"floor":36,"key":"Strength Potion"}],"is_trial":false,"path_per_floor":["M","?","M","?","M","R","$","?","T","M","$","M","R","M","R","B",null,"M","?","$","M","$","R","M","R","T","R","M","M","?","$","R","B",null,"M","?","?","M"],"character_chosen":"THE_SILENT","items_purchased":["Blade Dance","FearPotion","Caltrops","Backstab","Finisher","champ:CounterPotion","Poisoned Stab"],"campfire_rested":2,"item_purchase_floors":[7,7,11,20,20,20,31],"current_hp_per_floor":[68,68,67,67,67,67,67,67,67,67,67,67,67,67,67,34,70,65,59,59,59,59,70,65,65,65,65,62,62,62,62,70,15,70,57,23,23,0,0],"gold":251,"neow_bonus":"BOSS_RELIC","is_daily":false,"chose_seed":false,"campfire_upgraded":5,"win_rate":0.0,"timestamp":1609544052,"path_taken":["M","?","?","?","M","R","$","?","T","M","?","?","R","M","R","BOSS","M","?","$","M","$","R","M","R","T","R","M","M","?","?","R","BOSS","M","?","?","M"],"items_purchased_type":["Card","Potion","Card","Card","Card","Potion","Card"],"build_version":"2020-12-22","purchased_purges":0,"victory":false,"max_hp_per_floor":[70,70,70,70,70,70,70,70,70,70,70,70,70,70,70,70,70,70,70,70,70,70,70,70,70,70,70,70,70,70,70,70,70,70,70,70,70,70,70],"card_choices":[{"not_picked":["Escape Plan","Outmaneuver"],"picked":"Backflip","floor":1},{"not_picked":["Sucker Punch","Acrobatics"],"picked":"PiercingWail","floor":3},{"not_picked":["Backflip","Deflect"],"picked":"Endless Agony","floor":5},{"not_picked":["Distraction","PiercingWail"],"picked":"Sucker Punch","floor":10},{"not_picked":["Dagger Throw","PiercingWail"],"picked":"Expertise","floor":12},{"not_picked":["Sucker Punch","Outmaneuver"],"picked":"Phantasmal Killer","floor":14},{"not_picked":["Venomology","ReplayTheSpireMod:Necrosis"],"picked":"ReplayTheSpireMod:From All Sides","floor":16},{"not_picked":["Quick Slash","Eviscerate"],"picked":"Deadly Poison","floor":18},{"not_picked":["Outmaneuver","Backflip"],"picked":"Toxin Wave","floor":21},{"not_picked":["Toxin Wave","Doppelganger"],"picked":"Flying Knee","floor":24},{"not_picked":["Deflect","Dagger Throw"],"picked":"Underhanded Strike","floor":28},{"not_picked":["Dagger Throw","Finisher"],"picked":"Hidden Blade","floor":29},{"not_picked":["Envenom","infinitespire:Neurotoxin"],"picked":"Poison Darts","floor":33},{"not_picked":["Dodge and Roll","Underhanded Strike","Heel Hook"],"picked":"Dagger Spray+1","floor":35},{"not_picked":["Distraction","Wraith Form v2","Blur"],"picked":"Dodge and Roll+1","floor":36}],"player_experience":6942,"relics_obtained":[{"floor":9,"key":"ReplayTheSpireMod:TigerMarble"},{"floor":26,"key":"War Paint"},{"floor":36,"key":"Byrd Skull"}],"event_choices":[{"cards_removed":["Strike_G"],"damage_healed":0,"gold_gain":0,"player_choice":"Took Card","damage_taken":0,"max_hp_gain":0,"max_hp_loss":0,"event_name":"NoteForYourself","floor":2,"gold_loss":0,"cards_obtained":["Iron Wave"]},{"damage_healed":0,"gold_gain":0,"player_choice":"Grow","damage_taken":0,"max_hp_gain":0,"max_hp_loss":0,"event_name":"Living Wall","floor":8,"gold_loss":0,"cards_upgraded":["Iron Wave"]},{"damage_healed":0,"gold_gain":0,"player_choice":"Joined the Cult","damage_taken":6,"max_hp_gain":0,"max_hp_loss":0,"event_name":"Nest","floor":19,"gold_loss":0,"cards_obtained":["RitualDagger"]},{"damage_healed":0,"gold_gain":0,"player_choice":"Inject Mutagens","damage_taken":0,"relics_obtained":["MutagenicStrength"],"max_hp_gain":0,"max_hp_loss":0,"event_name":"Drug Dealer","floor":30,"gold_loss":0},{"damage_healed":0,"gold_gain":0,"player_choice":"Fight","damage_taken":0,"max_hp_gain":0,"max_hp_loss":0,"event_name":"Mysterious Sphere","floor":36,"gold_loss":0},{"damage_healed":0,"gold_gain":0,"player_choice":"Bought 0 Potions","damage_taken":0,"max_hp_gain":0,"max_hp_loss":0,"event_name":"The Woman in Blue","floor":37,"gold_loss":0}],"is_beta":false,"boss_relics":[{"not_picked":["infinitespire:Cupcake","Cursed Key"],"picked":"WristBlade"},{"not_picked":["Runic Pyramid","Busted Crown"],"picked":"Honey Jar"}],"items_purged_floors":[],"is_endless":false,"potions_floor_spawned":[1,5,14,28,33,36],"killed_by":"3 Darklings","ascension_level":0}}