{"host":"coame8l8goqx0svj","time":1609505160,"event":{"mods":["BaseMod","Downfall","Minty Spire (QoL Compilation)","StSLib"],"gold_per_floor":[99,99,99,99,99,124,124,135,135,135,40,40,40,55,69,69,69,69],"floor_reached":16,"playtime":658,"items_purged":[],"score":168,"play_id":"7cc3ed98-7fd9-40f1-af5b-bd3b16cb995b","local_time":"20210101134600","is_ascension_mode":true,"campfire_choices":[{"data":"champ:Taunt","floor":1,"key":"SMITH"},{"floor":9,"key":"REST"},{"floor":13,"key":"REST"}],"circlet_count":0,"master_deck":["AscendersBane","champ:Strike","champ:Strike","champ:Strike","champ:Defend","champ:Defend","champ:Defend","champ:Defend","champ:Execute","champ:Taunt+1","champ:Haymaker","champ:SwordSigil","champ:GladiatorsShout","champ:BladeFlurry","champ:GladiatorStyle","champ:Aggression","champ:Balance"],"relics":["champ:ChampionCrown","downfall:HeartsMalice","Smiling Mask","Bottled Flame","downfall:BrokenWingStatue"],"acts_visited":["Exordium"],"potions_floor_usage":[16],"damage_taken":[{"damage":0,"enemies":"Small Slimes","floor":2,"turns":1},{"damage":0,"enemies":"2 Louse","floor":3,"turns":1},{"damage":0,"enemies":"Cultist","floor":5,"turns":1},{"damage":72,"enemies":"Lagavulin","floor":6,"turns":9},{"damage":5,"enemies":"Large Slime","floor":8,"turns":6},{"damage":0,"enemies":"downfall:FleeingMerchant","floor":11,"turns":4},{"damage":19,"enemies":"3 Louse","floor":14,"turns":4},{"damage":0,"enemies":"Exordium Wildlife","floor":15,"turns":3},{"damage":36,"enemies":"downfall:Defect","floor":16,"turns":5}],"seed_played":"-7192453291848181560","potions_obtained":[{"floor":14,"key":"champ:OpenerPotion"},{"floor":15,"key":"LiquidBronze"}],"is_trial":false,"path_per_floor":["R","M","M","?","M","E","T","M","R","?","$","?","R","M","M","B"],"character_chosen":"THE_CHAMP","items_purchased":["champ:Aggression"],"campfire_rested":2,"item_purchase_floors":[11],"current_hp_per_floor":[73,73,73,73,73,11,11,11,35,35,35,30,54,35,35,0,0,0],"gold":69,"neow_bonus":"THREE_ENEMY_KILL","is_daily":false,"chose_seed":false,"campfire_upgraded":1,"win_rate":0.0,"timestamp":1609505160,"path_taken":["R","M","M","?","M","E","T","M","R","?","$","?","R","?","M","BOSS"],"items_purchased_type":["Card"],"build_version":"2020-12-22","purchased_purges":0,"victory":false,"max_hp_per_floor":[81,81,81,81,81,81,81,81,81,81,81,81,81,81,81,81,81,81],"card_choices":[{"not_picked":["champ:BringItOn","champ:RageSigil"],"picked":"champ:Haymaker","floor":2},{"not_picked":["champ:BladeFlurry","champ:PerfectedStrike"],"picked":"champ:SwordSigil","floor":3},{"not_picked":["champ:HeartStrike","champ:PerfectedStrike"],"picked":"champ:GladiatorsShout","floor":5},{"not_picked":["champ:StanceDance","champ:DefensiveStyle"],"picked":"champ:BladeFlurry","floor":6},{"not_picked":["champ:BladeFlurry","champ:FlashCut"],"picked":"champ:GladiatorStyle","floor":8},{"not_picked":["champ:GutPunch","champ:Control","champ:BerserkerStyle"],"picked":"SKIP","floor":11},{"not_picked":["champ:SkillfulDodge","champ:ShieldWall"],"picked":"champ:Balance","floor":14},{"not_picked":["champ:BerserkerStyle","champ:FlashCut","champ:StanceDance"],"picked":"SKIP","floor":15}],"player_experience":1735074,"relics_obtained":[{"floor":6,"key":"Smiling Mask"},{"floor":7,"key":"Bottled Flame"}],"event_choices":[],"is_beta":false,"boss_relics":[],"items_purged_floors":[],"is_endless":false,"potions_floor_spawned":[14,15],"killed_by":"downfall:Defect","ascension_level":15}}