{"host":"3kdwm9n4ehf6yd4s","time":1609529583,"event":{"mods":["BaseMod","GifTheSpireLib","Minty Spire (QoL Compilation)","Quick Restart","Replay The Spire","StSLib"],"gold_per_floor":[110,285,380,395,470,496,496,496,496],"floor_reached":8,"playtime":219,"items_purged":[],"score":57,"play_id":"968a1255-80b3-4f44-816a-65e2d00b30b0","local_time":"20210101123303","is_ascension_mode":true,"campfire_choices":[],"circlet_count":0,"master_deck":["Strike_B","Strike_B","Strike_B","Strike_B","Defend_B","Defend_B","Defend_B","Defend_B","Zap","Dualcast","FIFO Queue","Doubt","White Noise+1","Sweeping Beam","BasicCrystalCard","Ball Lightning","Force Field"],"relics":["Cracked Core","Centennial Puzzle"],"acts_visited":["Exordium"],"potions_floor_usage":[6,6],"damage_taken":[{"damage":6,"enemies":"2 Louse","floor":1,"turns":3},{"damage":10,"enemies":"Jaw Worm","floor":4,"turns":4},{"damage":11,"enemies":"Gremlin Nob","floor":6,"turns":4},{"damage":37,"enemies":"Lagavulin","floor":8,"turns":7}],"seed_played":"6238187635419657205","potions_obtained":[{"floor":1,"key":"EssenceOfSteel"},{"floor":4,"key":"Explosive Potion"},{"floor":6,"key":"Elixir"}],"is_trial":false,"path_per_floor":["M","?","?","M","?","E","?","E"],"character_chosen":"DEFECT","items_purchased":[],"campfire_rested":0,"item_purchase_floors":[],"current_hp_per_floor":[76,76,56,46,35,24,24,0,0],"gold":496,"neow_bonus":"TEN_PERCENT_HP_BONUS","is_daily":false,"chose_seed":false,"campfire_upgraded":0,"win_rate":0.0,"timestamp":1609529583,"path_taken":["M","?","?","?","?","E","?","E"],"items_purchased_type":[],"build_version":"2020-12-22","purchased_purges":0,"victory":false,"max_hp_per_floor":[82,82,82,82,82,82,82,82,82],"card_choices":[{"not_picked":["Rip and Tear","Rebound"],"picked":"FIFO Queue","floor":1},{"not_picked":["Ball Lightning","Reinforced Body"],"picked":"White Noise","floor":3},{"not_picked":["Beam Cell","Streamline"],"picked":"Sweeping Beam","floor":3},{"not_picked":["ReplayTheSpireMod:Repulse","Gash"],"picked":"BasicCrystalCard","floor":3},{"not_picked":["Cold Snap","Hologram"],"picked":"Ball Lightning","floor":4},{"not_picked":["Hologram","Meteor Strike"],"picked":"Force Field","floor":6}],"player_experience":133557,"relics_obtained":[{"floor":6,"key":"Centennial Puzzle"}],"event_choices":[{"damage_healed":0,"gold_gain":175,"player_choice":"AGREE","damage_taken":0,"max_hp_gain":0,"max_hp_loss":0,"event_name":"Liars Game","floor":2,"gold_loss":0,"cards_obtained":["Doubt"]},{"damage_healed":0,"gold_gain":75,"player_choice":"Gather Gold","damage_taken":11,"max_hp_gain":0,"max_hp_loss":0,"event_name":"World of Goop","floor":5,"gold_loss":0},{"damage_healed":0,"gold_gain":0,"player_choice":"Grow","damage_taken":0,"max_hp_gain":0,"max_hp_loss":0,"event_name":"Living Wall","floor":7,"gold_loss":0,"cards_upgraded":["White Noise"]}],"is_beta":false,"boss_relics":[],"items_purged_floors":[],"is_endless":false,"potions_floor_spawned":[1,4,6],"killed_by":"Lagavulin","ascension_level":1}}