{"host":"jlioisuqr94vbevf","time":1609541238,"event":{"mods":["BaseMod","Minty Spire (QoL Compilation)"],"gold_per_floor":[116,136,150,163,163,190,247,247,247,322,219,219,229,240,240,339,339,352,367,367,387,94,94,14,14,38,63,75,75,24,34,34,137,137,156,169,22,42,42,68,79,89,113,113,113,113,125,47,47,47,47],"floor_reached":50,"playtime":3555,"items_purged":[],"score":643,"play_id":"2dcbad85-6b5c-4b6f-986d-94648d45de79","local_time":"20210101234718","is_ascension_mode":true,"campfire_choices":[{"floor":8.0,"key":"REST"},{"floor":15.0,"key":"REST"},{"floor":23.0,"key":"REST"},{"data":"Loop","floor":25.0,"key":"SMITH"},{"floor":29.0,"key":"REST"},{"floor":32.0,"key":"REST"},{"floor":45,"key":"REST"},{"floor":49,"key":"REST"}],"circlet_count":0,"master_deck":["Strike_B+1","Strike_B+1","Strike_B+1","Defend_B+1","Defend_B+1","Defend_B+1","Defend_B+1","Zap+1","Dualcast+1","Hologram+1","Beam Cell+1","Streamline+1","Steam+1","Auto Shields+1","Cold Snap+1","Stack+1","Rebound+1","Coolheaded+1","Sunder+1","Rainbow+1","Barrage+1","Ball Lightning+1","Cold Snap+1","Electrodynamics+1","Loop+1","Echo Form+1","Lockon+1","Cold Snap+1","Redo+1","Seek+1","Glacier+1","Self Repair+1","Conserve Battery+1","Chill+1","Cold Snap+1","Aggregate+1","Conserve Battery+1","Conserve Battery+1","Static Discharge"],"relics":["Cracked Core","Pen Nib","Juzu Bracelet","Question Card","SlaversCollar","Happy Flower","DataDisk","Ancient Tea Set","Fusion Hammer","Anchor","Strawberry","Centennial Puzzle","Mark of the Bloom"],"acts_visited":["Exordium","TheCity","TheBeyond"],"potions_floor_usage":[41],"damage_taken":[{"damage":7.0,"enemies":"2 Louse","floor":1.0,"turns":3.0},{"damage":3.0,"enemies":"Small Slimes","floor":2.0,"turns":2.0},{"damage":0.0,"enemies":"Jaw Worm","floor":3.0,"turns":3.0},{"damage":19.0,"enemies":"Gremlin Gang","floor":4.0,"turns":6.0},{"damage":12.0,"enemies":"Gremlin Nob","floor":6.0,"turns":4.0},{"damage":3.0,"enemies":"Red Slaver","floor":13.0,"turns":3.0},{"damage":0.0,"enemies":"Large Slime","floor":14.0,"turns":3.0},{"damage":30.0,"enemies":"Hexaghost","floor":16.0,"turns":11.0},{"damage":17.0,"enemies":"Chosen","floor":18.0,"turns":4.0},{"damage":27.0,"enemies":"Shell Parasite","floor":19.0,"turns":8.0},{"damage":9.0,"enemies":"Centurion and Healer","floor":21.0,"turns":6.0},{"damage":34.0,"enemies":"Gremlin Leader","floor":27.0,"turns":6.0},{"damage":12.0,"enemies":"Chosen and Byrds","floor":28.0,"turns":4.0},{"damage":2.0,"enemies":"Snecko","floor":31.0,"turns":4.0},{"damage":39.0,"enemies":"Champ","floor":33.0,"turns":12.0},{"damage":22.0,"enemies":"3 Darklings","floor":35.0,"turns":3.0},{"damage":12.0,"enemies":"Orb Walker","floor":36.0,"turns":3.0},{"damage":2.0,"enemies":"4 Shapes","floor":38.0,"turns":5.0},{"damage":20.0,"enemies":"Giant Head","floor":40.0,"turns":9.0},{"damage":0,"enemies":"Jaw Worm Horde","floor":41,"turns":3},{"damage":6,"enemies":"Sphere and 2 Shapes","floor":42,"turns":4},{"damage":10,"enemies":"Writhing Mass","floor":47,"turns":7},{"damage":62,"enemies":"Donu and Deca","floor":50,"turns":13}],"seed_played":"8313812145353420432","potions_obtained":[{"floor":4.0,"key":"Weak Potion"},{"floor":6.0,"key":"PowerPotion"},{"floor":13.0,"key":"SkillPotion"},{"floor":14.0,"key":"Strength Potion"},{"floor":18.0,"key":"Regen Potion"},{"floor":27.0,"key":"AttackPotion"},{"floor":31.0,"key":"Fruit Juice"},{"floor":38.0,"key":"PowerPotion"},{"floor":40.0,"key":"SkillPotion"}],"is_trial":false,"path_per_floor":["M","M","M","M","?","E","?","R","T","?","$","?","M","M","R","B",null,"M","M","?","M","$","R","$","R","T","E","M","R","$","M","R","B",null,"M","M","$","M","?","E","M","M","T","?","R","?","M","$","R","B"],"character_chosen":"DEFECT","items_purchased":["Stack","Rebound","Electrodynamics","Happy Flower","Loop","Cold Snap","Anchor","Static Discharge"],"campfire_rested":7,"item_purchase_floors":[11,11,22,22,24,30,37,48],"current_hp_per_floor":[68,65,65,46,31,19,19,41,41,30,30,30,27,27,49,19,75,58,46,46,37,37,59,59,59,59,25,13,35,35,33,55,21,80,58,46,46,51,51,45,45,46,46,46,72,72,62,62,62,0,0],"gold":47,"neow_bonus":"THREE_CARDS","is_daily":false,"chose_seed":false,"campfire_upgraded":1,"win_rate":0.0,"timestamp":1609541238,"path_taken":["M","M","M","M","?","E","?","R","T","?","$","?","M","M","R","BOSS","M","M","?","M","$","R","?","R","T","E","M","R","$","M","R","BOSS","M","M","$","M","?","E","M","M","T","?","R","?","M","$","R","BOSS"],"items_purchased_type":["Card","Card","Card","Relic","Card","Card","Relic","Card"],"build_version":"2020-12-22","purchased_purges":0,"victory":false,"max_hp_per_floor":[75,75,75,75,75,75,75,75,75,75,75,75,75,75,75,75,75,75,75,75,75,75,75,75,75,75,75,75,75,75,75,75,80,80,80,80,80,80,80,87,87,87,87,87,87,87,87,87,87,87,87],"card_choices":[{"not_picked":["Skim","Scrape"],"picked":"Hologram","floor":0.0},{"not_picked":["Barrage","Turbo"],"picked":"Beam Cell","floor":1.0},{"not_picked":["Hologram","Recycle"],"picked":"Streamline","floor":2.0},{"not_picked":["Go for the Eyes","Darkness"],"picked":"Steam","floor":3.0},{"not_picked":["Chill","Turbo"],"picked":"Auto Shields","floor":4.0},{"not_picked":["Seek","Beam Cell"],"picked":"Cold Snap","floor":6.0},{"not_picked":["Chaos","Stack","Skim"],"picked":"Coolheaded","floor":13.0},{"not_picked":["Hologram","Steam","Leap"],"picked":"Sunder","floor":14.0},{"not_picked":["Core Surge","Fission","All For One"],"picked":"Rainbow","floor":16.0},{"not_picked":["Coolheaded+1","Recycle","Steam"],"picked":"Barrage+1","floor":18.0},{"not_picked":["Rebound","Hologram","Streamline+1"],"picked":"Ball Lightning+1","floor":19.0},{"not_picked":["Chaos","Barrage","Hello World"],"picked":"Cold Snap","floor":21.0},{"not_picked":["Turbo+1","Fission","Barrage"],"picked":"Echo Form","floor":27.0},{"not_picked":["Barrage","Coolheaded+1","Cold Snap"],"picked":"Lockon+1","floor":28.0},{"not_picked":["Tempest","Loop","Compile Driver"],"picked":"Redo","floor":31.0},{"not_picked":["Core Surge","Machine Learning","Electrodynamics"],"picked":"Seek","floor":33.0},{"not_picked":["Coolheaded","Sunder","Cold Snap+1"],"picked":"Glacier","floor":35.0},{"not_picked":["Beam Cell","Steam Power","Go for the Eyes+1"],"picked":"Self Repair","floor":36.0},{"not_picked":["White Noise+1","Hologram+1","Reboot"],"picked":"Conserve Battery","floor":38.0},{"not_picked":["Ball Lightning+1","Double Energy","Aggregate"],"picked":"Chill+1","floor":40.0},{"not_picked":["Double Energy","Coolheaded","Beam Cell+1"],"picked":"Cold Snap+1","floor":41},{"not_picked":["Beam Cell","Rebound","Steam"],"picked":"Aggregate","floor":42},{"not_picked":["Darkness","Steam","Cold Snap+1"],"picked":"Conserve Battery+1","floor":47}],"player_experience":356855,"relics_obtained":[{"floor":6.0,"key":"Pen Nib"},{"floor":9.0,"key":"Juzu Bracelet"},{"floor":26.0,"key":"DataDisk"},{"floor":27.0,"key":"Ancient Tea Set"},{"floor":40.0,"key":"Strawberry"},{"floor":43,"key":"Centennial Puzzle"}],"event_choices":[{"damage_healed":0.0,"max_hp_gain":0.0,"max_hp_loss":0.0,"gold_gain":0.0,"event_name":"Shining Light","player_choice":"Entered Light","floor":5.0,"gold_loss":0.0,"damage_taken":15.0,"cards_upgraded":["Hologram","Strike_B"]},{"damage_healed":0.0,"max_hp_gain":0.0,"max_hp_loss":0.0,"gold_gain":57.0,"event_name":"Golden Wing","player_choice":"Gained Gold","floor":7.0,"gold_loss":0.0,"damage_taken":0.0},{"damage_healed":0.0,"max_hp_gain":0.0,"max_hp_loss":0.0,"gold_gain":75.0,"event_name":"World of Goop","player_choice":"Gather Gold","floor":10.0,"gold_loss":0.0,"damage_taken":11.0},{"damage_healed":0.0,"max_hp_gain":0.0,"max_hp_loss":0.0,"gold_gain":0.0,"event_name":"WeMeetAgain","player_choice":"Gave Potion","floor":12.0,"gold_loss":0.0,"damage_taken":0.0,"relics_obtained":["Question Card"]},{"cards_removed":["Strike_B"],"damage_healed":0.0,"max_hp_gain":0.0,"max_hp_loss":0.0,"gold_gain":0.0,"event_name":"Bonfire Elementals","player_choice":"Offered Basic","floor":20.0,"gold_loss":0.0,"damage_taken":0.0},{"damage_healed":0.0,"max_hp_gain":0.0,"max_hp_loss":0.0,"gold_gain":0.0,"event_name":"Upgrade Shrine","player_choice":"Upgraded","floor":39.0,"gold_loss":0.0,"damage_taken":0.0,"cards_upgraded":["Redo"]},{"damage_healed":0,"gold_gain":0,"player_choice":"Copied","damage_taken":0,"max_hp_gain":0,"max_hp_loss":0,"event_name":"Duplicator","floor":44,"gold_loss":0,"cards_obtained":["Conserve Battery"]},{"damage_healed":0,"gold_gain":0,"player_choice":"Upgrade","damage_taken":0,"relics_obtained":["Mark of the Bloom"],"max_hp_gain":0,"max_hp_loss":0,"event_name":"MindBloom","floor":46,"gold_loss":0,"cards_upgraded":["Strike_B","Strike_B","Defend_B","Defend_B","Defend_B","Defend_B","Zap","Dualcast","Beam Cell","Streamline","Steam","Auto Shields","Cold Snap","Stack","Rebound","Coolheaded","Sunder","Rainbow","Cold Snap","Electrodynamics","Echo Form","Cold Snap","Seek","Glacier","Self Repair","Conserve Battery","Aggregate","Conserve Battery"]}],"is_beta":false,"boss_relics":[{"not_picked":["Coffee Dripper","Pandora\u0027s Box"],"picked":"SlaversCollar"},{"not_picked":["Busted Crown","Empty Cage"],"picked":"Fusion Hammer"}],"items_purged_floors":[],"is_endless":false,"potions_floor_spawned":[4,6,13,14,18,27,31,38,40],"killed_by":"Donu and Deca","ascension_level":4}}