{"host":"480qzmvu0s2e3e6w","time":1609487123,"event":{"mods":["BaseMod","Colored Map","DeckTracker","Minty Spire (QoL Compilation)","StSLib","SuperFastMode"],"gold_per_floor":[117,127,127,141,91,91,103,129,129,129,129,129,158,176,176,276,276,295,65,82,82,97,97,124,124,124,124,124],"floor_reached":27,"playtime":1473,"items_purged":["Strike_B"],"score":313,"play_id":"328660ac-0e62-4339-acbd-36002cc90d19","local_time":"20210101164523","is_ascension_mode":true,"campfire_choices":[{"data":"Dualcast","floor":6.0,"key":"SMITH"},{"floor":12.0,"key":"REST"},{"data":"Fusion","floor":15.0,"key":"SMITH"},{"data":"Darkness","floor":23.0,"key":"SMITH"},{"data":"Turbo","floor":25,"key":"SMITH"}],"circlet_count":0,"master_deck":["Defend_B","Defend_B","Defend_B","Defend_B","Zap+1","Dualcast+1","Electrodynamics","FTL","Turbo+1","Sweeping Beam+1","Tempest","Fusion+1","Coolheaded","Gash","Echo Form","Darkness+1","White Noise","Rebound"],"relics":["Cracked Core","White Beast Statue","Meat on the Bone","Art of War","Inserter","Medical Kit","Eternal Feather"],"acts_visited":["Exordium","TheCity"],"potions_floor_usage":[27],"damage_taken":[{"damage":0.0,"enemies":"2 Louse","floor":1.0,"turns":1.0},{"damage":0.0,"enemies":"Small Slimes","floor":2.0,"turns":2.0},{"damage":2.0,"enemies":"Jaw Worm","floor":4.0,"turns":2.0},{"damage":18.0,"enemies":"Exordium Wildlife","floor":7.0,"turns":3.0},{"damage":22.0,"enemies":"Lagavulin","floor":8.0,"turns":6.0},{"damage":3.0,"enemies":"3 Sentries","floor":13.0,"turns":2.0},{"damage":0.0,"enemies":"3 Louse","floor":14.0,"turns":1.0},{"damage":17.0,"enemies":"Slime Boss","floor":16.0,"turns":7.0},{"damage":8.0,"enemies":"Chosen","floor":18.0,"turns":5.0},{"damage":0.0,"enemies":"Spheric Guardian","floor":20.0,"turns":3.0},{"damage":0.0,"enemies":"3 Cultists","floor":22.0,"turns":2.0},{"damage":61.0,"enemies":"Book of Stabbing","floor":24.0,"turns":6.0},{"damage":35,"enemies":"Gremlin Leader","floor":27,"turns":2}],"seed_played":"2633749231812788649","potions_obtained":[{"floor":4.0,"key":"EssenceOfSteel"},{"floor":8.0,"key":"Swift Potion"},{"floor":13.0,"key":"CultistPotion"},{"floor":14.0,"key":"AttackPotion"},{"floor":16.0,"key":"FairyPotion"},{"floor":18.0,"key":"EntropicBrew"},{"floor":20.0,"key":"DistilledChaos"},{"floor":24.0,"key":"Dexterity Potion"}],"is_trial":false,"path_per_floor":["M","M","?","M","?","R","M","E","T","?","?","R","E","M","R","B",null,"M","$","M","?","M","R","E","R","T","E"],"character_chosen":"DEFECT","items_purchased":["Medical Kit"],"campfire_rested":1,"item_purchase_floors":[19],"current_hp_per_floor":[68,68,68,66,66,66,48,26,26,11,11,33,42,42,42,37,66,58,58,58,58,58,58,34,34,34,0,0],"gold":124,"neow_bonus":"TRANSFORM_CARD","is_daily":false,"chose_seed":false,"campfire_upgraded":4,"win_rate":0.0,"timestamp":1609487123,"path_taken":["M","M","?","M","?","R","M","E","T","?","?","R","E","?","R","BOSS","M","$","M","?","M","R","E","R","T","E"],"items_purchased_type":["Relic"],"build_version":"2020-12-22","purchased_purges":1,"victory":false,"max_hp_per_floor":[75,75,75,75,75,75,75,75,75,75,75,75,75,75,75,75,75,75,75,75,75,75,75,75,75,75,75,75],"card_choices":[{"not_picked":["Barrage","Fusion"],"picked":"FTL","floor":1.0},{"not_picked":["Leap","Go for the Eyes"],"picked":"Turbo","floor":2.0},{"not_picked":["Sweeping Beam","Steam"],"picked":"Tempest","floor":4.0},{"not_picked":["Undo","Ball Lightning"],"picked":"Fusion","floor":7.0},{"not_picked":["All For One","Chill"],"picked":"Coolheaded","floor":8.0},{"not_picked":["Redo","Heatsinks"],"picked":"Gash","floor":13.0},{"not_picked":["Go for the Eyes","Leap","Compile Driver"],"picked":"SKIP","floor":14.0},{"not_picked":["Fission","Machine Learning"],"picked":"Echo Form","floor":16.0},{"not_picked":["Compile Driver","Steam"],"picked":"Darkness","floor":18.0},{"not_picked":["Cold Snap","Beam Cell+1","Steam"],"picked":"SKIP","floor":20.0},{"not_picked":["Go for the Eyes+1","Force Field"],"picked":"White Noise","floor":22.0},{"not_picked":["Cold Snap","Beam Cell"],"picked":"Rebound","floor":24.0}],"player_experience":635364,"relics_obtained":[{"floor":8.0,"key":"White Beast Statue"},{"floor":9.0,"key":"Meat on the Bone"},{"floor":13.0,"key":"Art of War"},{"floor":26,"key":"Eternal Feather"}],"event_choices":[{"damage_healed":0.0,"max_hp_gain":0.0,"max_hp_loss":0.0,"gold_gain":0.0,"cards_transformed":["Strike_B"],"event_name":"Living Wall","player_choice":"Change","floor":3.0,"gold_loss":0.0,"damage_taken":0.0,"cards_obtained":["Sweeping Beam"]},{"cards_removed":["Strike_B"],"damage_healed":0.0,"max_hp_gain":0.0,"max_hp_loss":0.0,"gold_gain":0.0,"event_name":"The Cleric","player_choice":"Card Removal","floor":5.0,"gold_loss":50.0,"damage_taken":0.0},{"damage_healed":0.0,"max_hp_gain":0.0,"max_hp_loss":0.0,"gold_gain":0.0,"event_name":"Shining Light","player_choice":"Entered Light","floor":10.0,"gold_loss":0.0,"damage_taken":15.0,"cards_upgraded":["Sweeping Beam","Zap"]},{"damage_healed":0.0,"max_hp_gain":0.0,"max_hp_loss":0.0,"gold_gain":0.0,"event_name":"Scrap Ooze","player_choice":"Fled","floor":11.0,"gold_loss":0.0,"damage_taken":0.0},{"damage_healed":0.0,"max_hp_gain":0.0,"max_hp_loss":0.0,"gold_gain":0.0,"event_name":"Vampires","player_choice":"Ignored","floor":21.0,"gold_loss":0.0,"damage_taken":0.0}],"is_beta":false,"boss_relics":[{"not_picked":["Runic Pyramid","SlaversCollar"],"picked":"Inserter"}],"items_purged_floors":[19],"is_endless":false,"potions_floor_spawned":[4,8,13,14,16,18,20,22,24],"killed_by":"Gremlin Leader","ascension_level":6}}