{"host":"a5zr8hf2yymwt50u","time":1609473890,"event":{"mods":["BaseMod","Colored Map","Minty Spire (QoL Compilation)","StSLib"],"gold_per_floor":[111,128,138,138,157,183,183,213,240,251,251,231,242,156,156,255,255,273,292,292,324,335,367,367,317,364,162,195,195,126,144,144,242,242,253,269,287,287,90,90,90,105,181,181,195,224,224,26,26,26],"floor_reached":51,"playtime":3010,"items_purged":["Strike_R","Defend_R","Defend_R","Defend_R","Strike_R"],"score":950,"play_id":"f4ca71ab-0f36-42d7-8bad-fc539c4ce8ea","local_time":"20210101130450","is_ascension_mode":true,"campfire_choices":[{"data":"Bash","floor":7,"key":"SMITH"},{"data":"Anger","floor":11,"key":"SMITH"},{"data":"Perfected Strike","floor":15,"key":"SMITH"},{"floor":24,"key":"REST"},{"floor":29,"key":"REST"},{"floor":32,"key":"REST"},{"floor":40,"key":"RECALL"},{"floor":44,"key":"REST"},{"floor":47,"key":"REST"},{"floor":49,"key":"REST"}],"circlet_count":0,"master_deck":["Strike_R+1","Strike_R","Strike_R+1","Bash+1","Clash","Heavy Blade","Cleave","Perfected Strike","Anger+1","Bludgeon","Perfected Strike+1","Twin Strike","Inflame","Berserk","Iron Wave","Pommel Strike+1","RitualDagger","Iron Wave","Iron Wave","Demon Form","Pummel","Exhume","Shockwave+1","Cleave+1","Flex+1","Enlightenment","Perfected Strike","Iron Wave+1","Dropkick+1"],"relics":["Burning Blood","Smiling Mask","Akabeko","Oddly Smooth Stone","Fusion Hammer","Red Mask","Omamori","Strawberry","Regal Pillow","MealTicket","Snecko Eye","Medical Kit","Paper Frog","Gremlin Horn","Red Skull"],"acts_visited":["Exordium","TheCity","TheBeyond"],"potions_floor_usage":[8,16,16,21,33,36,42,46,50],"damage_taken":[{"damage":5,"enemies":"Small Slimes","floor":1,"turns":4},{"damage":2,"enemies":"Jaw Worm","floor":2,"turns":3},{"damage":0,"enemies":"Cultist","floor":3,"turns":2},{"damage":4,"enemies":"3 Louse","floor":5,"turns":2},{"damage":31,"enemies":"Gremlin Nob","floor":6,"turns":4},{"damage":10,"enemies":"3 Sentries","floor":8,"turns":6},{"damage":2,"enemies":"Blue Slaver","floor":10,"turns":2},{"damage":3,"enemies":"2 Fungi Beasts","floor":13,"turns":2},{"damage":48,"enemies":"The Guardian","floor":16,"turns":8},{"damage":5,"enemies":"2 Thieves","floor":18,"turns":2},{"damage":16,"enemies":"Shell Parasite","floor":19,"turns":3},{"damage":0,"enemies":"Masked Bandits","floor":21,"turns":2},{"damage":24,"enemies":"Snake Plant","floor":22,"turns":3},{"damage":31,"enemies":"Slavers","floor":23,"turns":5},{"damage":17,"enemies":"Gremlin Leader","floor":28,"turns":6},{"damage":0,"enemies":"3 Cultists","floor":31,"turns":2},{"damage":52,"enemies":"Collector","floor":33,"turns":5},{"damage":14,"enemies":"3 Shapes","floor":35,"turns":3},{"damage":3,"enemies":"3 Darklings","floor":36,"turns":2},{"damage":0,"enemies":"Transient","floor":37,"turns":5},{"damage":24,"enemies":"Maw","floor":42,"turns":5},{"damage":0,"enemies":"Writhing Mass","floor":45,"turns":3},{"damage":8,"enemies":"Giant Head","floor":46,"turns":3},{"damage":54,"enemies":"Donu and Deca","floor":50,"turns":4}],"seed_played":"-1731372530579071881","potions_obtained":[{"floor":1,"key":"SmokeBomb"},{"floor":5,"key":"Ancient Potion"},{"floor":6,"key":"SteroidPotion"},{"floor":10,"key":"LiquidMemories"},{"floor":12,"key":"AttackPotion"},{"floor":19,"key":"SneckoOil"},{"floor":28,"key":"FairyPotion"},{"floor":33,"key":"Energy Potion"},{"floor":35,"key":"Ancient Potion"},{"floor":36,"key":"Block Potion"},{"floor":42,"key":"ColorlessPotion"}],"is_trial":false,"path_per_floor":["M","M","M","?","M","E","R","E","T","M","R","?","M","$","R","B",null,"M","M","?","?","M","E","R","$","T","$","E","R","?","M","R","B",null,"M","M","M","?","$","R","?","M","T","R","M","E","R","$","R","B",null],"character_chosen":"IRONCLAD","items_purchased":["Inflame","Demon Form","Medical Kit","Red Skull"],"campfire_rested":6,"item_purchase_floors":[14,27,39,48],"current_hp_per_floor":[88,88,88,70,72,47,47,43,43,47,47,47,50,50,50,8,68,69,59,53,59,41,16,42,42,49,49,38,81,81,87,95,49,84,76,79,85,85,95,95,95,77,77,95,95,93,95,95,95,47],"gold":26,"neow_bonus":"TEN_PERCENT_HP_BONUS","is_daily":false,"chose_seed":false,"campfire_upgraded":3,"win_rate":0.0,"timestamp":1609473890,"path_taken":["M","M","M","?","M","E","R","E","T","M","R","?","?","$","R","BOSS","M","M","?","?","M","E","R","$","T","$","E","R","?","?","R","BOSS","M","M","M","?","$","R","?","M","T","R","?","E","R","$","R","BOSS"],"items_purchased_type":["Card","Card","Relic","Relic"],"build_version":"2020-12-22","purchased_purges":5,"victory":true,"max_hp_per_floor":[88,88,88,88,88,88,88,88,88,88,88,88,88,88,88,88,88,88,88,88,88,88,88,88,88,95,95,95,95,95,95,95,95,95,95,95,95,95,95,95,95,95,95,95,95,95,95,95,95,95],"card_choices":[{"not_picked":["Infernal Blade","Headbutt"],"picked":"Clash","floor":1},{"not_picked":["Sword Boomerang","Fire Breathing"],"picked":"Heavy Blade","floor":2},{"not_picked":["Battle Trance","Warcry"],"picked":"Cleave","floor":3},{"not_picked":["Shrug It Off","Havoc"],"picked":"Perfected Strike","floor":5},{"not_picked":["Ghostly Armor","Havoc"],"picked":"Anger","floor":6},{"not_picked":["Dark Embrace","Shrug It Off"],"picked":"Bludgeon","floor":8},{"not_picked":["Reckless Charge","Sword Boomerang"],"picked":"Perfected Strike","floor":10},{"not_picked":["Iron Wave","Warcry"],"picked":"Twin Strike","floor":13},{"not_picked":["Brutality","Fiend Fire"],"picked":"Berserk","floor":16},{"not_picked":["Ghostly Armor+1","Sword Boomerang"],"picked":"Iron Wave","floor":18},{"not_picked":["Havoc","Perfected Strike"],"picked":"Pommel Strike+1","floor":19},{"not_picked":["Shrug It Off","Warcry"],"picked":"Iron Wave","floor":22},{"not_picked":["Clothesline","Havoc"],"picked":"Iron Wave","floor":23},{"not_picked":["Searing Blow","Ghostly Armor"],"picked":"Pummel","floor":28},{"not_picked":["Bloodletting","Armaments","Pommel Strike"],"picked":"SKIP","floor":31},{"not_picked":["Feed","Fiend Fire"],"picked":"Exhume","floor":33},{"not_picked":["Battle Trance","Disarm"],"picked":"Shockwave+1","floor":35},{"not_picked":["Wild Strike","Searing Blow"],"picked":"Cleave+1","floor":36},{"not_picked":["Clothesline","Intimidate+1"],"picked":"Flex+1","floor":37},{"not_picked":["Madness","Good Instincts"],"picked":"Enlightenment","floor":38},{"not_picked":["Seeing Red+1","Havoc"],"picked":"Iron Wave+1","floor":42},{"not_picked":["Headbutt+1","Body Slam"],"picked":"Dropkick+1","floor":45},{"not_picked":["Pommel Strike","Juggernaut","Cleave+1"],"picked":"SKIP","floor":46}],"player_experience":241084,"relics_obtained":[{"floor":6,"key":"Smiling Mask"},{"floor":8,"key":"Akabeko"},{"floor":9,"key":"Oddly Smooth Stone"},{"floor":21,"key":"Red Mask"},{"floor":23,"key":"Omamori"},{"floor":26,"key":"Strawberry"},{"floor":28,"key":"Regal Pillow"},{"floor":43,"key":"Paper Frog"},{"floor":46,"key":"Gremlin Horn"}],"event_choices":[{"damage_healed":0,"gold_gain":0,"player_choice":"Entered Light","damage_taken":18,"max_hp_gain":0,"max_hp_loss":0,"event_name":"Shining Light","floor":4,"gold_loss":0,"cards_upgraded":["Strike_R","Strike_R"]},{"damage_healed":0,"gold_gain":0,"player_choice":"Bought 1 Potion","damage_taken":0,"max_hp_gain":0,"max_hp_loss":0,"event_name":"The Woman in Blue","floor":12,"gold_loss":0},{"damage_healed":0,"gold_gain":0,"player_choice":"Joined the Cult","damage_taken":6,"max_hp_gain":0,"max_hp_loss":0,"event_name":"Nest","floor":20,"gold_loss":0,"cards_obtained":["RitualDagger"]},{"damage_healed":0,"gold_gain":0,"player_choice":"Fought Bandits","damage_taken":0,"max_hp_gain":0,"max_hp_loss":0,"event_name":"Masked Bandits","floor":21,"gold_loss":0},{"damage_healed":0,"gold_gain":0,"player_choice":"Paid Gold","damage_taken":0,"relics_obtained":["MealTicket"],"max_hp_gain":0,"max_hp_loss":0,"event_name":"WeMeetAgain","floor":30,"gold_loss":69},{"damage_healed":0,"gold_gain":0,"player_choice":"Memory 1","damage_taken":0,"max_hp_gain":0,"max_hp_loss":0,"event_name":"SensoryStone","floor":38,"gold_loss":0},{"damage_healed":0,"gold_gain":0,"cards_transformed":["Defend_R"],"player_choice":"Transformed","damage_taken":0,"max_hp_gain":0,"max_hp_loss":0,"event_name":"Transmorgrifier","floor":41,"gold_loss":0,"cards_obtained":["Perfected Strike"]}],"is_beta":false,"boss_relics":[{"not_picked":["Velvet Choker","Sozu"],"picked":"Fusion Hammer"},{"not_picked":["SacredBark","Pandora\u0027s Box"],"picked":"Snecko Eye"}],"items_purged_floors":[14,25,27,39,48],"is_endless":false,"potions_floor_spawned":[1,5,6,10,13,19,28,33,35,36,42],"ascension_level":5}}