{"host":"ssbj2e5691x5ub3h","time":1609462569,"event":{"mods":["BaseMod","Duelist Mod","Minty Spire (QoL Compilation)","StSLib"],"gold_per_floor":[136,136,55,55,70,70,84,115,167,167,167,117,160,178,178,268,268,286,286,211,261,285,325,325,346,423,444,457,480,480,515,515,614,614,635,699,593,593,616,616,616],"floor_reached":40,"playtime":2083,"items_purged":["Decay","theDuelist:Sparks"],"score":849,"play_id":"efb3c2ad-9939-4711-a798-adbd7d9ab697","local_time":"20201231225609","is_ascension_mode":true,"campfire_choices":[{"data":"theDuelist:BeastFangs","floor":6,"key":"SMITH"},{"data":"theDuelist:SilverApples","floor":10,"key":"SMITH"},{"floor":15,"key":"REST"},{"floor":24,"key":"REST"},{"floor":30,"key":"REST"},{"floor":32,"key":"REST"}],"circlet_count":0,"master_deck":["theDuelist:AngelTrumpeter","AscendersBane","theDuelist:CactusBouncer","theDuelist:CastleWalls","theDuelist:CastleWalls","theDuelist:DarkworldThorns","theDuelist:Inmato","theDuelist:JerryBeansMan","theDuelist:JerryBeansMan","theDuelist:PredaplantPterapenthes","theDuelist:BeastFangs+1","theDuelist:VioletCrystal","theDuelist:SilverApples+1","theDuelist:SuperSolarNutrient","theDuelist:WhiteRoseDragon","theDuelist:RoseWitch","theDuelist:RevivalRose","theDuelist:PlantFoodChain","theDuelist:GracefulCharity","theDuelist:LordPoison","theDuelist:TwilightRoseKnight","theDuelist:PredaplantChlamydosundew","theDuelist:QueenAngelRoses","theDuelist:WorldCarrot+1","theDuelist:BotanicalLion","theDuelist:PredaplantChlamydosundew","theDuelist:BlossomBombardment+1","theDuelist:Invigoration","theDuelist:BirdRoses","theDuelist:BotanicalLion","theDuelist:TwilightRoseKnight"],"relics":["theDuelist:MillenniumPuzzle","theDuelist:CardPoolRelic","theDuelist:CardPoolBasicRelic","theDuelist:BoosterPackPoolRelic","theDuelist:CardPoolAddRelic","theDuelist:CardPoolMinusRelic","theDuelist:CardPoolSaveRelic","theDuelist:CardPoolOptionsRelic","Golden Idol","Lantern","Smiling Mask","Bag of Preparation","Fusion Hammer","Strawberry","Eternal Feather","Self Forming Clay","SacredBark","CaptainsWheel","TungstenRod","Ice Cream"],"acts_visited":["Exordium","TheCity","TheBeyond"],"potions_floor_usage":[8,23,29,33,33],"damage_taken":[{"damage":1,"enemies":"Cultist","floor":1,"turns":4},{"damage":0,"enemies":"Small Slimes","floor":5,"turns":4},{"damage":7,"enemies":"Jaw Worm","floor":7,"turns":5},{"damage":14,"enemies":"Gremlin Nob","floor":8,"turns":4},{"damage":2,"enemies":"3 Sentries","floor":13,"turns":8},{"damage":3,"enemies":"Blue Slaver","floor":14,"turns":3},{"damage":32,"enemies":"The Guardian","floor":16,"turns":14},{"damage":6,"enemies":"Chosen","floor":18,"turns":6},{"damage":0,"enemies":"Spheric Guardian","floor":22,"turns":8},{"damage":0,"enemies":"Slavers","floor":23,"turns":3},{"damage":0,"enemies":"Shelled Parasite and Fungi","floor":25,"turns":5},{"damage":27,"enemies":"Chosen and Byrds","floor":27,"turns":5},{"damage":10,"enemies":"Cultist and Chosen","floor":28,"turns":6},{"damage":19,"enemies":"Snecko","floor":29,"turns":4},{"damage":39,"enemies":"Book of Stabbing","floor":31,"turns":5},{"damage":6,"enemies":"Collector","floor":33,"turns":7},{"damage":0,"enemies":"3 Shapes","floor":35,"turns":3},{"damage":17,"enemies":"3 Shapes","floor":36,"turns":5},{"damage":33,"enemies":"3 Darklings","floor":39,"turns":5},{"damage":60,"enemies":"Giant Head","floor":40,"turns":7}],"seed_played":"-2973363242276495369","potions_obtained":[{"floor":1,"key":"FocusPotion"},{"floor":7,"key":"FearPotion"},{"floor":16,"key":"BlessingOfTheForge"},{"floor":23,"key":"FearPotion"},{"floor":31,"key":"theDuelist:TributeBottle"},{"floor":33,"key":"theDuelist:TributeBottle"}],"is_trial":false,"path_per_floor":["M","$","$","?","M","R","M","E","T","R","?","$","E","M","R","B",null,"M","?","?","?","M","E","R","M","T","M","M","M","R","E","R","B",null,"M","?","$","?","M","E"],"character_chosen":"THE_DUELIST","items_purchased":["theDuelist:VioletCrystal","theDuelist:BotanicalLion"],"campfire_rested":4,"item_purchase_floors":[3,37],"current_hp_per_floor":[62,62,62,62,62,62,55,41,41,41,41,41,39,36,57,25,59,53,53,53,53,53,60,77,77,77,50,40,21,59,20,58,52,71,71,54,54,87,54,0,0],"gold":616,"neow_bonus":"TRANSFORM_CARD","is_daily":false,"chose_seed":false,"campfire_upgraded":2,"win_rate":0.0,"timestamp":1609462569,"path_taken":["M","?","$","?","M","R","?","E","T","R","?","?","E","M","R","BOSS","M","?","?","?","?","E","R","M","T","M","M","M","R","E","R","BOSS","M","?","$","?","M","E"],"items_purchased_type":["Card","Card"],"build_version":"2020-12-22","purchased_purges":2,"victory":false,"max_hp_per_floor":[70,70,70,70,70,70,70,70,70,70,70,70,70,70,70,70,70,70,70,70,70,70,77,77,77,77,77,77,77,77,77,77,77,77,77,77,77,87,87,87,87],"card_choices":[{"not_picked":["theDuelist:ThornMalice","theDuelist:VenomShot","theDuelist:CheerfulCoffin","theDuelist:WorldCarrot"],"picked":"theDuelist:BeastFangs","floor":1},{"not_picked":["theDuelist:JerryBeansMan","theDuelist:Firegrass","theDuelist:WhiteRoseDragon","theDuelist:CheerfulCoffin"],"picked":"theDuelist:SilverApples","floor":5},{"not_picked":["theDuelist:JerryBeansMan","theDuelist:CheerfulCoffin","theDuelist:PredaplantChlamydosundew","theDuelist:DarkworldThorns"],"picked":"theDuelist:SuperSolarNutrient","floor":7},{"not_picked":["theDuelist:CactusBouncer","theDuelist:PredaplantFlytrap","theDuelist:CheerfulCoffin","theDuelist:SilverApples"],"picked":"theDuelist:WhiteRoseDragon","floor":8},{"not_picked":["theDuelist:BottomlessTrapHole","theDuelist:BirdRoses","theDuelist:MiracleFertilizer","theDuelist:AcidTrapHole"],"picked":"theDuelist:RoseWitch","floor":13},{"not_picked":[],"picked":"theDuelist:BeastFangs","floor":14},{"not_picked":["theDuelist:SeedCannon","theDuelist:PlantFoodChain","theDuelist:KamionTimelord","theDuelist:Gigaplant"],"picked":"theDuelist:RevivalRose","floor":16},{"not_picked":["theDuelist:BlossomBombardment","theDuelist:BlackRoseMoonlight","theDuelist:PredaplantSarraceniant","theDuelist:PredaplantChimerafflesia"],"picked":"theDuelist:PlantFoodChain","floor":18},{"not_picked":["theDuelist:RosePaladin+1","theDuelist:CopyPlant+1","theDuelist:PotDuality","theDuelist:PredaplantSpinodionaea"],"picked":"theDuelist:LordPoison","floor":22},{"not_picked":["theDuelist:BotanicalLion","theDuelist:CactusBouncer","theDuelist:WormApocalypse","theDuelist:WhiteRoseDragon"],"picked":"theDuelist:TwilightRoseKnight","floor":23},{"not_picked":["theDuelist:JerryBeansMan+1","theDuelist:PredaplantPterapenthes","theDuelist:BotanicalLion","theDuelist:FrozenRose"],"picked":"theDuelist:PredaplantChlamydosundew","floor":25},{"not_picked":["theDuelist:BeastFangs","theDuelist:RoseArcher","theDuelist:BlackRoseMoonlight","theDuelist:PredaplantSarraceniant+1"],"picked":"theDuelist:QueenAngelRoses","floor":27},{"not_picked":["theDuelist:SangaEarth","theDuelist:DarkworldThorns+1","theDuelist:PredaplantPterapenthes","theDuelist:LordPoison"],"picked":"theDuelist:WorldCarrot+1","floor":28},{"not_picked":["theDuelist:Firegrass","theDuelist:PredaplantPterapenthes","theDuelist:CheerfulCoffin","theDuelist:Inmato"],"picked":"theDuelist:BotanicalLion","floor":29},{"not_picked":["theDuelist:BotanicalLion","theDuelist:WormApocalypse","theDuelist:WhiteRoseDragon","theDuelist:VioletCrystal"],"picked":"theDuelist:PredaplantChlamydosundew","floor":31},{"not_picked":["theDuelist:KamionTimelord+1","theDuelist:BeastFangs","theDuelist:BlackRoseMoonlight+1","theDuelist:PredaplantSarraceniant"],"picked":"theDuelist:BlossomBombardment+1","floor":33},{"not_picked":["theDuelist:CactusBouncer+1","theDuelist:SilverApples","theDuelist:BotanicalLion","theDuelist:BottomlessTrapHole"],"picked":"theDuelist:Invigoration","floor":35},{"not_picked":["theDuelist:WhiteRoseDragon+1","theDuelist:Firegrass","theDuelist:LordPoison+1","theDuelist:CopyPlant"],"picked":"theDuelist:BirdRoses","floor":36},{"not_picked":["theDuelist:Inmato","theDuelist:WitchBlackRose","theDuelist:AcidTrapHole","theDuelist:RosePaladin+1"],"picked":"theDuelist:TwilightRoseKnight","floor":39}],"player_experience":295768,"relics_obtained":[{"floor":8,"key":"Lantern"},{"floor":9,"key":"Smiling Mask"},{"floor":13,"key":"Bag of Preparation"},{"floor":23,"key":"Strawberry"},{"floor":26,"key":"Eternal Feather"},{"floor":31,"key":"Self Forming Clay"},{"floor":36,"key":"CaptainsWheel"},{"floor":36,"key":"TungstenRod"},{"floor":36,"key":"Ice Cream"}],"event_choices":[{"damage_healed":0,"gold_gain":0,"player_choice":"Take Wound","damage_taken":0,"relics_obtained":["Golden Idol"],"max_hp_gain":0,"max_hp_loss":0,"event_name":"Golden Idol","floor":4,"gold_loss":0,"cards_obtained":["Injury"]},{"damage_healed":0,"gold_gain":0,"player_choice":"Cursed","damage_taken":0,"max_hp_gain":0,"max_hp_loss":0,"event_name":"Wheel of Change","floor":11,"gold_loss":0,"cards_obtained":["Decay"]},{"damage_healed":0,"gold_gain":0,"player_choice":"Read","damage_taken":0,"max_hp_gain":0,"max_hp_loss":0,"event_name":"The Library","floor":19,"gold_loss":0,"cards_obtained":["theDuelist:GracefulCharity"]},{"cards_removed":["Injury"],"damage_healed":0,"gold_gain":0,"player_choice":"Gave Gold","damage_taken":0,"max_hp_gain":0,"max_hp_loss":0,"event_name":"Beggar","floor":20,"gold_loss":75},{"damage_healed":0,"gold_gain":50,"player_choice":"Pray","damage_taken":0,"max_hp_gain":0,"max_hp_loss":0,"event_name":"Golden Shrine","floor":21,"gold_loss":0},{"damage_healed":0,"gold_gain":0,"player_choice":"Fight","duelist":true,"damage_taken":0,"max_hp_gain":0,"max_hp_loss":0,"event_name":"Battle City","floor":36,"gold_loss":0},{"cards_removed":["theDuelist:BeastFangs"],"damage_healed":23,"gold_gain":0,"player_choice":"Offered Rare","damage_taken":0,"max_hp_gain":10,"max_hp_loss":0,"event_name":"Bonfire Elementals","floor":38,"gold_loss":0}],"is_beta":false,"boss_relics":[{"not_picked":["Pandora\u0027s Box","Coffee Dripper"],"picked":"Fusion Hammer"},{"not_picked":["theDuelist:ElectricKey","Tiny House"],"picked":"SacredBark"}],"items_purged_floors":[12,37],"is_endless":false,"potions_floor_spawned":[1,7,16,23,27,28,31,33],"killed_by":"Giant Head","ascension_level":17}}