{"host":"wha9hktbkslqvblg","time":1609506876,"event":{"mods":["BaseMod","Colored Map","Minty Spire (QoL Compilation)","Relic Stats","SuperFastMode","everything is the same but u backflip on backflip"],"gold_per_floor":[114,39,39,39,59,88,88,13,40,56,72,106,125,155,155,232,232,250,165,8,58,85,85,95,121,121,121,136,136,147,19,19,93,93,103,128,128,141,151,151,151,151],"floor_reached":41,"playtime":906,"items_purged":["Strike_R","Bash"],"score":933,"play_id":"447c0088-d24f-4c6e-8d58-949272e476b7","local_time":"20210101221436","is_ascension_mode":true,"campfire_choices":[{"data":"Blood for Blood","floor":7.0,"key":"SMITH"},{"floor":15.0,"key":"REST"},{"data":"Pommel Strike","floor":23.0,"key":"SMITH"},{"data":"Uppercut","floor":29,"key":"SMITH"},{"data":"Shrug It Off","floor":32,"key":"SMITH"},{"floor":40,"key":"REST"}],"circlet_count":0,"master_deck":["AscendersBane","Pommel Strike+1","Blood for Blood+1","Feed","Offering","Pommel Strike+1","Double Tap","Uppercut+1","Shrug It Off+1","Evolve","Shrug It Off"],"relics":["Burning Blood","NeowsBlessing","Nunchaku","Tiny Chest","Pocketwatch","Anchor","Pandora\u0027s Box","HornCleat","Happy Flower","Strawberry","Black Star","Prayer Wheel","Gremlin Horn"],"acts_visited":["Exordium","TheCity","TheBeyond"],"potions_floor_usage":[33,39],"damage_taken":[{"damage":0.0,"enemies":"2 Louse","floor":1.0,"turns":1.0},{"damage":0.0,"enemies":"Small Slimes","floor":5.0,"turns":1.0},{"damage":0.0,"enemies":"Lagavulin","floor":6.0,"turns":1.0},{"damage":1.0,"enemies":"Cultist","floor":10.0,"turns":3.0},{"damage":7.0,"enemies":"Looter","floor":11.0,"turns":3.0},{"damage":31.0,"enemies":"Gremlin Nob","floor":12.0,"turns":4.0},{"damage":0.0,"enemies":"Large Slime","floor":13.0,"turns":2.0},{"damage":40.0,"enemies":"Lagavulin","floor":14.0,"turns":7.0},{"damage":39.0,"enemies":"The Guardian","floor":16.0,"turns":11.0},{"damage":6.0,"enemies":"Chosen","floor":18.0,"turns":2.0},{"damage":6.0,"enemies":"Spheric Guardian","floor":24.0,"turns":1.0},{"damage":19.0,"enemies":"Gremlin Leader","floor":25.0,"turns":3.0},{"damage":11.0,"enemies":"Shelled Parasite and Fungi","floor":28.0,"turns":3.0},{"damage":6,"enemies":"Chosen and Byrds","floor":30,"turns":3},{"damage":27,"enemies":"Champ","floor":33,"turns":8},{"damage":8,"enemies":"Orb Walker","floor":35,"turns":2},{"damage":15,"enemies":"Mind Bloom Boss Battle","floor":36,"turns":4},{"damage":12,"enemies":"3 Shapes","floor":38,"turns":3},{"damage":57,"enemies":"Writhing Mass","floor":39,"turns":7},{"damage":39,"enemies":"Giant Head","floor":41,"turns":6}],"seed_played":"3883283268833523890","potions_obtained":[{"floor":5.0,"key":"Strength Potion"},{"floor":6.0,"key":"SteroidPotion"},{"floor":10.0,"key":"Fire Potion"},{"floor":16.0,"key":"Regen Potion"},{"floor":28,"key":"Explosive Potion"},{"floor":35,"key":"AttackPotion"}],"is_trial":false,"path_per_floor":["M","?","$","?","M","E","R","$","T","M","M","E","M","E","R","B",null,"M","?","$","?","T","R","M","E","T","?","M","R","M","$","R","B",null,"M","?","T","M","M","R","E"],"character_chosen":"IRONCLAD","items_purchased":["Double Tap","Shrug It Off"],"campfire_rested":2,"item_purchase_floors":[20,31],"current_hp_per_floor":[74,74,74,74,75,75,75,75,75,75,74,49,55,24,47,14,62,65,65,65,65,65,65,65,55,62,62,60,60,60,60,60,57,87,88,79,79,76,28,59,20,20],"gold":151,"neow_bonus":"THREE_ENEMY_KILL","is_daily":false,"chose_seed":false,"campfire_upgraded":4,"win_rate":0.0,"timestamp":1609506876,"path_taken":["M","?","$","?","M","E","R","$","T","?","M","E","M","E","R","BOSS","M","?","$","?","?","R","?","E","T","?","M","R","M","$","R","BOSS","M","?","?","?","M","R","E"],"items_purchased_type":["Card","Card"],"build_version":"2020-12-22","purchased_purges":2,"victory":false,"max_hp_per_floor":[75,75,75,75,75,75,75,75,75,75,75,75,75,78,78,78,78,81,81,81,81,81,81,81,84,91,91,94,94,94,94,94,97,97,100,100,100,103,106,106,106,106],"relic_stats":{"Nunchaku":[16],"Happy Flower":[12],"Gremlin Horn":[2,2],"counters":[20,75],"Tiny Chest":2,"Pandora\u0027s Box":["Anger","Shrug It Off","Metallicize","Anger","Carnage","Battle Trance","Perfected Strike"],"Prayer Wheel":2,"Black Star":0,"obtain_stats":[{"NeowsBlessing":0,"Happy Flower":25,"Gremlin Horn":37,"Burning Blood":0,"Nunchaku":6,"Anchor":14,"HornCleat":19,"Strawberry":26,"Tiny Chest":9,"Pandora\u0027s Box":17,"Prayer Wheel":36,"Black Star":34,"Pocketwatch":12},{"NeowsBlessing":0,"Happy Flower":12,"Gremlin Horn":17,"Burning Blood":0,"Nunchaku":3,"Anchor":8,"HornCleat":10,"Strawberry":12,"Tiny Chest":3,"Pandora\u0027s Box":9,"Prayer Wheel":17,"Black Star":15,"Pocketwatch":6},{"NeowsBlessing":0,"Happy Flower":39,"Gremlin Horn":59,"Burning Blood":0,"Nunchaku":3,"Anchor":22,"HornCleat":35,"Strawberry":39,"Tiny Chest":3,"Pandora\u0027s Box":33,"Prayer Wheel":59,"Black Star":53,"Pocketwatch":13}],"Burning Blood":98,"Pocketwatch":[65]},"card_choices":[{"not_picked":["Anger","Wild Strike"],"picked":"Pommel Strike","floor":1.0},{"not_picked":["Perfected Strike","Armaments","Havoc"],"picked":"SKIP","floor":5.0},{"not_picked":["Headbutt","Searing Blow","Carnage"],"picked":"SKIP","floor":6.0},{"not_picked":["Sword Boomerang","Anger","Pommel Strike"],"picked":"SKIP","floor":10.0},{"not_picked":["Sword Boomerang","Anger","Pommel Strike"],"picked":"SKIP","floor":10.0},{"not_picked":["Perfected Strike","Havoc","Flex"],"picked":"SKIP","floor":11.0},{"not_picked":["Anger","Clash","Heavy Blade"],"picked":"SKIP","floor":12.0},{"not_picked":["Warcry","Cleave"],"picked":"Feed","floor":13.0},{"not_picked":["Combust","Inflame","Whirlwind"],"picked":"SKIP","floor":14.0},{"not_picked":["Feed","Barricade"],"picked":"Offering","floor":16.0},{"not_picked":["Iron Wave","Cleave"],"picked":"Pommel Strike+1","floor":18.0},{"not_picked":["Pommel Strike+1","Seeing Red","Clothesline"],"picked":"SKIP","floor":24.0},{"not_picked":["Combust","Thunderclap"],"picked":"Uppercut","floor":25.0},{"not_picked":["Heavy Blade","Armaments+1","Thunderclap"],"picked":"SKIP","floor":28},{"not_picked":["Havoc","Ghostly Armor","Sword Boomerang"],"picked":"SKIP","floor":30},{"not_picked":["Clothesline","Havoc","Flex"],"picked":"SKIP","floor":35},{"not_picked":["Thunderclap","Anger"],"picked":"Evolve","floor":38},{"not_picked":["Sword Boomerang","Perfected Strike","Warcry"],"picked":"SKIP","floor":38},{"not_picked":["Body Slam","Reaper"],"picked":"Shrug It Off","floor":39},{"not_picked":["Headbutt","Feel No Pain+1","Reckless Charge"],"picked":"SKIP","floor":39}],"player_experience":918536,"relics_obtained":[{"floor":6.0,"key":"Nunchaku"},{"floor":9.0,"key":"Tiny Chest"},{"floor":12.0,"key":"Pocketwatch"},{"floor":14.0,"key":"Anchor"},{"floor":25.0,"key":"Happy Flower"},{"floor":26.0,"key":"Strawberry"},{"floor":36,"key":"Prayer Wheel"},{"floor":37,"key":"Gremlin Horn"}],"event_choices":[{"cards_removed":["Strike_R"],"damage_healed":0.0,"max_hp_gain":0.0,"max_hp_loss":0.0,"gold_gain":0.0,"event_name":"The Cleric","player_choice":"Card Removal","floor":2.0,"gold_loss":75.0,"damage_taken":0.0},{"damage_healed":0.0,"max_hp_gain":0.0,"max_hp_loss":0.0,"gold_gain":0.0,"event_name":"Match and Keep!","player_choice":"1 cards matched","floor":4.0,"gold_loss":0.0,"damage_taken":0.0,"cards_obtained":["Blood for Blood"]},{"damage_healed":0.0,"max_hp_gain":0.0,"max_hp_loss":0.0,"gold_gain":0.0,"event_name":"Addict","player_choice":"Obtained Relic","floor":19.0,"gold_loss":85.0,"damage_taken":0.0,"relics_obtained":["HornCleat"]},{"damage_healed":0.0,"max_hp_gain":0.0,"max_hp_loss":0.0,"gold_gain":50.0,"event_name":"Nest","player_choice":"Stole From Cult","floor":21.0,"gold_loss":0.0,"damage_taken":0.0},{"damage_healed":0.0,"max_hp_gain":0.0,"max_hp_loss":0.0,"gold_gain":0.0,"event_name":"The Mausoleum","player_choice":"Ignored","floor":27.0,"gold_loss":0.0,"damage_taken":0.0},{"damage_healed":0,"gold_gain":0,"player_choice":"Fight","damage_taken":0,"max_hp_gain":0,"max_hp_loss":0,"event_name":"MindBloom","floor":36,"gold_loss":0}],"is_beta":false,"boss_relics":[{"not_picked":["Runic Dome","Black Blood"],"picked":"Pandora\u0027s Box"},{"not_picked":["Snecko Eye","Calling Bell"],"picked":"Black Star"}],"items_purged_floors":[8,31],"is_endless":false,"potions_floor_spawned":[5,6,10,16,28,30,35],"killed_by":"Giant Head","ascension_level":20}}