{"host":"qc1sjgtdjonvdsd8","time":1609502395,"event":{"mods":["BaseMod","Colored Map","Colored Powertips","Curses Come First","Minty Spire (QoL Compilation)","Replay The Spire","StSLib"],"gold_per_floor":[110,127,127,139,156,185,185,212,294,323,323,338,350,379,379,482,482,500,517,534,43,43,74,74,88,88,88,88,102,102,120,120,222,222,248,275,44,133,133,172,172,216,266,300,76,96,137,164,164,174,174,174,51,98,104,104],"floor_reached":55,"playtime":4699,"items_purged":["Strike_B","Parasite"],"score":793,"play_id":"681ee862-75fc-4f4f-9460-c2fb31fd8948","local_time":"20210101035955","is_ascension_mode":true,"campfire_choices":[{"data":"Zap","floor":7,"key":"SMITH"},{"data":"Conserve Battery","floor":11,"key":"SMITH"},{"floor":15,"key":"REST"},{"floor":24,"key":"REST"},{"data":"Sweeping Beam","floor":27,"key":"SMITH"},{"floor":32,"key":"REST"},{"floor":41,"key":"REST"},{"floor":49,"key":"RECALL"},{"data":"Thunder Strike","floor":52,"key":"SMITH"}],"circlet_count":0,"master_deck":["Strike_B+1","Defend_B+1","Defend_B","Zap+1","Dualcast","Conserve Battery+1","Cold Snap+1","Leap","Thunder Strike+1","Multi-Cast+1","Sweeping Beam+1","Loop+1","Storm+1","Crystallizer+1","Core Surge","CurseOfTheBell","Melter+1","Storm+1","Static Discharge+1","Hologram+1","Coolheaded+1","Panic Button+1"],"relics":["Busted Crown","Nunchaku","Replay:Towering Pillar of Hats","Replay:Bottled Eggs","ReplayTheSpireMod:Lightbulb","Replay:Antivirus Software","Runic Pyramid","Frozen Egg 2","Cables","Meat on the Bone","Matryoshka","Calling Bell","Replay:Bandana","Mummified Hand","Pocketwatch","DollysMirror","Singing Bowl","Replay:WaspNest","Toxic Egg 2","Solar Panel","Art of War","Happy Flower","Simple Rune"],"acts_visited":["Exordium","TheCity","TheBeyond","TheEnding"],"potions_floor_usage":[8,8,18,33,35,40,40,44,47,50],"damage_taken":[{"damage":0,"enemies":"2 Louse","floor":1,"turns":2},{"damage":0,"enemies":"Cultist","floor":2,"turns":3},{"damage":6,"enemies":"Jaw Worm","floor":4,"turns":3},{"damage":3,"enemies":"Red Slaver","floor":5,"turns":3},{"damage":1,"enemies":"Lagavulin","floor":6,"turns":8},{"damage":8,"enemies":"Gremlin Nob","floor":8,"turns":3},{"damage":6,"enemies":"Replay:BlueRogue","floor":10,"turns":7},{"damage":0,"enemies":"Large Slime","floor":12,"turns":5},{"damage":2,"enemies":"2 Fungi Beasts","floor":13,"turns":4},{"damage":29,"enemies":"Gremlin Nob","floor":14,"turns":5},{"damage":20,"enemies":"Slime Boss","floor":16,"turns":10},{"damage":15,"enemies":"Shell Parasite","floor":18,"turns":5},{"damage":0,"enemies":"Chosen","floor":19,"turns":5},{"damage":4,"enemies":"Snecko","floor":20,"turns":5},{"damage":42,"enemies":"Slavers","floor":23,"turns":6},{"damage":11,"enemies":"Shelled Parasite and Fungi","floor":25,"turns":6},{"damage":3,"enemies":"Sentry and Sphere","floor":29,"turns":5},{"damage":5,"enemies":"Cultist and Chosen","floor":31,"turns":5},{"damage":45,"enemies":"Collector","floor":33,"turns":11},{"damage":26,"enemies":"3 Darklings","floor":35,"turns":5},{"damage":5,"enemies":"3 Shapes","floor":36,"turns":6},{"damage":2,"enemies":"Giant Head","floor":40,"turns":8},{"damage":63,"enemies":"Nemesis","floor":42,"turns":5},{"damage":24,"enemies":"Jaw Worm Horde","floor":44,"turns":3},{"damage":6,"enemies":"Sphere and 2 Shapes","floor":46,"turns":2},{"damage":7,"enemies":"Spire Growth","floor":47,"turns":2},{"damage":25,"enemies":"Writhing Mass","floor":48,"turns":4},{"damage":42,"enemies":"Donu and Deca","floor":50,"turns":7},{"damage":43,"enemies":"Shield and Spear","floor":54,"turns":4},{"damage":84,"enemies":"The Heart","floor":55,"turns":3}],"seed_played":"8468215992725537633","potions_obtained":[{"floor":1,"key":"AttackPotion"},{"floor":5,"key":"Toxic Potion"},{"floor":6,"key":"Ancient Potion"},{"floor":8,"key":"LiquidMemories"},{"floor":10,"key":"Doom Potion"},{"floor":18,"key":"Swift Potion"},{"floor":20,"key":"Flashbang"},{"floor":36,"key":"AttackPotion"},{"floor":38,"key":"FairyPotion"},{"floor":42,"key":"Adrenaline Potion"},{"floor":44,"key":"Adrenaline Potion"},{"floor":48,"key":"Reflective Coating"}],"is_trial":false,"path_per_floor":["M","M","?","M","M","E","R","E","T","E","R","M","M","E","R","B",null,"M","M","M","$","?","E","R","M","T","R","?","M","?","M","R","B",null,"M","M","$","?","?","E","R","E","T","M","$","M","M","M","R","B",null,"R","$","E","B"],"character_chosen":"DEFECT","items_purchased":["Frozen Egg 2","Cables","DollysMirror","Static Discharge+1","Happy Flower","Coolheaded+1"],"campfire_rested":4,"item_purchase_floors":[21,21,37,37,45,53],"current_hp_per_floor":[75,75,75,69,66,65,65,57,57,51,51,51,49,20,42,22,75,60,60,56,56,56,14,36,37,37,37,37,46,46,41,63,30,75,49,44,44,28,28,40,63,37,37,33,33,47,56,49,49,21,87,87,84,59,0,0],"gold":104,"neow_bonus":"BOSS_RELIC","is_daily":false,"chose_seed":false,"campfire_upgraded":4,"win_rate":0.0,"timestamp":1609502395,"path_taken":["M","M","?","?","M","E","R","E","T","E","R","M","?","E","R","BOSS","M","M","M","$","?","E","R","M","T","R","?","M","?","?","R","BOSS","M","M","$","?","?","E","R","E","T","M","?","M","M","M","R","BOSS","R","$","E","BOSS"],"items_purchased_type":["Relic","Relic","Relic","Card","Relic","Card"],"build_version":"2020-12-22","purchased_purges":2,"victory":false,"max_hp_per_floor":[75,75,75,75,75,75,75,75,75,75,75,75,75,75,75,75,75,75,75,75,75,75,75,75,75,75,75,75,75,75,75,75,75,75,75,75,75,77,77,79,79,81,81,83,83,85,85,87,87,87,87,87,84,84,84,84],"card_choices":[{"not_picked":[],"picked":"Conserve Battery","floor":1},{"not_picked":["Scrape"],"picked":"SKIP","floor":2},{"not_picked":["Steam"],"picked":"SKIP","floor":4},{"not_picked":[],"picked":"Cold Snap","floor":5},{"not_picked":["Go for the Eyes"],"picked":"SKIP","floor":6},{"not_picked":[],"picked":"Leap","floor":8},{"not_picked":[],"picked":"Thunder Strike","floor":10},{"not_picked":["Rebound"],"picked":"SKIP","floor":12},{"not_picked":["Cold Snap"],"picked":"SKIP","floor":13},{"not_picked":["Leap"],"picked":"SKIP","floor":14},{"not_picked":[],"picked":"Multi-Cast","floor":16},{"not_picked":["Rebound"],"picked":"SKIP","floor":18},{"not_picked":["Turbo+1"],"picked":"SKIP","floor":19},{"not_picked":["Gash+1"],"picked":"SKIP","floor":20},{"not_picked":[],"picked":"Storm+1","floor":23},{"not_picked":["Reprogram"],"picked":"SKIP","floor":25},{"not_picked":[],"picked":"Crystallizer+1","floor":29},{"not_picked":["Chaos+1"],"picked":"SKIP","floor":31},{"not_picked":[],"picked":"Core Surge","floor":33},{"not_picked":[],"picked":"Melter+1","floor":35},{"not_picked":["Redo"],"picked":"SKIP","floor":36},{"not_picked":["Steam Power"],"picked":"Singing Bowl","floor":38},{"not_picked":["Conserve Battery+1"],"picked":"Singing Bowl","floor":40},{"not_picked":["Reprogram+1"],"picked":"Singing Bowl","floor":42},{"not_picked":["Crystallizer+1"],"picked":"Singing Bowl","floor":44},{"not_picked":["Gash"],"picked":"Singing Bowl","floor":46},{"not_picked":[],"picked":"Hologram+1","floor":47},{"not_picked":["BasicCrystalCard+1"],"picked":"Singing Bowl","floor":48},{"not_picked":[],"picked":"Panic Button+1","floor":54}],"player_experience":207599,"relics_obtained":[{"floor":6,"key":"Nunchaku"},{"floor":8,"key":"Replay:Towering Pillar of Hats"},{"floor":9,"key":"Replay:Bottled Eggs"},{"floor":10,"key":"ReplayTheSpireMod:Lightbulb"},{"floor":14,"key":"Replay:Antivirus Software"},{"floor":23,"key":"Meat on the Bone"},{"floor":26,"key":"Matryoshka"},{"floor":34,"key":"Replay:Bandana"},{"floor":34,"key":"Mummified Hand"},{"floor":34,"key":"Pocketwatch"},{"floor":38,"key":"Singing Bowl"},{"floor":38,"key":"Replay:WaspNest"},{"floor":40,"key":"Toxic Egg 2"},{"floor":42,"key":"Solar Panel"},{"floor":43,"key":"Art of War"},{"floor":54,"key":"Simple Rune"}],"event_choices":[{"cards_removed":["Defend_B"],"damage_healed":0,"gold_gain":0,"player_choice":"Purged","damage_taken":0,"max_hp_gain":0,"max_hp_loss":0,"event_name":"Purifier","floor":3,"gold_loss":0},{"damage_healed":0,"gold_gain":0,"cards_transformed":["Strike_B","Strike_B"],"player_choice":"Became Test Subject","damage_taken":0,"max_hp_gain":0,"max_hp_loss":0,"event_name":"Drug Dealer","floor":22,"gold_loss":0,"cards_obtained":["Sweeping Beam","Loop"]},{"damage_healed":0,"gold_gain":0,"player_choice":"Ignored","damage_taken":0,"max_hp_gain":0,"max_hp_loss":0,"event_name":"Vampires","floor":28,"gold_loss":0},{"damage_healed":0,"gold_gain":0,"player_choice":"Upgraded","damage_taken":0,"max_hp_gain":0,"max_hp_loss":0,"event_name":"Upgrade Shrine","floor":30,"gold_loss":0,"cards_upgraded":["Multi-Cast"]},{"cards_removed":["Defend_B"],"damage_healed":0,"gold_gain":0,"player_choice":"Removed Skill","damage_taken":0,"max_hp_gain":0,"max_hp_loss":0,"event_name":"Falling","floor":39,"gold_loss":0}],"is_beta":false,"boss_relics":[{"not_picked":["SlaversCollar","ReplayTheSpireMod:DimensionalGlitch"],"picked":"Runic Pyramid"},{"not_picked":["Runic Dome","Tiny House"],"picked":"Calling Bell"}],"items_purged_floors":[45,53],"is_endless":false,"potions_floor_spawned":[1,5,6,8,10,18,20,31,36,42,44,48],"killed_by":"The Heart","ascension_level":1}}