{"host":"uxx7prhn9zlu6i2v","time":1609464355,"event":{"mods":["2.2 Compatiblity","AchievementEnabler","Act Like it!","Bard","BaseMod","Better Altar","Better Match","Better Note","Better Sensory Stone","Better Skull","Better Third Choice","CapriCore","ChefMod","Colored Powertips","Conspire","Faster Ascension Climbing","Gensokyo","GifTheSpireLib","Hermit","Hubris","KomeijiMod","Lobotomy","LobotomyExtend","Marisa????????","Minty Spire (QoL Compilation)","Permanent Neow","Quick Restart","RNG Fix","Rare Cards Sparkle","Reimu??????","Relic Filter","Relic Sorter","Relic Stats","Replay The Spire","Reworked Bosses","Spicy Shops","StSLib","Stuff the Spire","The Blue Laboratory","The Bug Knight","The Immortal","Yakumo Yukari mod","??????REMEMod"],"gold_per_floor":[136,36,51,51,51,51,85,114,126,151,191,220,265,49,49,149,149,149,149,7,345,356,356,356],"floor_reached":23,"playtime":1540,"items_purged":["Defend_purpleEX","AT_purpleEX"],"score":257,"play_id":"0726b00f-fcf6-4f2b-8bae-f73a585d2757","local_time":"20201231192555","is_ascension_mode":false,"campfire_choices":[{"data":"RealityDreamConfluencek_purple","floor":6,"key":"SMITH"},{"data":"DimensionStaggered_purple","floor":15,"key":"SMITH"}],"circlet_count":0,"master_deck":["AT_purpleEX","Defend_purpleEX","Defend_purpleEX","Observe_purple_1","Observe_purple_2","WorldDissolvedintheRealm_purple+1","RealityDreamConfluencek_purple+1","VoidDream","DimensionStaggered_purple+1","Umbrella_purple+1","UniverseFragment","SpiderBud","Human_Monster_Realm_purple","MeatLantern","ExternalForce_HighSpeedFlying_purple+1","StateErode_purple+1","Human_Monster_Realm_purple+1","Gensokyo:TarnishedGold","Gensokyo:ScrapIron","Gensokyo:Taser","DimensionStaggered_purple"],"relics":["Boundary_crack","Memoryfragments_purpleEX","REME_ComplimentaryCards","CogitoBucket","RabbitCall","LetterFromLob","hubris:TinFlute","MawBank","Lizard Tail","Whetstone","ChangeAnything","Simple Rune","SlaversCollar","Moonlight_r"],"acts_visited":["Gensokyo:Gensokyo","Gensokyo:Gensokyoer"],"potions_floor_usage":[7,11],"damage_taken":[{"damage":7,"enemies":"Gensokyo:Python","floor":1,"turns":5},{"damage":8,"enemies":"Gensokyo:Gryphon","floor":3,"turns":4},{"damage":32,"enemies":"Gensokyo:Aya","floor":7,"turns":7},{"damage":7,"enemies":"Gensokyo:3_Fairies","floor":8,"turns":4},{"damage":0,"enemies":"Gensokyo:3_Kodama","floor":10,"turns":2},{"damage":10,"enemies":"Gensokyo:Cirno","floor":11,"turns":6},{"damage":0,"enemies":"Gensokyo:2_Rabbits","floor":12,"turns":2},{"damage":51,"enemies":"Gensokyo:Mamizou","floor":13,"turns":4},{"damage":0,"enemies":"Gensokyo:Yukari","floor":16,"turns":4},{"damage":13,"enemies":"Gensokyo:3_Dogs","floor":22,"turns":4},{"damage":40,"enemies":"Gensokyo:Tenshi","floor":23,"turns":1}],"seed_played":"7153310580159828020","potions_obtained":[{"floor":1,"key":"Block Potion"},{"floor":8,"key":"Block Potion"},{"floor":13,"key":"blueLaboratory:PyrophylliteBrew"},{"floor":16,"key":"conspire:TimeTravelPotion"}],"is_trial":false,"path_per_floor":["M","?","M","?","?","R","E","M","T","M","E","M","E","$","R","B",null,"M","?","COS","?","M","E"],"character_chosen":"Youkari","items_purchased":["StateErode_purple"],"campfire_rested":0,"item_purchase_floors":[14],"current_hp_per_floor":[65,65,57,43,55,55,28,22,22,23,14,17,25,25,25,27,70,64,64,64,42,30,0,0],"gold":356,"neow_bonus":"","is_daily":false,"chose_seed":false,"campfire_upgraded":2,"win_rate":0.0,"timestamp":1609464355,"path_taken":["M","?","M","?","?","R","E","M","T","M","E","M","E","$","R","BOSS","M","?","COS","?","M","E"],"items_purchased_type":["Card"],"build_version":"2020-12-22","purchased_purges":2,"victory":false,"max_hp_per_floor":[70,70,70,70,70,70,70,70,70,70,70,70,70,70,70,70,70,70,70,70,70,70,70,70],"relic_stats":{"Lizard Tail":35,"counters":[12,44],"Whetstone":["Umbrella_purple","WorldDissolvedintheRealm_purple"],"MawBank":84,"obtain_stats":[{"RabbitCall":0,"Boundary_crack":0,"Whetstone":11,"MawBank":7,"SlaversCollar":17,"Moonlight_r":18,"CogitoBucket":0,"Lizard Tail":9,"Simple Rune":13,"LetterFromLob":1,"ChangeAnything":12,"hubris:TinFlute":2,"Memoryfragments_purpleEX":0,"REME_ComplimentaryCards":0},{"RabbitCall":0,"Boundary_crack":0,"Whetstone":6,"MawBank":3,"SlaversCollar":10,"Moonlight_r":10,"CogitoBucket":0,"Lizard Tail":4,"Simple Rune":9,"LetterFromLob":1,"ChangeAnything":8,"hubris:TinFlute":1,"Memoryfragments_purpleEX":0,"REME_ComplimentaryCards":0},{"RabbitCall":0,"Boundary_crack":0,"Whetstone":28,"MawBank":16,"SlaversCollar":39,"Moonlight_r":39,"CogitoBucket":0,"Lizard Tail":20,"Simple Rune":35,"LetterFromLob":5,"ChangeAnything":31,"hubris:TinFlute":5,"Memoryfragments_purpleEX":0,"REME_ComplimentaryCards":0}]},"card_choices":[{"not_picked":["PunishingBird","Murderer","FairyFestival"],"picked":"Singing Bowl","floor":1},{"not_picked":["OpenedBox_purple","StateDuplicate_purple"],"picked":"WorldDissolvedintheRealm_purple","floor":1},{"not_picked":["LittleHelper","FairyFestival","CherryBlossoms"],"picked":"Singing Bowl","floor":3},{"not_picked":["OmniscientAndOmnipotent_Monster_purple","WatchEChange_purple"],"picked":"RealityDreamConfluencek_purple","floor":3},{"not_picked":["VoidDream","WallGazer","Porccubus"],"picked":"Singing Bowl","floor":7},{"not_picked":["Variant","GreedKing"],"picked":"VoidDream","floor":7},{"not_picked":["DimensionStaggered_purple","Realm_recovery_purpleEX","Mirror_TwoAndThreeElementRealm_purple"],"picked":"SKIP","floor":7},{"not_picked":["Realm_recovery_purpleEX","Mirror_TwoAndThreeElementRealm_purple"],"picked":"DimensionStaggered_purple","floor":7},{"not_picked":["Mercenary","MHz","MeatLantern"],"picked":"Singing Bowl","floor":8},{"not_picked":["Charmbait_purple","SharpContractionReality_purple"],"picked":"Umbrella_purple","floor":8},{"not_picked":["OldLady","Yin"],"picked":"UniverseFragment","floor":10},{"not_picked":["MeetDecomposer_purple","Yakumo_Ran_purple","Umbrella_purple"],"picked":"SKIP","floor":10},{"not_picked":["Bloodbath","Yin"],"picked":"SpiderBud","floor":11},{"not_picked":["Shallow_ocean_purpleEX","WasteWire_Metro_purple"],"picked":"Human_Monster_Realm_purple","floor":11},{"not_picked":["Alriune","Bloodbath"],"picked":"MeatLantern","floor":12},{"not_picked":["Photoelasticity_Doppler_Effect_purple","Mirror_Drifter_purple","Umbrella_purple"],"picked":"SKIP","floor":12},{"not_picked":["PunishingBird","Bloodbath","Scarecrow"],"picked":"Singing Bowl","floor":13},{"not_picked":["SfantasyHide_purple","Umbrella_purple"],"picked":"ExternalForce_HighSpeedFlying_purple","floor":13},{"not_picked":["BeautyBeast","OSAHOGD","ShyLook"],"picked":"Singing Bowl","floor":16},{"not_picked":["Theboundaryofcreation_purpleEX","Price_of_realm_purpleEX"],"picked":"Human_Monster_Realm_purple","floor":16},{"not_picked":["Bloodbath","LaLuna","Scarecrow"],"picked":"Singing Bowl","floor":22},{"not_picked":["MeetDecomposer_purple","RuleDissolution_purple"],"picked":"DimensionStaggered_purple","floor":22}],"player_experience":1421407,"relics_obtained":[{"floor":1,"key":"LetterFromLob"},{"floor":7,"key":"MawBank"},{"floor":9,"key":"Lizard Tail"},{"floor":11,"key":"Whetstone"},{"floor":13,"key":"Simple Rune"}],"event_choices":[{"damage_healed":0,"gold_gain":338,"player_choice":"GO GO GO ","damage_taken":25,"relics_obtained":[],"max_hp_gain":0,"max_hp_loss":0,"event_name":"betterSkull:BetterSkull","floor":21,"gold_loss":0,"cards_upgraded":[]}],"is_beta":false,"boss_relics":[{"not_picked":["Replay:Drink Me","Ring of Chaos"],"picked":"SlaversCollar"}],"items_purged_floors":[14,14],"is_endless":false,"potions_floor_spawned":[1,8,13,16],"killed_by":"Gensokyo:Tenshi","ascension_level":0}}