{"host":"ydujlihd8f5px9gp","time":1609537415,"event":{"mods":["AchievementEnabler","BaseMod","Block Reminder","Colored Map","Minty Spire (QoL Compilation)","ojb\u0027s Info Mod"],"gold_per_floor":[111,125,142,155,155,155,181,181,262,262,262,278,297,311,311,411,411,421,431,431,206,226,226,245,171,216,229,249,262,281,281,281,281,281],"floor_reached":33,"playtime":1881,"items_purged":["Defend_G"],"score":268,"play_id":"a2c64400-30e4-4c66-9db7-d1d997a577e0","local_time":"20210101194335","is_ascension_mode":true,"campfire_choices":[{"data":"Dagger Spray","floor":6,"key":"SMITH"},{"data":"Neutralize","floor":8,"key":"SMITH"},{"data":"Backflip","floor":11,"key":"SMITH"},{"floor":15,"key":"REST"},{"data":"Bouncing Flask","floor":23,"key":"SMITH"},{"floor":32,"key":"REST"}],"circlet_count":0,"master_deck":["Strike_G","Strike_G","Strike_G","Strike_G","Strike_G","Defend_G","Defend_G","Defend_G","Defend_G","Survivor","Neutralize+1","Backflip+1","Heel Hook","Dagger Spray+1","Acrobatics","Crippling Poison","Blade Dance","Adrenaline","Leg Sweep","Poisoned Stab","Bouncing Flask+1","Poisoned Stab","Blade Dance","Dagger Throw+1","Tools of the Trade","Poisoned Stab"],"relics":["Ring of the Serpent","Thread and Needle","InkBottle","Sling","Art of War"],"acts_visited":["Exordium","TheCity"],"potions_floor_usage":[7,16,16,22,29,29,33,33],"damage_taken":[{"damage":1,"enemies":"2 Louse","floor":1,"turns":3},{"damage":5,"enemies":"Small Slimes","floor":2,"turns":5},{"damage":0,"enemies":"Jaw Worm","floor":3,"turns":6},{"damage":5,"enemies":"2 Fungi Beasts","floor":4,"turns":5},{"damage":22,"enemies":"3 Sentries","floor":7,"turns":8},{"damage":0,"enemies":"3 Louse","floor":12,"turns":2},{"damage":0,"enemies":"Lots of Slimes","floor":13,"turns":4},{"damage":0,"enemies":"Looter","floor":14,"turns":3},{"damage":15,"enemies":"Slime Boss","floor":16,"turns":8},{"damage":0,"enemies":"3 Byrds","floor":18,"turns":4},{"damage":3,"enemies":"2 Thieves","floor":19,"turns":4},{"damage":1,"enemies":"Snecko","floor":22,"turns":6},{"damage":0,"enemies":"3 Cultists","floor":24,"turns":5},{"damage":10,"enemies":"Shelled Parasite and Fungi","floor":27,"turns":6},{"damage":7,"enemies":"Cultist and Chosen","floor":28,"turns":5},{"damage":12,"enemies":"Snecko","floor":29,"turns":5},{"damage":4,"enemies":"Chosen and Byrds","floor":30,"turns":5},{"damage":67,"enemies":"Champ","floor":33,"turns":13}],"seed_played":"-5120859754338105401","potions_obtained":[{"floor":3,"key":"AttackPotion"},{"floor":7,"key":"Swift Potion"},{"floor":12,"key":"Poison Potion"},{"floor":14,"key":"Weak Potion"},{"floor":24,"key":"Block Potion"},{"floor":27,"key":"CunningPotion"},{"floor":28,"key":"Regen Potion"},{"floor":30,"key":"EssenceOfSteel"}],"is_trial":false,"path_per_floor":["M","M","M","M","?","R","E","R","T","?","R","M","M","M","R","B",null,"M","M","?","$","M","R","M","$","T","M","M","M","M","?","R","B"],"character_chosen":"THE_SILENT","items_purchased":["Sling","Poisoned Stab","Blade Dance"],"campfire_rested":2,"item_purchase_floors":[21,25,25],"current_hp_per_floor":[69,64,64,59,59,59,37,37,37,37,37,37,37,37,58,43,70,70,67,67,67,66,66,66,66,66,56,49,51,47,47,68,1,1],"gold":281,"neow_bonus":"THREE_CARDS","is_daily":false,"chose_seed":false,"campfire_upgraded":4,"win_rate":0.0,"timestamp":1609537415,"path_taken":["M","M","M","M","?","R","E","R","T","?","R","M","M","M","R","BOSS","M","M","?","$","M","R","M","$","T","M","M","M","M","?","R","BOSS"],"items_purchased_type":["Relic","Card","Card"],"build_version":"2020-12-22","purchased_purges":1,"victory":false,"max_hp_per_floor":[70,70,70,70,70,70,70,70,70,70,70,70,70,70,70,70,70,70,70,70,70,70,70,70,70,70,70,70,70,70,70,70,70,70],"card_choices":[{"not_picked":["Deadly Poison","Deflect"],"picked":"Backflip","floor":0},{"not_picked":["Bane","Footwork"],"picked":"Heel Hook","floor":1},{"not_picked":["Accuracy","Backflip"],"picked":"Dagger Spray","floor":2},{"not_picked":["Dagger Throw","Distraction"],"picked":"Acrobatics","floor":3},{"not_picked":["Outmaneuver","Terror","Quick Slash"],"picked":"SKIP","floor":4},{"not_picked":["Night Terror","Prepared","Slice"],"picked":"SKIP","floor":7},{"not_picked":["Flying Knee","Poisoned Stab","Acrobatics"],"picked":"SKIP","floor":12},{"not_picked":["Accuracy","Prepared"],"picked":"Crippling Poison","floor":13},{"not_picked":["Quick Slash","Expertise"],"picked":"Blade Dance","floor":14},{"not_picked":["Malaise","Venomology"],"picked":"Adrenaline","floor":16},{"not_picked":["Flying Knee","Bane"],"picked":"Leg Sweep","floor":18},{"not_picked":["Sucker Punch","Cloak And Dagger"],"picked":"Poisoned Stab","floor":19},{"not_picked":["Footwork","PiercingWail+1"],"picked":"Bouncing Flask","floor":22},{"not_picked":["PiercingWail","Flying Knee","Choke+1"],"picked":"SKIP","floor":24},{"not_picked":["Acrobatics","Quick Slash"],"picked":"Dagger Throw+1","floor":27},{"not_picked":["Outmaneuver","Calculated Gamble"],"picked":"Tools of the Trade","floor":28},{"not_picked":["Well Laid Plans","Underhanded Strike","Deflect+1"],"picked":"SKIP","floor":29},{"not_picked":["Outmaneuver+1","Sucker Punch"],"picked":"Poisoned Stab","floor":30}],"player_experience":94738,"relics_obtained":[{"floor":7,"key":"Thread and Needle"},{"floor":9,"key":"InkBottle"},{"floor":26,"key":"Art of War"}],"event_choices":[{"damage_healed":0,"gold_gain":0,"player_choice":"Ignored","damage_taken":0,"max_hp_gain":0,"max_hp_loss":0,"event_name":"Golden Idol","floor":5,"gold_loss":0},{"damage_healed":0,"gold_gain":0,"player_choice":"Ignored","damage_taken":0,"max_hp_gain":0,"max_hp_loss":0,"event_name":"Shining Light","floor":10,"gold_loss":0},{"damage_healed":0,"gold_gain":0,"player_choice":"Ignored","damage_taken":0,"max_hp_gain":0,"max_hp_loss":0,"event_name":"Ghosts","floor":20,"gold_loss":0},{"damage_healed":0,"gold_gain":0,"player_choice":"Ignored","damage_taken":0,"max_hp_gain":0,"max_hp_loss":0,"event_name":"Cursed Tome","floor":31,"gold_loss":0}],"is_beta":false,"boss_relics":[{"not_picked":["Pandora\u0027s Box","WristBlade"],"picked":"Ring of the Serpent"}],"items_purged_floors":[21],"is_endless":false,"potions_floor_spawned":[3,7,12,14,24,27,28,30],"killed_by":"Champ","ascension_level":1}}