{"host":"Jinnai","time":1609476425,"event":{"mods":["BaseMod","Bestiary","Block Reminder","Colored Map","Colored Powertips","Highlight Path","Keyboard Shortcuts","Minty Spire (QoL Compilation)","Quick Restart","Relic Stats"],"gold_per_floor":[163,181,181,30,77,77,110,110,155,182,193,219,238,258,258,332,332,348,348,381,49,68,68,102,102,102,127,144,154,168,181,181,181,181],"floor_reached":33,"playtime":2757,"items_purged":["Defend_P"],"score":647,"play_id":"903ddd0d-15d1-4ba1-8316-949791211163","local_time":"20201231234705","is_ascension_mode":true,"campfire_choices":[{"data":"Fasting2","floor":6,"key":"SMITH"},{"floor":8,"key":"REST"},{"floor":15,"key":"REST"},{"floor":23,"key":"REST"},{"floor":25,"key":"REST"},{"floor":32,"key":"REST"}],"circlet_count":0,"master_deck":["AscendersBane","Strike_P","Strike_P","Defend_P","Defend_P+1","Defend_P","Eruption","Vigilance","Wireheading","Fasting2+1","EmptyFist","JustLucky","Prostrate","SashWhip","CarveReality+1","FlurryOfBlows+1","LessonLearned+1","FollowUp","Halt","Establishment","JustLucky","Judgement+1","FearNoEvil","FlyingSleeves","Consecrate","Devotion","Consecrate+1","Prostrate+1","TalkToTheHand","FearNoEvil+1"],"relics":["Tiny House","Anchor","Du-Vu Doll","Ancient Tea Set","Bottled Tornado","MealTicket","Cursed Key","Red Mask","Oddly Smooth Stone","Vajra","CloakClasp","Art of War"],"acts_visited":["Exordium","TheCity"],"potions_floor_usage":[7,12,13,14,16,24,33],"damage_taken":[{"damage":14,"enemies":"Jaw Worm","floor":1,"turns":4},{"damage":11,"enemies":"Cultist","floor":2,"turns":5},{"damage":17,"enemies":"3 Sentries","floor":7,"turns":9},{"damage":22,"enemies":"Lagavulin","floor":10,"turns":7},{"damage":0,"enemies":"2 Louse","floor":11,"turns":3},{"damage":4,"enemies":"3 Sentries","floor":12,"turns":6},{"damage":7,"enemies":"2 Fungi Beasts","floor":13,"turns":3},{"damage":0,"enemies":"Gremlin Gang","floor":14,"turns":3},{"damage":24,"enemies":"Hexaghost","floor":16,"turns":9},{"damage":11,"enemies":"2 Thieves","floor":18,"turns":4},{"damage":42,"enemies":"Masked Bandits","floor":20,"turns":4},{"damage":9,"enemies":"Shell Parasite","floor":22,"turns":4},{"damage":8,"enemies":"Slavers","floor":24,"turns":4},{"damage":0,"enemies":"Gremlin Leader","floor":27,"turns":3},{"damage":0,"enemies":"Cultist and Chosen","floor":28,"turns":3},{"damage":10,"enemies":"Snake Plant","floor":29,"turns":3},{"damage":15,"enemies":"Snecko","floor":30,"turns":4},{"damage":0,"enemies":"Centurion and Healer","floor":31,"turns":5},{"damage":51,"enemies":"Champ","floor":33,"turns":6}],"seed_played":"-1813173656858417305","potions_obtained":[{"floor":0,"key":"LiquidMemories"},{"floor":1,"key":"SkillPotion"},{"floor":10,"key":"DistilledChaos"},{"floor":12,"key":"Fruit Juice"},{"floor":13,"key":"BottledMiracle"},{"floor":16,"key":"Ancient Potion"},{"floor":22,"key":"BottledMiracle"},{"floor":29,"key":"ColorlessPotion"},{"floor":30,"key":"BlessingOfTheForge"}],"is_trial":false,"path_per_floor":["M","M","?","$","T","R","E","R","T","E","M","E","M","M","R","B",null,"M","?","?","$","M","R","E","R","T","E","M","M","M","M","R","B"],"character_chosen":"WATCHER","items_purchased":["JustLucky","Prostrate","Oddly Smooth Stone","Vajra"],"campfire_rested":5,"item_purchase_floors":[4,4,21,21],"current_hp_per_floor":[52,41,31,31,31,31,14,35,35,13,13,9,7,7,30,6,60,49,49,7,22,13,36,28,51,51,51,51,41,26,26,49,0,0],"gold":181,"neow_bonus":"BOSS_RELIC","is_daily":false,"chose_seed":false,"campfire_upgraded":1,"win_rate":0.0,"timestamp":1609476425,"path_taken":["M","M","?","$","?","R","E","R","T","E","?","E","?","M","R","BOSS","M","?","?","$","M","R","E","R","T","E","M","M","M","M","R","BOSS"],"items_purchased_type":["Card","Card","Relic","Relic"],"build_version":"2020-12-18","purchased_purges":1,"victory":false,"max_hp_per_floor":[73,73,73,73,73,73,73,73,73,73,73,73,78,78,78,78,78,78,78,78,78,78,78,78,78,78,78,78,78,78,78,78,78,78],"relic_stats":{"counters":[19,89],"MealTicket":15,"CloakClasp":[36],"Art of War":[2],"Cursed Key":0,"obtain_stats":[{"Tiny House":0,"Oddly Smooth Stone":21,"Vajra":21,"CloakClasp":24,"Bottled Tornado":10,"Ancient Tea Set":9,"Cursed Key":17,"Du-Vu Doll":7,"Anchor":5,"MealTicket":12,"Red Mask":20,"Art of War":27,"PureWater":0},{"Tiny House":0,"Oddly Smooth Stone":11,"Vajra":11,"CloakClasp":13,"Bottled Tornado":4,"Ancient Tea Set":3,"Cursed Key":9,"Du-Vu Doll":3,"Anchor":2,"MealTicket":6,"Red Mask":11,"Art of War":14,"PureWater":0},{"Tiny House":0,"Oddly Smooth Stone":57,"Vajra":57,"CloakClasp":65,"Bottled Tornado":25,"Ancient Tea Set":18,"Cursed Key":49,"Du-Vu Doll":18,"Anchor":9,"MealTicket":34,"Red Mask":57,"Art of War":68,"PureWater":0}]},"card_choices":[{"not_picked":["Halt","FollowUp"],"picked":"Wireheading","floor":0},{"not_picked":["Vengeance","Collect"],"picked":"Fasting2","floor":1},{"not_picked":["Meditate","EmptyBody"],"picked":"EmptyFist","floor":2},{"not_picked":["Wireheading","WindmillStrike"],"picked":"SashWhip","floor":7},{"not_picked":["SashWhip","WindmillStrike"],"picked":"CarveReality","floor":10},{"not_picked":["SashWhip","Conclude"],"picked":"FlurryOfBlows","floor":11},{"not_picked":["JustLucky","Swivel"],"picked":"LessonLearned","floor":12},{"not_picked":["Consecrate","Conclude"],"picked":"FollowUp","floor":13},{"not_picked":["Pray","Vengeance"],"picked":"Halt","floor":14},{"not_picked":["Ragnarok","Wish"],"picked":"Establishment","floor":16},{"not_picked":["ClearTheMind","EmptyFist+1"],"picked":"JustLucky","floor":18},{"not_picked":["Halt","Vengeance"],"picked":"FlyingSleeves","floor":20},{"not_picked":["JustLucky","SashWhip"],"picked":"Consecrate","floor":22},{"not_picked":["Consecrate","LikeWater+1"],"picked":"Devotion","floor":24},{"not_picked":["Swivel+1","Study"],"picked":"Consecrate+1","floor":27},{"not_picked":["FlyingSleeves","SignatureMove"],"picked":"Prostrate+1","floor":28},{"not_picked":["FollowUp","MentalFortress"],"picked":"TalkToTheHand","floor":29},{"not_picked":["Vengeance","JustLucky"],"picked":"FearNoEvil+1","floor":30},{"not_picked":["Vengeance","LikeWater","ThirdEye"],"picked":"SKIP","floor":31}],"player_experience":1494305,"relics_obtained":[{"floor":5,"key":"Anchor"},{"floor":7,"key":"Du-Vu Doll"},{"floor":9,"key":"Ancient Tea Set"},{"floor":10,"key":"Bottled Tornado"},{"floor":12,"key":"MealTicket"},{"floor":20,"key":"Red Mask"},{"floor":24,"key":"CloakClasp"},{"floor":27,"key":"Art of War"}],"event_choices":[{"damage_healed":0,"gold_gain":0,"player_choice":"Damaged","damage_taken":10,"max_hp_gain":0,"max_hp_loss":0,"event_name":"Wheel of Change","floor":3,"gold_loss":0},{"damage_healed":0,"gold_gain":0,"cards_transformed":["Strike_P","Strike_P"],"player_choice":"Became Test Subject","damage_taken":0,"max_hp_gain":0,"max_hp_loss":0,"event_name":"Drug Dealer","floor":19,"gold_loss":0,"cards_obtained":["Judgement","FearNoEvil"]},{"damage_healed":0,"gold_gain":0,"player_choice":"Fought Bandits","damage_taken":0,"max_hp_gain":0,"max_hp_loss":0,"event_name":"Masked Bandits","floor":20,"gold_loss":0}],"is_beta":true,"boss_relics":[{"not_picked":["Calling Bell","Astrolabe"],"picked":"Cursed Key"}],"items_purged_floors":[4],"is_endless":false,"potions_floor_spawned":[1,10,12,13,16,22,29,30],"killed_by":"Champ","ascension_level":19}}