{"host":"sc0o2qwpf9j16a4i","time":1609501352,"event":{"mods":["AchievementEnabler","BaseMod","BetterRewards","Block Reminder","Colored Map","Colored Powertips","Custom Start","Highlight Path","Minty Spire (QoL Compilation)","Relic Stats"],"gold_per_floor":[109,121,131,147,19,19,54,64,64,5,32,32,32,49,49,122,122,135,151,163,173,173,173,208,208,231,242,90,110,139,59,59,137,137,155,113,133,150,150,150,165,165,165,199,199,215,240,254,254,254,254,254,254,17,49,49],"floor_reached":57,"playtime":3639,"items_purged":["Strike_R","Pain","Strike_R"],"score":3582,"play_id":"5b8e0623-2ec1-4749-b39c-350d22d19940","local_time":"20210101134232","is_ascension_mode":true,"campfire_choices":[{"data":"Feed","floor":6,"key":"SMITH"},{"floor":13,"key":"REST"},{"data":"Spot Weakness","floor":15,"key":"SMITH"},{"floor":23,"key":"REST"},{"floor":25,"key":"REST"},{"floor":32,"key":"REST"},{"data":"Armaments","floor":40,"key":"SMITH"},{"floor":42,"key":"RECALL"},{"data":"Barricade","floor":49,"key":"SMITH"},{"data":"Corruption","floor":53,"key":"SMITH"}],"circlet_count":0,"master_deck":["AscendersBane","Strike_R","Strike_R","Strike_R","Defend_R","Defend_R","Defend_R","Defend_R","Bash","Shrug It Off","Feed+1","Clothesline","Wild Strike","Spot Weakness+1","Dual Wield","Sword Boomerang","Second Wind","Seeing Red","Immolate","Burning Pact","Armaments+1","Shrug It Off","Shrug It Off","Shrug It Off","Rage","True Grit","Havoc+1","Headbutt","Barricade+1","Corruption+1","Burning Pact","Evolve","Pommel Strike","Shrug It Off","Feel No Pain+1","Burning Pact+1","Flame Barrier+1","Reaper","True Grit"],"relics":["Burning Blood","Lee\u0027s Waffle","Vajra","Bag of Preparation","White Beast Statue","Pen Nib","FossilizedHelix","Dead Branch","WarpedTongs","SlaversCollar","Magic Flower","Happy Flower","Cursed Key","The Courier","Nunchaku","Red Skull","Gremlin Horn"],"acts_visited":["Exordium","TheCity","TheBeyond","TheEnding"],"potions_floor_usage":[4,11,18,19,20,21,24,27,29,33,33,38,44,51,51],"damage_taken":[{"damage":1.0,"enemies":"Cultist","floor":1.0,"turns":3.0},{"damage":2.0,"enemies":"2 Louse","floor":2.0,"turns":2.0},{"damage":1,"enemies":"Small Slimes","floor":3,"turns":4},{"damage":17,"enemies":"Gremlin Gang","floor":4,"turns":4},{"damage":22,"enemies":"Gremlin Nob","floor":7,"turns":4},{"damage":4,"enemies":"2 Fungi Beasts","floor":8,"turns":3},{"damage":26,"enemies":"3 Sentries","floor":11,"turns":6},{"damage":10,"enemies":"Looter","floor":14,"turns":4},{"damage":35,"enemies":"Slime Boss","floor":16,"turns":12},{"damage":35,"enemies":"3 Byrds","floor":18,"turns":5},{"damage":10,"enemies":"2 Thieves","floor":19,"turns":2},{"damage":34,"enemies":"Centurion and Healer","floor":20,"turns":9},{"damage":19,"enemies":"3 Cultists","floor":21,"turns":4},{"damage":22,"enemies":"Gremlin Leader","floor":24,"turns":5},{"damage":0,"enemies":"Cultist and Chosen","floor":27,"turns":3},{"damage":14,"enemies":"Snecko","floor":29,"turns":7},{"damage":35,"enemies":"Book of Stabbing","floor":30,"turns":7},{"damage":73,"enemies":"Automaton","floor":33,"turns":15},{"damage":0,"enemies":"3 Shapes","floor":35,"turns":4},{"damage":23,"enemies":"3 Darklings","floor":37,"turns":4},{"damage":6,"enemies":"4 Shapes","floor":38,"turns":5},{"damage":0,"enemies":"Sphere and 2 Shapes","floor":41,"turns":3},{"damage":25,"enemies":"Reptomancer","floor":44,"turns":6},{"damage":0,"enemies":"3 Darklings","floor":46,"turns":4},{"damage":6,"enemies":"Nemesis","floor":47,"turns":15},{"damage":0,"enemies":"Spire Growth","floor":48,"turns":7},{"damage":0,"enemies":"Time Eater","floor":50,"turns":6},{"damage":93,"enemies":"Awakened One","floor":51,"turns":9},{"damage":77,"enemies":"Shield and Spear","floor":55,"turns":7},{"damage":108,"enemies":"The Heart","floor":56,"turns":11}],"seed_played":"6830222517602958608","potions_obtained":[{"floor":1.0,"key":"Dexterity Potion"},{"floor":2.0,"key":"Strength Potion"},{"floor":4,"key":"Dexterity Potion"},{"floor":11,"key":"Energy Potion"},{"floor":18,"key":"SteroidPotion"},{"floor":19,"key":"Energy Potion"},{"floor":20,"key":"FearPotion"},{"floor":21,"key":"GamblersBrew"},{"floor":24,"key":"ElixirPotion"},{"floor":27,"key":"Weak Potion"},{"floor":29,"key":"SmokeBomb"},{"floor":30,"key":"Energy Potion"},{"floor":33,"key":"BloodPotion"},{"floor":35,"key":"Fire Potion"},{"floor":38,"key":"Dexterity Potion"},{"floor":44,"key":"Explosive Potion"},{"floor":55,"key":"SmokeBomb"}],"is_trial":false,"path_per_floor":["M","M","M","M","$","R","E","M","T","$","E","?","R","M","R","B",null,"M","M","M","M","?","R","E","R","T","M","$","M","E","$","R","B",null,"M","$","M","M","?","R","M","R","T","E","?","M","E","M","R","B","B",null,"R","$","E","B",null],"character_chosen":"IRONCLAD","items_purchased":["Lee\u0027s Waffle","Vajra","Bag of Preparation","White Beast Statue","Wild Strike","Sword Boomerang","True Grit","Barricade","Evolve","Red Skull"],"campfire_rested":4,"item_purchase_floors":[0,0,0,0,5,10,28,31,36,54],"current_hp_per_floor":[82,82,82,74,74,74,62,68,68,68,52,52,81,81,81,52,89,60,60,36,27,21,54,38,71,71,80,80,75,55,55,90,26,94,115,115,107,116,116,116,131,131,131,115,115,124,133,138,138,138,108,137,137,137,120,71],"gold":49,"neow_bonus":"","is_daily":false,"chose_seed":false,"campfire_upgraded":5,"win_rate":0.0,"timestamp":1609501352,"path_taken":["M","M","M","M","$","R","E","M","T","?","E","?","R","M","R","BOSS","M","?","M","M","?","R","E","R","T","?","$","M","E","$","R","BOSS","M","$","?","M","?","R","M","R","T","E","?","M","E","M","R","BOSS","BOSS","R","$","E","BOSS"],"items_purchased_type":["Relic","Relic","Relic","Relic","Card","Card","Card","Card","Card","Relic"],"build_version":"2020-12-22","purchased_purges":3,"victory":true,"max_hp_per_floor":[82,82,82,85,85,85,89,93,93,93,97,97,97,101,101,101,101,101,105,109,113,113,113,113,113,113,113,113,113,117,117,117,117,117,125,125,129,133,133,133,137,137,137,137,130,130,134,138,138,138,146,146,146,146,150,150],"relic_stats":{"Lee\u0027s Waffle":46,"Happy Flower":[32],"Gremlin Horn":[0,0],"counters":[49,286],"Dead Branch":[466],"Magic Flower":[109],"Pen Nib":[23],"Bag of Preparation":[60],"Cursed Key":0,"Burning Blood":304,"WarpedTongs":[153],"Nunchaku":[7],"obtain_stats":[{"Gremlin Horn":55,"Enchiridion":19,"Vajra":0,"Magic Flower":24,"Bag of Preparation":0,"Whetstone":9,"Smiling Mask":5,"Ancient Tea Set":31,"Cursed Key":34,"Burning Blood":0,"ClockworkSouvenir":14,"Sozu":34,"Lizard Tail":11,"Nunchaku":47,"MealTicket":8,"Red Skull":54,"Lee\u0027s Waffle":0,"NeowsBlessing":0,"Happy Flower":30,"Dead Branch":11,"Pen Nib":7,"The Courier":44,"White Beast Statue":0,"Mercury Hourglass":13,"WarpedTongs":12,"SlaversCollar":17,"Ectoplasm":17,"Bag of Marbles":26,"FossilizedHelix":9},{"Gremlin Horn":48,"Enchiridion":9,"Vajra":19,"Magic Flower":33,"Bag of Preparation":19,"Whetstone":3,"Smiling Mask":2,"Ancient Tea Set":15,"Cursed Key":37,"Burning Blood":0,"ClockworkSouvenir":7,"Sozu":16,"Lizard Tail":5,"Nunchaku":44,"MealTicket":3,"Red Skull":47,"Lee\u0027s Waffle":19,"NeowsBlessing":0,"Happy Flower":36,"Dead Branch":26,"Pen Nib":24,"The Courier":42,"White Beast Statue":19,"Mercury Hourglass":7,"WarpedTongs":26,"SlaversCollar":28,"Ectoplasm":8,"Bag of Marbles":12,"FossilizedHelix":25},{"Gremlin Horn":275,"Enchiridion":45,"Vajra":106,"Magic Flower":173,"Bag of Preparation":106,"Whetstone":3,"Smiling Mask":2,"Ancient Tea Set":77,"Cursed Key":205,"Burning Blood":0,"ClockworkSouvenir":28,"Sozu":91,"Lizard Tail":9,"Nunchaku":246,"MealTicket":3,"Red Skull":268,"Lee\u0027s Waffle":106,"NeowsBlessing":0,"Happy Flower":190,"Dead Branch":132,"Pen Nib":123,"The Courier":227,"White Beast Statue":106,"Mercury Hourglass":28,"WarpedTongs":132,"SlaversCollar":148,"Ectoplasm":41,"Bag of Marbles":60,"FossilizedHelix":126}]},"card_choices":[{"not_picked":["Second Wind","Infernal Blade"],"picked":"Shrug It Off","floor":1.0},{"not_picked":["Armaments","Flex"],"picked":"Fire Breathing","floor":2.0},{"not_picked":["Seeing Red","Shrug It Off"],"picked":"Feed","floor":3},{"not_picked":["Headbutt","True Grit"],"picked":"Clothesline","floor":4},{"not_picked":["True Grit","Warcry"],"picked":"Spot Weakness","floor":7},{"not_picked":["Intimidate","Power Through"],"picked":"Dual Wield","floor":8},{"not_picked":["Perfected Strike","Headbutt"],"picked":"Second Wind","floor":11},{"not_picked":["Dual Wield","Searing Blow"],"picked":"Seeing Red","floor":14},{"not_picked":["Berserk","Double Tap"],"picked":"Immolate","floor":16},{"not_picked":["Seeing Red","Cleave"],"picked":"Burning Pact","floor":18},{"not_picked":["Carnage","Havoc+1"],"picked":"Armaments","floor":19},{"not_picked":["Twin Strike","Perfected Strike"],"picked":"Shrug It Off","floor":20},{"not_picked":["Spot Weakness+1","Hemokinesis"],"picked":"Shrug It Off","floor":21},{"not_picked":["Thunderclap","Sentinel"],"picked":"Shrug It Off","floor":24},{"not_picked":["Clothesline","Searing Blow"],"picked":"Rage","floor":27},{"not_picked":["Bloodletting","Clothesline"],"picked":"Havoc+1","floor":29},{"not_picked":["Anger","Pummel"],"picked":"Headbutt","floor":30},{"not_picked":["Limit Break","Exhume"],"picked":"Corruption","floor":33},{"not_picked":["Wild Strike","Whirlwind"],"picked":"Burning Pact","floor":35},{"not_picked":["Dropkick","Perfected Strike+1"],"picked":"Pommel Strike","floor":37},{"not_picked":["Pommel Strike","Perfected Strike+1"],"picked":"Shrug It Off","floor":38},{"not_picked":["True Grit","Heavy Blade"],"picked":"Feel No Pain+1","floor":41},{"not_picked":["Thunderclap","Cleave+1","Pommel Strike"],"picked":"SKIP","floor":44},{"not_picked":["Sentinel","Warcry"],"picked":"Burning Pact+1","floor":46},{"not_picked":["Shrug It Off","Sword Boomerang"],"picked":"Flame Barrier+1","floor":47},{"not_picked":["Sword Boomerang+1","Fire Breathing+1"],"picked":"Reaper","floor":48},{"not_picked":["Clash","Cleave"],"picked":"True Grit","floor":55}],"player_experience":461384,"relics_obtained":[{"floor":7,"key":"Pen Nib"},{"floor":9,"key":"FossilizedHelix"},{"floor":11,"key":"Dead Branch"},{"floor":24,"key":"Magic Flower"},{"floor":30,"key":"Happy Flower"},{"floor":44,"key":"The Courier"},{"floor":47,"key":"Nunchaku"},{"floor":55,"key":"Gremlin Horn"}],"event_choices":[{"damage_healed":0,"gold_gain":0,"player_choice":"Rummage","damage_taken":0,"relics_obtained":["WarpedTongs"],"max_hp_gain":0,"max_hp_loss":0,"event_name":"Accursed Blacksmith","floor":12,"gold_loss":0,"cards_obtained":["Pain"]},{"damage_healed":0,"gold_gain":0,"player_choice":"","damage_taken":6,"max_hp_gain":0,"max_hp_loss":0,"event_name":"Knowing Skull","floor":22,"potions_obtained":[],"gold_loss":0,"cards_obtained":[]},{"cards_removed":["Fire Breathing"],"damage_healed":0,"gold_gain":0,"player_choice":"Removed Power","damage_taken":0,"max_hp_gain":0,"max_hp_loss":0,"event_name":"Falling","floor":39,"gold_loss":0},{"damage_healed":0,"gold_gain":0,"player_choice":"Max HP","damage_taken":0,"max_hp_gain":0,"max_hp_loss":7,"event_name":"Winding Halls","floor":45,"gold_loss":0}],"is_beta":false,"boss_relics":[{"not_picked":["Runic Pyramid","Pandora\u0027s Box"],"picked":"SlaversCollar"},{"not_picked":["Fusion Hammer","SacredBark"],"picked":"Cursed Key"}],"items_purged_floors":[5,28,54],"is_endless":false,"potions_floor_spawned":[1,2,3,4,7,8,11,14,16,18,19,20,21,24,27,29,30,33,35,37,38,41,44,46,47,48,55],"ascension_level":20}}