{"host":"z16h96csw6gsetxl","time":1609477842,"event":{"mods":["BaseMod","Minty Spire (QoL Compilation)"],"gold_per_floor":[115,115,125,138,148,148,174,194,240,256,226,239,239,258,258,355,355,366,366,284,284,209,209,209],"floor_reached":23,"playtime":1446,"items_purged":["Defend_R"],"score":195,"play_id":"ebc6f180-d043-486e-aa8d-080880714433","local_time":"20210101131042","is_ascension_mode":false,"campfire_choices":[{"data":"Spot Weakness","floor":6,"key":"SMITH"},{"floor":13,"key":"REST"},{"data":"Armaments","floor":15,"key":"SMITH"}],"circlet_count":0,"master_deck":["Strike_R","Strike_R","Strike_R","Strike_R","Defend_R","Defend_R","Defend_R","Bash","Spot Weakness+1","Warcry","Clothesline","Sword Boomerang","Flex+1","Double Tap+1","Armaments+1","Heavy Blade","Metallicize","Demon Form","Metallicize+1","Dual Wield","Infernal Blade"],"relics":["Burning Blood","NeowsBlessing","Potion Belt","War Paint","Sozu"],"acts_visited":["Exordium","TheCity"],"potions_floor_usage":[23,23,23,23,23],"damage_taken":[{"damage":0,"enemies":"Cultist","floor":1,"turns":1},{"damage":0,"enemies":"2 Louse","floor":3,"turns":1},{"damage":0,"enemies":"Small Slimes","floor":4,"turns":1},{"damage":18,"enemies":"Exordium Wildlife","floor":5,"turns":4},{"damage":34,"enemies":"Lagavulin","floor":7,"turns":6},{"damage":9,"enemies":"3 Louse","floor":8,"turns":3},{"damage":16,"enemies":"Lots of Slimes","floor":10,"turns":4},{"damage":4,"enemies":"2 Fungi Beasts","floor":12,"turns":2},{"damage":0,"enemies":"Red Slaver","floor":14,"turns":1},{"damage":54,"enemies":"Slime Boss","floor":16,"turns":12},{"damage":12,"enemies":"Shell Parasite","floor":18,"turns":5},{"damage":25,"enemies":"Spheric Guardian","floor":19,"turns":4},{"damage":28,"enemies":"Gremlin Leader","floor":23,"turns":3}],"seed_played":"-6524094397060956200","potions_obtained":[{"floor":1,"key":"EssenceOfSteel"},{"floor":8,"key":"Dexterity Potion"},{"floor":11,"key":"GamblersBrew"},{"floor":11,"key":"EntropicBrew"},{"floor":16,"key":"EssenceOfSteel"}],"is_trial":false,"path_per_floor":["M","$","M","M","M","R","E","M","T","M","?","M","R","M","R","B",null,"M","M","$","?","$","E"],"character_chosen":"IRONCLAD","items_purchased":["Dual Wield"],"campfire_rested":1,"item_purchase_floors":[20],"current_hp_per_floor":[80,80,80,80,68,68,40,37,37,27,27,29,53,59,59,11,80,74,55,55,55,55,27,27],"gold":209,"neow_bonus":"THREE_ENEMY_KILL","is_daily":false,"chose_seed":false,"campfire_upgraded":2,"win_rate":0.0,"timestamp":1609477842,"path_taken":["M","?","M","?","M","R","E","M","T","M","?","M","R","M","R","BOSS","M","M","$","?","$","E"],"items_purchased_type":["Card"],"build_version":"2020-12-22","purchased_purges":1,"victory":false,"max_hp_per_floor":[80,80,80,80,80,80,80,80,80,80,80,80,80,80,80,80,80,80,80,80,80,80,80,80],"card_choices":[{"not_picked":["Heavy Blade","Shrug It Off"],"picked":"Spot Weakness","floor":1},{"not_picked":["Thunderclap","Anger"],"picked":"Warcry","floor":3},{"not_picked":["Clash","Headbutt"],"picked":"Clothesline","floor":4},{"not_picked":["Clash","True Grit"],"picked":"Sword Boomerang","floor":5},{"not_picked":["Clash","Shrug It Off"],"picked":"Flex","floor":7},{"not_picked":["Armaments","Headbutt"],"picked":"Double Tap","floor":8},{"not_picked":["Sword Boomerang","Perfected Strike"],"picked":"Armaments","floor":10},{"not_picked":["Anger","Flame Barrier"],"picked":"Heavy Blade","floor":12},{"not_picked":["Burning Pact","Pommel Strike"],"picked":"Metallicize","floor":14},{"not_picked":["Berserk","Corruption"],"picked":"Demon Form","floor":16},{"not_picked":["True Grit","Thunderclap","Shrug It Off"],"picked":"SKIP","floor":18},{"not_picked":["Pommel Strike","Dark Embrace"],"picked":"Metallicize+1","floor":19}],"player_experience":10985,"relics_obtained":[{"floor":7,"key":"Potion Belt"},{"floor":9,"key":"War Paint"}],"event_choices":[{"damage_healed":0,"gold_gain":0,"player_choice":"Bought 2 Potions","damage_taken":0,"max_hp_gain":0,"max_hp_loss":0,"event_name":"The Woman in Blue","floor":11,"gold_loss":0},{"damage_healed":0,"gold_gain":0,"cards_transformed":["Strike_R"],"player_choice":"Transformed","damage_taken":0,"max_hp_gain":0,"max_hp_loss":0,"event_name":"Transmorgrifier","floor":21,"gold_loss":0,"cards_obtained":["Infernal Blade"]}],"is_beta":false,"boss_relics":[{"not_picked":["Velvet Choker","Calling Bell"],"picked":"Sozu"}],"items_purged_floors":[22],"is_endless":false,"potions_floor_spawned":[1,8,16],"killed_by":"Gremlin Leader","ascension_level":0}}