{"host":"2se5dq1do2gp0x9k","time":1609492473,"event":{"mods":["AchievementEnabler","BaseMod","Block Reminder","Colored Map","Colored Powertips","Minty Spire (QoL Compilation)","Relic Stats","StSLib","SuperFastMode"],"gold_per_floor":[19,19,42,42,62,62,101,117,185,225,250,250,263,307,307,427,427,443,467,190,190,190,230,230,230,255,255,255,291,291,335,335,464,464,479,495,511,531,556,556,592,604,616,224,245,245,264,288,288,288,288],"floor_reached":50,"playtime":2664,"items_purged":["Defend_P","Strike_P+1"],"score":604,"play_id":"c00547aa-23bc-47db-8998-7806404e02e1","local_time":"20210101011433","is_ascension_mode":true,"campfire_choices":[{"data":"Eruption","floor":6,"key":"SMITH"},{"floor":12,"key":"REST"},{"data":"TalkToTheHand","floor":15,"key":"SMITH"},{"data":"MentalFortress","floor":25,"key":"SMITH"},{"data":"Crescendo","floor":27,"key":"SMITH"},{"floor":30,"key":"REST"},{"floor":32,"key":"REST"},{"floor":40,"key":"REST"},{"floor":42,"key":"REST"},{"data":"Omniscience","floor":46,"key":"SMITH"},{"floor":49,"key":"REST"}],"circlet_count":0,"master_deck":["Strike_P+1","Strike_P+1","Defend_P+1","Defend_P+1","Defend_P+1","Eruption+1","Vigilance+1","FearNoEvil+1","Vengeance","FlyingSleeves+1","TalkToTheHand+1","Crescendo+1","DevaForm","ClearTheMind+1","EmptyFist+1","FlurryOfBlows+1","Omniscience+1","WaveOfTheHand","Wallop+1","MentalFortress+1","FearNoEvil+1","ThirdEye","FlurryOfBlows+1","FlurryOfBlows+1","Ragnarok+1","LikeWater+1","JustLucky+1","Adaptation","Wallop+1","LessonLearned+1","ThirdEye+1","Fasting2","Parasite","TalkToTheHand+1"],"relics":["HolyWater","StoneCalendar","Golden Idol","Calipers","Molten Egg 2","Tiny Chest","Odd Mushroom","Centennial Puzzle","Runic Pyramid","Torii","GoldenEye","PreservedInsect","Lantern","Toy Ornithopter","MawBank","Mummified Hand","Oddly Smooth Stone","Whetstone"],"acts_visited":["Exordium","TheCity","TheBeyond"],"potions_floor_usage":[10,11,13,16,29,38,39,41],"damage_taken":[{"damage":6,"enemies":"Jaw Worm","floor":1,"turns":4},{"damage":0,"enemies":"2 Louse","floor":3,"turns":3},{"damage":1,"enemies":"Small Slimes","floor":5,"turns":4},{"damage":18,"enemies":"3 Sentries","floor":7,"turns":7},{"damage":0,"enemies":"Looter","floor":8,"turns":2},{"damage":11,"enemies":"Gremlin Nob","floor":10,"turns":4},{"damage":12,"enemies":"The Mushroom Lair","floor":11,"turns":5},{"damage":20,"enemies":"Gremlin Gang","floor":13,"turns":7},{"damage":0,"enemies":"Lagavulin","floor":14,"turns":6},{"damage":10,"enemies":"Hexaghost","floor":16,"turns":7},{"damage":10,"enemies":"Shell Parasite","floor":18,"turns":3},{"damage":7,"enemies":"3 Byrds","floor":19,"turns":5},{"damage":21,"enemies":"Book of Stabbing","floor":23,"turns":5},{"damage":26,"enemies":"Slavers","floor":29,"turns":5},{"damage":7,"enemies":"Gremlin Leader","floor":31,"turns":3},{"damage":1,"enemies":"Collector","floor":33,"turns":6},{"damage":0,"enemies":"3 Darklings","floor":35,"turns":5},{"damage":17,"enemies":"3 Shapes","floor":36,"turns":7},{"damage":39,"enemies":"Jaw Worm Horde","floor":37,"turns":4},{"damage":1,"enemies":"Sphere and 2 Shapes","floor":38,"turns":3},{"damage":15,"enemies":"3 Darklings","floor":39,"turns":4},{"damage":31,"enemies":"Reptomancer","floor":41,"turns":4},{"damage":0,"enemies":"Transient","floor":45,"turns":5},{"damage":0,"enemies":"Jaw Worm Horde","floor":47,"turns":6},{"damage":15,"enemies":"Writhing Mass","floor":48,"turns":6},{"damage":34,"enemies":"Time Eater","floor":50,"turns":5}],"seed_played":"5051221477059418516","potions_obtained":[{"floor":5,"key":"Block Potion"},{"floor":8,"key":"BlessingOfTheForge"},{"floor":10,"key":"Block Potion"},{"floor":13,"key":"LiquidBronze"},{"floor":14,"key":"Dexterity Potion"},{"floor":22,"key":"EntropicBrew"},{"floor":22,"key":"Ancient Potion"},{"floor":22,"key":"Ancient Potion"},{"floor":29,"key":"GamblersBrew"},{"floor":31,"key":"Regen Potion"},{"floor":39,"key":"PowerPotion"},{"floor":41,"key":"CultistPotion"}],"is_trial":false,"path_per_floor":["M","?","M","?","M","R","E","M","T","E","?","R","M","E","R","B",null,"M","M","$","?","?","E","T","R","T","R","?","E","R","E","R","B",null,"M","M","M","M","M","R","E","R","T","$","M","R","M","M","R","B"],"character_chosen":"WATCHER","items_purchased":["MentalFortress","FearNoEvil+1","ThirdEye","Oddly Smooth Stone","Whetstone"],"campfire_rested":6,"item_purchase_floors":[20,20,20,44,44],"current_hp_per_floor":[66,66,66,59,58,58,40,40,40,29,17,37,17,17,17,7,67,57,50,50,50,50,29,29,29,29,29,29,3,23,16,36,35,67,67,50,11,20,10,30,4,24,24,24,24,24,24,9,29,0,0],"gold":288,"neow_bonus":"ONE_RARE_RELIC","is_daily":false,"chose_seed":false,"campfire_upgraded":5,"win_rate":0.0,"timestamp":1609492473,"path_taken":["M","?","M","?","M","R","E","M","T","E","?","R","M","E","R","BOSS","M","M","$","?","?","E","?","R","T","R","?","E","R","E","R","BOSS","M","M","?","M","M","R","E","R","T","$","M","R","M","M","R","BOSS"],"items_purchased_type":["Card","Card","Card","Relic","Relic"],"build_version":"2020-12-22","purchased_purges":2,"victory":false,"max_hp_per_floor":[72,67,67,67,67,67,67,67,67,67,67,67,67,67,67,67,67,67,67,67,67,67,67,67,67,67,67,67,67,67,67,67,67,67,67,67,67,67,67,67,67,67,67,67,67,67,67,67,67,67,67],"relic_stats":{"Torii":6,"counters":[26,125],"Golden Idol":165,"StoneCalendar":[118],"PreservedInsect":150,"Whetstone":["FlyingSleeves","FearNoEvil"],"GoldenEye":[31],"MawBank":36,"Centennial Puzzle":[40],"Mummified Hand":[24],"Tiny Chest":1,"obtain_stats":[{"Lantern":29,"Calipers":7,"Torii":23,"Golden Idol":2,"Oddly Smooth Stone":44,"StoneCalendar":0,"PreservedInsect":26,"Whetstone":44,"Odd Mushroom":11,"GoldenEye":24,"MawBank":41,"Centennial Puzzle":14,"Mummified Hand":43,"HolyWater":34,"Molten Egg 2":9,"Tiny Chest":10,"PureWater":0,"Toy Ornithopter":31,"Runic Pyramid":17},{"Lantern":14,"Calipers":4,"Torii":13,"Golden Idol":1,"Oddly Smooth Stone":22,"StoneCalendar":0,"PreservedInsect":13,"Whetstone":22,"Odd Mushroom":7,"GoldenEye":13,"MawBank":22,"Centennial Puzzle":9,"Mummified Hand":22,"HolyWater":16,"Molten Egg 2":5,"Tiny Chest":6,"PureWater":0,"Toy Ornithopter":15,"Runic Pyramid":10},{"Lantern":67,"Calipers":18,"Torii":62,"Golden Idol":4,"Oddly Smooth Stone":103,"StoneCalendar":0,"PreservedInsect":62,"Whetstone":103,"Odd Mushroom":29,"GoldenEye":62,"MawBank":103,"Centennial Puzzle":42,"Mummified Hand":103,"HolyWater":76,"Molten Egg 2":20,"Tiny Chest":24,"PureWater":0,"Toy Ornithopter":70,"Runic Pyramid":49}],"Toy Ornithopter":15},"card_choices":[{"not_picked":["CutThroughFate","ReachHeaven"],"picked":"FearNoEvil","floor":1},{"not_picked":["Nirvana","Consecrate"],"picked":"Vengeance","floor":3},{"not_picked":["SashWhip","FollowUp"],"picked":"FlyingSleeves","floor":5},{"not_picked":["FlyingSleeves","ThirdEye"],"picked":"TalkToTheHand","floor":7},{"not_picked":["ThirdEye","SashWhip"],"picked":"Crescendo","floor":8},{"not_picked":["EmptyBody","Tantrum+1"],"picked":"DevaForm","floor":10},{"not_picked":["Tantrum+1","EmptyFist+1"],"picked":"ClearTheMind","floor":11},{"not_picked":["Prostrate","Study"],"picked":"EmptyFist+1","floor":13},{"not_picked":["DeceiveReality","Vault"],"picked":"FlurryOfBlows+1","floor":14},{"not_picked":["Brilliance+1","ConjureBlade"],"picked":"Omniscience","floor":16},{"not_picked":["ReachHeaven+1","SashWhip+1"],"picked":"WaveOfTheHand","floor":18},{"not_picked":["Crescendo","SashWhip+1"],"picked":"Wallop+1","floor":19},{"not_picked":["Crescendo","WindmillStrike+1"],"picked":"FlurryOfBlows+1","floor":23},{"not_picked":["PathToVictory","FollowUp+1","Crescendo"],"picked":"SKIP","floor":29},{"not_picked":["Indignation","EmptyMind"],"picked":"FlurryOfBlows+1","floor":31},{"not_picked":["Alpha","Brilliance+1"],"picked":"Ragnarok+1","floor":33},{"not_picked":["PathToVictory+1","Indignation"],"picked":"LikeWater+1","floor":35},{"not_picked":["ForeignInfluence+1","LikeWater+1","Worship"],"picked":"SKIP","floor":36},{"not_picked":["Crescendo","SandsOfTime+1"],"picked":"JustLucky+1","floor":37},{"not_picked":["FlurryOfBlows+1","BowlingBash+1"],"picked":"Adaptation","floor":38},{"not_picked":["FlurryOfBlows+1","FlyingSleeves+1"],"picked":"Wallop+1","floor":39},{"not_picked":["CrushJoints+1","Pray"],"picked":"LessonLearned+1","floor":41},{"not_picked":["Consecrate+1","Indignation"],"picked":"ThirdEye+1","floor":45},{"not_picked":["Halt+1","Protect"],"picked":"Fasting2","floor":47},{"not_picked":["LikeWater","FlyingSleeves+1"],"picked":"TalkToTheHand+1","floor":48}],"player_experience":3690667,"relics_obtained":[{"floor":7,"key":"Calipers"},{"floor":9,"key":"Molten Egg 2"},{"floor":10,"key":"Tiny Chest"},{"floor":11,"key":"Odd Mushroom"},{"floor":14,"key":"Centennial Puzzle"},{"floor":23,"key":"Torii"},{"floor":24,"key":"GoldenEye"},{"floor":26,"key":"PreservedInsect"},{"floor":29,"key":"Lantern"},{"floor":31,"key":"Toy Ornithopter"},{"floor":41,"key":"MawBank"},{"floor":43,"key":"Mummified Hand"}],"event_choices":[{"damage_healed":0,"gold_gain":0,"player_choice":"Lose Max HP","damage_taken":0,"relics_obtained":["Golden Idol"],"max_hp_gain":0,"max_hp_loss":5,"event_name":"Golden Idol","floor":2,"gold_loss":0},{"cards_removed":["Strike_P"],"damage_healed":0,"gold_gain":0,"player_choice":"Card Removal","damage_taken":7,"max_hp_gain":0,"max_hp_loss":0,"event_name":"Golden Wing","floor":4,"gold_loss":0},{"damage_healed":0,"gold_gain":0,"player_choice":"Fought Mushrooms","damage_taken":0,"max_hp_gain":0,"max_hp_loss":0,"event_name":"Mushrooms","floor":11,"gold_loss":0},{"damage_healed":0,"gold_gain":0,"player_choice":"Simplicity","damage_taken":0,"max_hp_gain":0,"max_hp_loss":0,"event_name":"Back to Basics","floor":21,"gold_loss":0,"cards_upgraded":["Strike_P","Strike_P","Strike_P","Defend_P","Defend_P","Defend_P"]},{"damage_healed":0,"gold_gain":0,"player_choice":"Got Potions","damage_taken":0,"max_hp_gain":0,"max_hp_loss":0,"event_name":"Lab","floor":22,"gold_loss":0},{"damage_healed":0,"gold_gain":0,"player_choice":"Bought 0 Potions","damage_taken":0,"max_hp_gain":0,"max_hp_loss":0,"event_name":"The Woman in Blue","floor":28,"gold_loss":0}],"is_beta":false,"boss_relics":[{"not_picked":["Busted Crown","Philosopher\u0027s Stone"],"picked":"Runic Pyramid"},{"not_picked":["Pandora\u0027s Box","Calling Bell"],"picked":"HolyWater"}],"items_purged_floors":[20,44],"is_endless":false,"potions_floor_spawned":[5,8,10,13,14,29,31,33,36,39,41,47,48],"killed_by":"Time Eater","ascension_level":1}}