{"host":"x205naxbihvu3p76","time":1609474696,"event":{"mods":["AchievementEnabler","BaseMod","Minty Spire (QoL Compilation)","StSLib","SuperFastMode"],"gold_per_floor":[112,128,128,138,155,155,4,4,304,335,235,235,150,165,165,244,244,261,83,0,11,29,54,54,54,54,54,82,82,95,114,114,191,191,203,203,203,219,219,219,231,255,309,324,324,13,28,28,28,28],"floor_reached":51,"playtime":1343,"items_purged":["Strike_B","Strike_B","Fission","Auto Shields+1"],"score":1355,"play_id":"60b2e9ee-876a-4658-a1d4-6976f45e54fb","local_time":"20210101131816","is_ascension_mode":true,"campfire_choices":[{"data":"White Noise","floor":6,"key":"SMITH"},{"data":"Consume","floor":8,"key":"SMITH"},{"data":"Zap","floor":15,"key":"SMITH"},{"floor":24,"key":"REST"},{"floor":27,"key":"REST"},{"floor":32,"key":"REST"},{"data":"Creative AI","floor":40,"key":"SMITH"},{"data":"Buffer","floor":45,"key":"SMITH"},{"data":"Defragment","floor":49,"key":"SMITH"}],"circlet_count":0,"master_deck":["AscendersBane","Zap+1","Dualcast+1","Go for the Eyes+1","Undo","Cold Snap","White Noise+1","Consume+1","Glacier","Rainbow","Biased Cognition","Defragment","Chill","Darkness","Compile Driver","Electrodynamics","Coolheaded+1","Heatsinks","Creative AI+1","Coolheaded+1","Buffer+1","Defragment+1"],"relics":["Cracked Core","NeowsBlessing","Old Coin","Matryoshka","Oddly Smooth Stone","Vajra","Pandora\u0027s Box","War Paint","Toxic Egg 2","Potion Belt","Letter Opener","Coffee Dripper","Orichalcum","Regal Pillow","ClockworkSouvenir"],"acts_visited":["Exordium","TheCity","TheBeyond"],"potions_floor_usage":[23,28,33,33,48,50,50],"damage_taken":[{"damage":0,"enemies":"Small Slimes","floor":1,"turns":1},{"damage":0,"enemies":"Cultist","floor":2,"turns":1},{"damage":0,"enemies":"2 Louse","floor":4,"turns":1},{"damage":5,"enemies":"Large Slime","floor":5,"turns":6},{"damage":26,"enemies":"Gremlin Nob","floor":10,"turns":4},{"damage":0,"enemies":"2 Fungi Beasts","floor":14,"turns":5},{"damage":10,"enemies":"The Guardian","floor":16,"turns":18},{"damage":0,"enemies":"Spheric Guardian","floor":18,"turns":8},{"damage":12,"enemies":"2 Thieves","floor":21,"turns":5},{"damage":12,"enemies":"Snecko","floor":22,"turns":5},{"damage":37,"enemies":"Gremlin Leader","floor":23,"turns":7},{"damage":7,"enemies":"Book of Stabbing","floor":28,"turns":6},{"damage":0,"enemies":"Colosseum Slavers","floor":29,"turns":5},{"damage":14,"enemies":"Centurion and Healer","floor":30,"turns":3},{"damage":18,"enemies":"Snake Plant","floor":31,"turns":5},{"damage":19,"enemies":"Automaton","floor":33,"turns":13},{"damage":11,"enemies":"Orb Walker","floor":35,"turns":4},{"damage":18,"enemies":"3 Shapes","floor":38,"turns":4},{"damage":0,"enemies":"Sphere and 2 Shapes","floor":41,"turns":4},{"damage":8,"enemies":"4 Shapes","floor":44,"turns":6},{"damage":0,"enemies":"Maw","floor":47,"turns":7},{"damage":0,"enemies":"Writhing Mass","floor":48,"turns":1},{"damage":0,"enemies":"Donu and Deca","floor":50,"turns":8}],"seed_played":"1800262690839541986","potions_obtained":[{"floor":10,"key":"Regen Potion"},{"floor":23,"key":"FocusPotion"},{"floor":28,"key":"FocusPotion"},{"floor":33,"key":"SkillPotion"},{"floor":35,"key":"SteroidPotion"},{"floor":38,"key":"SmokeBomb"},{"floor":44,"key":"Dexterity Potion"}],"is_trial":false,"path_per_floor":["M","M","?","M","M","R","$","R","T","E","$","T","$","M","R","B",null,"M","$","?","M","M","E","R","?","T","R","E","?","M","M","R","B",null,"M","?","?","M","?","R","M","T","T","M","R","$","M","M","R","B",null],"character_chosen":"DEFECT","items_purchased":["Consume","DuplicationPotion","Compile Driver","ClockworkSouvenir"],"campfire_rested":3,"item_purchase_floors":[7,13,19,46],"current_hp_per_floor":[64,64,64,64,59,59,59,59,59,33,33,33,33,33,33,23,59,59,59,59,47,35,13,34,34,34,55,48,48,34,16,37,18,58,47,47,47,29,29,29,29,29,29,21,21,21,21,21,21,21],"gold":28,"neow_bonus":"THREE_ENEMY_KILL","is_daily":false,"chose_seed":false,"campfire_upgraded":6,"win_rate":0.0,"timestamp":1609474696,"path_taken":["M","M","?","M","?","R","$","R","T","E","$","?","$","M","R","BOSS","M","$","?","M","M","E","R","?","T","R","E","?","M","M","R","BOSS","M","?","?","M","?","R","M","?","T","M","R","?","M","?","R","BOSS"],"items_purchased_type":["Card","Potion","Card","Relic"],"build_version":"2020-12-22","purchased_purges":4,"victory":true,"max_hp_per_floor":[71,71,71,71,71,71,71,71,71,71,71,71,71,71,71,71,71,71,71,71,71,71,71,71,71,71,71,71,71,71,71,71,71,71,71,71,71,71,71,71,71,71,71,71,71,71,71,71,71,71],"card_choices":[{"not_picked":["Steam","Rebound"],"picked":"Go for the Eyes","floor":1},{"not_picked":["Leap","Melter"],"picked":"Undo","floor":2},{"not_picked":["Rebound","Compile Driver"],"picked":"Cold Snap","floor":4},{"not_picked":["Darkness","Undo"],"picked":"White Noise","floor":5},{"not_picked":["Barrage","Compile Driver","Steam Power"],"picked":"SKIP","floor":10},{"not_picked":["Redo","Streamline"],"picked":"Glacier","floor":14},{"not_picked":["Buffer","Meteor Strike"],"picked":"Rainbow","floor":16},{"not_picked":["Compile Driver","Rebound"],"picked":"Darkness","floor":18},{"not_picked":["Coolheaded","Stack"],"picked":"Electrodynamics","floor":21},{"not_picked":["Double Energy","Coolheaded","Hologram"],"picked":"SKIP","floor":22},{"not_picked":["Rip and Tear+1","Steam","Steam Power"],"picked":"SKIP","floor":23},{"not_picked":["Static Discharge","Turbo+1"],"picked":"Coolheaded+1","floor":28},{"not_picked":["Sweeping Beam","Cold Snap"],"picked":"Heatsinks","floor":30},{"not_picked":["Coolheaded+1","Steam Power+1","Hologram+1"],"picked":"SKIP","floor":31},{"not_picked":["Reboot+1","All For One"],"picked":"Creative AI","floor":33},{"not_picked":["Gash","Stack+1"],"picked":"Coolheaded+1","floor":35},{"not_picked":["Rebound","Heatsinks","Recycle+1"],"picked":"SKIP","floor":38},{"not_picked":["Scrape","Turbo+1","Compile Driver+1"],"picked":"SKIP","floor":41},{"not_picked":["Leap+1","Rebound"],"picked":"Buffer","floor":44},{"not_picked":["Turbo+1","Steam+1"],"picked":"Defragment","floor":47}],"player_experience":943005,"relics_obtained":[{"floor":9,"key":"Old Coin"},{"floor":10,"key":"Matryoshka"},{"floor":12,"key":"Oddly Smooth Stone"},{"floor":12,"key":"Vajra"},{"floor":23,"key":"War Paint"},{"floor":26,"key":"Toxic Egg 2"},{"floor":26,"key":"Potion Belt"},{"floor":28,"key":"Letter Opener"},{"floor":42,"key":"Orichalcum"},{"floor":43,"key":"Regal Pillow"}],"event_choices":[{"damage_healed":0,"gold_gain":0,"player_choice":"Upgraded","damage_taken":0,"max_hp_gain":0,"max_hp_loss":0,"event_name":"Upgrade Shrine","floor":3,"gold_loss":0,"cards_upgraded":["Go for the Eyes"]},{"damage_healed":0,"gold_gain":0,"player_choice":"Paid Fearfully","damage_taken":0,"max_hp_gain":0,"max_hp_loss":0,"event_name":"Masked Bandits","floor":20,"gold_loss":83},{"damage_healed":0,"gold_gain":0,"player_choice":"Fight","damage_taken":0,"max_hp_gain":0,"max_hp_loss":0,"event_name":"Colosseum","floor":29,"gold_loss":0},{"damage_healed":0,"gold_gain":0,"player_choice":"Fled From Nobs","damage_taken":0,"max_hp_gain":0,"max_hp_loss":0,"event_name":"Colosseum","floor":29,"gold_loss":0},{"damage_healed":0,"gold_gain":0,"player_choice":"Ignored","damage_taken":0,"max_hp_gain":0,"max_hp_loss":0,"event_name":"Mysterious Sphere","floor":36,"gold_loss":0},{"cards_removed":["Loop"],"damage_healed":0,"gold_gain":0,"player_choice":"Removed Power","damage_taken":0,"max_hp_gain":0,"max_hp_loss":0,"event_name":"Falling","floor":37,"gold_loss":0},{"damage_healed":0,"gold_gain":0,"player_choice":"Ignored","damage_taken":0,"max_hp_gain":0,"max_hp_loss":0,"event_name":"Tomb of Lord Red Mask","floor":39,"gold_loss":0}],"is_beta":false,"boss_relics":[{"not_picked":["Cursed Key","Ectoplasm"],"picked":"Pandora\u0027s Box"},{"not_picked":["FrozenCore","Tiny House"],"picked":"Coffee Dripper"}],"items_purged_floors":[7,11,19,46],"is_endless":false,"potions_floor_spawned":[10,14,16,21,23,28,29,33,35,38,44,48],"ascension_level":18}}