{"host":"n900smz9wr3yo27a","time":1609488528,"event":{"mods":["Abigail Mod","Arknights The Spire","Ascension Reborn","BaseMod","CapriCore","GungeonMod","Hermit","Koishi","Lobotomy","Marisa£¨Ùöéë¡¡Øª×âÞÞ£©","Minty Spire (QoL Compilation)","Prisma Mod","Replay The Spire","StSLib","Td1madao Mod","The Animator","The Bug Knight","The Cursed","The Dragon Tamer","The Gatherer","The Hierophant","The Immortal","The Jungle","The Necromancer","The Poker Player","The Runesmith","WarShipGirlsR/??á´Ò³R mod"],"gold_per_floor":[217,217,231,247,261,261,290,290,290,340,340,360,389,406,406,506,506,525,540,720,720,720],"floor_reached":21,"playtime":1376,"items_purged":[],"score":216,"play_id":"1ad87763-b9aa-48cd-a2de-66bb8d5d47dd","local_time":"20210101170848","is_ascension_mode":true,"campfire_choices":[{"data":"hermit:GoldenBullet","floor":6,"key":"SMITH"},{"floor":8,"key":"REST"},{"data":"hermit:Snapshot","floor":11,"key":"SMITH"},{"data":"hermit:Brawl","floor":15,"key":"SMITH"}],"circlet_count":0,"master_deck":["hermit:Strike_Hermit","hermit:Strike_Hermit","hermit:Strike_Hermit","hermit:Strike_Hermit","hermit:Defend_Hermit","hermit:Defend_Hermit","hermit:Defend_Hermit","hermit:Defend_Hermit","hermit:Snapshot+1","hermit:Covet","hermit:GoldenBullet+1","hermit:GhostlyPresence","hermit:Enervate","hermit:Shortfuse","hermit:CalledShot","hermit:Brawl+1","hermit:PistolWhip","hermit:Reprieve","hermit:GoldenBullet+1","hermit:Grudge+1"],"relics":["hermit:Momento","ats:Originium","Question Card","Divine Protection","Ornamental Fan","Runesmith:UraniumAnvil"],"acts_visited":["Exordium","TheCity"],"potions_floor_usage":[13,13,19],"damage_taken":[{"damage":9,"enemies":"Jaw Worm","floor":1,"turns":4},{"damage":1,"enemies":"Cultist","floor":3,"turns":4},{"damage":4,"enemies":"Small Slimes","floor":4,"turns":5},{"damage":0,"enemies":"Exordium Wildlife","floor":5,"turns":2},{"damage":33,"enemies":"Gremlin Nob","floor":7,"turns":5},{"damage":0,"enemies":"Red Slaver","floor":12,"turns":2},{"damage":0,"enemies":"Lagavulin","floor":13,"turns":6},{"damage":0,"enemies":"3 Louse","floor":14,"turns":3},{"damage":48,"enemies":"Fading Forest","floor":16,"turns":11},{"damage":15,"enemies":"3 Byrds","floor":18,"turns":6},{"damage":25,"enemies":"Sentry and Sphere","floor":19,"turns":7},{"damage":32,"enemies":"Chosen and Byrds","floor":21,"turns":6}],"seed_played":"4364052487044350291","potions_obtained":[{"floor":4,"key":"EssenceOfSteel"},{"floor":12,"key":"BlessingOfTheForge"},{"floor":16,"key":"Venom Potion"},{"floor":18,"key":"SkillPotion"}],"is_trial":false,"path_per_floor":["M","?","M","M","M","R","E","R","T","?","R","M","E","M","R","B",null,"M","M","?","M"],"character_chosen":"HERMIT","items_purchased":[],"campfire_rested":1,"item_purchase_floors":[],"current_hp_per_floor":[66,66,65,61,61,61,28,50,50,50,50,50,50,50,50,12,75,60,39,20,0,0],"gold":720,"neow_bonus":"HUNDRED_GOLD","is_daily":false,"chose_seed":false,"campfire_upgraded":3,"win_rate":0.0,"timestamp":1609488528,"path_taken":["M","?","?","M","M","R","E","R","T","?","R","M","E","M","R","BOSS","M","M","?","?"],"items_purchased_type":[],"build_version":"2020-12-22","purchased_purges":0,"victory":false,"max_hp_per_floor":[75,75,75,75,75,75,75,75,75,75,75,75,75,75,75,75,75,75,75,75,75,75],"card_choices":[{"not_picked":["hermit:Snipe","hermit:CalledShot"],"picked":"hermit:GoldenBullet","floor":1},{"not_picked":["hermit:CalledShot","hermit:Snipe"],"picked":"hermit:GhostlyPresence","floor":3},{"not_picked":["hermit:Snipe","hermit:HoleUp"],"picked":"hermit:Enervate","floor":4},{"not_picked":["hermit:BodyArmor","hermit:Misfire","hermit:Snipe"],"picked":"SKIP","floor":5},{"not_picked":["hermit:Glare","hermit:Spite"],"picked":"hermit:Shortfuse","floor":7},{"not_picked":["hermit:Manifest","hermit:EyeOfTheStorm","hermit:Quickdraw"],"picked":"hermit:CalledShot","floor":12},{"not_picked":["hermit:Feint","hermit:Magnum","hermit:Quickdraw"],"picked":"hermit:Brawl","floor":13},{"not_picked":["hermit:Malice","hermit:SprayPray","hermit:Headshot"],"picked":"hermit:PistolWhip","floor":14},{"not_picked":["hermit:Roughhouse","hermit:DeadOrAlive","hermit:Dissolve"],"picked":"hermit:Reprieve","floor":16},{"not_picked":["hermit:Misfire","hermit:Feint+1","hermit:HoleUp"],"picked":"hermit:GoldenBullet+1","floor":18},{"not_picked":["hermit:Combo","hermit:SprayPray","hermit:TrackingShot+1"],"picked":"hermit:Grudge+1","floor":19}],"player_experience":734023,"relics_obtained":[{"floor":7,"key":"ats:Originium"},{"floor":7,"key":"Question Card"},{"floor":9,"key":"Divine Protection"},{"floor":13,"key":"ats:Originium"},{"floor":13,"key":"Ornamental Fan"}],"event_choices":[{"damage_healed":0,"gold_gain":0,"player_choice":"Ignored","damage_taken":0,"max_hp_gain":0,"max_hp_loss":0,"event_name":"NoteForYourself","floor":2,"gold_loss":0},{"damage_healed":0,"gold_gain":50,"player_choice":"Gained Gold","damage_taken":0,"max_hp_gain":0,"max_hp_loss":0,"event_name":"Golden Wing","floor":10,"gold_loss":0},{"damage_healed":0,"gold_gain":180,"player_choice":"GOLD GOLD ","damage_taken":19,"max_hp_gain":0,"max_hp_loss":0,"event_name":"Knowing Skull","floor":20,"potions_obtained":[],"gold_loss":0,"cards_obtained":[]}],"is_beta":false,"boss_relics":[{"not_picked":["Astrolabe","Replay:Wanted Poster"],"picked":"Runesmith:UraniumAnvil"}],"items_purged_floors":[],"is_endless":false,"potions_floor_spawned":[4,12,16,18],"killed_by":"Chosen and Byrds","ascension_level":0}}