{"host":"6a06qhlf17v5rcww","time":1609528811,"event":{"mods":["Act Like it!","BaseMod","Beaked The Cultist","Better Altar","Better Match","Better Note","Better Sensory Stone","Better Skull","Better Third Choice","Better Vampires","BetterRewards","Block Reminder","Colored Powertips","Downfall","Hallownest","Hermit","Infinite Spire","Minty Spire (QoL Compilation)","Rare Cards Sparkle","Replay The Spire","Shade Mod","StSLib","The Cursed","The Jungle","The Marked","The Witch"],"gold_per_floor":[114,167,97,109,34,34,44,44,44,44,44,44,54,54,54,154,204,220,220,220,220,220,252,270,305,305,305,316,316,336,352,262,361,361,380,392,392,415,439,439,439,466,466,484,484,499,499,499,499,509],"floor_reached":51,"playtime":6240,"items_purged":["Regret"],"score":1102,"play_id":"d3630a0a-4d70-4cd4-81da-ba599aa964c0","local_time":"20210101142011","is_ascension_mode":false,"campfire_choices":[{"data":"theMarked:ComboAttacks","floor":6.0,"key":"SMITH"},{"data":"theMarked:WardOff","floor":8.0,"key":"SMITH"},{"data":"theMarked:SelfDefenseTraining","floor":12.0,"key":"SMITH"},{"data":"theMarked:Parry","floor":15.0,"key":"SMITH"},{"data":"infinitespire:UltimateForm","floor":27.0,"key":"SMITH"},{"data":"theMarked:MagicAdept","floor":29.0,"key":"SMITH"},{"data":"theMarked:Polarize","floor":40,"key":"SMITH"},{"data":"beaked:AwakenedForm","floor":49,"key":"SMITH"}],"circlet_count":0,"master_deck":["theMarked:Strike","theMarked:Strike","theMarked:Strike","theMarked:Strike","theMarked:Strike","theMarked:Defend","theMarked:Defend","theMarked:Defend","theMarked:Defend","theMarked:SoldierOfQuellstein","theMarked:WardOff+1","theMarked:SelfDefenseTraining+1","theMarked:ComboAttacks+1","theMarked:SwordAndMagic","theMarked:EmpowerWeapon","theMarked:Static","theMarked:Electrocute","theMarked:EternalStudent+1","theMarked:SummonStrength+1","theMarked:TakeOffHeels+1","theMarked:WardOff+1","Delirium","theMarked:Parry+1","theMarked:MagicAdept+1","theMarked:DeterminationOfTheMarked","theMarked:ChainLightning","Injury","TheCursedMod:Dregs","infinitespire:UltimateForm+1","theMarked:TwofoldDefense+1","theMarked:HeightenedSenses","theMarked:Polarize+1","theMarked:EnhanceMovement+1","theMarked:SoldierForm","theMarked:Improvise+1","theMarked:RepellingDischarge+1","theMarked:MaelstromOfLightning","Pot Of Greed","Pot Of Greed","Pot Of Greed","Pot Of Greed","theMarked:Reabsorb+1","AscendersBane","beaked:AwakenedForm+1","theMarked:Generate+1"],"relics":["theMarked:ArtifactOfAir","Durian","infinitespire:Satchel","infinitespire:Bottled Soul","Shuriken","ReplayTheSpireMod:Ring of Sloth","Ring of Misfortune","Incense Burner","Tiny House","Question Card","Red Mask","Black Star","Bird Faced Urn","infinitespire:Broken Mirror","Matryoshka","infinitespire:Eraser","ReplayTheSpireMod:Shallot","Singing Bowl","Hallownest:StagBellStandRelic","SlaversCollar","Regal Pillow","Replay:Bandana","MealTicket","Toy Ornithopter","Replay:Wax Seal","Grinning Jar","Medical Kit"],"acts_visited":["Exordium","Hallownest:Greenpath","Hallownest:CityofTears"],"potions_floor_usage":[42,50],"damage_taken":[{"damage":0.0,"enemies":"Hallownest:2_Baldur","floor":1.0,"turns":5.0},{"damage":1.0,"enemies":"2_ Uuma","floor":4.0,"turns":4.0},{"damage":0.0,"enemies":"Hallownest:monsterHuskWarrior","floor":7.0,"turns":13.0},{"damage":7.0,"enemies":"Hallownest:1_Ooma_and_2_Uuma","floor":13.0,"turns":7.0},{"damage":15.0,"enemies":"Hallownest:BossHornet","floor":16.0,"turns":11.0},{"damage":20.0,"enemies":"Hallownest:3_Youths","floor":18.0,"turns":6.0},{"damage":0.0,"enemies":"Hallownest:Nosk","floor":23.0,"turns":26.0},{"damage":1.0,"enemies":"Hallownest:2_Mistakes","floor":24.0,"turns":6.0},{"damage":35.0,"enemies":"Nightmare","floor":25.0,"turns":10.0},{"damage":0.0,"enemies":"Hallownest:3_Mistakes","floor":28.0,"turns":6.0},{"damage":5.0,"enemies":"Hallownest:2_Flukemon","floor":30.0,"turns":7.0},{"damage":0.0,"enemies":"Hallownest:monsterShrumalOgre","floor":31.0,"turns":7.0},{"damage":0.0,"enemies":"Hallownest:BossGrimm","floor":33.0,"turns":13.0},{"damage":7.0,"enemies":"Hallownest:2_Littles","floor":35.0,"turns":13.0},{"damage":0.0,"enemies":"Hallownest:3_Siblings","floor":36.0,"turns":7.0},{"damage":0,"enemies":"Hallownest:monsterPrimalAspid","floor":38,"turns":4},{"damage":4,"enemies":"Hallownest:2_Soldiers_and_1_Guardian","floor":39,"turns":6},{"damage":0,"enemies":"Hallownest:2_Wing_and_1_Kings","floor":42,"turns":8},{"damage":0,"enemies":"Hallownest:Xero_Hu_Marmu","floor":44,"turns":8},{"damage":0,"enemies":"Hallownest:2_Great","floor":46,"turns":7},{"damage":0,"enemies":"Hallownest:Radiance","floor":50,"turns":16}],"seed_played":"-4554753834115631606","potions_obtained":[{"floor":4.0,"key":"DuplicationPotion"},{"floor":7.0,"key":"Energy Potion"},{"floor":13.0,"key":"Elixir"},{"floor":42,"key":"hexamod:EctoCoolerPotion"}],"is_trial":false,"path_per_floor":["M","?","?","M","?","R","M","R","T","?","$","R","M","AVR","R","B",null,"M","?","?","?","AVR","E","M","NM","T","R","M","R","M","M","R","B",null,"M","M","?","M","M","R","T","M","T","M","?","M","AVR","?","R","B",null],"character_chosen":"THE_DEFAULT","items_purchased":["theMarked:WardOff","infinitespire:Satchel","theMarked:ComboAttacks"],"campfire_rested":0,"item_purchase_floors":[0,0,0],"current_hp_per_floor":[53,53,53,52,52,52,52,52,52,52,52,52,45,45,45,30,80,60,60,60,60,60,60,67,42,42,42,52,52,53,61,61,71,82,79,82,30,36,42,42,42,61,61,71,71,83,83,81,81,81],"gold":509,"neow_bonus":"","is_daily":false,"chose_seed":false,"campfire_upgraded":8,"win_rate":0.0,"timestamp":1609528811,"path_taken":["M","?","?","M","?","R","?","R","T","?","$","R","M","AVR","R","BOSS","M","?","?","?","AVR","E","M","NM","T","R","?","R","M","M","R","BOSS","M","M","?","?","?","R","?","?","T","M","?","M","AVR","?","R","BOSS"],"items_purchased_type":["Card","Relic","Card"],"build_version":"2020-12-22","purchased_purges":1,"victory":true,"max_hp_per_floor":[75,75,75,75,75,75,75,75,75,75,75,75,75,75,75,75,80,80,80,80,80,80,80,80,80,80,80,82,82,82,82,82,82,82,82,82,82,84,84,84,84,86,86,86,86,86,86,81,81,81],"card_choices":[{"not_picked":["theMarked:RogueSparks","theMarked:ElectricStrings"],"picked":"theMarked:SwordAndMagic","floor":1.0},{"not_picked":["theMarked:SwordAndMagic","theMarked:KeepCalmAndFightOn"],"picked":"theMarked:EmpowerWeapon","floor":2.0},{"not_picked":["theMarked:ResourceFulStrike","theMarked:SwordAndMagic"],"picked":"theMarked:Static","floor":2.0},{"not_picked":["theMarked:UnarmedFury","theMarked:Parkour"],"picked":"theMarked:Electrocute","floor":4.0},{"not_picked":["theMarked:Challenge+1","theMarked:MuscleMemory+1"],"picked":"theMarked:EternalStudent+1","floor":5.0},{"not_picked":["theMarked:UnarmedFury+1","theMarked:Challenge+1"],"picked":"theMarked:SummonStrength+1","floor":5.0},{"not_picked":["theMarked:SuspiciousRaven+1","theMarked:TurnInvisible+1"],"picked":"theMarked:TakeOffHeels+1","floor":5.0},{"not_picked":["theMarked:ComboAttacks","theMarked:WastefulAttack"],"picked":"theMarked:WardOff","floor":7.0},{"not_picked":["theMarked:Static","theMarked:Levitate"],"picked":"theMarked:Parry","floor":13.0},{"not_picked":["theMarked:Challenge","theMarked:EternalStudent"],"picked":"theMarked:MagicAdept","floor":16.0},{"not_picked":["theMarked:SwordAndMagic","theMarked:ResourceFulStrike"],"picked":"theMarked:DeterminationOfTheMarked","floor":17.0},{"not_picked":["theMarked:Static","theMarked:SwordAndMagic"],"picked":"theMarked:ChainLightning","floor":18.0},{"not_picked":["infinitespire:Execution","infinitespire:FutureSight"],"picked":"infinitespire:UltimateForm","floor":20.0},{"not_picked":["theMarked:HeightenedSenses","theMarked:Static","theMarked:SelfDefenseTraining"],"picked":"theMarked:TwofoldDefense+1","floor":23.0},{"not_picked":["theMarked:SwordAndMagic","theMarked:ShockingTouch","theMarked:Improvise+1","theMarked:MysticalArsenal+1"],"picked":"SKIP","floor":24.0},{"not_picked":["theMarked:Static","theMarked:EmpowerWeapon","theMarked:Challenge"],"picked":"theMarked:HeightenedSenses","floor":25.0},{"not_picked":["theMarked:TwofoldDefense","theMarked:Electrify","theMarked:StartUp","theMarked:RepellingDischarge"],"picked":"Singing Bowl","floor":28.0},{"not_picked":["theMarked:Electrify","theMarked:Static","theMarked:BanishingStrike"],"picked":"theMarked:Polarize","floor":30.0},{"not_picked":["theMarked:Parry","theMarked:ResourceFulStrike+1","theMarked:Vacuum"],"picked":"theMarked:EnhanceMovement+1","floor":31.0},{"not_picked":["theMarked:Vacuum","theMarked:Defy","theMarked:MagicAdept"],"picked":"theMarked:SoldierForm","floor":33.0},{"not_picked":["theMarked:SwordAndMagic","theMarked:SelfDefenseTraining","theMarked:HeightenedSenses+1"],"picked":"theMarked:Improvise+1","floor":35.0},{"not_picked":["theMarked:Aftermath+1","theMarked:SwordAndMagic+1","theMarked:Parkour+1"],"picked":"theMarked:RepellingDischarge+1","floor":36.0},{"not_picked":["theMarked:RogueSparks+1","theMarked:Electrocute","theMarked:LightningStrikesTwice+1","theMarked:ShockingTouch"],"picked":"Singing Bowl","floor":38},{"not_picked":["theMarked:EmpowerWeapon","theMarked:Abjuration","theMarked:SwordAndMagic+1"],"picked":"theMarked:MaelstromOfLightning","floor":39},{"not_picked":["theMarked:Aftermath+1","theMarked:WastefulAttack","theMarked:LightningStrikesTwice","theMarked:ElectricStrings"],"picked":"Singing Bowl","floor":42},{"not_picked":["theMarked:Frustration","theMarked:Seal","theMarked:ThrowWeapon"],"picked":"theMarked:Reabsorb+1","floor":44},{"not_picked":["theMarked:HeightenedSenses","theMarked:MaelstromOfLightning+1","theMarked:Reabsorb"],"picked":"theMarked:Generate+1","floor":46}],"player_experience":737438,"relics_obtained":[{"floor":2.0,"key":"infinitespire:Bottled Soul"},{"floor":9.0,"key":"Shuriken"},{"floor":10.0,"key":"ReplayTheSpireMod:Ring of Sloth"},{"floor":10.0,"key":"Ring of Misfortune"},{"floor":23.0,"key":"Bird Faced Urn"},{"floor":23.0,"key":"infinitespire:Broken Mirror"},{"floor":25.0,"key":"Matryoshka"},{"floor":25.0,"key":"infinitespire:Eraser"},{"floor":26.0,"key":"ReplayTheSpireMod:Shallot"},{"floor":26.0,"key":"Singing Bowl"},{"floor":41,"key":"Toy Ornithopter"},{"floor":41,"key":"Replay:Wax Seal"},{"floor":43,"key":"Grinning Jar"}],"event_choices":[{"damage_healed":0.0,"max_hp_gain":0.0,"max_hp_loss":0.0,"gold_gain":0.0,"event_name":"betterMatch:BetterMatch","player_choice":"3","floor":5.0,"gold_loss":0.0,"damage_taken":0.0,"cards_obtained":["betterMatch:RareCard"]},{"damage_healed":0,"gold_gain":0,"player_choice":"RE RE RE ","damage_taken":58,"relics_obtained":["Regal Pillow","Replay:Bandana","MealTicket"],"max_hp_gain":0,"max_hp_loss":0,"event_name":"betterSkull:BetterSkull","floor":37,"gold_loss":0,"cards_upgraded":[]},{"damage_healed":0,"gold_gain":3,"player_choice":"3","damage_taken":0,"max_hp_gain":0,"max_hp_loss":0,"event_name":"betterStone:BetterStone","floor":45,"gold_loss":0,"cards_obtained":["beaked:AwakenedForm"]}],"is_beta":false,"boss_relics":[{"not_picked":["Honey Jar","ReplayTheSpireMod:DimensionalGlitch"],"picked":"Tiny House"},{"not_picked":["infinitespire:Cupcake","Astrolabe"],"picked":"SlaversCollar"}],"items_purged_floors":[22],"is_endless":false,"potions_floor_spawned":[4,7,13,18,23,31,33,36,42,46],"ascension_level":0}}