{"host":"j1eo1fqrqta44853","time":1609461152,"event":{"mods":["Act Like it!","Bartender","BaseMod","CatGirl Mod","Custom Start","Downfall","Elementarium","Gensokyo","GungeonMod","HololiveMod","Hubris","Infinite Spire","KinomotoSakuraMod(????)","Koishi","Lobotomy","LobotomyExtend","Marisa????????","Minty Spire (QoL Compilation)","Pale of the Ancients","Rare Cards Sparkle","Reimu??????","Replay The Spire","SIMod","Shedinja","StSLib","The Alterego","The Jungle","The Marked","The Mystic","The Runesmith","The Senshi","The Vixen","TheBandit","Waifu the Spire","WarShipGirlsR/????R mod","Yakumo Yukari mod"],"gold_per_floor":[111,111,111,127,138,171,171,189,189,208,208,239,249,249,249],"floor_reached":14,"playtime":1747,"items_purged":[],"score":102,"play_id":"9ec2425a-af39-4a65-9c8a-107c5297bc4f","local_time":"20201231183232","is_ascension_mode":false,"campfire_choices":[{"floor":7,"key":"RECALL"}],"circlet_count":0,"master_deck":["SakuraCardTheFreeze+","ClowCardTheSword","ClowCardTheSword","ClowCardTheSword","ClowCardTheSword","ClowCardTheShield","ClowCardTheShield","ClowCardTheShield","SpellCardSeal","SpellCardRelease","BeautyBeast","ClowCardTheLibra","ClowCardTheRain","MHz","BigBird","ClowCardTheFly","ClowCardTheErase","ClowCardTheShot","ClowCardTheSilent"],"relics":["KSMOD_SealedBook","KSMOD_SealedWand","CogitoBucket","Strawberry","Chameleon Ring","HornCleat"],"acts_visited":["Exordium"],"potions_floor_usage":[],"damage_taken":[{"damage":2,"enemies":"Small Slimes","floor":1,"turns":3},{"damage":0,"enemies":"Jaw Worm","floor":4,"turns":5},{"damage":7,"enemies":"infinitespire:Voidling","floor":5,"turns":5},{"damage":17,"enemies":"Lagavulin","floor":6,"turns":5},{"damage":9,"enemies":"Blue Slaver","floor":8,"turns":3},{"damage":32,"enemies":"3 Louse","floor":10,"turns":4},{"damage":11,"enemies":"Replay:BlueRogue","floor":12,"turns":4},{"damage":0,"enemies":"2 Fungi Beasts","floor":13,"turns":4},{"damage":7,"enemies":"3 Sentries","floor":14,"turns":6}],"seed_played":"1744726580795209881","potions_obtained":[{"floor":4,"key":"FearPotion"},{"floor":12,"key":"FearPotion"}],"is_trial":false,"path_per_floor":["M","?","?","M","M","E","R","M","T","M","?","E","M","E"],"character_chosen":"KINOMOTOSAKURA","items_purchased":[],"campfire_rested":0,"item_purchase_floors":[],"current_hp_per_floor":[68,75,75,75,75,58,58,49,49,17,17,6,6,0,0],"gold":249,"neow_bonus":"","is_daily":false,"chose_seed":false,"campfire_upgraded":0,"win_rate":0.0,"timestamp":1609461152,"path_taken":["M","?","?","?","M","E","R","M","T","M","?","E","M","E"],"items_purchased_type":[],"build_version":"2020-12-22","purchased_purges":0,"victory":false,"max_hp_per_floor":[70,77,77,77,77,77,77,77,77,77,77,77,77,77,77],"card_choices":[{"not_picked":["PunishingBird","OldLady"],"picked":"BeautyBeast","floor":1},{"not_picked":["ClowCardTheIllusion","ClowCardThePower"],"picked":"ClowCardTheLibra","floor":1},{"not_picked":["ClowCardTheArrow","ClowCardTheWave"],"picked":"ClowCardTheRain","floor":4},{"not_picked":["Murderer","Mercenary"],"picked":"MHz","floor":4},{"not_picked":["ClowCardTheStorm","ClowCardTheMirror"],"picked":"ClowCardTheFreeze","floor":5},{"not_picked":["BodiesMountain","Mercenary"],"picked":"BigBird","floor":5},{"not_picked":["ClowCardTheCloud","ClowCardTheLittle"],"picked":"ClowCardTheFly","floor":6},{"not_picked":["ClowCardTheFreeze","ClowCardTheBubbles","ClowCardTheRain"],"picked":"SKIP","floor":8},{"not_picked":["ClowCardTheMove","ClowCardTheCloud"],"picked":"ClowCardTheErase","floor":10},{"not_picked":["ClowCardTheWave","ClowCardTheBubbles"],"picked":"ClowCardTheShot","floor":12},{"not_picked":["ClowCardTheMirror","ClowCardTheLock"],"picked":"ClowCardTheSilent","floor":13}],"player_experience":1033975,"relics_obtained":[{"floor":2,"key":"Strawberry"},{"floor":6,"key":"Chameleon Ring"},{"floor":12,"key":"HornCleat"}],"event_choices":[{"cards_removed":["ClowCardTheShield"],"damage_healed":0,"gold_gain":0,"player_choice":"Card Removal","damage_taken":0,"max_hp_gain":0,"max_hp_loss":0,"event_name":"Wheel of Change","floor":3,"gold_loss":0}],"is_beta":false,"boss_relics":[],"items_purged_floors":[],"is_endless":false,"potions_floor_spawned":[4,12],"killed_by":"3 Sentries","ascension_level":0}}