{"host":"ecuvtzmejf7hhjpv","time":1609530004,"event":{"mods":["AchievementEnabler","Act Like it!","Aspiration","BaseMod","Better Altar","Better Match","Better Note","Better Sensory Stone","Better Skull","Better Third Choice","BetterRewards","Conspire","Custom Start","Gensokyo","GifTheSpireLib","Hallownest","Hermit","Hubris","Kratos Character Expansion","Marisa????????","Minty Spire (QoL Compilation)","Prisma Mod","Replay The Spire","Spicy Shops","StSLib","The Animator","The Blackbeard","The Bug Knight","The Forsaken","The Hierophant","The Jungle","The Necromancer","The Poker Player","The Wild Card"],"gold_per_floor":[109,32,44,44,56,56,85,85,85,117,131,131,131,148,148,243,243,260,260,250,266,266,266,295,295,295,295,295],"floor_reached":27,"playtime":1293,"items_purged":[],"score":384,"play_id":"8b78da04-c311-43ec-941c-9db1f1f21b95","local_time":"20210101134004","is_ascension_mode":true,"campfire_choices":[{"data":"hubris:EnhanceAbility","floor":6,"key":"SMITH"},{"data":"PrismaMod:IllyaCheapChannelDefend","floor":8,"key":"SMITH"},{"data":"PrismaMod:IllyaPartialInstallAssassin","floor":13,"key":"SMITH"},{"data":"PrismaMod:IllyaBride","floor":15,"key":"SMITH"},{"data":"PrismaMod:IllyaUberPoisonChannel","floor":23,"key":"SMITH"},{"floor":25,"key":"REST"}],"circlet_count":0,"master_deck":["PrismaMod:IllyaCommonAttack","PrismaMod:IllyaCommonDefend","PrismaMod:IllyaCommonAttack","PrismaMod:IllyaCommonDefend","PrismaMod:IllyaCommonAttack","PrismaMod:IllyaCommonDefend","PrismaMod:IllyaCommonAttack+1","PrismaMod:IllyaCommonDefend","PrismaMod:IllyaCommonAttack","PrismaMod:IllyaCommonDefend","PrismaMod:IllyaUncommonAttack","PrismaMod:IllyaUncommonDefend","Parasite","hubris:EnhanceAbility+1","PrismaMod:IllyaPoisonTippedWeapons","PrismaMod:IllyaCheapChannelAttack","PrismaMod:IllyaInstallRider","PrismaMod:IllyaBride+1","PrismaMod:IllyaCheapChannelDefend+1","PrismaMod:IllyaSaphire+1","PrismaMod:IllyaFeed","PrismaMod:IllyaUberPoisonChannel+1","PrismaMod:IllyaPartialInstallAssassin+1","Decay","PrismaMod:IllyaInstallRuler","PrismaMod:IllyaStunPoison","PrismaMod:IllyaFriendMaker","PrismaMod:IllyaSaphire","PrismaMod:IllyaDetonatingBlow+1"],"relics":["PrismaMod:PrismaRuby","Membership Card","Meat on the Bone","ClockworkSouvenir","HornCleat","Vajra","Shuriken","Counterbalance","Gremlin Food","aspiration:RitualDagger","Potion Belt","hubris:Icosahedron","theForsaken:Gavel","theForsaken:Lifeblossom"],"acts_visited":["Exordium","TheCity"],"potions_floor_usage":[16,20,20,27],"damage_taken":[{"damage":0,"enemies":"Small Slimes","floor":1,"turns":4},{"damage":5,"enemies":"2 Louse","floor":3,"turns":3},{"damage":0,"enemies":"Cultist","floor":5,"turns":4},{"damage":0,"enemies":"HollowMod:MossKnight","floor":7,"turns":9},{"damage":7,"enemies":"Gremlin Nob","floor":10,"turns":5},{"damage":4,"enemies":"Large Slime","floor":11,"turns":7},{"damage":0,"enemies":"Looter","floor":14,"turns":4},{"damage":10,"enemies":"Fading Forest","floor":16,"turns":11},{"damage":20,"enemies":"Chosen","floor":18,"turns":6},{"damage":5,"enemies":"2 Thieves","floor":20,"turns":5},{"damage":69,"enemies":"Cultist and Chosen","floor":21,"turns":6},{"damage":32,"enemies":"conspire:SneckoGhost","floor":24,"turns":7},{"damage":82,"enemies":"Slavers","floor":27,"turns":8}],"seed_played":"8393120148290289583","potions_obtained":[{"floor":5,"key":"Flashbang"},{"floor":11,"key":"Languid Potion"},{"floor":14,"key":"Elixir"},{"floor":16,"key":"Energy Potion"},{"floor":24,"key":"SpeedPotion"}],"is_trial":false,"path_per_floor":["M","$","M","?","M","R","E","R","T","E","M","?","R","M","R","B",null,"M","?","M","M","?","R","E","R","T","E"],"character_chosen":"ILLYA","items_purchased":["Membership Card","Meat on the Bone","hubris:EnhanceAbility","PrismaMod:IllyaPoisonTippedWeapons","ClockworkSouvenir","HornCleat","PrismaMod:IllyaCheapChannelAttack","PrismaMod:IllyaInstallRider","PrismaMod:IllyaBride","Vajra"],"campfire_rested":1,"item_purchase_floors":[0,0,0,0,0,0,0,0,0,2],"current_hp_per_floor":[45,45,40,40,40,40,40,40,40,45,44,44,44,52,52,56,75,55,55,50,59,59,59,42,64,64,0,0],"gold":295,"neow_bonus":"","is_daily":false,"chose_seed":false,"campfire_upgraded":5,"win_rate":0.0,"timestamp":1609530004,"path_taken":["M","$","M","?","M","R","E","R","T","E","M","?","R","?","R","BOSS","M","?","M","M","?","R","E","R","T","E"],"items_purchased_type":["Relic","Relic","Card","Card","Relic","Relic","Card","Card","Card","Relic"],"build_version":"2020-12-22","purchased_purges":0,"victory":false,"max_hp_per_floor":[75,75,75,75,75,75,75,75,75,75,75,75,75,75,75,75,75,75,75,75,75,75,75,75,75,75,75,75],"card_choices":[{"not_picked":["PrismaMod:IllyaMaid","PrismaMod:IllyaAOECommonAttack"],"picked":"PrismaMod:IllyaCheapChannelDefend","floor":1},{"not_picked":["PrismaMod:IllyaUpgradeOrbs","PrismaMod:IllyaPoisonTippedWeapons"],"picked":"PrismaMod:IllyaSaphire","floor":3},{"not_picked":["PrismaMod:IllyaBoysLove","PrismaMod:IllyaRussianRoulette","PrismaMod:IllyaCheapChannelAttack"],"picked":"SKIP","floor":5},{"not_picked":["PrismaMod:IllyaTestament","PrismaMod:IllyaCheapChannelAttack"],"picked":"PrismaMod:IllyaFeed","floor":7},{"not_picked":["PrismaMod:IllyaRubysPotion","PrismaMod:IllyaEvokeAll"],"picked":"PrismaMod:IllyaUberPoisonChannel","floor":10},{"not_picked":["PrismaMod:IllyaMinorRapidFire","PrismaMod:IllyaCommonEvoke"],"picked":"PrismaMod:IllyaPartialInstallAssassin","floor":11},{"not_picked":["PrismaMod:IllyaBerserCAR","PrismaMod:IllyaBoysLove","PrismaMod:IllyaGun"],"picked":"SKIP","floor":14},{"not_picked":["PrismaMod:IllyaInstallBerserker","PrismaMod:IllyaInstallCaster"],"picked":"PrismaMod:IllyaInstallRuler","floor":16},{"not_picked":["PrismaMod:IllyaBerserCAR","PrismaMod:IllyaCommonEvoke"],"picked":"PrismaMod:IllyaStunPoison","floor":18},{"not_picked":["PrismaMod:IllyaTestament","PrismaMod:IllyaAssassinRevenge"],"picked":"PrismaMod:IllyaFriendMaker","floor":20},{"not_picked":["PrismaMod:IllyaUberPoisonBlock+1","PrismaMod:IllyaPoisoningPhantasm"],"picked":"PrismaMod:IllyaSaphire","floor":21},{"not_picked":["PrismaMod:IllyaAssassinRevenge+1","PrismaMod:IllyaUberPoisonBlock"],"picked":"PrismaMod:IllyaDetonatingBlow+1","floor":24}],"player_experience":916485,"relics_obtained":[{"floor":7,"key":"Shuriken"},{"floor":9,"key":"Counterbalance"},{"floor":10,"key":"Gremlin Food"},{"floor":24,"key":"theForsaken:Gavel"},{"floor":26,"key":"theForsaken:Lifeblossom"}],"event_choices":[{"damage_healed":0,"gold_gain":0,"player_choice":"Grow","damage_taken":0,"max_hp_gain":0,"max_hp_loss":0,"event_name":"Living Wall","floor":4,"gold_loss":0,"cards_upgraded":["PrismaMod:IllyaSaphire"]},{"damage_healed":0,"gold_gain":0,"player_choice":"Cursed","damage_taken":0,"max_hp_gain":0,"max_hp_loss":0,"event_name":"Wheel of Change","floor":12,"gold_loss":0,"cards_obtained":["Decay"]}],"is_beta":false,"boss_relics":[{"not_picked":["Kintsugi","ChewingGum"],"picked":"aspiration:RitualDagger"}],"items_purged_floors":[],"is_endless":false,"potions_floor_spawned":[5,11,14,16,24],"killed_by":"Slavers","ascension_level":1}}