{"host":"a1u4jo6xlg3w0wsm","time":1609543835,"event":{"mods":["BaseMod","Better Third Choice","DeckTracker","Downfall","Hermit","Hubris","Minty Spire (QoL Compilation)","Rare Cards Sparkle","Replay The Spire","StSLib"],"gold_per_floor":[99,99,99,99,47,57,139,149,194,194,229,245,245,245,264,361,361,361,377,227,244,29,42,42,36,36,70,179,207,243,274,312,416,416,341,372,431,468,557,588,588,588,588,255,255,255,292,330,368,368],"floor_reached":51,"playtime":3554,"items_purged":[],"score":719,"play_id":"79344a43-590c-4ed6-8b7a-c346f68ae77c","local_time":"20210102123035","is_ascension_mode":false,"campfire_choices":[{"floor":1,"key":"DIG"},{"data":"Guardian:TwinSlam","floor":10,"key":"SMITH"},{"data":"Guardian:Harden","floor":18,"key":"SMITH"},{"data":"Guardian:EvasiveProtocol","floor":26,"key":"SMITH"},{"data":"Guardian:ArmoredProtocol","floor":35,"key":"SMITH"},{"data":"Guardian:TimeSifter","floor":42,"key":"SMITH"},{"data":"Guardian:ExploitGems","floor":46,"key":"SMITH"}],"circlet_count":0,"master_deck":["Guardian:Strike_Guardian","Guardian:Strike_Guardian","Guardian:Strike_Guardian","Guardian:Defend_Guardian","Guardian:Defend_Guardian+1","Guardian:Defend_Guardian","Guardian:Defend_Guardian","Guardian:CurlUp","Guardian:TwinSlam+1","Guardian:SpikerProtocol","Guardian:Harden+1","Guardian:EvasiveProtocol+1","Guardian:Reroute","Guardian:PrimingBeam+1","Guardian:ShieldSpikes","Guardian:GuardianWhirl+1","Guardian:WalkerClaw+1","Guardian:ExploitGems+1","Guardian:CrystalBeam+1","Guardian:ChargeCore+1","Guardian:ArmoredProtocol+1","Guardian:BronzeOrb+1","Guardian:Repulse","Guardian:MultiBeam+1","Guardian:StasisStrike+1","Guardian:CrystalBeam+1","Guardian:Reroute+1","Guardian:RollAttack+1","Guardian:Planning","Guardian:TimeSifter+1","Guardian:CrystalBeam+1","Guardian:PiercingHide+1","Guardian:RollAttack+1","Guardian:Suspension+1","Guardian:BaubleBeam+1","Guardian:WalkerClaw+1","Guardian:EvasiveProtocol+1","Guardian:Gem_Lightblue","Guardian:ChargeCore+1","Guardian:PrimingBeam+1","Guardian:Gem_Red","Guardian:Gem_Red","Guardian:Clone+1"],"relics":["Guardian:ModeShifter","downfall:HeartsMalice","hubris:SphereOfDissonance","Molten Egg 2","ReplayTheSpireMod:TigerMarble","Bag of Marbles","hubris:Icosahedron","Replay:Bronze Core","CeramicFish","Boot","Prayer Wheel","hubris:PeanutButter","hubris:ScarierMask","downfall:HeartBlessingGreen","Art of War","Pet Ghost","Juzu Bracelet"],"acts_visited":["Exordium","TheCity","TheBeyond"],"potions_floor_usage":[16,16,22,23,27,30,30,33,33,47,50,50,50],"damage_taken":[{"damage":0,"enemies":"Small Slimes","floor":2,"turns":1},{"damage":0,"enemies":"Cultist","floor":3,"turns":1},{"damage":0,"enemies":"downfall:FleeingMerchant","floor":5,"turns":1},{"damage":5,"enemies":"Jaw Worm","floor":6,"turns":4},{"damage":11,"enemies":"Lots of Slimes","floor":8,"turns":3},{"damage":18,"enemies":"Gremlin Nob","floor":11,"turns":3},{"damage":2,"enemies":"Gremlin Gang","floor":12,"turns":2},{"damage":16,"enemies":"Large Slime","floor":15,"turns":6},{"damage":22,"enemies":"downfall:Silent","floor":16,"turns":8},{"damage":3,"enemies":"Spheric Guardian","floor":19,"turns":3},{"damage":3,"enemies":"Chosen","floor":21,"turns":3},{"damage":0,"enemies":"downfall:FleeingMerchant","floor":22,"turns":5},{"damage":8,"enemies":"Sentry and Sphere","floor":23,"turns":4},{"damage":11,"enemies":"downfall:FleeingMerchant","floor":25,"turns":5},{"damage":11,"enemies":"Book of Stabbing","floor":27,"turns":3},{"damage":0,"enemies":"downfall:Watcher","floor":28,"turns":4},{"damage":0,"enemies":"Snecko","floor":29,"turns":3},{"damage":0,"enemies":"3 Cultists","floor":30,"turns":3},{"damage":0,"enemies":"Cultist and Chosen","floor":31,"turns":4},{"damage":7,"enemies":"Snecko","floor":32,"turns":4},{"damage":4,"enemies":"downfall:Defect","floor":33,"turns":5},{"damage":0,"enemies":"Orb Walker","floor":36,"turns":3},{"damage":0,"enemies":"3 Shapes","floor":38,"turns":2},{"damage":0,"enemies":"downfall:FleeingMerchant","floor":39,"turns":3},{"damage":0,"enemies":"3 Darklings","floor":40,"turns":2},{"damage":0,"enemies":"Spire Growth","floor":47,"turns":2},{"damage":8,"enemies":"Writhing Mass","floor":48,"turns":3},{"damage":21,"enemies":"4 Shapes","floor":49,"turns":3},{"damage":60,"enemies":"downfall:Ironclad","floor":50,"turns":10}],"seed_played":"6130693256913760793","potions_obtained":[{"floor":8,"key":"Elixir"},{"floor":11,"key":"Toxic Potion"},{"floor":12,"key":"BlessingOfTheForge"},{"floor":15,"key":"Toxic Potion"},{"floor":23,"key":"CultistPotion"},{"floor":27,"key":"SteroidPotion"},{"floor":28,"key":"LiquidBronze"},{"floor":30,"key":"Strength Potion"},{"floor":31,"key":"Adrenaline Potion"},{"floor":33,"key":"Death Potion"},{"floor":37,"key":"SteroidPotion"},{"floor":40,"key":"champ:CounterPotion"},{"floor":48,"key":"PowerPotion"},{"floor":49,"key":"Regen Potion"}],"is_trial":false,"path_per_floor":["R","M","M","?","$","M","T","M","T","R","E","M","?","?","M","B",null,"R","M","?","M","$","M","T","$","R","E","?","M","M","M","M","B",null,"R","M","?","M","$","M","T","R","?","?","?","R","M","M","M","B",null],"character_chosen":"GUARDIAN","items_purchased":["Guardian:Reroute","Guardian:ArmoredProtocol","Guardian:BronzeOrb+1","Guardian:DefensiveModePotion","Pet Ghost","Guardian:BaubleBeam+1","AttackPotion","Guardian:Gem_Lightblue"],"campfire_rested":0,"item_purchase_floors":[5,22,22,22,39,39,39,39],"current_hp_per_floor":[80,80,80,80,80,75,75,64,64,64,46,44,44,44,28,6,80,80,77,90,87,87,79,79,68,68,57,57,57,57,57,50,46,90,90,90,90,90,90,90,90,90,90,101,104,104,104,96,75,30],"gold":368,"neow_bonus":"THREE_ENEMY_KILL","is_daily":false,"chose_seed":false,"campfire_upgraded":6,"win_rate":0.0,"timestamp":1609543835,"path_taken":["R","M","M","?","$","M","T","?","?","R","E","M","?","?","M","BOSS","R","M","?","?","$","?","T","?","R","E","?","M","M","M","M","BOSS","R","M","?","M","$","M","T","R","?","?","?","R","M","M","M","BOSS"],"items_purchased_type":["Card","Card","Card","Potion","Relic","Card","Potion","Card"],"build_version":"2020-12-13","purchased_purges":0,"victory":true,"max_hp_per_floor":[80,80,80,80,80,80,80,80,80,80,80,80,80,80,80,80,80,80,80,90,90,90,90,90,90,90,90,90,90,90,90,90,90,90,90,90,90,90,90,90,90,90,90,101,104,104,104,104,104,104],"card_choices":[{"not_picked":["Guardian:Gem_White","Guardian:Gem_Red"],"picked":"Guardian:SpikerProtocol","floor":2},{"not_picked":["Guardian:ShieldCharger","Guardian:TemporalShield"],"picked":"Guardian:Harden","floor":3},{"not_picked":["Guardian:Suspension","Guardian:Planning"],"picked":"Guardian:EvasiveProtocol","floor":5},{"not_picked":["Guardian:CrystalBeam","Guardian:WalkerClaw"],"picked":"Guardian:Gem_Red","floor":6},{"not_picked":["Guardian:AncientConstruct","Guardian:Planning"],"picked":"Guardian:PrimingBeam+1","floor":8},{"not_picked":["Guardian:TemporalShield","Guardian:Gem_Crimson"],"picked":"Guardian:ShieldSpikes","floor":11},{"not_picked":["Guardian:BronzeOrb+1","Guardian:MultiBeam+1"],"picked":"Guardian:GuardianWhirl+1","floor":12},{"not_picked":["Guardian:TemporalShield","Guardian:Preprogram"],"picked":"Guardian:WalkerClaw+1","floor":15},{"not_picked":["Guardian:SphericShield","Guardian:StasisStrike+1"],"picked":"Guardian:ExploitGems","floor":16},{"not_picked":["Guardian:ChargeCore+1","Guardian:Clone"],"picked":"Guardian:CrystalBeam+1","floor":19},{"not_picked":["Guardian:Recover","Guardian:Gem_Green"],"picked":"Guardian:Gem_Crimson","floor":21},{"not_picked":["Guardian:Gem_Red","Guardian:StasisStrike+1"],"picked":"Guardian:ChargeCore+1","floor":22},{"not_picked":["Guardian:DecasProtection+1","Guardian:PrimingBeam+1"],"picked":"Guardian:Repulse","floor":23},{"not_picked":["Guardian:Gem_Crimson","Guardian:VentSteam"],"picked":"Guardian:MultiBeam+1","floor":25},{"not_picked":["Guardian:Suspension","Guardian:PrismaticBarrier"],"picked":"Guardian:StasisStrike+1","floor":27},{"not_picked":["Guardian:Gem_Purple","Guardian:Gem_Green"],"picked":"Guardian:Gem_Lightblue","floor":28},{"not_picked":["Guardian:ShieldCharger","Guardian:StasisStrike+1"],"picked":"Guardian:CrystalBeam+1","floor":29},{"not_picked":["Guardian:Gem_Lightblue","Guardian:ShieldCharger"],"picked":"Guardian:Gem_Red","floor":29},{"not_picked":["Guardian:GuardianWhirl+1","Guardian:Planning"],"picked":"Guardian:Reroute+1","floor":30},{"not_picked":["Guardian:Incinerate+1","Guardian:Suspension+1"],"picked":"Guardian:Gem_Green","floor":30},{"not_picked":["Guardian:ConstructionForm","Guardian:TemporalStrike+1"],"picked":"Guardian:Gem_Cyan","floor":31},{"not_picked":["Guardian:Gem_Green","Guardian:Gem_Crimson"],"picked":"Guardian:Gem_Fragmented","floor":31},{"not_picked":["Guardian:VentSteam+1","Guardian:MultiBeam+1"],"picked":"Guardian:RollAttack+1","floor":32},{"not_picked":["Guardian:Incinerate+1","Guardian:TemporalStrike+1"],"picked":"Guardian:Planning","floor":32},{"not_picked":["Guardian:Gem_Orange","Guardian:StasisField"],"picked":"Guardian:TimeSifter","floor":33},{"not_picked":["Guardian:BronzeArmor+1","Guardian:Suspension+1"],"picked":"Guardian:CrystalBeam+1","floor":36},{"not_picked":["Guardian:PiercingHide+1","Guardian:ShieldSpikes+1"],"picked":"Guardian:Gem_Lightblue","floor":36},{"not_picked":["Guardian:ChargeCore+1","Guardian:PrimingBeam+1"],"picked":"Guardian:Gem_Lightblue","floor":37},{"not_picked":["Guardian:Recover","Guardian:FloatingOrbs"],"picked":"Guardian:PiercingHide+1","floor":37},{"not_picked":["Guardian:Reroute+1","Guardian:EvasiveProtocol+1"],"picked":"Guardian:RollAttack+1","floor":38},{"not_picked":["Guardian:VentSteam+1","Guardian:FloatingOrbs+1"],"picked":"Guardian:Suspension+1","floor":38},{"not_picked":["Guardian:TimeSifter","Guardian:Reroute+1"],"picked":"Guardian:Gem_Crimson","floor":39},{"not_picked":["Guardian:Gem_Red","Guardian:TimeCapacitor"],"picked":"Guardian:WalkerClaw+1","floor":40},{"not_picked":["Guardian:VentSteam","Guardian:Gem_Lightblue"],"picked":"Guardian:EvasiveProtocol+1","floor":40},{"not_picked":["Guardian:Gem_Cyan","Guardian:ShieldCharger+1"],"picked":"Guardian:Gem_Lightblue","floor":47},{"not_picked":["Guardian:PiercingHide+1","Guardian:Gem_Green"],"picked":"Guardian:ChargeCore+1","floor":47},{"not_picked":["Guardian:TimeBomb+1","Guardian:ChargeCore+1"],"picked":"Guardian:PrimingBeam+1","floor":48},{"not_picked":["Guardian:Gem_Lightblue","Guardian:Gem_Fragmented"],"picked":"Guardian:Gem_Red","floor":48},{"not_picked":["Guardian:RollAttack+1","Guardian:ShieldSpikes+1"],"picked":"Guardian:Gem_Red","floor":49},{"not_picked":["Guardian:PolyBeam+1","Guardian:Recover"],"picked":"Guardian:Clone+1","floor":49}],"player_experience":275331,"relics_obtained":[{"floor":1,"key":"hubris:SphereOfDissonance"},{"floor":7,"key":"Molten Egg 2"},{"floor":9,"key":"ReplayTheSpireMod:TigerMarble"},{"floor":11,"key":"Bag of Marbles"},{"floor":24,"key":"CeramicFish"},{"floor":27,"key":"Boot"},{"floor":28,"key":"Prayer Wheel"},{"floor":28,"key":"hubris:PeanutButter"},{"floor":37,"key":"Art of War"},{"floor":41,"key":"Juzu Bracelet"}],"event_choices":[{"cards_removed":["Guardian:Strike_Guardian"],"damage_healed":0,"gold_gain":0,"player_choice":"Removed Attack","damage_taken":0,"max_hp_gain":0,"max_hp_loss":0,"event_name":"Falling","floor":43,"gold_loss":0}],"is_beta":false,"boss_relics":[{"not_picked":["Runic Dome","hubris:CrackedHourglass"],"picked":"Replay:Bronze Core"},{"not_picked":["Velvet Choker","Coffee Dripper"],"picked":"hubris:ScarierMask"}],"items_purged_floors":[],"is_endless":false,"potions_floor_spawned":[8,11,12,15,23,27,28,30,31,33,40,48,49],"ascension_level":0}}