{"host":"yiit85oc4oi3nqs8","time":1609491095,"event":{"mods":["AchievementEnabler","BaseMod","Better Third Choice","Block Reminder","DeckTracker","Highlight Path","Keyboard Shortcuts","Minty Spire (QoL Compilation)","MonsterHotkey","Quick Restart","Random Character Button","Relic Stats","StSLib"],"gold_per_floor":[114,114,131,206,206,221,221,221,221,221,221,221,521,548,572,588,588,588,588,389,187,137,180,51,74,74,74,167,167,183,183,197,212,232,26,26,62,62,62,62,102,129,154,154,154,154,104,54,68,68,68,68,68,68,68,68,167,167,181,202,152,152,152,166,181,181,181,181,214,214,214,214,214,214,214,249,249,292,292,292,142,181,59,59,59,59,59,59,59,9,49,49],"floor_reached":93,"playtime":2759,"items_purged":["Strike_R","Strike_R","Strike_R","Defend_R","Strike_R","Defend_R+1","Shrug It Off","True Grit+1","Juggernaut"],"score":2774,"play_id":"8d88ba57-afae-4370-9139-0753b4c5f019","local_time":"20210101175135","is_ascension_mode":true,"campfire_choices":[{"data":"Whirlwind","floor":7.0,"key":"SMITH"},{"data":"Shrug It Off","floor":8.0,"key":"SMITH"},{"data":"True Grit","floor":10.0,"key":"SMITH"},{"data":"Defend_R","floor":12.0,"key":"SMITH"},{"floor":18.0,"key":"RECALL"},{"data":"Defend_R","floor":19.0,"key":"SMITH"},{"data":"Searing Blow","floor":26.0,"key":"SMITH"},{"data":"Searing Blow+1","floor":27.0,"key":"SMITH"},{"data":"Defend_R","floor":38.0,"key":"PURGE"},{"data":"Searing Blow+2","floor":40.0,"key":"SMITH"},{"data":"Searing Blow+3","floor":44.0,"key":"SMITH"},{"data":"Dropkick","floor":46.0,"key":"PURGE"},{"data":"Searing Blow+4","floor":54.0,"key":"SMITH"},{"data":"Searing Blow+5","floor":55.0,"key":"SMITH"},{"data":"Whirlwind+1","floor":56.0,"key":"PURGE"},{"data":"Searing Blow+6","floor":66.0,"key":"SMITH"},{"data":"Searing Blow+7","floor":67.0,"key":"SMITH"},{"data":"Flame Barrier","floor":71.0,"key":"SMITH"},{"data":"Searing Blow+8","floor":72.0,"key":"SMITH"},{"floor":84.0,"key":"REST"},{"data":"Searing Blow+10","floor":85.0,"key":"SMITH"},{"data":"Searing Blow+11","floor":88.0,"key":"SMITH"}],"circlet_count":0,"master_deck":["AscendersBane","Shrug It Off+1","Rage+1","Searing Blow+12","Ghostly Armor+1","Disarm+1","Flame Barrier+1","Armaments"],"relics":["Burning Blood","Strawberry","Golden Idol","Centennial Puzzle","Old Coin","Smiling Mask","Omamori","Medical Kit","Orrery","PreservedInsect","Snecko Eye","Juzu Bracelet","Peace Pipe","Lantern","Ancient Tea Set","Pen Nib","Necronomicon","SlaversCollar","War Paint","Kunai","Red Skull","StrikeDummy","Happy Flower","Oddly Smooth Stone","Membership Card","Nunchaku","Mummified Hand","Mercury Hourglass"],"acts_visited":["Exordium","TheCity","TheBeyond","TheEnding"],"potions_floor_usage":[],"damage_taken":[{"damage":0.0,"enemies":"Small Slimes","floor":1.0,"turns":3.0},{"damage":4.0,"enemies":"2 Louse","floor":3.0,"turns":6.0},{"damage":2.0,"enemies":"Jaw Worm","floor":6.0,"turns":6.0},{"damage":2.0,"enemies":"3 Louse","floor":16.0,"turns":3.0},{"damage":19.0,"enemies":"Lagavulin","floor":23.0,"turns":15.0},{"damage":3.0,"enemies":"Exordium Thugs","floor":25.0,"turns":5.0},{"damage":19.0,"enemies":"The Guardian","floor":28.0,"turns":18.0},{"damage":22.0,"enemies":"2 Thieves","floor":30.0,"turns":3.0},{"damage":10.0,"enemies":"Spheric Guardian","floor":32.0,"turns":4.0},{"damage":5.0,"enemies":"Snake Plant","floor":33.0,"turns":3.0},{"damage":4.0,"enemies":"3 Cultists","floor":34.0,"turns":3.0},{"damage":29.0,"enemies":"Slavers","floor":37.0,"turns":3.0},{"damage":0.0,"enemies":"Gremlin Leader","floor":41.0,"turns":4.0},{"damage":0.0,"enemies":"Snake Plant","floor":49.0,"turns":2.0},{"damage":50.0,"enemies":"Automaton","floor":57.0,"turns":7.0},{"damage":21.0,"enemies":"3 Shapes","floor":59.0,"turns":3.0},{"damage":0.0,"enemies":"Orb Walker","floor":60.0,"turns":1.0},{"damage":31.0,"enemies":"Writhing Mass","floor":64.0,"turns":4.0},{"damage":5.0,"enemies":"Maw","floor":65.0,"turns":4.0},{"damage":0.0,"enemies":"Nemesis","floor":69.0,"turns":1.0},{"damage":29.0,"enemies":"Reptomancer","floor":76.0,"turns":3.0},{"damage":0.0,"enemies":"Nemesis","floor":78.0,"turns":1.0},{"damage":0.0,"enemies":"Reptomancer","floor":82.0,"turns":1.0},{"damage":0.0,"enemies":"Awakened One","floor":86.0,"turns":4.0},{"damage":0,"enemies":"Shield and Spear","floor":91,"turns":2},{"damage":68,"enemies":"The Heart","floor":92,"turns":5}],"seed_played":"-3099507264286396866","potions_obtained":[{"floor":23.0,"key":"GamblersBrew"},{"floor":25.0,"key":"SteroidPotion"},{"floor":28.0,"key":"ColorlessPotion"},{"floor":30.0,"key":"Strength Potion"},{"floor":59.0,"key":"FairyPotion"},{"floor":76.0,"key":"FairyPotion"}],"is_trial":false,"path_per_floor":["M","?","M","?","?","M","R","R","?","R","?","R","T","T","T","M","?","R","R","$","?","$","E","$","M","R","R","B",null,"M","?","M","M","M","$","?","E","R","?","R","E","T","T","R","T","R","$","$","M","?","?","?","?","R","R","R","B",null,"M","M","$","?","$","M","M","R","R","?","E","?","R","R","T","T","T","E","?","E","$","?","$","E","$","R","R","B",null,"R","$","$","E","B",null],"character_chosen":"IRONCLAD","items_purchased":["Medical Kit","Orrery","Searing Blow","Juzu Bracelet","Membership Card","Mummified Hand"],"campfire_rested":1,"item_purchase_floors":[20,21,24,35,81,83],"current_hp_per_floor":[85,85,87,76,55,59,59,59,59,59,59,59,59,59,59,63,63,63,63,63,63,63,50,50,53,53,53,40,75,59,59,55,56,58,58,58,35,35,35,35,41,41,41,41,41,41,41,41,47,76,76,76,60,60,60,60,16,69,54,60,60,60,60,35,36,36,36,36,42,42,42,42,42,42,42,19,19,25,25,25,25,31,31,55,55,61,78,78,78,78,83,21],"gold":49,"neow_bonus":"RANDOM_COMMON_RELIC","is_daily":false,"chose_seed":false,"campfire_upgraded":17,"win_rate":0.0,"timestamp":1609491095,"path_taken":["M","?","M","?","?","M","R","R","?","R","?","R","T","T","T","?","?","R","R","?","?","$","E","$","M","R","R","BOSS","M","?","M","M","?","$","?","E","R","?","R","E","T","T","R","?","R","$","$","M","?","?","?","?","R","R","R","BOSS","M","M","$","?","$","M","M","R","R","?","E","?","R","R","T","T","T","E","?","E","?","?","$","E","$","R","R","BOSS","R","$","$","E","BOSS"],"items_purchased_type":["Relic","Relic","Card","Relic","Relic","Relic"],"build_version":"2020-12-22","purchased_purges":9,"victory":true,"max_hp_per_floor":[87,87,87,87,87,87,87,87,87,87,87,87,87,87,87,87,87,87,87,87,87,87,87,87,87,87,87,87,87,87,87,87,87,87,87,87,87,87,87,87,87,87,87,87,87,87,87,87,87,87,87,87,87,87,87,87,87,87,87,87,87,87,87,87,87,87,87,83,83,83,83,83,83,83,83,83,83,83,83,83,83,83,83,83,83,83,83,83,83,83,83,83],"relic_stats":{"Happy Flower":[4],"counters":[26,114],"Golden Idol":180,"PreservedInsect":385,"Pen Nib":[5],"Juzu Bracelet":3,"War Paint":["Rage","Ghostly Armor"],"Smiling Mask":988,"Medical Kit":[5],"Burning Blood":155,"Mercury Hourglass":[15],"Peace Pipe":1,"Centennial Puzzle":[45],"Nunchaku":[1],"Mummified Hand":[1],"Snecko Eye":[87,103,93,89],"Necronomicon":[21],"Kunai":[0],"obtain_stats":[{"Lantern":41,"Juzu Bracelet":35,"Smiling Mask":14,"Ancient Tea Set":43,"Burning Blood":0,"Old Coin":13,"Centennial Puzzle":9,"Nunchaku":82,"Mummified Hand":83,"Strawberry":0,"Necronomicon":53,"Kunai":73,"Red Skull":74,"Happy Flower":76,"Golden Idol":5,"Oddly Smooth Stone":78,"PreservedInsect":23,"Pen Nib":45,"Omamori":15,"War Paint":69,"Medical Kit":20,"Mercury Hourglass":91,"Peace Pipe":37,"SlaversCollar":58,"Orrery":21,"Snecko Eye":29,"Membership Card":81,"StrikeDummy":75},{"Lantern":13,"Juzu Bracelet":11,"Smiling Mask":3,"Ancient Tea Set":13,"Burning Blood":0,"Old Coin":3,"Centennial Puzzle":3,"Nunchaku":23,"Mummified Hand":23,"Strawberry":0,"Necronomicon":14,"Kunai":20,"Red Skull":20,"Happy Flower":21,"Golden Idol":2,"Oddly Smooth Stone":22,"PreservedInsect":5,"Pen Nib":13,"Omamori":3,"War Paint":20,"Medical Kit":4,"Mercury Hourglass":25,"Peace Pipe":12,"SlaversCollar":15,"Orrery":4,"Snecko Eye":7,"Membership Card":22,"StrikeDummy":20},{"Lantern":76,"Juzu Bracelet":69,"Smiling Mask":15,"Ancient Tea Set":76,"Burning Blood":0,"Old Coin":15,"Centennial Puzzle":15,"Nunchaku":103,"Mummified Hand":103,"Strawberry":0,"Necronomicon":78,"Kunai":98,"Red Skull":98,"Happy Flower":101,"Golden Idol":9,"Oddly Smooth Stone":102,"PreservedInsect":33,"Pen Nib":76,"Omamori":15,"War Paint":98,"Medical Kit":18,"Mercury Hourglass":109,"Peace Pipe":72,"SlaversCollar":85,"Orrery":18,"Snecko Eye":56,"Membership Card":102,"StrikeDummy":98}]},"card_choices":[{"not_picked":["Wild Strike","Clothesline"],"picked":"True Grit","floor":1.0},{"not_picked":["Rage","Pommel Strike"],"picked":"Whirlwind","floor":3.0},{"not_picked":["Iron Wave","Immolate"],"picked":"Shrug It Off","floor":6.0},{"not_picked":["Carnage","Iron Wave","Thunderclap"],"picked":"SKIP","floor":16.0},{"not_picked":["Bludgeon","Warcry"],"picked":"Shrug It Off","floor":21.0},{"not_picked":["Anger","Disarm"],"picked":"Rage","floor":21.0},{"not_picked":["True Grit","Bludgeon"],"picked":"Dropkick","floor":21.0},{"not_picked":["Pommel Strike","Clothesline","Warcry"],"picked":"SKIP","floor":23.0},{"not_picked":["Wild Strike","Cleave","Searing Blow"],"picked":"SKIP","floor":25.0},{"not_picked":["Impervious","Fiend Fire"],"picked":"Juggernaut","floor":28.0},{"not_picked":["Clothesline","Thunderclap"],"picked":"Headbutt","floor":30.0},{"not_picked":["Dark Embrace","Warcry+1","Havoc"],"picked":"SKIP","floor":32.0},{"not_picked":["Perfected Strike","Dual Wield","Infernal Blade"],"picked":"SKIP","floor":33.0},{"not_picked":["Dark Embrace","Body Slam","Clothesline+1"],"picked":"SKIP","floor":34.0},{"not_picked":["Power Through","Exhume","Evolve"],"picked":"SKIP","floor":37.0},{"not_picked":["Reckless Charge+1","Thunderclap","Spot Weakness"],"picked":"SKIP","floor":41.0},{"not_picked":["Pummel","Headbutt","Perfected Strike"],"picked":"SKIP","floor":49.0},{"not_picked":["Havoc","Thunderclap+1","Sword Boomerang"],"picked":"SKIP","floor":59.0},{"not_picked":["Wild Strike","Clash","Perfected Strike"],"picked":"SKIP","floor":60.0},{"not_picked":["Twin Strike","Sword Boomerang","Limit Break"],"picked":"SKIP","floor":64.0},{"not_picked":["Thunderclap+1","Havoc","Pommel Strike"],"picked":"SKIP","floor":65.0},{"not_picked":["Searing Blow","Twin Strike"],"picked":"Disarm+1","floor":69.0},{"not_picked":["Inflame+1","Second Wind"],"picked":"Armaments","floor":76.0},{"not_picked":["Headbutt","Evolve","Offering"],"picked":"SKIP","floor":78.0},{"not_picked":["Iron Wave","Evolve","Headbutt+1"],"picked":"SKIP","floor":82.0},{"not_picked":["Reckless Charge","Heavy Blade+1","Headbutt"],"picked":"SKIP","floor":91}],"player_experience":408883,"relics_obtained":[{"floor":13.0,"key":"Old Coin"},{"floor":14.0,"key":"Smiling Mask"},{"floor":15.0,"key":"Omamori"},{"floor":23.0,"key":"PreservedInsect"},{"floor":37.0,"key":"Peace Pipe"},{"floor":41.0,"key":"Lantern"},{"floor":43.0,"key":"Ancient Tea Set"},{"floor":45.0,"key":"Pen Nib"},{"floor":53.0,"key":"Necronomicon"},{"floor":69.0,"key":"War Paint"},{"floor":73.0,"key":"Kunai"},{"floor":74.0,"key":"Red Skull"},{"floor":75.0,"key":"StrikeDummy"},{"floor":76.0,"key":"Happy Flower"},{"floor":78.0,"key":"Oddly Smooth Stone"},{"floor":82.0,"key":"Nunchaku"},{"floor":91,"key":"Mercury Hourglass"}],"event_choices":[{"cards_removed":["Strike_R"],"damage_healed":0.0,"max_hp_gain":0.0,"max_hp_loss":0.0,"gold_gain":0.0,"event_name":"Living Wall","player_choice":"Forget","floor":2.0,"gold_loss":0.0,"damage_taken":0.0},{"damage_healed":0.0,"max_hp_gain":0.0,"max_hp_loss":0.0,"gold_gain":75.0,"event_name":"betterThird:BetterGoop","player_choice":"Gold","floor":4.0,"gold_loss":0.0,"damage_taken":11.0},{"damage_healed":0.0,"max_hp_gain":0.0,"max_hp_loss":0.0,"gold_gain":0.0,"event_name":"Golden Idol","player_choice":"Take Damage","floor":5.0,"gold_loss":0.0,"damage_taken":21.0,"relics_obtained":["Golden Idol"]},{"damage_healed":0.0,"max_hp_gain":0.0,"max_hp_loss":0.0,"gold_gain":0.0,"event_name":"Dead Adventurer","player_choice":"Searched \u00271\u0027 times","floor":9.0,"gold_loss":0.0,"damage_taken":0.0,"relics_obtained":["Centennial Puzzle"]},{"damage_healed":0.0,"max_hp_gain":0.0,"max_hp_loss":0.0,"gold_gain":0.0,"event_name":"Upgrade Shrine","player_choice":"Upgraded","floor":11.0,"gold_loss":0.0,"damage_taken":0.0,"cards_upgraded":["Bash"]},{"damage_healed":0.0,"max_hp_gain":0.0,"max_hp_loss":0.0,"gold_gain":0.0,"event_name":"N\u0027loth","player_choice":"Ignored","floor":31.0,"gold_loss":0.0,"damage_taken":0.0},{"damage_healed":0.0,"max_hp_gain":0.0,"max_hp_loss":0.0,"gold_gain":0.0,"cards_transformed":["Bash","Defend_R"],"event_name":"Drug Dealer","player_choice":"Became Test Subject","floor":39.0,"gold_loss":0.0,"damage_taken":0.0,"cards_obtained":["Juggernaut","Ghostly Armor"]},{"damage_healed":29.0,"max_hp_gain":0.0,"max_hp_loss":0.0,"gold_gain":0.0,"event_name":"The Library","player_choice":"Heal","floor":50.0,"gold_loss":0.0,"damage_taken":0.0},{"damage_healed":0.0,"max_hp_gain":0.0,"max_hp_loss":0.0,"gold_gain":0.0,"event_name":"Vampires","player_choice":"Ignored","floor":52.0,"gold_loss":0.0,"damage_taken":0.0},{"damage_healed":0.0,"max_hp_gain":0.0,"max_hp_loss":0.0,"gold_gain":0.0,"event_name":"Cursed Tome","player_choice":"Obtained Book","floor":53.0,"gold_loss":0.0,"damage_taken":16.0},{"cards_removed":["Headbutt"],"damage_healed":0.0,"max_hp_gain":0.0,"max_hp_loss":0.0,"gold_gain":0.0,"event_name":"Purifier","player_choice":"Purged","floor":62.0,"gold_loss":0.0,"damage_taken":0.0},{"damage_healed":0.0,"max_hp_gain":0.0,"max_hp_loss":4.0,"gold_gain":0.0,"event_name":"Winding Halls","player_choice":"Max HP","floor":68.0,"gold_loss":0.0,"damage_taken":0.0},{"damage_healed":0.0,"max_hp_gain":0.0,"max_hp_loss":0.0,"gold_gain":0.0,"cards_transformed":["Juggernaut"],"event_name":"Transmorgrifier","player_choice":"Transformed","floor":70.0,"gold_loss":0.0,"damage_taken":0.0,"cards_obtained":["Flame Barrier"]},{"damage_healed":0.0,"max_hp_gain":0.0,"max_hp_loss":0.0,"gold_gain":0.0,"event_name":"Accursed Blacksmith","player_choice":"Forge","floor":77.0,"gold_loss":0.0,"damage_taken":0.0,"cards_upgraded":["Searing Blow"]}],"is_beta":false,"boss_relics":[{"not_picked":["Runic Cube","Black Star"],"picked":"Snecko Eye"},{"not_picked":["Runic Dome","Tiny House"],"picked":"SlaversCollar"}],"items_purged_floors":[20,21,22,24,35,47,48,61,90],"is_endless":false,"potions_floor_spawned":[23,25,28,30,37,57,59,76,82],"ascension_level":13}}