{"host":"tfkz8stxzb1up54p","time":1609504753,"event":{"mods":["AchievementEnabler","BaseMod","Better Note","Block Reminder","Colored Powertips","Curses Come First","Disable Question Mark Monsters","Displayed Cursed Tome","Emptier Cage","Gold Saver","Gremlin Skip","Highlight Path","Minty Spire (QoL Compilation)","Permanent Neow","StSLib"],"gold_per_floor":[843,857,932,932,1107,1138,716,746,821,471,471,485,511,80,80,184,184,206,131,140,168,179,179,213,235,258,258,292,6,20,54,54,159,159,178,193,193,252,263,296,308,320,332,378,406,418,418],"floor_reached":46,"playtime":3911,"items_purged":["Doubt","Bash"],"score":1105,"play_id":"89c84f63-04ad-4d53-a33f-5a90f9a517b2","local_time":"20210101123913","is_ascension_mode":true,"campfire_choices":[{"data":"Perfected Strike","floor":15,"key":"SMITH"},{"data":"Seeing Red","floor":23,"key":"SMITH"},{"data":"Disarm","floor":27,"key":"SMITH"},{"data":"Inflame","floor":32,"key":"SMITH"},{"data":"Demon Form","floor":42,"key":"SMITH"}],"circlet_count":0,"master_deck":["AscendersBane","Strike_R","Strike_R","Strike_R","Strike_R","Strike_R","Defend_R","Defend_R","Defend_R","Defend_R","Immolate","Rampage","Shrug It Off","Feed","Perfected Strike+1","Trip+1","Dropkick","Anger","Inflame+1","Swift Strike","Feed","Dropkick","Offering","Seeing Red+1","Anger","Demon Form+1","Seeing Red+1"],"relics":["Black Blood","Smiling Mask","Thread and Needle","StrikeDummy","Bronze Scales","InkBottle","Omamori","Odd Mushroom","Bag of Preparation","CeramicFish","Orichalcum","Centennial Puzzle","Shuriken","Membership Card","Molten Egg 2","Singing Bowl","Black Star","Torii","MawBank","Ancient Tea Set","Toxic Egg 2","Toy Ornithopter","Blood Vial"],"acts_visited":["Exordium","TheCity","TheBeyond"],"potions_floor_usage":[6,8,18,21,30,33,33,38,44,45],"damage_taken":[{"damage":0,"enemies":"2 Louse","floor":1,"turns":2},{"damage":0,"enemies":"Small Slimes","floor":2,"turns":3},{"damage":32,"enemies":"Gremlin Nob","floor":6,"turns":4},{"damage":11,"enemies":"3 Sentries","floor":8,"turns":5},{"damage":0,"enemies":"Cultist","floor":12,"turns":5},{"damage":3,"enemies":"The Mushroom Lair","floor":13,"turns":3},{"damage":0,"enemies":"Slime Boss","floor":16,"turns":5},{"damage":0,"enemies":"Chosen","floor":18,"turns":4},{"damage":13,"enemies":"Spheric Guardian","floor":21,"turns":3},{"damage":12,"enemies":"Shelled Parasite and Fungi","floor":22,"turns":5},{"damage":7,"enemies":"Gremlin Leader","floor":24,"turns":4},{"damage":6,"enemies":"Centurion and Healer","floor":25,"turns":2},{"damage":11,"enemies":"Slavers","floor":28,"turns":9},{"damage":6,"enemies":"3 Cultists","floor":30,"turns":3},{"damage":6,"enemies":"Gremlin Leader","floor":31,"turns":4},{"damage":55,"enemies":"Champ","floor":33,"turns":7},{"damage":6,"enemies":"3 Shapes","floor":35,"turns":4},{"damage":6,"enemies":"3 Darklings","floor":36,"turns":3},{"damage":26,"enemies":"2 Orb Walkers","floor":38,"turns":3},{"damage":24,"enemies":"Writhing Mass","floor":39,"turns":5},{"damage":7,"enemies":"Giant Head","floor":40,"turns":5},{"damage":68,"enemies":"Reptomancer","floor":44,"turns":6},{"damage":64,"enemies":"Maw","floor":45,"turns":6},{"damage":24,"enemies":"4 Shapes","floor":46,"turns":5}],"seed_played":"6848512090768847286","potions_obtained":[{"floor":1,"key":"SteroidPotion"},{"floor":13,"key":"SkillPotion"},{"floor":16,"key":"PowerPotion"},{"floor":25,"key":"SpeedPotion"},{"floor":28,"key":"Swift Potion"},{"floor":30,"key":"Swift Potion"},{"floor":33,"key":"Fire Potion"},{"floor":40,"key":"SpeedPotion"},{"floor":44,"key":"Energy Potion"}],"is_trial":false,"path_per_floor":["M","M","?","?","?","E","$","E","T","$","?","M","?","$","R","B",null,"M","?","?","M","M","R","E","M","T","R","E","$","M","E","R","B",null,"M","M","?","?","M","E","?","R","T","E","M","M"],"character_chosen":"IRONCLAD","items_purchased":["StrikeDummy","Shrug It Off","Fruit Juice","Omamori","Perfected Strike","Trip","Bag of Preparation","CeramicFish","Inflame","Swift Strike","Membership Card","Molten Egg 2"],"campfire_rested":0,"item_purchase_floors":[7,7,7,10,10,10,14,14,14,14,29,29],"current_hp_per_floor":[78,80,69,62,62,36,36,36,36,36,36,45,51,51,51,57,83,91,91,91,90,90,90,94,100,100,100,106,106,109,114,114,74,106,117,127,127,116,106,116,116,116,116,62,19,0,0],"gold":418,"neow_bonus":"ONE_RANDOM_RARE_CARD","is_daily":false,"chose_seed":false,"campfire_upgraded":5,"win_rate":0.0,"timestamp":1609504753,"path_taken":["M","M","?","?","?","E","$","E","T","$","?","?","?","$","R","BOSS","M","?","?","?","M","R","E","M","T","R","E","$","M","E","R","BOSS","M","M","?","?","M","E","?","R","T","E","M","M"],"items_purchased_type":["Relic","Card","Potion","Relic","Card","Card","Relic","Relic","Card","Card","Relic","Relic"],"build_version":"2020-12-22","purchased_purges":2,"victory":false,"max_hp_per_floor":[80,80,80,80,80,80,80,85,85,85,85,88,91,91,91,91,91,91,91,91,91,91,91,94,100,100,100,106,106,109,114,114,117,117,122,127,127,130,132,137,137,137,137,139,141,144,144],"card_choices":[{"not_picked":["Hemokinesis","Warcry","Iron Wave"],"picked":"SKIP","floor":1},{"not_picked":["Wild Strike","Sever Soul"],"picked":"Rampage","floor":2},{"not_picked":["Pommel Strike","Dark Embrace"],"picked":"Thunderclap","floor":6},{"not_picked":["Impervious","Sever Soul"],"picked":"Feed","floor":8},{"not_picked":["Body Slam","Iron Wave"],"picked":"Dropkick","floor":12},{"not_picked":["Whirlwind","Sword Boomerang"],"picked":"Anger","floor":13},{"not_picked":["Limit Break","Corruption"],"picked":"Feed","floor":16},{"not_picked":["Sentinel+1","Clothesline+1"],"picked":"Dropkick","floor":18},{"not_picked":["Cleave","Havoc"],"picked":"Seeing Red","floor":21},{"not_picked":["Entrench","Iron Wave+1","Sever Soul"],"picked":"SKIP","floor":22},{"not_picked":["Carnage","Entrench"],"picked":"Disarm","floor":24},{"not_picked":["Infernal Blade","Havoc+1"],"picked":"Anger","floor":25},{"not_picked":["Heavy Blade","Whirlwind","Burning Pact"],"picked":"SKIP","floor":28},{"not_picked":["Headbutt+1","Cleave+1","Entrench"],"picked":"SKIP","floor":30},{"not_picked":["Corruption","Battle Trance","Heavy Blade+1"],"picked":"Singing Bowl","floor":31},{"not_picked":["Barricade","Bludgeon+1"],"picked":"Demon Form","floor":33},{"not_picked":["Perfected Strike+1","Heavy Blade+1","Body Slam+1"],"picked":"Singing Bowl","floor":35},{"not_picked":["Shrug It Off","Body Slam+1","Thunderclap+1"],"picked":"Singing Bowl","floor":36},{"not_picked":["Sever Soul+1","Rampage+1"],"picked":"Seeing Red+1","floor":38},{"not_picked":["Combust","Burning Pact","Headbutt+1"],"picked":"Singing Bowl","floor":39},{"not_picked":["Sword Boomerang+1","Shockwave","Whirlwind+1"],"picked":"Singing Bowl","floor":40},{"not_picked":["Pommel Strike+1","Ghostly Armor+1","Iron Wave+1"],"picked":"Singing Bowl","floor":44},{"not_picked":["Searing Blow+1","Blood for Blood+1","Body Slam+1"],"picked":"Singing Bowl","floor":45}],"player_experience":1292607,"relics_obtained":[{"floor":6,"key":"Thread and Needle"},{"floor":8,"key":"Bronze Scales"},{"floor":9,"key":"InkBottle"},{"floor":13,"key":"Odd Mushroom"},{"floor":24,"key":"Orichalcum"},{"floor":26,"key":"Centennial Puzzle"},{"floor":28,"key":"Shuriken"},{"floor":31,"key":"Singing Bowl"},{"floor":38,"key":"Torii"},{"floor":40,"key":"MawBank"},{"floor":40,"key":"Ancient Tea Set"},{"floor":43,"key":"Toxic Egg 2"},{"floor":44,"key":"Toy Ornithopter"},{"floor":44,"key":"Blood Vial"}],"event_choices":[{"damage_healed":0,"gold_gain":75,"player_choice":"Gather Gold","damage_taken":11,"max_hp_gain":0,"max_hp_loss":0,"event_name":"World of Goop","floor":3,"gold_loss":0},{"damage_healed":0,"gold_gain":0,"player_choice":"Success","damage_taken":7,"relics_obtained":["Smiling Mask"],"max_hp_gain":0,"max_hp_loss":0,"event_name":"Scrap Ooze","floor":4,"gold_loss":0},{"damage_healed":0,"gold_gain":175,"player_choice":"AGREE","damage_taken":0,"max_hp_gain":0,"max_hp_loss":0,"event_name":"Liars Game","floor":5,"gold_loss":0,"cards_obtained":["Doubt"]},{"damage_healed":0,"gold_gain":0,"player_choice":"Upgraded","damage_taken":0,"max_hp_gain":0,"max_hp_loss":0,"event_name":"Upgrade Shrine","floor":11,"gold_loss":0,"cards_upgraded":["Trip"]},{"damage_healed":0,"gold_gain":0,"player_choice":"Fought Mushrooms","damage_taken":0,"max_hp_gain":0,"max_hp_loss":0,"event_name":"Mushrooms","floor":13,"gold_loss":0},{"cards_removed":["Thunderclap"],"damage_healed":0,"gold_gain":0,"player_choice":"Gave Gold","damage_taken":0,"max_hp_gain":0,"max_hp_loss":0,"event_name":"Beggar","floor":19,"gold_loss":75},{"damage_healed":0,"gold_gain":0,"player_choice":"1 cards matched","damage_taken":0,"max_hp_gain":0,"max_hp_loss":0,"event_name":"Match and Keep!","floor":20,"gold_loss":0,"cards_obtained":["Offering"]},{"cards_removed":["Disarm"],"damage_healed":0,"gold_gain":0,"player_choice":"Removed Skill","damage_taken":0,"max_hp_gain":0,"max_hp_loss":0,"event_name":"Falling","floor":37,"gold_loss":0},{"damage_healed":0,"gold_gain":0,"player_choice":"Fight","damage_taken":0,"max_hp_gain":0,"max_hp_loss":0,"event_name":"Mysterious Sphere","floor":38,"gold_loss":0},{"damage_healed":0,"gold_gain":0,"player_choice":"Ignored","damage_taken":0,"max_hp_gain":0,"max_hp_loss":0,"event_name":"Transmorgrifier","floor":41,"gold_loss":0}],"is_beta":false,"boss_relics":[{"not_picked":["Runic Pyramid","Fusion Hammer"],"picked":"Black Blood"},{"not_picked":["Empty Cage","SacredBark"],"picked":"Black Star"}],"items_purged_floors":[7,10],"is_endless":false,"potions_floor_spawned":[1,13,16,25,28,30,31,33,40,44],"killed_by":"4 Shapes","ascension_level":12}}