{"host":"dw2ay8i719i7xlef","time":1609463171,"event":{"mods":["BaseMod","Minty Spire (QoL Compilation)"],"gold_per_floor":[111,111,122,139,193,193,225,241,267,232,266,266,282,68,68,68,68],"floor_reached":16,"playtime":1816,"items_purged":[],"score":154,"play_id":"4051e314-3f91-4ab6-a0d2-876712708894","local_time":"20201231190611","is_ascension_mode":true,"campfire_choices":[{"data":"Hologram","floor":6,"key":"SMITH"},{"data":"Machine Learning","floor":12,"key":"SMITH"},{"floor":15,"key":"REST"}],"circlet_count":0,"master_deck":["Strike_B","Strike_B","Strike_B","Strike_B","Defend_B+1","Defend_B","Defend_B","Defend_B","Zap","Dualcast","Leap","Sunder","Hologram+1","Conserve Battery+1","Sweeping Beam","Machine Learning+1","Hyperbeam","Leap"],"relics":["Cracked Core","Vajra","PreservedInsect","War Paint"],"acts_visited":["Exordium"],"potions_floor_usage":[7,11,16],"damage_taken":[{"damage":1,"enemies":"Small Slimes","floor":1,"turns":3},{"damage":3,"enemies":"Jaw Worm","floor":3,"turns":4},{"damage":5,"enemies":"2 Louse","floor":4,"turns":2},{"damage":36,"enemies":"Gremlin Nob","floor":7,"turns":4},{"damage":8,"enemies":"2 Fungi Beasts","floor":8,"turns":3},{"damage":8,"enemies":"3 Sentries","floor":11,"turns":4},{"damage":9,"enemies":"Red Slaver","floor":13,"turns":3},{"damage":49,"enemies":"Hexaghost","floor":16,"turns":11}],"seed_played":"5264923685483067633","potions_obtained":[{"floor":1,"key":"Fire Potion"},{"floor":7,"key":"PowerPotion"},{"floor":8,"key":"DuplicationPotion"}],"is_trial":false,"path_per_floor":["M","?","M","M","?","R","E","M","T","?","E","R","M","$","R","B"],"character_chosen":"DEFECT","items_purchased":["Hyperbeam","Leap"],"campfire_rested":1,"item_purchase_floors":[14,14],"current_hp_per_floor":[74,74,71,66,66,66,30,22,22,42,34,34,25,25,49,0,0],"gold":68,"neow_bonus":"TEN_PERCENT_HP_BONUS","is_daily":false,"chose_seed":false,"campfire_upgraded":2,"win_rate":0.0,"timestamp":1609463171,"path_taken":["M","?","M","M","?","R","E","M","T","?","E","R","M","$","R","BOSS"],"items_purchased_type":["Card","Card"],"build_version":"2020-12-22","purchased_purges":0,"victory":false,"max_hp_per_floor":[82,82,82,82,82,82,82,82,82,82,82,82,82,82,82,82,82],"card_choices":[{"not_picked":["Go for the Eyes","Hologram"],"picked":"Leap","floor":1},{"not_picked":["Steam","Chaos"],"picked":"Sunder","floor":3},{"not_picked":["Compile Driver","Go for the Eyes"],"picked":"Hologram","floor":4},{"not_picked":["Beam Cell","Meteor Strike"],"picked":"Conserve Battery","floor":7},{"not_picked":["Turbo","Rebound"],"picked":"Sweeping Beam","floor":8},{"not_picked":["Sweeping Beam","Barrage"],"picked":"Machine Learning","floor":11},{"not_picked":["Aggregate","Stack","Fusion"],"picked":"SKIP","floor":13}],"player_experience":1185608,"relics_obtained":[{"floor":7,"key":"Vajra"},{"floor":9,"key":"PreservedInsect"},{"floor":11,"key":"War Paint"}],"event_choices":[{"damage_healed":0,"gold_gain":0,"player_choice":"Ignored","damage_taken":0,"max_hp_gain":0,"max_hp_loss":0,"event_name":"Liars Game","floor":2,"gold_loss":0},{"damage_healed":0,"gold_gain":54,"player_choice":"Gained Gold","damage_taken":0,"max_hp_gain":0,"max_hp_loss":0,"event_name":"Golden Wing","floor":5,"gold_loss":0},{"damage_healed":20,"gold_gain":0,"player_choice":"Healed","damage_taken":0,"max_hp_gain":0,"max_hp_loss":0,"event_name":"The Cleric","floor":10,"gold_loss":35}],"is_beta":false,"boss_relics":[],"items_purged_floors":[],"is_endless":false,"potions_floor_spawned":[1,7,8],"killed_by":"Hexaghost","ascension_level":8}}