{"host":"1hppsasng8mkn0s8","time":1609490510,"event":{"mods":["BaseMod","Downfall","Minty Spire (QoL Compilation)","StSLib"],"gold_per_floor":[99,249,269,269,280,205,205,215,140,157,169,181,181,196,216,216,216,216],"floor_reached":16,"playtime":741,"items_purged":[],"score":96,"play_id":"6d3f141a-da0a-49db-b957-13deacabf2b8","local_time":"20210101164150","is_ascension_mode":false,"campfire_choices":[{"floor":1.0,"key":"RECALL"},{"data":"Guardian:ChargeUp","floor":6.0,"key":"SMITH"},{"data":"Guardian:Preprogram","floor":9.0,"key":"SMITH"},{"data":"Guardian:FloatingOrbs","floor":13.0,"key":"SMITH"}],"circlet_count":0,"master_deck":["Guardian:Strike_Guardian","Guardian:Strike_Guardian","Guardian:Defend_Guardian","Guardian:Defend_Guardian","Guardian:Defend_Guardian","Guardian:CurlUp","Guardian:TwinSlam","Guardian:TimeCapacitor+1","Slimebound:Icky","Guardian:ChargeUp+1","Guardian:FloatingOrbs+1","Guardian:Preprogram+1","Guardian:ChargeCore","Guardian:TemporalShield","Guardian:TimeBomb","Guardian:Gem_Red","Guardian:Emergency"],"relics":["Astrolabe","downfall:BrokenWingStatue","downfall:HeartBlessingRed","downfall:HeartBlessingBlue"],"acts_visited":["Exordium"],"potions_floor_usage":[15,16,16],"damage_taken":[{"damage":2.0,"enemies":"Small Slimes","floor":3.0,"turns":5.0},{"damage":0.0,"enemies":"2 Louse","floor":5.0,"turns":4.0},{"damage":8.0,"enemies":"Jaw Worm","floor":8.0,"turns":4.0},{"damage":2.0,"enemies":"Large Slime","floor":10.0,"turns":5.0},{"damage":14.0,"enemies":"Exordium Thugs","floor":11.0,"turns":4.0},{"damage":9.0,"enemies":"2 Fungi Beasts","floor":12.0,"turns":3.0},{"damage":15.0,"enemies":"Large Slime","floor":14.0,"turns":6.0},{"damage":0,"enemies":"3 Louse","floor":15,"turns":2},{"damage":42,"enemies":"downfall:Silent","floor":16,"turns":6}],"seed_played":"-777424137495371846","potions_obtained":[{"floor":3.0,"key":"BlessingOfTheForge"},{"floor":5.0,"key":"Ancient Potion"},{"floor":8.0,"key":"Guardian:BlockOnCardUsePotion"}],"is_trial":false,"path_per_floor":["R","?","M","?","M","R","T","M","R","M","M","M","R","M","M","B"],"character_chosen":"GUARDIAN","items_purchased":[],"campfire_rested":0,"item_purchase_floors":[],"current_hp_per_floor":[80,80,78,78,78,78,78,70,80,78,64,55,55,40,40,0,0,0],"gold":216,"neow_bonus":"BOSS_RELIC","is_daily":false,"chose_seed":false,"campfire_upgraded":3,"win_rate":0.0,"timestamp":1609490510,"path_taken":["R","?","M","?","M","R","T","M","R","M","M","M","R","M","M","BOSS"],"items_purchased_type":[],"build_version":"2020-12-22","purchased_purges":0,"victory":false,"max_hp_per_floor":[80,80,80,80,80,80,80,80,90,90,90,90,90,90,90,90,90,90],"card_choices":[{"not_picked":["Guardian:Gem_Lightblue","Guardian:RollAttack"],"picked":"Guardian:ChargeUp","floor":3.0},{"not_picked":["Guardian:TemporalStrike","Guardian:VentSteam"],"picked":"Guardian:FloatingOrbs","floor":5.0},{"not_picked":["Guardian:ShieldCharger","Guardian:EvasiveProtocol"],"picked":"Guardian:Preprogram","floor":8.0},{"not_picked":["Guardian:Gem_Crimson","Guardian:ShieldCharger"],"picked":"Guardian:ChargeCore","floor":10.0},{"not_picked":["Guardian:PiercingHide","Guardian:ShieldSpikes"],"picked":"Guardian:TemporalShield","floor":11.0},{"not_picked":["Guardian:ArmoredProtocol","Guardian:PrimingBeam"],"picked":"Guardian:TimeBomb","floor":12.0},{"not_picked":["Guardian:Gem_Green","Guardian:PiercingHide"],"picked":"Guardian:Gem_Red","floor":14.0},{"not_picked":["Guardian:SpikerProtocol","Guardian:VentSteam"],"picked":"Guardian:Emergency","floor":15}],"player_experience":198664,"relics_obtained":[],"event_choices":[],"is_beta":false,"boss_relics":[],"items_purged_floors":[],"is_endless":false,"potions_floor_spawned":[3,5,8],"killed_by":"downfall:Silent","ascension_level":0}}