{"host":"raaimkojny05jekw","time":1609473987,"event":{"mods":["AchievementEnabler","BaseMod","Colored Map","Colored Powertips","DeckTracker","Minty Spire (QoL Compilation)","Quick Restart","Rare Cards Sparkle","everything is the same but u backflip on backflip"],"gold_per_floor":[110,110,121,134,153,153,166,186,254,271,271,291,291,33,33,132,132,148,165,175,5,5,5,5,5,5,5,20,39,39,52,52,156,156,175,1,19,19,37,62,62,74,99,99,99,149,169,200,200,200],"floor_reached":51,"playtime":3797,"items_purged":[],"score":755,"play_id":"2eab651f-5f71-4e33-bd48-b3fe6383ed90","local_time":"20210101130627","is_ascension_mode":false,"campfire_choices":[{"data":"Berserk","floor":6,"key":"SMITH"},{"data":"Bash","floor":11,"key":"SMITH"},{"data":"True Grit","floor":13,"key":"SMITH"},{"data":"Body Slam","floor":15,"key":"SMITH"},{"data":"Trip","floor":23,"key":"SMITH"},{"data":"Offering","floor":25,"key":"SMITH"},{"data":"Juggernaut","floor":27,"key":"SMITH"},{"data":"Shockwave","floor":30,"key":"SMITH"},{"data":"Shrug It Off","floor":32,"key":"SMITH"},{"data":"Entrench","floor":41,"key":"SMITH"},{"data":"Body Slam","floor":49,"key":"SMITH"}],"circlet_count":0,"master_deck":["Defend_R","Defend_R+1","Defend_R","Bash+1","Dropkick","Rage","Offering+1","Shrug It Off+1","Berserk+1","Body Slam+1","Juggernaut+1","True Grit+1","Shockwave+1","Barricade+1","Rage+1","Disarm+1","Headbutt","Feel No Pain+1","Trip+1","Metallicize+1","Armaments+1","Exhume","Sentinel+1","Pommel Strike+1","Body Slam+1","Entrench+1","Secret Technique","Shrug It Off+1","Entrench+1","Madness+1","Madness+1","Warcry+1","Rage+1","Body Slam+1"],"relics":["Black Blood","Eternal Feather","Frozen Egg 2","Matryoshka","Astrolabe","Mummified Hand","Toxic Egg 2","War Paint","Charon\u0027s Ashes","Orichalcum"],"acts_visited":["Exordium","TheCity","TheBeyond"],"potions_floor_usage":[18,20,20,24,31,31,39,48,50],"damage_taken":[{"damage":3,"enemies":"Small Slimes","floor":1,"turns":4},{"damage":6,"enemies":"Cultist","floor":3,"turns":2},{"damage":11,"enemies":"2 Louse","floor":4,"turns":2},{"damage":6,"enemies":"2 Fungi Beasts","floor":5,"turns":3},{"damage":6,"enemies":"Exordium Wildlife","floor":7,"turns":3},{"damage":12,"enemies":"Gremlin Gang","floor":8,"turns":6},{"damage":6,"enemies":"Blue Slaver","floor":10,"turns":2},{"damage":6,"enemies":"3 Louse","floor":12,"turns":4},{"damage":16,"enemies":"Slime Boss","floor":16,"turns":8},{"damage":34,"enemies":"3 Byrds","floor":18,"turns":5},{"damage":13,"enemies":"Chosen","floor":19,"turns":5},{"damage":10,"enemies":"3 Cultists","floor":20,"turns":7},{"damage":21,"enemies":"Centurion and Healer","floor":24,"turns":2},{"damage":12,"enemies":"Snake Plant","floor":28,"turns":5},{"damage":13,"enemies":"Shelled Parasite and Fungi","floor":29,"turns":5},{"damage":9,"enemies":"Sentry and Sphere","floor":31,"turns":7},{"damage":42,"enemies":"Automaton","floor":33,"turns":11},{"damage":15,"enemies":"3 Darklings","floor":35,"turns":4},{"damage":12,"enemies":"3 Shapes","floor":37,"turns":4},{"damage":50,"enemies":"Spire Growth","floor":39,"turns":4},{"damage":12,"enemies":"Giant Head","floor":40,"turns":5},{"damage":17,"enemies":"Sphere and 2 Shapes","floor":42,"turns":5},{"damage":12,"enemies":"Mind Bloom Boss Battle","floor":46,"turns":4},{"damage":24,"enemies":"Transient","floor":47,"turns":5},{"damage":10,"enemies":"Nemesis","floor":48,"turns":8},{"damage":12,"enemies":"Donu and Deca","floor":50,"turns":7}],"seed_played":"-8647441104402428685","potions_obtained":[{"floor":1,"key":"SmokeBomb"},{"floor":7,"key":"Weak Potion"},{"floor":16,"key":"Explosive Potion"},{"floor":18,"key":"GamblersBrew"},{"floor":20,"key":"BloodPotion"},{"floor":28,"key":"Weak Potion"},{"floor":29,"key":"Block Potion"},{"floor":46,"key":"FearPotion"},{"floor":47,"key":"SneckoOil"},{"floor":48,"key":"Energy Potion"}],"is_trial":false,"path_per_floor":["M","?","M","M","M","R","M","M","T","M","R","M","R","$","R","B",null,"M","M","M","$","?","R","M","R","T","R","M","M","R","M","R","B",null,"M","$","M","$","M","E","R","M","T","?","?","?","M","E","R","B",null],"character_chosen":"IRONCLAD","items_purchased":["Frozen Egg 2","Feel No Pain+1","Trip","Secret Technique"],"campfire_rested":0,"item_purchase_floors":[14,21,21,36],"current_hp_per_floor":[59,59,59,54,54,54,54,48,48,48,57,57,66,66,75,65,80,58,57,59,59,59,71,62,74,74,80,80,79,80,80,80,50,80,77,77,77,77,55,55,70,65,65,65,55,55,43,45,63,63],"gold":200,"neow_bonus":"TRANSFORM_TWO_CARDS","is_daily":false,"chose_seed":false,"campfire_upgraded":11,"win_rate":0.0,"timestamp":1609473987,"path_taken":["M","?","M","M","M","R","M","M","T","M","R","M","R","$","R","BOSS","M","M","M","$","?","R","M","R","T","R","M","?","R","M","R","BOSS","M","$","?","$","M","E","R","M","T","?","?","?","M","E","R","BOSS"],"items_purchased_type":["Relic","Card","Card","Card"],"build_version":"2020-12-22","purchased_purges":0,"victory":true,"max_hp_per_floor":[80,80,80,80,80,80,80,80,80,80,80,80,80,80,80,80,80,80,80,80,80,80,80,80,80,80,80,80,80,80,80,80,80,80,80,80,80,80,80,80,80,80,80,80,80,80,80,80,80,80],"card_choices":[{"not_picked":["Second Wind","Clothesline"],"picked":"Rage","floor":1},{"not_picked":["Wild Strike","Dual Wield"],"picked":"Shrug It Off","floor":3},{"not_picked":["Heavy Blade","Shrug It Off"],"picked":"Berserk","floor":4},{"not_picked":["Heavy Blade","Iron Wave"],"picked":"Body Slam","floor":5},{"not_picked":["Havoc","Twin Strike"],"picked":"Juggernaut","floor":7},{"not_picked":["Flex","Fire Breathing"],"picked":"True Grit","floor":8},{"not_picked":["Dual Wield","True Grit","Havoc"],"picked":"SKIP","floor":10},{"not_picked":["Thunderclap","Armaments"],"picked":"Shockwave","floor":12},{"not_picked":["Offering","Exhume"],"picked":"Barricade+1","floor":16},{"not_picked":["Wild Strike+1","Havoc"],"picked":"Rage","floor":18},{"not_picked":["Sword Boomerang","Heavy Blade"],"picked":"Disarm+1","floor":19},{"not_picked":["Dropkick+1","Cleave"],"picked":"Headbutt","floor":20},{"not_picked":["Perfected Strike","Thunderclap","Heavy Blade"],"picked":"SKIP","floor":28},{"not_picked":["Flame Barrier","Headbutt+1"],"picked":"Metallicize+1","floor":29},{"not_picked":["Reckless Charge","Thunderclap+1"],"picked":"Armaments+1","floor":31},{"not_picked":["Limit Break","Barricade+1"],"picked":"Exhume","floor":33},{"not_picked":["Feel No Pain+1","Headbutt+1"],"picked":"Entrench","floor":35},{"not_picked":["Thunderclap+1","Anger+1","Headbutt"],"picked":"SKIP","floor":37},{"not_picked":["Sword Boomerang+1","Perfected Strike+1","Sentinel"],"picked":"SKIP","floor":39},{"not_picked":["Wild Strike+1","Anger"],"picked":"Shrug It Off+1","floor":40},{"not_picked":["Barricade+1","Wild Strike"],"picked":"Entrench+1","floor":42},{"not_picked":["Armaments+1","Clothesline"],"picked":"Warcry+1","floor":46},{"not_picked":["Dropkick+1","Pommel Strike+1"],"picked":"Rage+1","floor":47},{"not_picked":["Body Slam","Uppercut","Spot Weakness+1"],"picked":"SKIP","floor":48},{"not_picked":["Uppercut","Spot Weakness+1"],"picked":"Body Slam","floor":48}],"player_experience":700177,"relics_obtained":[{"floor":9,"key":"Eternal Feather"},{"floor":26,"key":"Matryoshka"},{"floor":40,"key":"Mummified Hand"},{"floor":43,"key":"Toxic Egg 2"},{"floor":43,"key":"War Paint"},{"floor":46,"key":"Charon\u0027s Ashes"},{"floor":48,"key":"Orichalcum"}],"event_choices":[{"damage_healed":0,"gold_gain":0,"player_choice":"1 cards matched","damage_taken":0,"max_hp_gain":0,"max_hp_loss":0,"event_name":"Match and Keep!","floor":2,"gold_loss":0,"cards_obtained":["Offering"]},{"cards_removed":["Strike_R"],"damage_healed":0,"gold_gain":0,"player_choice":"Purged","damage_taken":0,"max_hp_gain":0,"max_hp_loss":0,"event_name":"Purifier","floor":22,"gold_loss":0},{"cards_removed":["Dual Wield"],"damage_healed":0,"gold_gain":0,"player_choice":"Removed Skill","damage_taken":0,"max_hp_gain":0,"max_hp_loss":0,"event_name":"Falling","floor":44,"gold_loss":0},{"damage_healed":0,"gold_gain":0,"player_choice":"Embrace Madness","damage_taken":10,"max_hp_gain":0,"max_hp_loss":0,"event_name":"Winding Halls","floor":45,"gold_loss":0,"cards_obtained":["Madness","Madness"]},{"damage_healed":0,"gold_gain":0,"player_choice":"Fight","damage_taken":0,"max_hp_gain":0,"max_hp_loss":0,"event_name":"MindBloom","floor":46,"gold_loss":0}],"is_beta":false,"boss_relics":[{"not_picked":["Runic Cube","Snecko Eye"],"picked":"Black Blood"},{"not_picked":["Busted Crown","Runic Dome"],"picked":"Astrolabe"}],"items_purged_floors":[],"is_endless":false,"potions_floor_spawned":[1,7,16,18,20,24,28,29,46,47,48],"ascension_level":0}}