{"host":"lr086sr0tue94d8r","time":1609503477,"event":{"mods":["AchievementEnabler","Aspiration","BaseMod","BetterRewards","Colored Map","Colored Powertips","Conspire","Hubris","Infinite Spire","Minty Spire (QoL Compilation)","Permanent Neow","StSLib"],"gold_per_floor":[116,116,116,126,140,140,152,152,152,170,186,186,206,225,225,330,330,350,338,11,11,11,11,11],"floor_reached":23,"playtime":1399,"items_purged":["True Grit"],"score":185,"play_id":"5071b634-8337-4b55-ac3f-e953711a33c4","local_time":"20210101224757","is_ascension_mode":false,"campfire_choices":[{"data":"Defend_R","floor":6,"key":"SMITH"},{"data":"Defend_R","floor":8,"key":"SMITH"},{"data":"Shrug It Off","floor":12,"key":"SMITH"},{"data":"Body Slam","floor":15,"key":"SMITH"}],"circlet_count":0,"master_deck":["Strike_R","Strike_R","Strike_R","Strike_R","Strike_R","Defend_R+1","Defend_R+1","Defend_R+1","Defend_R+1","Bash","Body Slam+1","Shrug It Off+1","Shrug It Off","Juggernaut","True Grit+1","Seeing Red","Armaments"],"relics":["Burning Blood","hubris:Towel","hubris:ChampionShield","Philosopher\u0027s Stone","PrismaticShard","hubris:OldNail"],"acts_visited":["Exordium","TheCity"],"potions_floor_usage":[11,11,16,16,23],"damage_taken":[{"damage":3,"enemies":"2 Louse","floor":1,"turns":4},{"damage":6,"enemies":"Jaw Worm","floor":4,"turns":3},{"damage":8,"enemies":"Cultist","floor":5,"turns":5},{"damage":25,"enemies":"Large Slime","floor":7,"turns":10},{"damage":6,"enemies":"3 Louse","floor":10,"turns":7},{"damage":22,"enemies":"Gremlin Gang","floor":11,"turns":7},{"damage":0,"enemies":"2 Fungi Beasts","floor":13,"turns":6},{"damage":5,"enemies":"Blue Slaver","floor":14,"turns":4},{"damage":45,"enemies":"The Guardian","floor":16,"turns":16},{"damage":18,"enemies":"conspire:FuzzyDice","floor":18,"turns":7},{"damage":12,"enemies":"2 Thieves","floor":19,"turns":4},{"damage":73,"enemies":"Gremlin Leader","floor":23,"turns":6}],"seed_played":"-3987572390911507157","potions_obtained":[{"floor":5,"key":"Energy Potion"},{"floor":10,"key":"SkillPotion"},{"floor":11,"key":"FearPotion"},{"floor":14,"key":"Energy Potion"},{"floor":16,"key":"ElixirPotion"}],"is_trial":false,"path_per_floor":["M","?","?","M","M","R","M","R","T","M","M","R","M","M","R","B",null,"M","M","$","?","AVR","E"],"character_chosen":"IRONCLAD","items_purchased":["Armaments","PrismaticShard","Block Potion"],"campfire_rested":0,"item_purchase_floors":[20,20,20],"current_hp_per_floor":[80,80,80,80,78,78,59,59,59,59,43,43,49,50,50,11,80,68,62,62,62,62,0,0],"gold":11,"neow_bonus":"UPGRADE_CARD","is_daily":false,"chose_seed":false,"campfire_upgraded":4,"win_rate":0.0,"timestamp":1609503477,"path_taken":["M","?","?","M","M","R","M","R","T","M","M","R","M","M","R","BOSS","M","M","$","?","AVR","E"],"items_purchased_type":["Card","Relic","Potion"],"build_version":"2020-12-22","purchased_purges":1,"victory":false,"max_hp_per_floor":[80,80,80,80,80,80,80,80,80,80,80,80,80,80,80,80,80,80,80,80,80,80,80,80],"card_choices":[{"not_picked":["Iron Wave","Cleave"],"picked":"Body Slam","floor":1},{"not_picked":["infinitespire:OneForAll","Clothesline"],"picked":"True Grit","floor":4},{"not_picked":["conspire:Charge","Flex","Rupture"],"picked":"SKIP","floor":5},{"not_picked":["Clothesline","Heavy Blade","Reaper"],"picked":"SKIP","floor":7},{"not_picked":["Entrench","Burning Pact"],"picked":"Shrug It Off","floor":10},{"not_picked":["Perfected Strike","Iron Wave"],"picked":"Shrug It Off","floor":11},{"not_picked":["Corruption","conspire:ExplosiveBarrier","Clash"],"picked":"SKIP","floor":13},{"not_picked":["Clash","Rage","Sword Boomerang"],"picked":"SKIP","floor":14},{"not_picked":["conspire:HitWhereItHurts","Barricade"],"picked":"Juggernaut","floor":16},{"not_picked":["Warcry","Spot Weakness+1"],"picked":"True Grit+1","floor":18},{"not_picked":["Clash","hubris:ReadiedAction+1"],"picked":"Seeing Red","floor":19}],"player_experience":14642,"relics_obtained":[{"floor":9,"key":"hubris:ChampionShield"}],"event_choices":[{"damage_healed":0,"gold_gain":0,"player_choice":"Ignored","damage_taken":0,"max_hp_gain":0,"max_hp_loss":0,"event_name":"Vampires","floor":21,"gold_loss":0}],"is_beta":false,"boss_relics":[{"not_picked":["SlaversCollar","aspiration:RitualDagger"],"picked":"Philosopher\u0027s Stone"}],"items_purged_floors":[20],"is_endless":false,"potions_floor_spawned":[5,10,11,14,16],"killed_by":"Gremlin Leader","ascension_level":0}}