{"host":"qswkx8hggytna0kc","time":1609474089,"event":{"mods":["Aspiration","BaseMod","BetterRewards","Colored Map","Colored Powertips","Highlight Path","Hubris","Mimic Mod","Minty Spire (QoL Compilation)","Quick Restart","Replay The Spire","StSLib","SuperFastMode"],"gold_per_floor":[109,109,109,34,49,79,79,114,166,229,229,194,194,54,54,157,157,173,188,188,188,188],"floor_reached":21,"playtime":565,"items_purged":["Strike_B","Strike_B"],"score":260,"play_id":"4f43d819-63c9-46a2-82b7-09b84f6fd1ff","local_time":"20210101120809","is_ascension_mode":true,"campfire_choices":[{"data":"hubris:DuctTapeCard","floor":7,"key":"SMITH"},{"data":"Defragment","floor":11,"key":"SMITH"},{"data":"Panic Button","floor":13,"key":"SMITH"},{"floor":15,"key":"DIG"}],"circlet_count":0,"master_deck":["Strike_B","Defend_B","Defend_B","Defend_B","Defend_B","Zap+1","Dualcast+1","hubris:DuctTapeCard+2","Gash","Defragment+1","Panic Button+1","Gash","Leap+1","Electrodynamics","Gash+1","RitualDagger"],"relics":["Cracked Core","NeowsBlessing","hubris:Towel","hubris:DuctTape","hubris:BottledRain","DataDisk","ReplayTheSpireMod:TigerMarble","War Paint","Art of War","Replay:Bronze Core"],"acts_visited":["Exordium","TheCity"],"potions_floor_usage":[16,21,21],"damage_taken":[{"damage":0,"enemies":"Small Slimes","floor":1,"turns":1},{"damage":0,"enemies":"Jaw Worm","floor":5,"turns":1},{"damage":0,"enemies":"Gremlin Nob","floor":6,"turns":1},{"damage":25,"enemies":"Lagavulin","floor":8,"turns":5},{"damage":16,"enemies":"Gremlin Nob","floor":10,"turns":3},{"damage":40,"enemies":"Fading Forest","floor":16,"turns":11},{"damage":29,"enemies":"Chosen","floor":18,"turns":9},{"damage":20,"enemies":"Spheric Guardian","floor":19,"turns":4},{"damage":13,"enemies":"Snecko","floor":21,"turns":3}],"seed_played":"6156791332727927053","potions_obtained":[{"floor":1,"key":"EssenceOfSteel"},{"floor":16,"key":"ColorlessPotion"},{"floor":19,"key":"PowerPotion"}],"is_trial":false,"path_per_floor":["M","?","?","$","M","E","R","E","T","?","R","?","R","$","R_BF","B",null,"M","M","?","M"],"character_chosen":"DEFECT","items_purchased":["Leap+1"],"campfire_rested":0,"item_purchase_floors":[14],"current_hp_per_floor":[75,75,68,68,68,68,68,43,43,27,27,45,45,45,45,5,58,29,9,3,0,0],"gold":188,"neow_bonus":"THREE_ENEMY_KILL","is_daily":false,"chose_seed":false,"campfire_upgraded":3,"win_rate":0.0,"timestamp":1609474089,"path_taken":["M","?","?","$","M","E","R","E","T","?","R","?","R","?","R_BF","BOSS","M","M","?","M"],"items_purchased_type":["Card"],"build_version":"2020-12-22","purchased_purges":2,"victory":false,"max_hp_per_floor":[75,75,75,75,75,75,75,75,75,75,75,75,75,75,75,75,75,75,75,75,75,75],"card_choices":[{"not_picked":["Cold Snap","Coolheaded"],"picked":"Loop","floor":1},{"not_picked":["Steam Power","Streamline"],"picked":"Gash","floor":5},{"not_picked":["Cold Snap","Blizzard"],"picked":"Defragment","floor":6},{"not_picked":["Steam","Recycle"],"picked":"Panic Button","floor":8},{"not_picked":["Compile Driver","Redo"],"picked":"Gash","floor":10},{"not_picked":["ReplayTheSpireMod:Omega Cannon","Machine Learning"],"picked":"Electrodynamics","floor":16},{"not_picked":["Turbo","ReplayTheSpireMod:GoodbyeWorld"],"picked":"Gash+1","floor":18},{"not_picked":["Turbo","Hyperbeam","ReplayTheSpireMod:System Scan"],"picked":"SKIP","floor":19}],"player_experience":197840,"relics_obtained":[{"floor":6,"key":"hubris:BottledRain"},{"floor":8,"key":"DataDisk"},{"floor":9,"key":"ReplayTheSpireMod:TigerMarble"},{"floor":15,"key":"Art of War"}],"event_choices":[{"damage_healed":0,"gold_gain":0,"player_choice":"Success","damage_taken":7,"relics_obtained":["hubris:DuctTape"],"max_hp_gain":0,"max_hp_loss":0,"event_name":"Scrap Ooze","floor":3,"gold_loss":0},{"damage_healed":0,"gold_gain":0,"player_choice":"Searched \u00273\u0027 times","damage_taken":0,"relics_obtained":["War Paint"],"max_hp_gain":0,"max_hp_loss":0,"event_name":"Dead Adventurer","floor":10,"gold_loss":0},{"damage_healed":18,"gold_gain":0,"player_choice":"Healed","damage_taken":0,"max_hp_gain":0,"max_hp_loss":0,"event_name":"The Cleric","floor":12,"gold_loss":35},{"damage_healed":0,"gold_gain":0,"player_choice":"Joined the Cult","damage_taken":6,"max_hp_gain":0,"max_hp_loss":0,"event_name":"Nest","floor":20,"gold_loss":0,"cards_obtained":["RitualDagger"]}],"is_beta":false,"boss_relics":[{"not_picked":["Cursed Key","SacredBark"],"picked":"Replay:Bronze Core"}],"items_purged_floors":[4,14],"is_endless":false,"potions_floor_spawned":[1,16,19],"killed_by":"Snecko","ascension_level":5}}