{"host":"o5jvvi5yapo90aia","time":1609485884,"event":{"mods":["BaseMod","CapriCore","Minty Spire (QoL Compilation)","MostiFishMod","Prisma Mod","Spicy Shops","StSLib","TestMod","The Immortal","Yakumo Yukari mod","【人物mod】游戏王New YuGiOh mod","【功能Mod】Neow奖励"],"gold_per_floor":[122,144,161,161,177,208,227,227,227,227,250,292,217,237,237,247,247],"floor_reached":16,"playtime":575,"items_purged":[],"score":228,"play_id":"e11ce593-e616-4bb4-9469-8fd2ef00438d","local_time":"20210101152444","is_ascension_mode":true,"campfire_choices":[{"data":"Strike_R","floor":8,"key":"PURGE"},{"data":"Strike_R+1","floor":15,"key":"PURGE"}],"circlet_count":0,"master_deck":["AscendersBane","Strike_R+1","Strike_R+1","Strike_R+1","Defend_R+1","Defend_R+1","Defend_R+1","Dark Embrace+1","Searing Blow+1","Second Wind+1","Shockwave"],"relics":["DaveBox","testmod-TestBox","testmod-PortableAltar","DSteel32","testmod-LifeArmor","Shuriken","Gambling Chip"],"acts_visited":["Exordium"],"potions_floor_usage":[6,12,16],"damage_taken":[{"damage":3,"enemies":"Cultist","floor":1,"turns":3},{"damage":4,"enemies":"Small Slimes","floor":2,"turns":4},{"damage":2,"enemies":"2 Louse","floor":3,"turns":2},{"damage":3,"enemies":"Looter","floor":5,"turns":4},{"damage":21,"enemies":"3 Sentries","floor":6,"turns":11},{"damage":3,"enemies":"2 Fungi Beasts","floor":7,"turns":3},{"damage":6,"enemies":"Red Slaver","floor":11,"turns":5},{"damage":20,"enemies":"Lagavulin","floor":12,"turns":5},{"damage":0,"enemies":"3 Louse","floor":14,"turns":2},{"damage":23,"enemies":"Slime Boss","floor":16,"turns":9}],"seed_played":"-8326148991394832035","potions_obtained":[{"floor":3,"key":"Dexterity Potion"},{"floor":11,"key":"SteroidPotion"},{"floor":12,"key":"Dexterity Potion"}],"is_trial":false,"path_per_floor":["M","M","M","?","M","E","M","R","T","?","M","E","?","M","R","B"],"character_chosen":"IRONCLAD","items_purchased":[],"campfire_rested":0,"item_purchase_floors":[],"current_hp_per_floor":[67,65,65,65,64,45,44,44,44,37,33,15,15,17,17,0,0],"gold":247,"neow_bonus":"BOSS_RELIC","is_daily":false,"chose_seed":false,"campfire_upgraded":0,"win_rate":0.0,"timestamp":1609485884,"path_taken":["M","M","M","?","?","E","M","R","T","?","M","E","?","M","R","BOSS"],"items_purchased_type":[],"build_version":"2020-12-22","purchased_purges":0,"victory":false,"max_hp_per_floor":[74,73,72,71,70,69,68,67,66,65,64,63,62,61,60,59,59],"card_choices":[{"not_picked":["Iron Wave","Combust","Flame Barrier"],"picked":"SKIP","floor":1},{"not_picked":["Inflame","Havoc"],"picked":"Dark Embrace","floor":2},{"not_picked":["Dual Wield","Ghostly Armor","Flex"],"picked":"SKIP","floor":3},{"not_picked":["Perfected Strike","True Grit"],"picked":"Searing Blow","floor":5},{"not_picked":["Sever Soul","Rupture","Searing Blow"],"picked":"SKIP","floor":6},{"not_picked":["Hemokinesis","Dual Wield"],"picked":"Second Wind","floor":7},{"not_picked":["Iron Wave","MostiFishMod:#F4004","Pommel Strike"],"picked":"SKIP","floor":11},{"not_picked":["Iron Wave","Pommel Strike"],"picked":"Shockwave","floor":12},{"not_picked":["Shrug It Off","Seeing Red","Anger"],"picked":"SKIP","floor":14}],"player_experience":1366037,"relics_obtained":[{"floor":6,"key":"Shuriken"},{"floor":12,"key":"Gambling Chip"}],"event_choices":[{"damage_healed":0,"gold_gain":0,"player_choice":"Forge","damage_taken":0,"max_hp_gain":0,"max_hp_loss":0,"event_name":"Accursed Blacksmith","floor":4,"gold_loss":0,"cards_upgraded":["Dark Embrace"]},{"cards_removed":["Defend_R"],"damage_healed":0,"gold_gain":0,"player_choice":"Card Removal","damage_taken":7,"max_hp_gain":0,"max_hp_loss":0,"event_name":"Golden Wing","floor":10,"gold_loss":0},{"cards_removed":["Bash"],"damage_healed":0,"gold_gain":0,"player_choice":"Card Removal","damage_taken":0,"max_hp_gain":0,"max_hp_loss":0,"event_name":"The Cleric","floor":13,"gold_loss":75}],"is_beta":false,"boss_relics":[],"items_purged_floors":[],"is_endless":false,"potions_floor_spawned":[3,11,12],"killed_by":"Slime Boss","ascension_level":20}}