{"host":"l9yshwnp37vxhsgm","time":1609535425,"event":{"mods":["BaseMod","Block Reminder","Colored Map","Colored Powertips","DeckTracker","Highlight Path","Minty Spire (QoL Compilation)","Quick Restart","Relic Stats","StSLib"],"gold_per_floor":[365,379,175,186,206,206,206,206],"floor_reached":7,"playtime":1028,"items_purged":[],"score":43,"play_id":"8f6d6868-bee2-474e-b200-c4efc6e5964a","local_time":"20210101221025","is_ascension_mode":false,"campfire_choices":[{"floor":6,"key":"RECALL"}],"circlet_count":0,"master_deck":["Strike_G","Strike_G","Strike_G","Strike_G","Strike_G","Defend_G","Defend_G","Defend_G","Defend_G","Defend_G","Survivor","Neutralize","Cloak And Dagger","Flying Knee","Backflip","Leg Sweep","Slice"],"relics":["Ring of the Snake","Pen Nib"],"acts_visited":["Exordium"],"potions_floor_usage":[7,7],"damage_taken":[{"damage":0,"enemies":"Small Slimes","floor":1,"turns":6},{"damage":0,"enemies":"Jaw Worm","floor":2,"turns":4},{"damage":0,"enemies":"2 Louse","floor":4,"turns":4},{"damage":0,"enemies":"Looter","floor":5,"turns":4},{"damage":50,"enemies":"Lagavulin","floor":7,"turns":20}],"seed_played":"4991252393094621965","potions_obtained":[{"floor":4,"key":"DuplicationPotion"},{"floor":5,"key":"SpeedPotion"}],"is_trial":false,"path_per_floor":["M","M","$","M","M","R","E"],"character_chosen":"THE_SILENT","items_purchased":["Pen Nib","Backflip"],"campfire_rested":0,"item_purchase_floors":[3,3],"current_hp_per_floor":[63,63,63,63,63,63,13,13],"gold":206,"neow_bonus":"TWO_FIFTY_GOLD","is_daily":false,"chose_seed":false,"campfire_upgraded":0,"win_rate":0.0,"timestamp":1609535425,"path_taken":["M","M","$","M","M","R","E"],"items_purchased_type":["Relic","Card"],"build_version":"2020-12-22","purchased_purges":0,"victory":false,"max_hp_per_floor":[63,63,63,63,63,63,63,63],"relic_stats":{"counters":[5,37],"Pen Nib":[6],"obtain_stats":[{"Pen Nib":3,"Ring of the Snake":0},{"Pen Nib":2,"Ring of the Snake":0},{"Pen Nib":10,"Ring of the Snake":0}],"Ring of the Snake":[10]},"card_choices":[{"not_picked":["Dodge and Roll","Outmaneuver"],"picked":"Cloak And Dagger","floor":1},{"not_picked":["Heel Hook","Footwork"],"picked":"Flying Knee","floor":2},{"not_picked":["Catalyst","Terror"],"picked":"Leg Sweep","floor":4},{"not_picked":["Outmaneuver","All Out Attack"],"picked":"Slice","floor":5}],"player_experience":204176,"relics_obtained":[],"event_choices":[],"is_beta":false,"boss_relics":[],"items_purged_floors":[],"is_endless":false,"potions_floor_spawned":[4,5],"killed_by":"Lagavulin","ascension_level":0}}