{"host":"stk82ot58bnorhun","time":1609471530,"event":{"mods":["BaseMod","Colored Powertips","Downfall","Minty Spire (QoL Compilation)","StSLib","SuperFastMode"],"gold_per_floor":[99,118,118,268,368,368,368,430,430,464,514,514,439,467,487,584,584,584,595,182,232,299,299,299,333,258,293,343,377,377,406,416,511,511,436,450,463,513,863,829,829,858,893,927,927,990,1025,650,666,666,666,697,147,147,147],"floor_reached":56,"playtime":4374,"items_purged":[],"score":1870,"play_id":"957f510f-87ca-4710-94ce-0f9f44388c8d","local_time":"20210101112530","daily_mods":["SealedDeck","Allstar","Flight","downfall:Jewelcrafting","Elite Swarm"],"is_ascension_mode":false,"campfire_choices":[{"floor":12,"key":"RECALL"},{"data":"Guardian:TimeCapacitor","floor":13,"key":"SMITH"},{"data":"Guardian:PrismaticBeam","floor":18,"key":"SMITH"},{"data":"Guardian:Repulse","floor":23,"key":"SMITH"},{"data":"Guardian:StasisEngine","floor":26,"key":"SMITH"},{"data":"Guardian:PrismaticBarrier","floor":30,"key":"SMITH"},{"data":"Guardian:TimeCapacitor","floor":35,"key":"SMITH"},{"data":"Transmutation","floor":45,"key":"SMITH"},{"data":"Guardian:Emergency","floor":54,"key":"SMITH"}],"circlet_count":0,"master_deck":["Guardian:ExploitGems","Guardian:ExploitGems","Guardian:TemporalShield","Guardian:Recover","Guardian:FloatingOrbs","Guardian:PrismaticBeam+1","Guardian:Repulse+1","Guardian:FuturePlans","Guardian:TemporalStrike","Guardian:TimeCapacitor+1","Guardian:PrismaticBarrier+1","Guardian:CompilePackage","Guardian:GemFinder","Guardian:Suspension","Guardian:AncientConstruct","Guardian:Harden+1","Guardian:TimeCapacitor+1","Guardian:PrismaticBeam","Guardian:StasisEngine+1","Guardian:ExploitGems","Guardian:StasisEngine","Guardian:StasisEngine","Guardian:Repulse+1","Transmutation+1","Guardian:StasisEngine","Guardian:SphericShield","Guardian:Planning","Guardian:Gem_Cyan","Guardian:TimeSifter","Guardian:EvasiveProtocol","Guardian:Emergency+1","expansioncontent:Chronoboost","Guardian:Repulse"],"relics":["Unceasing Top","Guardian:PickAxe","downfall:CloakOfManyFaces","CultistMask","FaceOfCleric","NlothsMask","GremlinMask","SsserpentHead","Bag of Preparation","downfall:HeartBlessingRed","Tiny Chest","Guardian:StasisSlotReductionRelic","Toolbox","HornCleat","downfall:HeartBlessingBlue","Thread and Needle","Question Card","Shuriken","Runic Dome","downfall:HeartBlessingGreen","Calipers","Vajra","Kunai","Incense Burner","Sundial","Oddly Smooth Stone","Eternal Feather","Guardian:BottledAnomaly","Nunchaku","Mercury Hourglass","InkBottle","HandDrill"],"acts_visited":["Exordium","TheCity","TheBeyond","TheEnding"],"potions_floor_usage":[10],"damage_taken":[{"damage":3.0,"enemies":"Small Slimes","floor":2.0,"turns":4.0},{"damage":1,"enemies":"downfall:FaceTrader","floor":5,"turns":10},{"damage":7,"enemies":"Cultist","floor":8,"turns":6},{"damage":41,"enemies":"Gremlin Nob","floor":10,"turns":6},{"damage":0,"enemies":"3 Sentries","floor":14,"turns":6},{"damage":0,"enemies":"Jaw Worm","floor":15,"turns":4},{"damage":1,"enemies":"downfall:Defect","floor":16,"turns":5},{"damage":5,"enemies":"3 Byrds","floor":19,"turns":4},{"damage":0,"enemies":"downfall:FleeingMerchant","floor":20,"turns":4},{"damage":0,"enemies":"Centurion and Healer","floor":22,"turns":8},{"damage":0,"enemies":"Slavers","floor":25,"turns":7},{"damage":0,"enemies":"Gremlin Leader","floor":27,"turns":5},{"damage":11,"enemies":"Slavers","floor":29,"turns":5},{"damage":0,"enemies":"Book of Stabbing","floor":31,"turns":4},{"damage":0,"enemies":"Snake Plant","floor":32,"turns":4},{"damage":0,"enemies":"downfall:Silent","floor":33,"turns":4},{"damage":0,"enemies":"3 Darklings","floor":36,"turns":4},{"damage":0,"enemies":"3 Shapes","floor":37,"turns":5},{"damage":0,"enemies":"downfall:FleeingMerchant","floor":40,"turns":3},{"damage":0,"enemies":"Giant Head","floor":42,"turns":3},{"damage":0,"enemies":"Nemesis","floor":43,"turns":3},{"damage":14,"enemies":"Reptomancer","floor":44,"turns":3},{"damage":6,"enemies":"3 Darklings","floor":46,"turns":2},{"damage":0,"enemies":"Nemesis","floor":47,"turns":3},{"damage":0,"enemies":"Maw","floor":49,"turns":3},{"damage":0,"enemies":"downfall:Watcher","floor":50,"turns":7},{"damage":0,"enemies":"downfall:CharBossMerchant","floor":52,"turns":2},{"damage":0,"enemies":"downfall:NeowBoss","floor":55,"turns":9}],"seed_played":"-1707884387716189687","potions_obtained":[{"floor":5,"key":"hexamod:EctoCoolerPotion"},{"floor":8,"key":"Fire Potion"},{"floor":15,"key":"SpeedPotion"},{"floor":19,"key":"DuplicationPotion"}],"is_trial":true,"path_per_floor":["R","M","?","?","?","R","T","M","R","E","?","R","R","E","M","B",null,"R","M","$","?","M","R","T","E","R","E","?","E","R","E","M","B",null,"R","M","M","T","?","$","T","E","E","E","R","M","E","$","M","B",null,"E","$","R","B",null],"character_chosen":"GUARDIAN","items_purchased":["Toolbox","Guardian:TimeCapacitor","Guardian:PrismaticBeam","FairyPotion","Transmutation","Vajra","Guardian:BottledAnomaly","Nunchaku","Guardian:EvasiveProtocol","InkBottle","expansioncontent:Chronoboost","Guardian:Repulse","HandDrill"],"campfire_rested":0,"item_purchase_floors":[20,20,20,20,40,40,48,48,48,53,53,53,53],"current_hp_per_floor":[80,77,82,82,81,81,81,75,75,35,35,35,35,36,37,37,90,90,86,87,87,88,88,88,89,99,100,100,90,90,91,92,93,109,109,110,111,111,111,112,112,113,114,101,101,96,97,97,98,99,119,120,120,120,121],"gold":147,"neow_bonus":"","is_daily":false,"chose_seed":false,"campfire_upgraded":8,"win_rate":0.0,"timestamp":1609471530,"path_taken":["R","M","?","?","?","R","T","?","R","E","?","R","R","E","M","BOSS","R","M","$","?","?","R","T","E","R","E","?","E","R","E","M","BOSS","R","M","M","?","?","$","T","E","E","E","R","?","E","$","M","BOSS","E","$","R","BOSS"],"items_purchased_type":["Relic","Card","Card","Potion","Card","Relic","Relic","Relic","Card","Relic","Card","Card","Relic"],"build_version":"2020-12-22","purchased_purges":0,"victory":true,"max_hp_per_floor":[80,80,85,85,85,85,85,86,86,87,87,87,87,88,89,90,90,90,91,92,92,93,93,93,94,104,105,105,106,106,107,108,109,109,109,110,111,111,111,112,112,113,114,115,115,116,117,117,118,119,119,120,120,120,121],"card_choices":[{"not_picked":["Guardian:Reroute","Guardian:Gem_Blue"],"picked":"Guardian:TimeCapacitor","floor":2.0},{"not_picked":["Guardian:TimeCapacitor","Guardian:Gem_Cyan"],"picked":"Guardian:PrismaticBarrier","floor":5},{"not_picked":["Guardian:RollAttack","Guardian:Recover","Guardian:Gem_Lightblue"],"picked":"SKIP","floor":8},{"not_picked":["Guardian:GemFire","Guardian:RevengeProtocol"],"picked":"Guardian:CompilePackage","floor":10},{"not_picked":["Guardian:StasisStrike","Guardian:BaubleBeam"],"picked":"Guardian:GemFinder","floor":14},{"not_picked":["Guardian:Gem_Green","Guardian:Gem_Red"],"picked":"Guardian:Gem_Cyan","floor":15},{"not_picked":["Guardian:Suspension","Guardian:Gem_Red","Guardian:Gem_Lightblue"],"picked":"SKIP","floor":15},{"not_picked":["Guardian:Gem_Red","Guardian:Gem_Lightblue"],"picked":"Guardian:Suspension","floor":15},{"not_picked":["Guardian:Gem_Green","Guardian:Gem_Lightblue"],"picked":"Guardian:Gem_Cyan","floor":16},{"not_picked":["Guardian:GemFinder","Guardian:StasisField"],"picked":"Guardian:AncientConstruct","floor":16},{"not_picked":["Guardian:PrismaticBeam","Guardian:Preprogram"],"picked":"Guardian:Harden+1","floor":19},{"not_picked":["Guardian:Gem_Red","Guardian:ChargeUp+1"],"picked":"Guardian:Gem_White","floor":20},{"not_picked":["Guardian:Incinerate","Guardian:Clone","Guardian:ArmoredProtocol"],"picked":"SKIP","floor":22},{"not_picked":["Guardian:Gem_Green","Guardian:Gem_Lightblue"],"picked":"Guardian:Gem_Red","floor":22},{"not_picked":["Guardian:Incinerate","Guardian:Clone","Guardian:ArmoredProtocol"],"picked":"SKIP","floor":22},{"not_picked":["Guardian:Gem_Red","Guardian:Gem_Green"],"picked":"Guardian:Gem_Cyan","floor":25},{"not_picked":["Guardian:GatlingBeam","Guardian:TimeSifter"],"picked":"Guardian:StasisEngine","floor":25},{"not_picked":["Guardian:StasisField","Guardian:GemFinder"],"picked":"Guardian:ExploitGems","floor":27},{"not_picked":["Guardian:ExploitGems","Guardian:FierceBash"],"picked":"Guardian:StasisEngine","floor":29},{"not_picked":["Guardian:CompilePackage","Guardian:TimeSifter","Guardian:ConstructionForm"],"picked":"Guardian:StasisEngine","floor":31},{"not_picked":["Guardian:ChargeCore","Guardian:MultiBeam","Guardian:BronzeOrb","Guardian:Gem_Red"],"picked":"SKIP","floor":32},{"not_picked":["Guardian:HyperBeam_Guardian","Guardian:TimeSifter","Guardian:GemFire"],"picked":"Guardian:Gem_Synthetic","floor":33},{"not_picked":["Guardian:Gem_Lightblue","Guardian:Gem_Cyan"],"picked":"Guardian:Gem_Green","floor":36},{"not_picked":["Guardian:Suspension+1","Guardian:TemporalStrike+1","Guardian:Orbwalk+1","Guardian:PiercingHide+1"],"picked":"SKIP","floor":36},{"not_picked":["Guardian:Gem_Red","Guardian:Gem_Lightblue"],"picked":"Guardian:Gem_Green","floor":37},{"not_picked":["Guardian:TemporalShield","Guardian:AncientConstruct","Guardian:PiercingHide","Guardian:Clone"],"picked":"SKIP","floor":37},{"not_picked":["Guardian:Gem_Blue","Guardian:Suspension+1","Guardian:TimeBomb+1"],"picked":"Guardian:Repulse+1","floor":40},{"not_picked":["Guardian:FierceBash","Guardian:StasisStrike","Guardian:ConstructionForm"],"picked":"Guardian:StasisEngine","floor":42},{"not_picked":["Guardian:GemFinder","Guardian:FierceBash","Guardian:AncientConstruct"],"picked":"Guardian:SphericShield","floor":43},{"not_picked":["Guardian:HyperBeam_Guardian","Guardian:FierceBash","Guardian:RevengeProtocol"],"picked":"Guardian:Gem_Synthetic","floor":44},{"not_picked":["Guardian:PrimingBeam+1","Guardian:WalkerClaw","Guardian:Gem_Lightblue"],"picked":"Guardian:Planning","floor":46},{"not_picked":["Guardian:Gem_Lightblue","Guardian:Gem_Red"],"picked":"Guardian:Gem_Cyan","floor":46},{"not_picked":["Guardian:SphericShield","Guardian:CompilePackage","Guardian:HyperBeam_Guardian"],"picked":"Guardian:TimeSifter","floor":47},{"not_picked":["Guardian:PrismaticBarrier","Guardian:Gem_Red","Guardian:TemporalStrike"],"picked":"Guardian:Emergency","floor":49},{"not_picked":["Guardian:StasisStrike","Guardian:CompilePackage","Guardian:RevengeProtocol"],"picked":"Guardian:Gem_Orange","floor":52}],"player_experience":76615,"relics_obtained":[{"floor":5,"key":"downfall:CloakOfManyFaces"},{"floor":10,"key":"Bag of Preparation"},{"floor":14,"key":"Tiny Chest"},{"floor":25,"key":"HornCleat"},{"floor":27,"key":"Thread and Needle"},{"floor":29,"key":"Question Card"},{"floor":31,"key":"Shuriken"},{"floor":38,"key":"Calipers"},{"floor":41,"key":"Kunai"},{"floor":42,"key":"Incense Burner"},{"floor":43,"key":"Sundial"},{"floor":44,"key":"Oddly Smooth Stone"},{"floor":47,"key":"Eternal Feather"},{"floor":52,"key":"Mercury Hourglass"}],"event_choices":[{"damage_healed":0.0,"max_hp_gain":5.0,"max_hp_loss":0.0,"gold_gain":0.0,"event_name":"Big Fish","player_choice":"Donut","floor":3.0,"gold_loss":0.0,"damage_taken":0.0},{"damage_healed":0,"gold_gain":0,"player_choice":"Got Potions","damage_taken":0,"max_hp_gain":0,"max_hp_loss":0,"event_name":"Lab","floor":21,"gold_loss":0},{"cards_removed":["Guardian:PiercingHide"],"damage_healed":0,"gold_gain":0,"player_choice":"Elegance","damage_taken":0,"max_hp_gain":0,"max_hp_loss":0,"event_name":"Back to Basics","floor":28,"gold_loss":0},{"damage_healed":0,"gold_gain":300,"player_choice":"Gold","damage_taken":0,"max_hp_gain":0,"max_hp_loss":0,"event_name":"Wheel of Change","floor":39,"gold_loss":0}],"is_beta":false,"boss_relics":[{"not_picked":["SacredBark","Busted Crown"],"picked":"Guardian:StasisSlotReductionRelic"},{"not_picked":["Fusion Hammer","Sozu"],"picked":"Runic Dome"}],"items_purged_floors":[],"is_endless":false,"potions_floor_spawned":[5,8,15,19,25,27,29,33,36,43,47,49],"ascension_level":0}}