{"host":"1p8eqzpvl5sxeu5t","time":1609490786,"event":{"mods":["BaseMod","Bestiary","Block Reminder","Colored Map","Colored Powertips","Curses Come First","Downfall","Highlight Path","Minty Spire (QoL Compilation)","Relic Stats","StSLib","The IronCluck","Waifu the Spire","everything is the same but u backflip on backflip","slay the spire mod where everything is the same but ironclad has a cowboy hat"],"gold_per_floor":[99,110,110,95,105,30,55,82,95,113,144,155,80,95,110,213,213,213,225,325,49,62,62,62,81,81,81,66,82,283,283,300,300,300,300],"floor_reached":33,"playtime":1891,"items_purged":["champ:Defend"],"score":396,"play_id":"1b5a0df2-6d4b-4736-90ef-0d02666ca2ed","local_time":"20210101164626","is_ascension_mode":true,"campfire_choices":[{"floor":1,"key":"RECALL"},{"data":"champ:Backstep","floor":6,"key":"SMITH"},{"data":"champ:Devastate","floor":13,"key":"SMITH"},{"data":"champ:MurderStrike","floor":18,"key":"SMITH"},{"data":"champ:HoldFirm","floor":23,"key":"SMITH"}],"circlet_count":0,"master_deck":["champ:Defend","champ:Defend","champ:Defend","champ:Execute","champ:Taunt+1","champ:FanOfKnives","champ:AdrenalArmor","champ:Backstep+1","champ:BerserkerStyle","champ:DeathBlow","champ:Devastate+1","champ:Control","champ:ShieldSigil","champ:MurderStrike+1","CurseOfTheBell","champ:SwordSigil","champ:Circumvent","champ:DefensiveShout","champ:Duel+1","J.A.X.","champ:ShieldSigil","champ:HoldFirm+1","champ:TornadoPunch","champ:EndlessRage","Bite","Bite","Bite","Bite","Bite","champ:Control+1","champ:StrikeOfGenius","champ:ShieldSigil","champ:BringItOn"],"relics":["champ:ChampionCrown","downfall:HeartBlessingRed","Mango","Pen Nib","downfall:HeartBlessingBlue","Calling Bell","Dream Catcher","Pear","champ:GladiatorsBookOfMartialProwess","MutagenicStrength","Question Card"],"acts_visited":["Exordium","TheCity"],"potions_floor_usage":[8,11,33,33,33],"damage_taken":[{"damage":6,"enemies":"Jaw Worm","floor":2,"turns":4},{"damage":14,"enemies":"downfall:FleeingMerchant","floor":4,"turns":4},{"damage":19,"enemies":"Cultist","floor":5,"turns":5},{"damage":31,"enemies":"3 Sentries","floor":8,"turns":5},{"damage":10,"enemies":"Small Slimes","floor":9,"turns":3},{"damage":15,"enemies":"Blue Slaver","floor":10,"turns":5},{"damage":29,"enemies":"Lagavulin","floor":11,"turns":5},{"damage":39,"enemies":"Large Slime","floor":12,"turns":6},{"damage":24,"enemies":"Gremlin Gang","floor":14,"turns":3},{"damage":15,"enemies":"2 Fungi Beasts","floor":15,"turns":3},{"damage":107,"enemies":"downfall:Silent","floor":16,"turns":10},{"damage":32,"enemies":"3 Byrds","floor":19,"turns":6},{"damage":43,"enemies":"downfall:Augmenter","floor":20,"turns":5},{"damage":31,"enemies":"downfall:FleeingMerchant","floor":21,"turns":4},{"damage":66,"enemies":"Chosen","floor":22,"turns":5},{"damage":16,"enemies":"Snecko","floor":25,"turns":2},{"damage":41,"enemies":"downfall:FleeingMerchant","floor":28,"turns":4},{"damage":28,"enemies":"Shelled Parasite and Fungi","floor":29,"turns":6},{"damage":20,"enemies":"downfall:FleeingMerchant","floor":30,"turns":3},{"damage":20,"enemies":"Chosen and Byrds","floor":32,"turns":5},{"damage":23,"enemies":"downfall:Ironclad","floor":33,"turns":4}],"seed_played":"1937695089742954700","potions_obtained":[{"floor":2,"key":"AttackPotion"},{"floor":8,"key":"BlessingOfTheForge"},{"floor":11,"key":"BlessingOfTheForge"},{"floor":12,"key":"Strength Potion"},{"floor":14,"key":"sneckomod:MuddlingPotion"},{"floor":29,"key":"Swift Potion"}],"is_trial":false,"path_per_floor":["R","M","?","$","M","R","T","E","M","M","E","M","R","M","M","B",null,"R","M","?","$","M","R","T","M","?","?","$","M","$","?","M","B"],"character_chosen":"THE_CHAMP","items_purchased":["champ:HoldFirm","champ:TornadoPunch","champ:EndlessRage","champ:ShieldSigil","champ:BringItOn"],"campfire_rested":0,"item_purchase_floors":[21,21,21,30,30],"current_hp_per_floor":[90,89,74,74,74,74,74,78,76,75,75,67,77,71,71,26,124,124,124,92,92,62,62,62,62,62,62,53,36,23,23,17,0,0,0],"gold":300,"neow_bonus":"UPGRADE_CARD","is_daily":false,"chose_seed":false,"campfire_upgraded":4,"win_rate":0.0,"timestamp":1609490786,"path_taken":["R","M","?","$","M","R","T","E","?","M","E","M","R","M","M","BOSS","R","M","?","$","M","R","T","M","?","?","$","M","?","?","M","BOSS"],"items_purchased_type":["Card","Card","Card","Card","Card"],"build_version":"2020-12-22","purchased_purges":1,"victory":false,"max_hp_per_floor":[90,90,90,90,90,90,90,104,104,104,104,104,114,114,114,114,124,124,124,124,124,124,124,124,124,124,86,86,86,86,86,86,86,86,86],"relic_stats":{"Dream Catcher":0,"counters":[21,97],"Pen Nib":[9],"Question Card":5,"obtain_stats":[{"Calling Bell":17,"Dream Catcher":17,"Pear":17,"downfall:HeartBlessingRed":6,"downfall:HeartBlessingBlue":13,"MutagenicStrength":20,"champ:ChampionCrown":0,"Mango":8,"Pen Nib":11,"Question Card":24,"champ:GladiatorsBookOfMartialProwess":17},{"Calling Bell":11,"Dream Catcher":11,"Pear":11,"downfall:HeartBlessingRed":3,"downfall:HeartBlessingBlue":8,"MutagenicStrength":13,"champ:ChampionCrown":0,"Mango":4,"Pen Nib":7,"Question Card":15,"champ:GladiatorsBookOfMartialProwess":11},{"Calling Bell":53,"Dream Catcher":53,"Pear":53,"downfall:HeartBlessingRed":13,"downfall:HeartBlessingBlue":37,"MutagenicStrength":64,"champ:ChampionCrown":0,"Mango":18,"Pen Nib":31,"Question Card":73,"champ:GladiatorsBookOfMartialProwess":53}]},"card_choices":[{"not_picked":["champ:RapidStrikes","champ:BerserkerStyle"],"picked":"champ:FanOfKnives","floor":2},{"not_picked":["champ:BladeFlurry","champ:GutPunch"],"picked":"champ:AdrenalArmor","floor":4},{"not_picked":["champ:CalledShot","champ:DefensiveShout"],"picked":"champ:Backstep","floor":5},{"not_picked":["champ:BerserkersShout","champ:CrookedStrike"],"picked":"champ:BerserkerStyle","floor":8},{"not_picked":["champ:Riposte","champ:RageSigil","champ:BerserkersShout"],"picked":"SKIP","floor":9},{"not_picked":["champ:TornadoPunch","champ:IronFortress"],"picked":"champ:DeathBlow","floor":10},{"not_picked":["champ:Backstep","champ:DefensiveShout"],"picked":"champ:Devastate","floor":11},{"not_picked":["champ:BringItOn","champ:Backstep","champ:EnchantSword"],"picked":"SKIP","floor":12},{"not_picked":["champ:CrookedStrike","champ:RapidStrikes"],"picked":"champ:Control","floor":14},{"not_picked":["champ:Riposte","champ:StanceDance"],"picked":"champ:ShieldSigil","floor":15},{"not_picked":["champ:DancingMaster","champ:VampiricStrike"],"picked":"champ:MurderStrike","floor":16},{"not_picked":["champ:PerfectedStrike+1","champ:BerserkersShout+1"],"picked":"champ:SwordSigil","floor":19},{"not_picked":["champ:BringItOn","champ:Shatter+1"],"picked":"champ:Duel+1","floor":20},{"not_picked":[],"picked":"J.A.X.","floor":20},{"not_picked":["champ:RecklessLeap","champ:RageSigil"],"picked":"champ:ShieldSigil","floor":21},{"not_picked":["champ:DefensiveStyle+1","champ:PerfectedStrike","champ:EnragedBash"],"picked":"SKIP","floor":22},{"not_picked":["champ:ShieldWall+1","champ:PerfectedStrike","champ:FanOfKnives","champ:FalseCounter"],"picked":"SKIP","floor":25},{"not_picked":["champ:FocusedDefense","champ:BerserkersShout","champ:SkillfulDodge"],"picked":"champ:Control+1","floor":28},{"not_picked":["champ:EndlessRage","champ:FaceSlap","champ:RapidStrikes","champ:Shatter"],"picked":"SKIP","floor":29},{"not_picked":["champ:CheapShot","champ:DefensiveStyle+1","champ:Backstep"],"picked":"champ:StrikeOfGenius","floor":30},{"not_picked":["champ:BladeFlurry","champ:PerfectedStrike+1","champ:GladiatorsShout","champ:BringItOn"],"picked":"SKIP","floor":32}],"player_experience":830934,"relics_obtained":[{"floor":8,"key":"Mango"},{"floor":11,"key":"Pen Nib"},{"floor":17,"key":"Dream Catcher"},{"floor":17,"key":"Pear"},{"floor":17,"key":"champ:GladiatorsBookOfMartialProwess"},{"floor":20,"key":"MutagenicStrength"},{"floor":24,"key":"Question Card"}],"event_choices":[{"damage_healed":0,"gold_gain":0,"player_choice":"Became a vampire","damage_taken":0,"max_hp_gain":0,"max_hp_loss":38,"event_name":"Vampires","floor":27,"gold_loss":0,"cards_obtained":["Bite","Bite","Bite","Bite","Bite"]},{"damage_healed":0,"gold_gain":0,"player_choice":"Ignored","damage_taken":0,"max_hp_gain":0,"max_hp_loss":0,"event_name":"Ghosts","floor":31,"gold_loss":0}],"is_beta":false,"boss_relics":[{"not_picked":["Black Star","Coffee Dripper"],"picked":"Calling Bell"}],"items_purged_floors":[30],"is_endless":false,"potions_floor_spawned":[2,8,11,12,14,22,25,29],"killed_by":"downfall:Ironclad","ascension_level":4}}