{"host":"9ac506c1ebg8floo","time":1609535641,"event":{"mods":["BaseMod","Colored Powertips","GifTheSpireLib","Gremlin Mod","Ironclad Rager","Minty Spire (QoL Compilation)","StSLib","The Cursed","The Necromancer"],"gold_per_floor":[111,111,122,122,39,74,74,74,143,68,83,117,117,127,127,226,226,244,47,57,57,57],"floor_reached":21,"playtime":1258,"items_purged":["Strike_G","Strike_G"],"score":237,"play_id":"1b6b4290-e78a-4f50-bce1-ae2001c417f4","local_time":"20210101221401","is_ascension_mode":false,"campfire_choices":[{"data":"Flash of Steel","floor":7,"key":"SMITH"},{"floor":15,"key":"REST"}],"circlet_count":0,"master_deck":["Strike_G+1","Strike_G","Strike_G","Defend_G","Defend_G","Defend_G","Defend_G","Defend_G","Survivor","Neutralize+1","Cloak And Dagger","Flash of Steel+1","Backstab","Concentrate","Prepared","Deflect","Terror","Venomology","Blade Dance","Purity","Masterful Stab"],"relics":["Ring of the Snake","NeowsBlessing","Lantern","Dream Catcher","Pear","Anchor","Black Star"],"acts_visited":["Exordium","TheCity"],"potions_floor_usage":[16,18,21],"damage_taken":[{"damage":0,"enemies":"Jaw Worm","floor":1,"turns":1},{"damage":0,"enemies":"Small Slimes","floor":3,"turns":1},{"damage":0,"enemies":"3 Sentries","floor":6,"turns":1},{"damage":0,"enemies":"Cultist","floor":11,"turns":2},{"damage":14,"enemies":"Lagavulin","floor":12,"turns":8},{"damage":2,"enemies":"Exordium Thugs","floor":14,"turns":6},{"damage":50,"enemies":"The Guardian","floor":16,"turns":11},{"damage":5,"enemies":"2 Thieves","floor":18,"turns":5},{"damage":20,"enemies":"Chosen","floor":20,"turns":6},{"damage":18,"enemies":"Sentry and Sphere","floor":21,"turns":5}],"seed_played":"-691696838211503656","potions_obtained":[{"floor":3,"key":"Ancient Potion"},{"floor":14,"key":"PowerPotion"}],"is_trial":false,"path_per_floor":["M","?","M","?","$","E","R","?","T","$","M","E","?","M","R","B",null,"M","$","M","M"],"character_chosen":"THE_SILENT","items_purchased":["Flash of Steel","Purity"],"campfire_rested":1,"item_purchase_floors":[5,19],"current_hp_per_floor":[70,75,75,60,60,60,60,35,45,45,45,31,31,29,54,4,85,80,80,60,42,42],"gold":57,"neow_bonus":"THREE_ENEMY_KILL","is_daily":false,"chose_seed":false,"campfire_upgraded":1,"win_rate":0.0,"timestamp":1609535641,"path_taken":["M","?","M","?","?","E","R","?","T","$","M","E","?","M","R","BOSS","M","?","M","M"],"items_purchased_type":["Card","Card"],"build_version":"2020-12-22","purchased_purges":2,"victory":false,"max_hp_per_floor":[70,75,75,75,75,75,75,75,85,85,85,85,85,85,85,85,85,85,85,85,85,85],"card_choices":[{"not_picked":["Dodge and Roll","Blade Dance","Predator"],"picked":"SKIP","floor":1},{"not_picked":["Backflip","Quick Slash"],"picked":"Cloak And Dagger","floor":3},{"not_picked":["Quick Slash","Backflip"],"picked":"Backstab","floor":6},{"not_picked":["Dodge and Roll","Acrobatics"],"picked":"Concentrate","floor":11},{"not_picked":["Dagger Throw","Deflect"],"picked":"Prepared","floor":12},{"not_picked":["Cloak And Dagger","Catalyst"],"picked":"Deflect","floor":14},{"not_picked":["Bane","Flying Knee"],"picked":"Terror","floor":15},{"not_picked":["Die Die Die","Grand Finale"],"picked":"Venomology","floor":16},{"not_picked":["Bane","Dodge and Roll"],"picked":"Blade Dance","floor":18},{"not_picked":["Flying Knee","Deadly Poison"],"picked":"Masterful Stab","floor":20}],"player_experience":365306,"relics_obtained":[{"floor":6,"key":"Lantern"},{"floor":9,"key":"Pear"},{"floor":12,"key":"Anchor"}],"event_choices":[{"damage_healed":0,"gold_gain":0,"player_choice":"Donut","damage_taken":0,"max_hp_gain":5,"max_hp_loss":0,"event_name":"Big Fish","floor":2,"gold_loss":0},{"damage_healed":0,"gold_gain":0,"player_choice":"Entered Light","damage_taken":15,"max_hp_gain":0,"max_hp_loss":0,"event_name":"Shining Light","floor":4,"gold_loss":0,"cards_upgraded":["Strike_G","Neutralize"]},{"damage_healed":0,"gold_gain":0,"player_choice":"Success","damage_taken":25,"relics_obtained":["Dream Catcher"],"max_hp_gain":0,"max_hp_loss":0,"event_name":"Scrap Ooze","floor":8,"gold_loss":0},{"damage_healed":0,"gold_gain":0,"player_choice":"Ignored","damage_taken":0,"max_hp_gain":0,"max_hp_loss":0,"event_name":"NoteForYourself","floor":13,"gold_loss":0}],"is_beta":false,"boss_relics":[{"not_picked":["Snecko Eye","Coffee Dripper"],"picked":"Black Star"}],"items_purged_floors":[10,19],"is_endless":false,"potions_floor_spawned":[3,14],"killed_by":"Sentry and Sphere","ascension_level":0}}