{"host":"phniwng9zo19jwdb","time":1609512845,"event":{"mods":["AchievementEnabler","BaseMod","Colored Powertips","Faster Ascension Climbing","GifTheSpireLib","Minty Spire (QoL Compilation)","Permanent Neow","Rare Cards Sparkle","Somnambulant","StSLib"],"gold_per_floor":[118,128,128,144,144,144,159,185,185,185,185,214,214,12,12,87,87,103,121,141,141,157,183,183,214,214,232,243,312,337,357,357,436,436,456,475,4,21,33,33,64,64,64,75,110,160,186,206,206,206],"floor_reached":51,"playtime":2985,"items_purged":["Strike_B","Dualcast"],"score":1484,"play_id":"671d4f94-851e-4544-be26-e371701e5691","local_time":"20210101155405","is_ascension_mode":true,"campfire_choices":[{"data":"Zap","floor":6.0,"key":"SMITH"},{"data":"Go for the Eyes","floor":11.0,"key":"SMITH"},{"data":"Coolheaded","floor":13.0,"key":"SMITH"},{"data":"Defragment","floor":15.0,"key":"SMITH"},{"data":"Seek","floor":24.0,"key":"SMITH"},{"data":"Double Energy","floor":32.0,"key":"SMITH"},{"data":"Loop","floor":40,"key":"SMITH"},{"data":"Barricade","floor":42,"key":"SMITH"},{"data":"Dual Wield","floor":49,"key":"SMITH"}],"circlet_count":0,"master_deck":["AscendersBane","Defend_B","Defend_B","Defend_B","Zap+1","Go for the Eyes+1","Sweeping Beam","Coolheaded+1","BootSequence","Auto Shields","Go for the Eyes+1","Defragment+1","Conserve Battery","Seek+1","Seek+1","Coolheaded+1","Blizzard+1","Defragment+1","Beam Cell+1","Fission","Chill+1","Hologram","Loop+1","Double Energy+1","Hologram","Machine Learning","White Noise+1","Glacier","Capacitor","Barricade+1","Masterful Stab+1","Dual Wield+1"],"relics":["Cracked Core","PreservedInsect","Bronze Scales","Dead Branch","Molten Egg 2","Eternal Feather","Shuriken","Astrolabe","Bottled Flame","Mercury Hourglass","Dream Catcher","HornCleat","Bag of Marbles","Coffee Dripper","PrismaticShard","Bag of Preparation","Orichalcum","Meat on the Bone","Blue Candle","CaptainsWheel","Lantern"],"acts_visited":["Exordium","TheCity","TheBeyond"],"potions_floor_usage":[39,46,50,50],"damage_taken":[{"damage":9.0,"enemies":"2 Louse","floor":1.0,"turns":2.0},{"damage":5.0,"enemies":"Small Slimes","floor":2.0,"turns":4.0},{"damage":2.0,"enemies":"Jaw Worm","floor":4.0,"turns":3.0},{"damage":7.0,"enemies":"Looter","floor":7.0,"turns":3.0},{"damage":3.0,"enemies":"3 Sentries","floor":8.0,"turns":4.0},{"damage":3.0,"enemies":"Lagavulin","floor":12.0,"turns":7.0},{"damage":18.0,"enemies":"Hexaghost","floor":16.0,"turns":9.0},{"damage":0.0,"enemies":"Chosen","floor":18.0,"turns":6.0},{"damage":0.0,"enemies":"3 Byrds","floor":19.0,"turns":2.0},{"damage":0.0,"enemies":"Cultist and Chosen","floor":20.0,"turns":5.0},{"damage":5.0,"enemies":"Snake Plant","floor":22.0,"turns":4.0},{"damage":14.0,"enemies":"Book of Stabbing","floor":23.0,"turns":5.0},{"damage":0.0,"enemies":"Slavers","floor":25.0,"turns":4.0},{"damage":0.0,"enemies":"Chosen and Byrds","floor":27.0,"turns":5.0},{"damage":0.0,"enemies":"Snecko","floor":28.0,"turns":5.0},{"damage":2.0,"enemies":"Book of Stabbing","floor":30.0,"turns":4.0},{"damage":0.0,"enemies":"Shelled Parasite and Fungi","floor":31.0,"turns":4.0},{"damage":8.0,"enemies":"Collector","floor":33.0,"turns":8.0},{"damage":0.0,"enemies":"3 Shapes","floor":35.0,"turns":6.0},{"damage":0.0,"enemies":"3 Darklings","floor":36.0,"turns":3.0},{"damage":0.0,"enemies":"Jaw Worm Horde","floor":38.0,"turns":3.0},{"damage":0,"enemies":"Writhing Mass","floor":39,"turns":7},{"damage":0,"enemies":"Nemesis","floor":41,"turns":7},{"damage":0,"enemies":"Transient","floor":44,"turns":5},{"damage":0,"enemies":"Giant Head","floor":45,"turns":6},{"damage":3,"enemies":"2 Orb Walkers","floor":46,"turns":4},{"damage":13,"enemies":"Nemesis","floor":47,"turns":5},{"damage":0,"enemies":"3 Darklings","floor":48,"turns":5},{"damage":0,"enemies":"Donu and Deca","floor":50,"turns":6}],"seed_played":"-3372249210314936","potions_obtained":[{"floor":1.0,"key":"GamblersBrew"},{"floor":7.0,"key":"Explosive Potion"},{"floor":8.0,"key":"AttackPotion"},{"floor":16.0,"key":"Weak Potion"},{"floor":19.0,"key":"EssenceOfDarkness"},{"floor":27.0,"key":"PotionOfCapacity"},{"floor":33.0,"key":"SteroidPotion"},{"floor":38.0,"key":"Fruit Juice"},{"floor":39,"key":"DuplicationPotion"},{"floor":48,"key":"AttackPotion"}],"is_trial":false,"path_per_floor":["M","M","?","M","?","R","M","E","T","T","R","E","R","$","R","B",null,"M","M","M","?","M","E","R","E","T","M","M","T","E","M","R","B",null,"M","M","$","M","M","R","E","R","T","M","E","?","E","M","R","B",null],"character_chosen":"DEFECT","items_purchased":["Defragment","Conserve Battery","PrismaticShard","Bag of Preparation","Glacier"],"campfire_rested":0,"item_purchase_floors":[14,14,37,37,37],"current_hp_per_floor":[59,54,47,45,45,45,38,35,35,35,44,41,50,50,59,41,67,67,67,67,67,62,48,60,60,60,60,60,60,58,58,73,65,73,73,73,73,73,78,80,80,80,80,80,80,77,64,64,80,80],"gold":206,"neow_bonus":"RANDOM_COMMON_RELIC","is_daily":false,"chose_seed":false,"campfire_upgraded":9,"win_rate":0.0,"timestamp":1609512845,"path_taken":["M","M","?","M","?","R","M","E","T","?","R","E","R","?","R","BOSS","M","M","M","?","M","E","R","E","T","M","M","?","E","M","R","BOSS","M","M","$","?","M","R","E","R","T","M","E","?","E","M","R","BOSS"],"items_purchased_type":["Card","Card","Relic","Relic","Card"],"build_version":"2020-12-22","purchased_purges":2,"victory":true,"max_hp_per_floor":[75,75,75,75,75,75,75,75,75,75,75,75,75,75,75,75,75,75,75,75,75,75,75,75,75,75,75,75,75,75,75,75,75,75,75,75,75,75,80,80,80,80,80,80,80,80,80,80,80,80],"card_choices":[{"not_picked":["Storm","Compile Driver"],"picked":"Go for the Eyes","floor":1.0},{"not_picked":["Doom and Gloom","Heatsinks"],"picked":"Sweeping Beam","floor":2.0},{"not_picked":["Sweeping Beam","Barrage"],"picked":"Coolheaded","floor":4.0},{"not_picked":["Fusion","Cold Snap"],"picked":"BootSequence","floor":7.0},{"not_picked":["Stack","Doom and Gloom"],"picked":"Auto Shields","floor":8.0},{"not_picked":["Reinforced Body","Cold Snap+1"],"picked":"Go for the Eyes+1","floor":12.0},{"not_picked":["Rainbow","Biased Cognition"],"picked":"Seek","floor":16.0},{"not_picked":["Scrape+1","Coolheaded+1"],"picked":"Defragment+1","floor":18.0},{"not_picked":["Coolheaded","Barrage+1","Stack"],"picked":"SKIP","floor":19.0},{"not_picked":["Cold Snap+1","Doom and Gloom+1","Steam"],"picked":"SKIP","floor":20.0},{"not_picked":["Blizzard+1","Ball Lightning+1"],"picked":"Beam Cell+1","floor":22.0},{"not_picked":["Go for the Eyes+1","Tempest"],"picked":"Fission","floor":23.0},{"not_picked":["All For One+1","White Noise"],"picked":"Chill+1","floor":25.0},{"not_picked":["Gash+1","Go for the Eyes+1"],"picked":"Hologram","floor":27.0},{"not_picked":["Barrage+1","Reprogram"],"picked":"Loop","floor":28.0},{"not_picked":["Force Field+1","Scrape+1"],"picked":"Double Energy","floor":30.0},{"not_picked":["Go for the Eyes+1","Redo"],"picked":"Hologram","floor":31.0},{"not_picked":["Thunder Strike+1","Multi-Cast"],"picked":"Machine Learning","floor":33.0},{"not_picked":["Gash+1","Force Field"],"picked":"White Noise+1","floor":35.0},{"not_picked":["Compile Driver+1","Ball Lightning+1","Beam Cell+1"],"picked":"SKIP","floor":36.0},{"not_picked":["somnambulantmod: Sleepyhead","somnambulantmod: Hush+1"],"picked":"Capacitor","floor":38.0},{"not_picked":["Acrobatics","Flying Knee+1","Deflect+1"],"picked":"SKIP","floor":39},{"not_picked":["Masterful Stab+1","CutThroughFate+1"],"picked":"Barricade","floor":41},{"not_picked":["WindmillStrike+1","somnambulantmod: Harden+1","somnambulantmod: UnthoughtKnown+1"],"picked":"SKIP","floor":44},{"not_picked":["WindmillStrike+1","somnambulantmod: Harden+1","somnambulantmod: UnthoughtKnown+1"],"picked":"SKIP","floor":44},{"not_picked":["Deadly Poison","Ragnarok+1"],"picked":"Masterful Stab+1","floor":45},{"not_picked":["BowlingBash+1","Perfected Strike+1"],"picked":"Dual Wield","floor":46},{"not_picked":["Body Slam+1","Uppercut+1","somnambulantmod: BadIdea+1"],"picked":"SKIP","floor":47},{"not_picked":["somnambulantmod: SnuggleUp","Go for the Eyes+1","somnambulantmod: SickeningSwathe"],"picked":"SKIP","floor":48}],"player_experience":36341,"relics_obtained":[{"floor":8.0,"key":"Dead Branch"},{"floor":9.0,"key":"Molten Egg 2"},{"floor":10.0,"key":"Eternal Feather"},{"floor":12.0,"key":"Shuriken"},{"floor":23.0,"key":"Bottled Flame"},{"floor":25.0,"key":"Mercury Hourglass"},{"floor":26.0,"key":"Dream Catcher"},{"floor":29.0,"key":"HornCleat"},{"floor":30.0,"key":"Bag of Marbles"},{"floor":41,"key":"Orichalcum"},{"floor":43,"key":"Meat on the Bone"},{"floor":45,"key":"Blue Candle"},{"floor":46,"key":"CaptainsWheel"},{"floor":47,"key":"Lantern"}],"event_choices":[{"damage_healed":0.0,"max_hp_gain":0.0,"max_hp_loss":0.0,"gold_gain":0.0,"event_name":"Scrap Ooze","player_choice":"Success","floor":3.0,"gold_loss":0.0,"damage_taken":7.0,"relics_obtained":["Bronze Scales"]},{"cards_removed":["Strike_B"],"damage_healed":0.0,"max_hp_gain":0.0,"max_hp_loss":0.0,"gold_gain":0.0,"event_name":"Living Wall","player_choice":"Forget","floor":5.0,"gold_loss":0.0,"damage_taken":0.0},{"damage_healed":0.0,"max_hp_gain":0.0,"max_hp_loss":0.0,"gold_gain":0.0,"event_name":"Vampires","player_choice":"Ignored","floor":21.0,"gold_loss":0.0,"damage_taken":0.0},{"damage_healed":0,"gold_gain":0,"player_choice":"Fight","damage_taken":0,"max_hp_gain":0,"max_hp_loss":0,"event_name":"Mysterious Sphere","floor":46,"gold_loss":0}],"is_beta":false,"boss_relics":[{"not_picked":["Philosopher\u0027s Stone","Empty Cage"],"picked":"Astrolabe"},{"not_picked":["Runic Dome","Snecko Eye"],"picked":"Coffee Dripper"}],"items_purged_floors":[14,37],"is_endless":false,"potions_floor_spawned":[1,7,8,16,19,27,28,30,33,35,38,39,41,45,48],"ascension_level":13}}