{"host":"1jyvlwrg3lqf29t2","time":1609468292,"event":{"mods":["BaseMod","Colored Powertips","Downfall","Hermit","Minty Spire (QoL Compilation)","StSLib","The Blackbeard","The Cursed","The Poker Player","TheBandit"],"gold_per_floor":[3117,3133,3143,3163,3163,3163,3176,3176,3176,3206,3206,3223,3234,3250,3250,3345,3345,3361,3361],"floor_reached":18,"playtime":1300,"items_purged":[],"score":418,"play_id":"45100dd5-c8a3-4611-900f-24c79812112a","local_time":"20201231203132","is_ascension_mode":false,"campfire_choices":[{"floor":15,"key":"REST"}],"circlet_count":0,"master_deck":["Entrench+1","Barricade+1","Metallicize+1","Metallicize+1","Metallicize+1","Body Slam+1","Body Slam+1","Body Slam+1","Impervious+1","Impervious+1","Impervious+1","Iron Wave+1"],"relics":["Black Blood","Black Star","SlaversCollar","ClockworkSouvenir","Ice Cream","The Courier","Molten Egg 2","Toxic Egg 2","Frozen Egg 2","Unceasing Top","PreservedInsect","Busted Crown","Strawberry","Darkstone Periapt","Philosopher\u0027s Stone"],"acts_visited":["Exordium","TheCity"],"potions_floor_usage":[],"damage_taken":[{"damage":6,"enemies":"Cultist","floor":1,"turns":3},{"damage":6,"enemies":"2 Louse","floor":2,"turns":2},{"damage":10,"enemies":"Small Slimes","floor":3,"turns":2},{"damage":7,"enemies":"3 Louse","floor":4,"turns":2},{"damage":6,"enemies":"2 Fungi Beasts","floor":7,"turns":2},{"damage":6,"enemies":"Gremlin Nob","floor":10,"turns":5},{"damage":0,"enemies":"Red Slaver","floor":12,"turns":2},{"damage":3,"enemies":"Large Slime","floor":13,"turns":3},{"damage":0,"enemies":"Exordium Thugs","floor":14,"turns":3},{"damage":0,"enemies":"Hexaghost","floor":16,"turns":3},{"damage":0,"enemies":"Spheric Guardian","floor":18,"turns":1}],"seed_played":"7188494536001413449","potions_obtained":[{"floor":2,"key":"DuplicationPotion"},{"floor":7,"key":"hexamod:EctoCoolerPotion"},{"floor":13,"key":"Swift Potion"},{"floor":16,"key":"Ancient Potion"}],"is_trial":false,"path_per_floor":["M","M","M","M","?","?","M","?","T","E","?","M","M","M","R","B",null,"M"],"character_chosen":"IRONCLAD","items_purchased":[],"campfire_rested":1,"item_purchase_floors":[],"current_hp_per_floor":[80,80,80,80,80,80,80,80,87,87,92,92,92,92,92,92,92,92,92],"gold":3361,"neow_bonus":"TRANSFORM_CARD","is_daily":false,"chose_seed":false,"campfire_upgraded":0,"win_rate":0.0,"timestamp":1609468292,"path_taken":["M","M","M","M","?","?","?","?","T","E","?","M","M","M","R","BOSS","M"],"items_purchased_type":[],"build_version":"2020-12-22","purchased_purges":0,"victory":false,"max_hp_per_floor":[80,80,80,80,80,80,80,80,87,87,92,92,92,92,92,92,92,92,92],"card_choices":[{"not_picked":["Wild Strike","Pommel Strike","Intimidate"],"picked":"SKIP","floor":1},{"not_picked":["Wild Strike","Pommel Strike","Intimidate"],"picked":"SKIP","floor":1},{"not_picked":["Wild Strike+1","Pommel Strike+1","Intimidate+1"],"picked":"SKIP","floor":1},{"not_picked":["True Grit+1","Thunderclap+1","Flex+1"],"picked":"SKIP","floor":2},{"not_picked":["True Grit+1","Thunderclap+1","Flex+1"],"picked":"SKIP","floor":2},{"not_picked":["Whirlwind+1","Metallicize+1","Perfected Strike+1"],"picked":"SKIP","floor":3},{"not_picked":["Armaments+1","Havoc+1","Headbutt+1"],"picked":"SKIP","floor":4},{"not_picked":["Clothesline+1","Wild Strike+1"],"picked":"Entrench+1","floor":7},{"not_picked":["Thunderclap+1"],"picked":"SKIP","floor":10},{"not_picked":[],"picked":"Iron Wave+1","floor":12},{"not_picked":["Thunderclap+1"],"picked":"SKIP","floor":13},{"not_picked":["Perfected Strike+1"],"picked":"SKIP","floor":14},{"not_picked":["Warcry+1"],"picked":"SKIP","floor":18}],"player_experience":396890,"relics_obtained":[{"floor":9,"key":"Strawberry"},{"floor":10,"key":"Darkstone Periapt"}],"event_choices":[{"damage_healed":0,"gold_gain":0,"player_choice":"Grow","damage_taken":0,"max_hp_gain":0,"max_hp_loss":0,"event_name":"Living Wall","floor":5,"gold_loss":0,"cards_upgraded":["Searing Blow"]},{"damage_healed":0,"gold_gain":0,"player_choice":"Gave Potion","damage_taken":0,"relics_obtained":["PreservedInsect"],"max_hp_gain":0,"max_hp_loss":0,"event_name":"WeMeetAgain","floor":6,"gold_loss":0},{"damage_healed":0,"gold_gain":0,"player_choice":"Ignored","damage_taken":0,"max_hp_gain":0,"max_hp_loss":0,"event_name":"Liars Game","floor":8,"gold_loss":0},{"damage_healed":0,"gold_gain":0,"player_choice":"Donut","damage_taken":0,"max_hp_gain":5,"max_hp_loss":0,"event_name":"Big Fish","floor":11,"gold_loss":0}],"is_beta":false,"boss_relics":[{"not_picked":["Empty Cage","Cursed Key"],"picked":"Philosopher\u0027s Stone"}],"items_purged_floors":[],"is_endless":false,"potions_floor_spawned":[2,7,13,16],"killed_by":"Spheric Guardian","ascension_level":0}}