{"host":"1zjc08c6hob33401","time":1609527357,"event":{"mods":["AchievementEnabler","Act Like it!","Aspiration","BaseMod","Downfall","Energized Spire","Evolution","GifTheSpireLib","Hubris","Infinite Spire","Jedi Mod","Minty Spire (QoL Compilation)","Pale of the Ancients","Quick Restart","Replay The Spire","Retaliation","Shop Mod","StSLib","Stuff the Spire","The Blue Laboratory","Wandering Minibosses","vexMod"],"gold_per_floor":[114,39,39,39,39,73,91,91,115,127,127,127,137,155,155,255,255,265,265,21,35,35,167,167,167],"floor_reached":24,"playtime":857,"items_purged":["Defend_B","Defend_B"],"score":268,"play_id":"c94a6484-2e24-4099-aca6-68c09c8ef58d","local_time":"20210101205557","is_ascension_mode":true,"campfire_choices":[{"floor":11.0,"key":"REST"},{"floor":15.0,"key":"REST"}],"circlet_count":0,"master_deck":["Strike_B","Strike_B","Strike_B","Strike_B","Zap+1","Dualcast","Gash","infinitespire:Gouge","Pot Of Greed","Gash","jedi:reiji","Ball Lightning","Pot Of Greed","Cold Snap","jedi:studyfrost","Buffer","Genetic Algorithm+1","Creative AI","Capacitor+1","Gash"],"relics":["Cracked Core","EVO:Axolotl","Grinning Jar","StuffTheSpire:TintedRock","hubris:Icosahedron","Velvet Choker","jedi:firstaidkit"],"acts_visited":["Exordium","TheCity"],"potions_floor_usage":[21,23],"damage_taken":[{"damage":2.0,"enemies":"Jaw Worm","floor":1.0,"turns":3.0},{"damage":30.0,"enemies":"Replay:BlueRogue","floor":6.0,"turns":4.0},{"damage":7.0,"enemies":"Small Slimes","floor":7.0,"turns":2.0},{"damage":3.0,"enemies":"2 Louse","floor":10.0,"turns":2.0},{"damage":4.0,"enemies":"Exordium Thugs","floor":13.0,"turns":3.0},{"damage":6.0,"enemies":"Looter","floor":14.0,"turns":2.0},{"damage":11.0,"enemies":"Slime Boss","floor":16.0,"turns":5.0},{"damage":16.0,"enemies":"3 Byrds","floor":18.0,"turns":5.0},{"damage":24,"enemies":"2 Thieves","floor":21,"turns":3},{"damage":30,"enemies":"Gremlin Leader","floor":23,"turns":7},{"damage":46,"enemies":"Centurion and Healer","floor":24,"turns":5}],"seed_played":"-8834440754255678544","potions_obtained":[{"floor":7.0,"key":"blueLaboratory:HummingbirdPotion"},{"floor":10.0,"key":"FairyPotion"},{"floor":16.0,"key":"Strength Potion"},{"floor":21,"key":"Toxic Potion"}],"is_trial":false,"path_per_floor":["M","$","?","?","?","E","M","$","T","M","R","?","M","M","R","B",null,"M","?","$","M","?","E","M"],"character_chosen":"DEFECT","items_purchased":["Creative AI"],"campfire_rested":2,"item_purchase_floors":[20],"current_hp_per_floor":[73,73,55,55,48,18,11,11,11,8,30,30,26,20,42,31,64,48,48,48,24,24,36,0,0],"gold":167,"neow_bonus":"UPGRADE_CARD","is_daily":false,"chose_seed":false,"campfire_upgraded":0,"win_rate":0.0,"timestamp":1609527357,"path_taken":["M","$","?","?","?","E","M","?","T","?","R","?","?","M","R","BOSS","M","?","$","?","?","E","?"],"items_purchased_type":["Card"],"build_version":"2020-12-22","purchased_purges":2,"victory":false,"max_hp_per_floor":[75,75,75,75,75,75,75,75,75,75,75,75,75,75,75,75,75,75,75,75,75,75,75,75,75],"card_choices":[{"not_picked":["Coolheaded","Blizzard"],"picked":"Gash","floor":1.0},{"not_picked":["ReplayTheSpireMod:??????????????????????","infinitespire:DeathsTouch"],"picked":"infinitespire:Gouge","floor":3.0},{"not_picked":["Auto Shields","Coolheaded"],"picked":"Gash","floor":6.0},{"not_picked":["Double Energy","Stack"],"picked":"jedi:reiji","floor":7.0},{"not_picked":["jedi:BurstFrost","Coolheaded"],"picked":"Ball Lightning","floor":10.0},{"not_picked":["Sweeping Beam","Hologram"],"picked":"Cold Snap","floor":13.0},{"not_picked":["Darkness","Barrage"],"picked":"jedi:studyfrost","floor":14.0},{"not_picked":["hubris:SpecializedCircuitry","Machine Learning"],"picked":"Buffer","floor":16.0},{"not_picked":["jedi:BurstLightning","Auto Shields"],"picked":"Genetic Algorithm","floor":18.0},{"not_picked":["Sweeping Beam","Reinforced Body"],"picked":"Capacitor+1","floor":21},{"not_picked":["ReplayTheSpireMod:Fabricate Wheel","Beam Cell"],"picked":"Gash","floor":23}],"player_experience":435067,"relics_obtained":[{"floor":6.0,"key":"Grinning Jar"},{"floor":9.0,"key":"StuffTheSpire:TintedRock"},{"floor":23,"key":"jedi:firstaidkit"}],"event_choices":[{"cards_removed":["Defend_B"],"damage_healed":0.0,"max_hp_gain":0.0,"max_hp_loss":0.0,"gold_gain":0.0,"event_name":"Golden Wing","player_choice":"Card Removal","floor":5.0,"gold_loss":0.0,"damage_taken":7.0},{"damage_healed":0.0,"max_hp_gain":0.0,"max_hp_loss":0.0,"gold_gain":0.0,"event_name":"Accursed Blacksmith","player_choice":"Forge","floor":19.0,"gold_loss":0.0,"damage_taken":0.0,"cards_upgraded":["Genetic Algorithm"]}],"is_beta":false,"boss_relics":[{"not_picked":["Black Star","aspiration:IroncladSkillbook"],"picked":"Velvet Choker"}],"items_purged_floors":[2,20],"is_endless":false,"potions_floor_spawned":[7,10,16,21],"killed_by":"Centurion and Healer","ascension_level":5}}