{"host":"1c52r9kaxdyo25eq","time":1609498073,"event":{"mods":["AchievementEnabler","BaseMod","Minty Spire (QoL Compilation)","Rare Cards Sparkle","SuperFastMode","everything is the same but u backflip on backflip"],"gold_per_floor":[110,35,45,120,120,143,143,167,190,214,214,237,260,279,279,279,279],"floor_reached":16,"playtime":335,"items_purged":["Shame"],"score":132,"play_id":"fa278923-a619-4ed4-9d5a-a68bfdab1c46","local_time":"20210101194753","is_ascension_mode":true,"campfire_choices":[{"data":"Shrug It Off","floor":7.0,"key":"SMITH"},{"data":"Bash","floor":11,"key":"SMITH"},{"data":"True Grit","floor":15,"key":"SMITH"}],"circlet_count":0,"master_deck":["Strike_R","Strike_R","Strike_R","Strike_R","Defend_R","Defend_R","Defend_R","Bash+1","Shrug It Off+1","Dropkick","True Grit+1","Battle Trance"],"relics":["Burning Blood","Golden Idol","Akabeko","Nunchaku"],"acts_visited":["Exordium"],"potions_floor_usage":[12],"damage_taken":[{"damage":1.0,"enemies":"Jaw Worm","floor":1.0,"turns":4.0},{"damage":12.0,"enemies":"Small Slimes","floor":3.0,"turns":4.0},{"damage":3.0,"enemies":"2 Louse","floor":6.0,"turns":4.0},{"damage":15,"enemies":"Lots of Slimes","floor":10,"turns":5},{"damage":11,"enemies":"Exordium Thugs","floor":12,"turns":3},{"damage":0,"enemies":"3 Louse","floor":13,"turns":5},{"damage":3,"enemies":"Blue Slaver","floor":14,"turns":3},{"damage":24,"enemies":"Slime Boss","floor":16,"turns":4}],"seed_played":"-7752132704394598014","potions_obtained":[{"floor":3.0,"key":"LiquidMemories"},{"floor":12,"key":"BlessingOfTheForge"}],"is_trial":false,"path_per_floor":["M","$","M","?","?","M","R","T","T","M","R","M","M","M","R","B"],"character_chosen":"IRONCLAD","items_purchased":[],"campfire_rested":0,"item_purchase_floors":[],"current_hp_per_floor":[77,77,71,60,40,43,43,43,43,34,34,29,35,38,38,14,14],"gold":279,"neow_bonus":"TRANSFORM_TWO_CARDS","is_daily":false,"chose_seed":false,"campfire_upgraded":3,"win_rate":0.0,"timestamp":1609498073,"path_taken":["M","$","M","?","?","M","R","?","T","M","R","M","M","M","R","BOSS"],"items_purchased_type":[],"build_version":"2020-12-22","purchased_purges":1,"victory":false,"max_hp_per_floor":[80,80,80,80,80,80,80,80,80,80,80,80,80,80,80,80,80],"card_choices":[{"not_picked":["Rage","Uppercut","Sentinel"],"picked":"SKIP","floor":1.0},{"not_picked":["Clothesline","Shrug It Off","Warcry"],"picked":"SKIP","floor":3.0},{"not_picked":["Armaments","Thunderclap","Shrug It Off"],"picked":"SKIP","floor":6.0},{"not_picked":["Reckless Charge","Twin Strike","Shrug It Off"],"picked":"SKIP","floor":10},{"not_picked":["Warcry","Flex","Headbutt"],"picked":"SKIP","floor":12},{"not_picked":["Flex","Metallicize"],"picked":"True Grit","floor":13},{"not_picked":["Infernal Blade","Wild Strike"],"picked":"Battle Trance","floor":14}],"player_experience":536266,"relics_obtained":[{"floor":8.0,"key":"Akabeko"},{"floor":9.0,"key":"Nunchaku"}],"event_choices":[{"damage_healed":0.0,"max_hp_gain":0.0,"max_hp_loss":0.0,"gold_gain":75.0,"event_name":"World of Goop","player_choice":"Gather Gold","floor":4.0,"gold_loss":0.0,"damage_taken":11.0},{"damage_healed":0.0,"max_hp_gain":0.0,"max_hp_loss":0.0,"gold_gain":0.0,"event_name":"Golden Idol","player_choice":"Take Damage","floor":5.0,"gold_loss":0.0,"damage_taken":20.0,"relics_obtained":["Golden Idol"]}],"is_beta":false,"boss_relics":[],"items_purged_floors":[2],"is_endless":false,"potions_floor_spawned":[3,12],"killed_by":"Slime Boss","ascension_level":8}}