{"host":"vcrofm1hbk0ziuql","time":1609503709,"event":{"mods":["2.2 Compatiblity","BaseMod","Colored Map","DeckTracker","Googly Eyes","Highlight Path","Minty Spire (QoL Compilation)","StSLib"],"gold_per_floor":[110,24,41,61,61,92,105,105,132,144,180,216,228,240,252,264,264],"floor_reached":16,"playtime":594,"items_purged":[],"score":104,"play_id":"5f893049-09b9-46f6-a383-f903b8d718f8","local_time":"20210101122149","is_ascension_mode":false,"campfire_choices":[{"floor":13,"key":"REST"},{"floor":15,"key":"REST"}],"circlet_count":0,"master_deck":["Strike_B","Strike_B","Strike_B","Strike_B","Defend_B","Defend_B","Defend_B","Defend_B","Zap","Dualcast","Glacier","Leap","Blizzard+1"],"relics":["Cracked Core","NeowsBlessing","Oddly Smooth Stone","Golden Idol","Dead Branch","Question Card","MawBank"],"acts_visited":["Exordium"],"potions_floor_usage":[10,16],"damage_taken":[{"damage":0,"enemies":"Small Slimes","floor":1,"turns":1},{"damage":0,"enemies":"Cultist","floor":3,"turns":1},{"damage":0,"enemies":"2 Louse","floor":4,"turns":1},{"damage":53,"enemies":"3 Sentries","floor":6,"turns":8},{"damage":0,"enemies":"Exordium Wildlife","floor":7,"turns":6},{"damage":0,"enemies":"Gremlin Gang","floor":10,"turns":1},{"damage":0,"enemies":"3 Louse","floor":11,"turns":4},{"damage":2,"enemies":"Exordium Thugs","floor":12,"turns":7},{"damage":46,"enemies":"Hexaghost","floor":16,"turns":14}],"seed_played":"1439288487749781030","potions_obtained":[{"floor":4,"key":"FearPotion"},{"floor":6,"key":"SmokeBomb"},{"floor":11,"key":"EntropicBrew"},{"floor":12,"key":"FearPotion"}],"is_trial":false,"path_per_floor":["M","?","M","M","?","E","M","T","T","M","M","M","R","?","R","B"],"character_chosen":"DEFECT","items_purchased":[],"campfire_rested":2,"item_purchase_floors":[],"current_hp_per_floor":[75,75,75,75,57,4,4,4,4,4,4,2,24,24,46,0,0],"gold":264,"neow_bonus":"THREE_ENEMY_KILL","is_daily":false,"chose_seed":false,"campfire_upgraded":0,"win_rate":0.0,"timestamp":1609503709,"path_taken":["M","?","?","M","?","E","M","?","T","M","M","?","R","?","R","BOSS"],"items_purchased_type":[],"build_version":"2020-12-22","purchased_purges":0,"victory":false,"max_hp_per_floor":[75,75,75,75,75,75,75,75,75,75,75,75,75,75,75,75,75],"card_choices":[{"not_picked":["Hologram","Sunder","Steam"],"picked":"SKIP","floor":1},{"not_picked":["Chaos","Cold Snap","Redo"],"picked":"SKIP","floor":3},{"not_picked":["Aggregate","Glacier","Gash"],"picked":"SKIP","floor":4},{"not_picked":["Heatsinks","Ball Lightning"],"picked":"Glacier","floor":6},{"not_picked":["Turbo","Compile Driver","Coolheaded"],"picked":"SKIP","floor":7},{"not_picked":["Compile Driver","Skim","Beam Cell"],"picked":"Leap","floor":11},{"not_picked":["Creative AI","Lockon","Redo"],"picked":"Blizzard","floor":12}],"player_experience":556191,"relics_obtained":[{"floor":6,"key":"Dead Branch"},{"floor":8,"key":"Question Card"},{"floor":9,"key":"MawBank"}],"event_choices":[{"damage_healed":0,"gold_gain":0,"player_choice":"Paid Gold","damage_taken":0,"relics_obtained":["Oddly Smooth Stone"],"max_hp_gain":0,"max_hp_loss":0,"event_name":"WeMeetAgain","floor":2,"gold_loss":86},{"damage_healed":0,"gold_gain":0,"player_choice":"Take Damage","damage_taken":18,"relics_obtained":["Golden Idol"],"max_hp_gain":0,"max_hp_loss":0,"event_name":"Golden Idol","floor":5,"gold_loss":0},{"damage_healed":0,"gold_gain":0,"player_choice":"Forge","damage_taken":0,"max_hp_gain":0,"max_hp_loss":0,"event_name":"Accursed Blacksmith","floor":14,"gold_loss":0,"cards_upgraded":["Blizzard"]}],"is_beta":false,"boss_relics":[],"items_purged_floors":[],"is_endless":false,"potions_floor_spawned":[4,6,11,12],"killed_by":"Hexaghost","ascension_level":0}}