{"host":"jgqxb38yl0c1w101","time":1609480823,"event":{"mods":["BaseMod","Colored Map","Downfall","Minty Spire (QoL Compilation)","StSLib"],"gold_per_floor":[0,11,25,25,39,79,105,132,159,193,204,204,229,12,32,143,143,43,43,66,85,104,128,128,162,162,210,219,19,4,36,58,58,58,58],"floor_reached":33,"playtime":3127,"items_purged":[],"score":326,"play_id":"7ab20be0-88f3-42d5-ad21-f5897e0d2e60","local_time":"20210101010023","is_ascension_mode":false,"campfire_choices":[{"floor":1,"key":"RECALL"},{"data":"Slimebound:GrowthPunch","floor":18,"key":"SMITH"},{"data":"Slimebound:SlimeSlap","floor":29,"key":"SMITH"}],"circlet_count":0,"master_deck":["Slimebound:Strike_Slimebound","Slimebound:Strike_Slimebound","Slimebound:Strike_Slimebound","Slimebound:Tackle","Slimebound:Defend_Slimebound","Slimebound:Defend_Slimebound","Slimebound:Defend_Slimebound","Slimebound:Defend_Slimebound","Slimebound:Split","Slimebound:CorrosiveSpit","Slimebound:Nibble","Slimebound:Prepare","Slimebound:Nibble","Slimebound:SplitMire","Slimebound:Equalize","Slimebound:ServeAndProtect","Slimebound:SamplingLick","Slimebound:ViciousTackle","Slimebound:LeechEnergy","Slimebound:GrowthPunch+1","Slimebound:Gluttony","Slimebound:SlimeSlap+1","Slimebound:AcidTongue","Slimebound:TongueLash","Slimebound:RainOfGoop","RitualDagger+1","Slimebound:Grow+1"],"relics":["Slimebound:AbsorbEndCombat","CeramicFish","Blood Vial","Matryoshka","Tiny Chest","Philosopher\u0027s Stone","downfall:HeartBlessingRed","Slimebound:MaxSlimesRelic","Singing Bowl","Akabeko","Pen Nib","downfall:HeartBlessingGreen","downfall:HeartBlessingBlue","Centennial Puzzle"],"acts_visited":["Exordium","TheCity"],"potions_floor_usage":[10,16,16,22,23,25,31,32,33],"damage_taken":[{"damage":0,"enemies":"2 Louse","floor":2,"turns":4},{"damage":8,"enemies":"Cultist","floor":3,"turns":4},{"damage":5,"enemies":"Small Slimes","floor":5,"turns":3},{"damage":25,"enemies":"3 Sentries","floor":6,"turns":7},{"damage":16,"enemies":"Exordium Thugs","floor":8,"turns":4},{"damage":16,"enemies":"Gremlin Gang","floor":9,"turns":4},{"damage":22,"enemies":"Gremlin Nob","floor":10,"turns":4},{"damage":3,"enemies":"3 Louse","floor":11,"turns":3},{"damage":4,"enemies":"Blue Slaver","floor":13,"turns":3},{"damage":3,"enemies":"downfall:FleeingMerchant","floor":14,"turns":4},{"damage":3,"enemies":"Large Slime","floor":15,"turns":4},{"damage":57,"enemies":"downfall:Silent","floor":16,"turns":9},{"damage":29,"enemies":"Shell Parasite","floor":20,"turns":5},{"damage":3,"enemies":"Centurion and Healer","floor":21,"turns":5},{"damage":30,"enemies":"Snake Plant","floor":22,"turns":4},{"damage":44,"enemies":"Shelled Parasite and Fungi","floor":23,"turns":6},{"damage":22,"enemies":"Gremlin Leader","floor":25,"turns":5},{"damage":15,"enemies":"downfall:FleeingMerchant","floor":30,"turns":4},{"damage":26,"enemies":"Slavers","floor":31,"turns":4},{"damage":6,"enemies":"Centurion and Healer","floor":32,"turns":3},{"damage":64,"enemies":"downfall:Ironclad","floor":33,"turns":8}],"seed_played":"2116212326081086466","potions_obtained":[{"floor":5,"key":"sneckomod:MuddlingPotion"},{"floor":6,"key":"Fire Potion"},{"floor":9,"key":"Slimebound:SpawnSlimePotion"},{"floor":13,"key":"Explosive Potion"},{"floor":16,"key":"Slimebound:SlimyTonguePotion"},{"floor":19,"key":"Slimebound:SlimyTonguePotion"},{"floor":19,"key":"GamblersBrew"},{"floor":20,"key":"Regen Potion"},{"floor":23,"key":"Strength Potion"},{"floor":28,"key":"CultistPotion"},{"floor":31,"key":"EssenceOfSteel"}],"is_trial":false,"path_per_floor":["R","M","M","?","M","E","T","M","M","E","M","?","M","$","M","B",null,"R","?","M","M","M","M","T","E","?","T","?","R","$","E","M","B"],"character_chosen":"SLIMEBOUND","items_purchased":["Slimebound:Gluttony","Tiny Chest"],"campfire_rested":0,"item_purchase_floors":[14,14],"current_hp_per_floor":[77,77,71,71,69,49,49,43,37,25,31,31,31,37,46,4,77,77,77,55,67,48,31,31,24,50,50,50,60,56,38,38,0,0,0],"gold":58,"neow_bonus":"TWENTY_PERCENT_HP_BONUS","is_daily":false,"chose_seed":false,"campfire_upgraded":2,"win_rate":0.0,"timestamp":1609480823,"path_taken":["R","M","M","?","M","E","T","?","M","E","M","?","M","?","M","BOSS","R","?","?","M","M","M","T","E","?","?","?","R","$","E","M","BOSS"],"items_purchased_type":["Card","Relic"],"build_version":"2020-12-22","purchased_purges":0,"victory":false,"max_hp_per_floor":[77,77,77,77,77,77,77,77,77,77,77,77,77,77,77,77,77,77,77,77,77,77,77,77,79,79,79,79,89,91,93,93,93,93,93],"card_choices":[{"not_picked":["Slimebound:LeechingTouch","Slimebound:ProtectTheBoss"],"picked":"Slimebound:Nibble","floor":2},{"not_picked":["Slimebound:FinishingTackle","Slimebound:AcidTongue"],"picked":"Slimebound:Prepare","floor":3},{"not_picked":["Slimebound:SamplingLick","Slimebound:RollThrough"],"picked":"Slimebound:SplitMire","floor":5},{"not_picked":["Slimebound:Nibble","Slimebound:ComboTackle"],"picked":"Slimebound:Equalize","floor":6},{"not_picked":["Slimebound:ComboTackle","Slimebound:RollThrough"],"picked":"Slimebound:ServeAndProtect","floor":8},{"not_picked":["Slimebound:ComboTackle","Slimebound:SplitAcid"],"picked":"Slimebound:SamplingLick","floor":9},{"not_picked":["Slimebound:Schlurp","Slimebound:OneTwoCombo"],"picked":"Slimebound:ViciousTackle","floor":10},{"not_picked":["Slimebound:Schlurp","Slimebound:SamplingLick","Slimebound:ForwardTackle"],"picked":"SKIP","floor":11},{"not_picked":["Slimebound:Prepare","Slimebound:SamplingLick"],"picked":"Slimebound:LeechEnergy","floor":13},{"not_picked":["Slimebound:SplitLeeching","Slimebound:HauntingLick"],"picked":"Slimebound:GrowthPunch","floor":14},{"not_picked":["Slimebound:ServeAndProtect","Slimebound:Schlurp","Slimebound:FormOfPuddle"],"picked":"SKIP","floor":15},{"not_picked":["Slimebound:RallyTheTroops","Slimebound:MassRepurpose"],"picked":"Slimebound:SlimeSlap","floor":16},{"not_picked":["Slimebound:SplitLeeching","Slimebound:DisruptingSlam+1"],"picked":"Slimebound:AcidTongue","floor":20},{"not_picked":["Slimebound:FormOfPuddle","Slimebound:RejuvenatingLick+1","Slimebound:FlameTackle"],"picked":"SKIP","floor":21},{"not_picked":["Slimebound:Gluttony","Slimebound:ServeAndProtect"],"picked":"Slimebound:TongueLash","floor":22},{"not_picked":["Slimebound:LeechEnergy+1","Slimebound:Chomp"],"picked":"Slimebound:RainOfGoop","floor":23},{"not_picked":["Slimebound:SplitMire","Slimebound:FormOfPuddle","Slimebound:GrowthPunch+1"],"picked":"Singing Bowl","floor":25},{"not_picked":["Slimebound:LeechEnergy","Slimebound:MassRepurpose","Slimebound:GoopSpray"],"picked":"Singing Bowl","floor":30},{"not_picked":["Slimebound:FlameTackle+1","Slimebound:PrepareCrush","Slimebound:FinishingTackle"],"picked":"Singing Bowl","floor":31},{"not_picked":["Slimebound:LevelUp","Slimebound:Dissolve"],"picked":"Slimebound:Grow+1","floor":32}],"player_experience":118729,"relics_obtained":[{"floor":6,"key":"CeramicFish"},{"floor":7,"key":"Blood Vial"},{"floor":10,"key":"Matryoshka"},{"floor":24,"key":"Slimebound:MaxSlimesRelic"},{"floor":24,"key":"Singing Bowl"},{"floor":25,"key":"Akabeko"},{"floor":27,"key":"Pen Nib"},{"floor":31,"key":"Centennial Puzzle"}],"event_choices":[{"damage_healed":0,"gold_gain":0,"player_choice":"Got Potions","damage_taken":0,"max_hp_gain":0,"max_hp_loss":0,"event_name":"Lab","floor":19,"gold_loss":0},{"damage_healed":26,"gold_gain":0,"player_choice":"Heal","damage_taken":0,"max_hp_gain":0,"max_hp_loss":0,"event_name":"The Library","floor":26,"gold_loss":0}],"is_beta":false,"boss_relics":[{"not_picked":["Cursed Key","Velvet Choker"],"picked":"Philosopher\u0027s Stone"}],"items_purged_floors":[],"is_endless":false,"potions_floor_spawned":[5,6,9,13,16,20,23,31],"killed_by":"downfall:Ironclad","ascension_level":0}}