{"host":"apvnte8t1esriuig","time":1609507754,"event":{"mods":["2.2 Compatiblity","AchievementEnabler","BaseMod","Infinite Spire","Minty Spire (QoL Compilation)","Rare Cards Sparkle","StSLib"],"gold_per_floor":[411,472,288,288,288,327,362,362,362,362,394,435,238,272,272,376,376,393,107,116,116,127,171,171,171,197,229,229,261,298,329,329,428,428,441,452,472,172,26,56,96,135,217,267,321,333,371,402,414,430],"floor_reached":51,"playtime":1491,"items_purged":[],"score":1509,"play_id":"50f1190c-afce-4107-928f-7c9033671a42","local_time":"20210101142914","daily_mods":["Draft","Vintage","Colorless Cards","Heirloom","Time Dilation","Flight","DeadlyEvents","Elite Swarm"],"is_ascension_mode":true,"campfire_choices":[{"floor":8.0,"key":"REST"},{"data":"DevaForm","floor":10.0,"key":"SMITH"},{"floor":15.0,"key":"REST"},{"floor":24.0,"key":"REST"},{"floor":25.0,"key":"REST"},{"floor":28.0,"key":"REST"},{"data":"infinitespire:Punishment","floor":32.0,"key":"SMITH"},{"data":"Defragment","floor":49,"key":"SMITH"}],"circlet_count":0,"master_deck":["Demon Form","Wraith Form v2","Echo Form","DevaForm+1","Cold Snap","Good Instincts+1","Streamline","Capacitor","Go for the Eyes","Go for the Eyes","Sweeping Beam","Beam Cell","Dramatic Entrance","Sweeping Beam","Sunder","Rebound","Storm","Cold Snap","Rebound","Capacitor","Creative AI","Electrodynamics","Creative AI","Storm","DevaForm+1","Buffer","Creative AI","Defragment+1","infinitespire:Punishment+1","Buffer","Buffer","infinitespire:Oblivion","Creative AI+1","Buffer+1"],"relics":["Cracked Core","Old Coin","CeramicFish","Anchor","FossilizedHelix","Cables","Lantern","infinitespire:BottledMercury","Blood Vial","Akabeko","DollysMirror","War Paint","SlaversCollar","Dream Catcher","Pantograph","Symbiotic Virus","Enchiridion","Bag of Marbles","Ginger","DataDisk","Mummified Hand","Bird Faced Urn","infinitespire:Midas Blood","Art of War","Black Star","infinitespire:Bottled Soul","TungstenRod","Vajra","Orichalcum","Membership Card","Emotion Chip","MawBank","Question Card","Bottled Lightning","infinitespire:CheckeredPen","Bag of Preparation","Frozen Egg 2","Strawberry","infinitespire:EmpoweringShard","White Beast Statue","Symbiotic Virus","Dead Branch","Toy Ornithopter","PreservedInsect","Pear"],"acts_visited":["Exordium","TheCity","TheBeyond"],"potions_floor_usage":[],"damage_taken":[{"damage":11.0,"enemies":"Jaw Worm","floor":1.0,"turns":3.0},{"damage":0.0,"enemies":"Lagavulin","floor":6.0,"turns":5.0},{"damage":23.0,"enemies":"3 Sentries","floor":7.0,"turns":5.0},{"damage":0.0,"enemies":"Gremlin Nob","floor":11.0,"turns":3.0},{"damage":13.0,"enemies":"Lagavulin","floor":12.0,"turns":5.0},{"damage":0.0,"enemies":"Gremlin Nob","floor":14.0,"turns":3.0},{"damage":31.0,"enemies":"Hexaghost","floor":16.0,"turns":6.0},{"damage":10.0,"enemies":"Shell Parasite","floor":18.0,"turns":4.0},{"damage":0.0,"enemies":"2 Thieves","floor":22.0,"turns":2.0},{"damage":34.0,"enemies":"Slavers","floor":23.0,"turns":3.0},{"damage":10.0,"enemies":"Book of Stabbing","floor":27.0,"turns":4.0},{"damage":0.0,"enemies":"Gremlin Leader","floor":29.0,"turns":3.0},{"damage":23.0,"enemies":"Book of Stabbing","floor":30.0,"turns":3.0},{"damage":5.0,"enemies":"Slavers","floor":31.0,"turns":3.0},{"damage":0.0,"enemies":"Collector","floor":33.0,"turns":3.0},{"damage":0.0,"enemies":"3 Shapes","floor":35.0,"turns":3.0},{"damage":0.0,"enemies":"3 Darklings","floor":37.0,"turns":2.0},{"damage":0.0,"enemies":"Nemesis","floor":40.0,"turns":1.0},{"damage":0.0,"enemies":"Giant Head","floor":41.0,"turns":5.0},{"damage":0.0,"enemies":"Reptomancer","floor":42.0,"turns":2.0},{"damage":0.0,"enemies":"Nemesis","floor":44.0,"turns":3.0},{"damage":0.0,"enemies":"Reptomancer","floor":45.0,"turns":2.0},{"damage":0,"enemies":"Giant Head","floor":47,"turns":4},{"damage":0,"enemies":"Spire Growth","floor":48,"turns":2},{"damage":15,"enemies":"Donu and Deca","floor":50,"turns":4}],"seed_played":"2741564661045095769","potions_obtained":[{"floor":1.0,"key":"FearPotion"},{"floor":7.0,"key":"ColorlessPotion"},{"floor":12.0,"key":"Ancient Potion"},{"floor":16.0,"key":"BlessingOfTheForge"},{"floor":22.0,"key":"Ancient Potion"},{"floor":23.0,"key":"FearPotion"},{"floor":30.0,"key":"Dexterity Potion"},{"floor":33.0,"key":"Regen Potion"}],"is_trial":true,"path_per_floor":["M","?","$","?","?","E","E","R","T","R","E","E","$","E","R","B",null,"M","$","AVR","?","M","E","R","R","T","E","R","E","E","E","R","B",null,"M","?","M","$","$","E","E","E","T","E","E","AVR","E","M","R","B",null],"character_chosen":"DEFECT","items_purchased":["Anchor","Capacitor","Storm","DollysMirror","Pantograph","Defragment","Vajra","Orichalcum","Membership Card"],"campfire_rested":5,"item_purchase_floors":[3,3,13,13,19,19,38,38,39],"current_hp_per_floor":[64,64,64,64,61,61,38,60,60,60,60,49,49,51,73,44,75,65,65,65,49,51,19,41,63,63,55,75,75,60,67,67,75,75,75,56,70,70,70,75,75,75,75,82,82,82,82,92,92,85],"gold":442,"neow_bonus":"","is_daily":false,"chose_seed":false,"campfire_upgraded":3,"win_rate":0.0,"timestamp":1609507754,"path_taken":["M","?","$","?","?","E","E","R","T","R","E","E","$","E","R","BOSS","M","$","AVR","?","?","E","R","R","T","E","R","E","E","?","R","BOSS","M","?","?","$","$","E","E","E","T","E","?","AVR","?","M","R","BOSS"],"items_purchased_type":["Relic","Card","Card","Relic","Relic","Card","Relic","Relic","Relic"],"build_version":"2020-12-22","purchased_purges":0,"victory":true,"max_hp_per_floor":[75,75,75,75,75,75,75,75,75,75,75,75,75,75,75,75,75,75,75,75,75,75,75,75,75,75,75,75,75,75,75,75,75,75,75,75,75,75,75,75,75,75,75,82,82,82,82,92,92,92],"card_choices":[{"not_picked":["Gash","Flash of Steel"],"picked":"Cold Snap","floor":0.0},{"not_picked":["Skim","Discovery"],"picked":"Good Instincts","floor":0.0},{"not_picked":["Hologram","Turbo"],"picked":"Streamline","floor":0.0},{"not_picked":["Sweeping Beam","Streamline"],"picked":"Capacitor","floor":0.0},{"not_picked":["Purity","Compile Driver"],"picked":"Go for the Eyes","floor":0.0},{"not_picked":["Madness","Deep Breath"],"picked":"Go for the Eyes","floor":0.0},{"not_picked":["Turbo","Compile Driver"],"picked":"Sweeping Beam","floor":0.0},{"not_picked":["Blind","Rebound"],"picked":"Beam Cell","floor":0.0},{"not_picked":["Barrage","Go for the Eyes"],"picked":"Dramatic Entrance","floor":0.0},{"not_picked":["Consume","Cold Snap"],"picked":"Sweeping Beam","floor":0.0},{"not_picked":["Sweeping Beam","Conserve Battery"],"picked":"Sunder","floor":0.0},{"not_picked":["Hologram","Stack"],"picked":"Rebound","floor":0.0},{"not_picked":["Enlightenment","Stack"],"picked":"Storm","floor":0.0},{"not_picked":["Reinforced Body","Rebound"],"picked":"Cold Snap","floor":0.0},{"not_picked":["Turbo","Compile Driver"],"picked":"Rebound","floor":0.0},{"not_picked":["Panache","HandOfGreed"],"picked":"Creative AI","floor":6.0},{"not_picked":["Magnetism","Rainbow"],"picked":"Electrodynamics","floor":7.0},{"not_picked":["Sadistic Nature","Mayhem","Reboot"],"picked":"SKIP","floor":11.0},{"not_picked":["Rainbow","Metamorphosis"],"picked":"Creative AI","floor":12.0},{"not_picked":["Reboot","Apotheosis"],"picked":"Buffer","floor":14.0},{"not_picked":["The Bomb","All For One"],"picked":"Creative AI","floor":16.0},{"not_picked":["Biased Cognition","Secret Weapon"],"picked":"Buffer","floor":23.0},{"not_picked":["Master of Strategy","Secret Technique","Meteor Strike"],"picked":"SKIP","floor":27.0},{"not_picked":["Apotheosis","Thinking Ahead","Violence"],"picked":"SKIP","floor":29.0},{"not_picked":["Creative AI","Multi-Cast"],"picked":"Buffer","floor":30.0},{"not_picked":["Meteor Strike","Seek","Fission"],"picked":"SKIP","floor":31.0},{"not_picked":["infinitespire:SealOfDarkness+","infinitespire:Collect"],"picked":"infinitespire:Oblivion","floor":36.0},{"not_picked":["Fission","Biased Cognition","Seek"],"picked":"SKIP","floor":40.0},{"not_picked":["Sadistic Nature","Chrysalis","Transmutation"],"picked":"SKIP","floor":41.0},{"not_picked":["Panache","HandOfGreed","Violence","Magnetism"],"picked":"SKIP","floor":42.0},{"not_picked":["Metamorphosis","Panache+1","Thunder Strike"],"picked":"Creative AI+1","floor":44.0},{"not_picked":["Transmutation","Magnetism+1","Apotheosis"],"picked":"Buffer+1","floor":45.0},{"not_picked":["HandOfGreed","Rainbow","Biased Cognition+1","Thunder Strike"],"picked":"SKIP","floor":47}],"player_experience":342084,"relics_obtained":[{"floor":1.0,"key":"CeramicFish"},{"floor":6.0,"key":"Cables"},{"floor":7.0,"key":"Lantern"},{"floor":9.0,"key":"infinitespire:BottledMercury"},{"floor":11.0,"key":"Blood Vial"},{"floor":12.0,"key":"Akabeko"},{"floor":14.0,"key":"War Paint"},{"floor":18.0,"key":"Dream Catcher"},{"floor":21.0,"key":"Enchiridion"},{"floor":22.0,"key":"Bag of Marbles"},{"floor":23.0,"key":"Ginger"},{"floor":26.0,"key":"DataDisk"},{"floor":27.0,"key":"Mummified Hand"},{"floor":29.0,"key":"Bird Faced Urn"},{"floor":30.0,"key":"infinitespire:Midas Blood"},{"floor":31.0,"key":"Art of War"},{"floor":35.0,"key":"infinitespire:Bottled Soul"},{"floor":37.0,"key":"TungstenRod"},{"floor":40.0,"key":"Emotion Chip"},{"floor":40.0,"key":"MawBank"},{"floor":41.0,"key":"Question Card"},{"floor":41.0,"key":"Bottled Lightning"},{"floor":42.0,"key":"infinitespire:CheckeredPen"},{"floor":42.0,"key":"Bag of Preparation"},{"floor":43.0,"key":"Frozen Egg 2"},{"floor":44.0,"key":"Strawberry"},{"floor":44.0,"key":"infinitespire:EmpoweringShard"},{"floor":45.0,"key":"White Beast Statue"},{"floor":45.0,"key":"Symbiotic Virus"},{"floor":47,"key":"Toy Ornithopter"},{"floor":47,"key":"PreservedInsect"},{"floor":48,"key":"Pear"}],"event_choices":[{"damage_healed":0.0,"max_hp_gain":0.0,"max_hp_loss":0.0,"gold_gain":61.0,"event_name":"Golden Wing","player_choice":"Gained Gold","floor":2.0,"gold_loss":0.0,"damage_taken":0.0},{"damage_healed":0.0,"max_hp_gain":0.0,"max_hp_loss":0.0,"gold_gain":0.0,"event_name":"Scrap Ooze","player_choice":"Success","floor":5.0,"gold_loss":0.0,"damage_taken":3.0,"relics_obtained":["FossilizedHelix"]},{"damage_healed":0.0,"max_hp_gain":0.0,"max_hp_loss":0.0,"gold_gain":0.0,"event_name":"Cursed Tome","player_choice":"Obtained Book","floor":21.0,"gold_loss":0.0,"damage_taken":16.0}],"is_beta":false,"boss_relics":[{"not_picked":["Busted Crown","Coffee Dripper"],"picked":"SlaversCollar"},{"not_picked":["Snecko Eye","Astrolabe"],"picked":"Black Star"}],"items_purged_floors":[],"is_endless":false,"potions_floor_spawned":[1,7,12,16,22,23,30,33,37,40,47,48],"ascension_level":1}}