{"host":"yvb207ks1sg3cxef","time":1609502091,"event":{"mods":["2.2 Compatiblity","BaseMod","Bestiary","Colored Powertips","Minty Spire (QoL Compilation)","Permanent Neow","Quick Restart","Relic Stats","StSLib"],"gold_per_floor":[365,382,402,402,402,402,0,11,11,26,55,75,75,102,102,176,176,188,188,207,207,207,207,207],"floor_reached":23,"playtime":958,"items_purged":[],"score":382,"play_id":"568ce5a5-80eb-4a66-9237-f1812a55b94b","local_time":"20210101172451","is_ascension_mode":true,"campfire_choices":[{"data":"Crippling Poison","floor":6.0,"key":"SMITH"},{"floor":13.0,"key":"REST"},{"data":"Leg Sweep","floor":15.0,"key":"SMITH"}],"circlet_count":0,"master_deck":["AscendersBane","Strike_G","Strike_G","Strike_G","Defend_G","Defend_G","Defend_G+1","Defend_G","Defend_G","Survivor","Neutralize","Dagger Throw","Bouncing Flask+1","Crippling Poison+1","Leg Sweep+1","Bouncing Flask","Tactician","Backflip","Backflip","Concentrate","Ghostly","Ghostly","Ghostly"],"relics":["Ring of the Snake","Gremlin Horn","Mercury Hourglass","Juzu Bracelet","Darkstone Periapt","Tingsha","Empty Cage","Enchiridion"],"acts_visited":["Exordium","TheCity"],"potions_floor_usage":[23],"damage_taken":[{"damage":9.0,"enemies":"Cultist","floor":1.0,"turns":4.0},{"damage":2.0,"enemies":"2 Louse","floor":2.0,"turns":4.0},{"damage":2.0,"enemies":"Jaw Worm","floor":3.0,"turns":4.0},{"damage":0.0,"enemies":"Blue Slaver","floor":8.0,"turns":5.0},{"damage":0.0,"enemies":"2 Fungi Beasts","floor":10.0,"turns":3.0},{"damage":8.0,"enemies":"Gremlin Nob","floor":11.0,"turns":3.0},{"damage":0.0,"enemies":"Exordium Wildlife","floor":12.0,"turns":3.0},{"damage":16.0,"enemies":"Lagavulin","floor":14.0,"turns":5.0},{"damage":10.0,"enemies":"Hexaghost","floor":16.0,"turns":8.0},{"damage":6.0,"enemies":"Spheric Guardian","floor":18.0,"turns":3.0},{"damage":17.0,"enemies":"Chosen","floor":20.0,"turns":6.0},{"damage":32,"enemies":"Book of Stabbing","floor":23,"turns":5}],"seed_played":"143721872034947587","potions_obtained":[{"floor":1.0,"key":"CunningPotion"},{"floor":2.0,"key":"LiquidMemories"},{"floor":14.0,"key":"SpeedPotion"},{"floor":16.0,"key":"Regen Potion"}],"is_trial":false,"path_per_floor":["M","M","M","?","?","R","$","M","T","M","E","M","R","E","R","B",null,"M","?","M","?","?","E"],"character_chosen":"THE_SILENT","items_purchased":["Leg Sweep","Mercury Hourglass","PowerPotion"],"campfire_rested":1,"item_purchase_floors":[7,7,7],"current_hp_per_floor":[50,48,46,28,28,28,28,28,28,28,20,20,38,22,22,12,48,42,60,51,30,30,0,0],"gold":207,"neow_bonus":"TWO_FIFTY_GOLD","is_daily":false,"chose_seed":false,"campfire_upgraded":2,"win_rate":0.0,"timestamp":1609502091,"path_taken":["M","M","M","?","?","R","$","M","T","M","E","M","R","E","R","BOSS","M","?","M","?","?","E"],"items_purchased_type":["Card","Relic","Potion"],"build_version":"2020-12-22","purchased_purges":0,"victory":false,"max_hp_per_floor":[60,60,60,60,60,60,60,60,60,60,60,60,60,60,60,60,60,60,60,60,60,30,30,30],"relic_stats":{"Darkstone Periapt":0,"Gremlin Horn":[2,2],"counters":[12,50],"Tingsha":[21],"Juzu Bracelet":1,"obtain_stats":[{"Darkstone Periapt":11,"Gremlin Horn":5,"Enchiridion":21,"Tingsha":14,"Juzu Bracelet":9,"Empty Cage":17,"Ring of the Snake":0,"Mercury Hourglass":7},{"Darkstone Periapt":6,"Gremlin Horn":3,"Enchiridion":11,"Tingsha":8,"Juzu Bracelet":4,"Empty Cage":9,"Ring of the Snake":0,"Mercury Hourglass":3},{"Darkstone Periapt":23,"Gremlin Horn":12,"Enchiridion":45,"Tingsha":30,"Juzu Bracelet":17,"Empty Cage":37,"Ring of the Snake":0,"Mercury Hourglass":12}],"Ring of the Snake":[24],"Mercury Hourglass":[122]},"card_choices":[{"not_picked":["Poisoned Stab","Eviscerate"],"picked":"Dagger Throw","floor":1.0},{"not_picked":["Cloak And Dagger","Well Laid Plans"],"picked":"Bouncing Flask","floor":2.0},{"not_picked":["Poisoned Stab","Cloak And Dagger"],"picked":"Crippling Poison","floor":3.0},{"not_picked":["Expertise","Dodge and Roll","Blade Dance"],"picked":"SKIP","floor":8.0},{"not_picked":["Expertise","Dodge and Roll","Blade Dance"],"picked":"SKIP","floor":8.0},{"not_picked":["Outmaneuver","Poisoned Stab"],"picked":"Endless Agony","floor":10.0},{"not_picked":["Bouncing Flask","Flying Knee","Storm of Steel"],"picked":"SKIP","floor":11.0},{"not_picked":["Flying Knee","Storm of Steel"],"picked":"Bouncing Flask","floor":11.0},{"not_picked":["Prepared","Slice"],"picked":"Tactician","floor":12.0},{"not_picked":["Cloak And Dagger","Outmaneuver"],"picked":"Backflip","floor":14.0},{"not_picked":["Dagger Throw","Bouncing Flask+1"],"picked":"Backflip","floor":18.0},{"not_picked":["Dagger Spray","Terror"],"picked":"Concentrate","floor":20.0}],"player_experience":262956,"relics_obtained":[{"floor":9.0,"key":"Juzu Bracelet"},{"floor":11.0,"key":"Darkstone Periapt"},{"floor":14.0,"key":"Tingsha"},{"floor":21.0,"key":"Enchiridion"}],"event_choices":[{"damage_healed":0.0,"max_hp_gain":0.0,"max_hp_loss":0.0,"gold_gain":0.0,"event_name":"Shining Light","player_choice":"Entered Light","floor":4.0,"gold_loss":0.0,"damage_taken":18.0,"cards_upgraded":["Bouncing Flask","Defend_G"]},{"damage_healed":0.0,"max_hp_gain":0.0,"max_hp_loss":0.0,"gold_gain":0.0,"event_name":"WeMeetAgain","player_choice":"Gave Potion","floor":5.0,"gold_loss":0.0,"damage_taken":0.0,"relics_obtained":["Gremlin Horn"]},{"cards_removed":["Endless Agony"],"damage_healed":18.0,"max_hp_gain":0.0,"max_hp_loss":0.0,"gold_gain":0.0,"event_name":"Bonfire Elementals","player_choice":"Offered Uncommon","floor":19.0,"gold_loss":0.0,"damage_taken":0.0},{"damage_healed":0.0,"max_hp_gain":0.0,"max_hp_loss":0.0,"gold_gain":0.0,"event_name":"Cursed Tome","player_choice":"Obtained Book","floor":21.0,"gold_loss":0.0,"damage_taken":21.0},{"damage_healed":0.0,"max_hp_gain":0.0,"max_hp_loss":30.0,"gold_gain":0.0,"event_name":"Ghosts","player_choice":"Became a Ghost","floor":22.0,"gold_loss":0.0,"damage_taken":0.0,"cards_obtained":["Ghostly","Ghostly","Ghostly"]}],"is_beta":false,"boss_relics":[{"not_picked":["Velvet Choker","Busted Crown"],"picked":"Empty Cage"}],"items_purged_floors":[],"is_endless":false,"potions_floor_spawned":[1,2,8,14,16],"killed_by":"Book of Stabbing","ascension_level":18}}