{"host":"1zfbckszmdcrhnfi","time":1609521745,"event":{"mods":["AchievementEnabler","BaseMod","Colored Map","Downfall","Minty Spire (QoL Compilation)","Quick Restart","Shop Mod","StSLib","The Cursed"],"gold_per_floor":[112,37,37,37,37,69,86,120,191,191,210,285,285,285],"floor_reached":13,"playtime":311,"items_purged":["Strike_G"],"score":128,"play_id":"621a7c4b-c984-41f7-aa64-1c0b59a3b75a","local_time":"20210102012225","is_ascension_mode":true,"campfire_choices":[{"floor":10,"key":"REST"}],"circlet_count":0,"master_deck":["Strike_G","Strike_G","Strike_G","Strike_G","Defend_G","Defend_G","Defend_G","Defend_G","Survivor","Neutralize","Footwork"],"relics":["Ring of the Snake","NeowsBlessing","Bag of Preparation","Letter Opener","Omamori","Pantograph"],"acts_visited":["Exordium"],"potions_floor_usage":[8,8],"damage_taken":[{"damage":0.0,"enemies":"Cultist","floor":1.0,"turns":1.0},{"damage":0.0,"enemies":"3 Sentries","floor":6.0,"turns":1.0},{"damage":0.0,"enemies":"Small Slimes","floor":7.0,"turns":1.0},{"damage":35,"enemies":"Lagavulin","floor":8,"turns":11},{"damage":3,"enemies":"Jaw Worm","floor":11,"turns":6},{"damage":51,"enemies":"Gremlin Nob","floor":13,"turns":6}],"seed_played":"-4049306646031737317","potions_obtained":[{"floor":1.0,"key":"Block Potion"},{"floor":6.0,"key":"AttackPotion"}],"is_trial":false,"path_per_floor":["M","$","?","?","?","E","M","E","T","R","M","?","E"],"character_chosen":"THE_SILENT","items_purchased":[],"campfire_rested":1,"item_purchase_floors":[],"current_hp_per_floor":[70,70,75,75,72,72,72,37,37,59,56,45,0,0],"gold":285,"neow_bonus":"THREE_ENEMY_KILL","is_daily":false,"chose_seed":false,"campfire_upgraded":0,"win_rate":0.0,"timestamp":1609521745,"path_taken":["M","$","?","?","?","E","M","E","T","R","M","?","E"],"items_purchased_type":[],"build_version":"2020-12-22","purchased_purges":1,"victory":false,"max_hp_per_floor":[70,70,75,75,75,75,75,75,75,75,75,75,75,75],"card_choices":[{"not_picked":["Bouncing Flask","Cloak And Dagger"],"picked":"Footwork","floor":1.0},{"not_picked":["Setup","Calculated Gamble","Outmaneuver"],"picked":"SKIP","floor":6.0},{"not_picked":["Outmaneuver","Heel Hook","Dodge and Roll"],"picked":"SKIP","floor":7.0},{"not_picked":["Deflect","Bane","Sucker Punch"],"picked":"SKIP","floor":8},{"not_picked":["Catalyst","Dagger Throw","Dagger Spray"],"picked":"SKIP","floor":11}],"player_experience":197799,"relics_obtained":[{"floor":6.0,"key":"Letter Opener"},{"floor":8,"key":"Omamori"},{"floor":9,"key":"Pantograph"}],"event_choices":[{"damage_healed":0.0,"max_hp_gain":5.0,"max_hp_loss":0.0,"gold_gain":0.0,"event_name":"Big Fish","player_choice":"Donut","floor":3.0,"gold_loss":0.0,"damage_taken":0.0},{"cards_removed":["Defend_G"],"damage_healed":0.0,"max_hp_gain":0.0,"max_hp_loss":0.0,"gold_gain":0.0,"event_name":"Living Wall","player_choice":"Forget","floor":4.0,"gold_loss":0.0,"damage_taken":0.0},{"damage_healed":0.0,"max_hp_gain":0.0,"max_hp_loss":0.0,"gold_gain":0.0,"event_name":"Scrap Ooze","player_choice":"Success","floor":5.0,"gold_loss":0.0,"damage_taken":3.0,"relics_obtained":["Bag of Preparation"]},{"damage_healed":0,"gold_gain":75,"player_choice":"Gather Gold","damage_taken":11,"max_hp_gain":0,"max_hp_loss":0,"event_name":"World of Goop","floor":12,"gold_loss":0}],"is_beta":false,"boss_relics":[],"items_purged_floors":[2],"is_endless":false,"potions_floor_spawned":[1,6],"killed_by":"Gremlin Nob","ascension_level":2}}