{"host":"Jin","time":1609522021,"event":{"mods":["BaseMod","Better Altar","Better Match","Better Note","Better Sensory Stone","Better Skull","Better Third Choice","Highlight Path","Minty Spire (QoL Compilation)","Permanent Neow","Quick Restart","StSLib"],"gold_per_floor":[118,218,43,43,57,89,89,119,119,119,130,179,190,224,224,301,301,321,321,32,48,48,48,82,94,132,156,179,205,217,243,255,344,356,356],"floor_reached":34,"playtime":1608,"items_purged":["Strike_B","Strike_B"],"score":767,"play_id":"080ab8f9-6a3f-4f75-b54f-38cf71858292","local_time":"20210102022701","is_ascension_mode":true,"campfire_choices":[{"data":"Defragment","floor":10.0,"key":"SMITH"},{"data":"Zap","floor":15.0,"key":"SMITH"},{"data":"Apotheosis","floor":23.0,"key":"SMITH"},{"data":"Coolheaded","floor":25.0,"key":"SMITH"},{"data":"Coolheaded","floor":30.0,"key":"SMITH"},{"data":"Skim","floor":32.0,"key":"SMITH"}],"circlet_count":0,"master_deck":["AscendersBane","Defend_B","Defend_B","Defend_B","Defend_B","Zap+1","Dualcast","Defragment+1","Skim+1","Coolheaded+1","Sunder","Machine Learning+1","Fission+1","Echo Form+1","Hologram","Electrodynamics","Creative AI+1","Ball Lightning+1","Defragment+1","Apotheosis+1","Double Energy","Coolheaded+1","Blizzard"],"relics":["Cracked Core","NeowsBlessing","Potion Belt","Smiling Mask","White Beast Statue","Lantern","Frozen Egg 2","Runic Dome","MawBank","Art of War","Velvet Choker"],"acts_visited":["Exordium","TheCity","TheBeyond"],"potions_floor_usage":[],"damage_taken":[{"damage":0.0,"enemies":"2 Louse","floor":1.0,"turns":1.0},{"damage":0.0,"enemies":"Cultist","floor":5.0,"turns":1.0},{"damage":0.0,"enemies":"Gremlin Nob","floor":6.0,"turns":1.0},{"damage":25.0,"enemies":"3 Sentries","floor":8.0,"turns":6.0},{"damage":12.0,"enemies":"Small Slimes","floor":11.0,"turns":3.0},{"damage":7.0,"enemies":"Gremlin Gang","floor":13.0,"turns":3.0},{"damage":16.0,"enemies":"Gremlin Nob","floor":14.0,"turns":3.0},{"damage":9.0,"enemies":"Hexaghost","floor":16.0,"turns":9.0},{"damage":1.0,"enemies":"3 Byrds","floor":18.0,"turns":2.0},{"damage":12.0,"enemies":"Shell Parasite","floor":21.0,"turns":4.0},{"damage":12.0,"enemies":"Slavers","floor":24.0,"turns":2.0},{"damage":0.0,"enemies":"Chosen and Byrds","floor":27.0,"turns":3.0},{"damage":0.0,"enemies":"Snecko","floor":28.0,"turns":3.0},{"damage":11.0,"enemies":"Shelled Parasite and Fungi","floor":29.0,"turns":4.0},{"damage":21.0,"enemies":"Snake Plant","floor":31.0,"turns":3.0},{"damage":0,"enemies":"Collector","floor":33,"turns":8}],"seed_played":"6215030157485628542","potions_obtained":[{"floor":1.0,"key":"Dexterity Potion"},{"floor":6.0,"key":"Regen Potion"},{"floor":8.0,"key":"PotionOfCapacity"},{"floor":11.0,"key":"LiquidMemories"},{"floor":13.0,"key":"AttackPotion"},{"floor":14.0,"key":"Fire Potion"},{"floor":16.0,"key":"Fire Potion"},{"floor":21.0,"key":"AttackPotion"},{"floor":24.0,"key":"Dexterity Potion"},{"floor":27.0,"key":"AttackPotion"},{"floor":28.0,"key":"ColorlessPotion"},{"floor":29.0,"key":"Energy Potion"},{"floor":31.0,"key":"Energy Potion"},{"floor":33,"key":"Energy Potion"}],"is_trial":false,"path_per_floor":["M","?","$","$","M","E","?","E","T","R","M","T","M","E","R","B",null,"M","?","$","M","?","R","E","R","T","M","M","M","R","M","R","B",null],"character_chosen":"DEFECT","items_purchased":["Defragment","Skim","Defragment+1","Apotheosis"],"campfire_rested":0,"item_purchase_floors":[3,3,20,20],"current_hp_per_floor":[68,68,68,68,68,68,68,43,43,43,31,31,24,8,8,14,60,59,59,59,47,47,47,35,35,35,35,35,24,24,3,3,3,57,57],"gold":356,"neow_bonus":"THREE_ENEMY_KILL","is_daily":false,"chose_seed":false,"campfire_upgraded":6,"win_rate":0.0,"timestamp":1609522021,"path_taken":["M","?","?","$","?","E","?","E","T","R","M","?","M","E","R","BOSS","M","?","$","M","?","R","E","R","T","?","M","M","R","M","R","BOSS"],"items_purchased_type":["Card","Card","Card","Card"],"build_version":"2020-12-18","purchased_purges":2,"victory":false,"max_hp_per_floor":[75,75,75,75,75,75,75,75,75,75,75,75,75,75,75,75,75,75,75,75,75,75,75,75,75,75,75,75,75,75,75,75,75,75,75],"card_choices":[{"not_picked":["Capacitor","Cold Snap","Stack"],"picked":"SKIP","floor":1.0},{"not_picked":["Go for the Eyes","Consume"],"picked":"Coolheaded","floor":5.0},{"not_picked":["Turbo","Barrage"],"picked":"Sunder","floor":6.0},{"not_picked":["Biased Cognition+1","Multi-Cast+1"],"picked":"Machine Learning+1","floor":7.0},{"not_picked":["Reboot+1","Creative AI+1"],"picked":"Fission+1","floor":7.0},{"not_picked":["Core Surge+1","Meteor Strike+1"],"picked":"Echo Form+1","floor":7.0},{"not_picked":["Rebound","Cold Snap"],"picked":"Hologram","floor":8.0},{"not_picked":["Doom and Gloom","Rebound","Streamline"],"picked":"SKIP","floor":11.0},{"not_picked":["Compile Driver","Beam Cell"],"picked":"Electrodynamics","floor":13.0},{"not_picked":["Leap","Auto Shields","Static Discharge+1"],"picked":"SKIP","floor":14.0},{"not_picked":["Core Surge","Thunder Strike"],"picked":"Creative AI+1","floor":16.0},{"not_picked":["Compile Driver","Barrage"],"picked":"Ball Lightning+1","floor":18.0},{"not_picked":["Gash","Hologram"],"picked":"Double Energy","floor":21.0},{"not_picked":["Leap","Gash"],"picked":"Coolheaded","floor":24.0},{"not_picked":["Rip and Tear+1","Streamline","Redo"],"picked":"SKIP","floor":27.0},{"not_picked":["Sweeping Beam","Coolheaded","Gash+1"],"picked":"SKIP","floor":28.0},{"not_picked":["Steam","Sweeping Beam","Lockon"],"picked":"SKIP","floor":29.0},{"not_picked":["Ball Lightning+1","Electrodynamics+1"],"picked":"Blizzard","floor":31.0}],"player_experience":755404,"relics_obtained":[{"floor":6.0,"key":"Potion Belt"},{"floor":8.0,"key":"Smiling Mask"},{"floor":9.0,"key":"White Beast Statue"},{"floor":12.0,"key":"Lantern"},{"floor":14.0,"key":"Frozen Egg 2"},{"floor":24.0,"key":"MawBank"},{"floor":26.0,"key":"Art of War"}],"event_choices":[{"damage_healed":0.0,"max_hp_gain":0.0,"max_hp_loss":0.0,"gold_gain":100.0,"event_name":"Golden Shrine","player_choice":"Pray","floor":2.0,"gold_loss":0.0,"damage_taken":0.0},{"damage_healed":0.0,"max_hp_gain":0.0,"max_hp_loss":0.0,"gold_gain":0.0,"event_name":"betterMatch:BetterMatch","player_choice":"3","floor":7.0,"gold_loss":0.0,"damage_taken":0.0,"cards_obtained":["betterMatch:RareCard"]},{"cards_removed":["Strike_B"],"damage_healed":0.0,"max_hp_gain":0.0,"max_hp_loss":0.0,"gold_gain":0.0,"event_name":"betterThird:BetterWriting","player_choice":"Elegance","floor":19.0,"gold_loss":0.0,"damage_taken":0.0},{"cards_removed":["Strike_B"],"damage_healed":0.0,"max_hp_gain":0.0,"max_hp_loss":0.0,"gold_gain":0.0,"event_name":"Bonfire Elementals","player_choice":"Offered Basic","floor":22.0,"gold_loss":0.0,"damage_taken":0.0}],"is_beta":true,"boss_relics":[{"not_picked":["Busted Crown","Philosopher\u0027s Stone"],"picked":"Runic Dome"},{"not_picked":["Pandora\u0027s Box","FrozenCore"],"picked":"Velvet Choker"}],"items_purged_floors":[3,20],"is_endless":false,"potions_floor_spawned":[1,6,8,11,13,14,16,18,21,24,27,28,29,31,33],"ascension_level":13}}