{"host":"yassvrowvc2yfwp2","time":1609480565,"event":{"mods":["2.2 Compatiblity","Act Like it!","BaseMod","Better Note","Downfall","HololiveMod","Jorbs\u0027s Wanderer Trilogy","Minty Spire (QoL Compilation)","Prisma Mod","Rare Cards Sparkle","Reimu£®≤©¿ˆ¡È√Œ£©","Replay The Spire","Spicy Shops","StSLib","The Bug Knight","The Cursed","The Servant 0.9.4"],"gold_per_floor":[99,112,112,21,34,34,34,71,94,115,137,160,160,190,208,212,212],"floor_reached":16,"playtime":1267,"items_purged":[],"score":106,"play_id":"f588e682-660a-4442-bf40-a2cb51fac679","local_time":"20210101135605","is_ascension_mode":false,"campfire_choices":[{"floor":1.0,"key":"REST"},{"floor":13,"key":"REST"}],"circlet_count":0,"master_deck":["PrismaMod:IllyaCommonAttack","PrismaMod:IllyaCommonDefend","PrismaMod:IllyaCommonAttack","PrismaMod:IllyaCommonDefend","PrismaMod:IllyaCommonAttack","PrismaMod:IllyaCommonDefend","PrismaMod:IllyaCommonAttack","PrismaMod:IllyaCommonDefend","PrismaMod:IllyaUncommonAttack","PrismaMod:IllyaUncommonDefend","PrismaMod:IllyaGrail+1","PrismaMod:IllyaCheapChannelAttack","PrismaMod:IllyaUncommonEvoke","PrismaMod:IllyaRapidFire","PrismaMod:IllyaRussianRoulette","PrismaMod:IllyaPoisonBlock","PrismaMod:IllyaCheapChannelAttack","PrismaMod:IllyaAlice","PrismaMod:IllyaPoisonTippedWeapons","PrismaMod:IllyaPoisonBlock","PrismaMod:IllyaCarnivalAttack"],"relics":["PrismaMod:PrismaRuby","Frozen Eye","Replay:Bandana","Bronze Scales","PrismaMod:AliceRelic"],"acts_visited":["Exordium"],"potions_floor_usage":[14,14],"damage_taken":[{"damage":0.0,"enemies":"2 Louse","floor":2.0,"turns":3.0},{"damage":0.0,"enemies":"downfall:FleeingMerchant","floor":4.0,"turns":4.0},{"damage":2.0,"enemies":"Small Slimes","floor":5.0,"turns":4.0},{"damage":22,"enemies":"Lagavulin","floor":8,"turns":6},{"damage":0,"enemies":"Cultist","floor":9,"turns":3},{"damage":12,"enemies":"Lots of Slimes","floor":10,"turns":3},{"damage":1,"enemies":"2 Fungi Beasts","floor":11,"turns":3},{"damage":6,"enemies":"Blue Slaver","floor":12,"turns":3},{"damage":17,"enemies":"Exordium Thugs","floor":14,"turns":5},{"damage":10,"enemies":"Red Slaver","floor":15,"turns":4},{"damage":38,"enemies":"downfall:Silent","floor":16,"turns":6}],"seed_played":"-5620316186979274596","potions_obtained":[{"floor":2.0,"key":"Energy Potion"},{"floor":9,"key":"Block Potion"},{"floor":12,"key":"Elixir"},{"floor":15,"key":"Swift Potion"}],"is_trial":false,"path_per_floor":["R","M","?","$","M","?","T","E","M","M","M","M","R","M","M","B"],"character_chosen":"ILLYA","items_purchased":["Frozen Eye"],"campfire_rested":2,"item_purchase_floors":[4],"current_hp_per_floor":[75,75,75,75,73,73,73,51,51,39,38,32,54,42,32,0,0],"gold":212,"neow_bonus":"TRANSFORM_TWO_CARDS","is_daily":false,"chose_seed":false,"campfire_upgraded":0,"win_rate":0.0,"timestamp":1609480565,"path_taken":["R","M","?","$","M","?","T","E","M","M","M","M","R","M","M","BOSS"],"items_purchased_type":["Relic"],"build_version":"2020-12-22","purchased_purges":0,"victory":false,"max_hp_per_floor":[75,75,75,75,75,75,75,75,75,75,75,75,75,75,75,75,75],"card_choices":[{"not_picked":["PrismaMod:IllyaCheapChannelAttack","PrismaMod:IllyaBerserCAR"],"picked":"PrismaMod:IllyaUncommonEvoke","floor":2.0},{"not_picked":["PrismaMod:IllyaRubysPotion","PrismaMod:IllyaMinorZwei"],"picked":"PrismaMod:IllyaRapidFire","floor":4.0},{"not_picked":["PrismaMod:IllyaUncommonDefend","PrismaMod:IllyaPartialInstallAssassin"],"picked":"PrismaMod:IllyaRussianRoulette","floor":5.0},{"not_picked":["PrismaMod:IllyaUpgradeOrbs","PrismaMod:IllyaPoisoningPhantasm"],"picked":"PrismaMod:IllyaPoisonBlock","floor":8},{"not_picked":["PrismaMod:IllyaFriendMaker","PrismaMod:IllyaBerserCAR"],"picked":"PrismaMod:IllyaCheapChannelAttack","floor":9},{"not_picked":["PrismaMod:IllyaMinorZwei","PrismaMod:IllyaUncommonEvoke"],"picked":"PrismaMod:IllyaAlice","floor":10},{"not_picked":["PrismaMod:IllyaUpgradeOrbs","PrismaMod:IllyaFriendMaker","PrismaMod:IllyaMaid"],"picked":"SKIP","floor":11},{"not_picked":["PrismaMod:IllyaBoysLove","PrismaMod:IllyaUpgradeOrbs"],"picked":"PrismaMod:IllyaPoisonTippedWeapons","floor":12},{"not_picked":["PrismaMod:IllyaBride","PrismaMod:IllyaGrail"],"picked":"PrismaMod:IllyaPoisonBlock","floor":14},{"not_picked":["PrismaMod:IllyaCheapDefend","PrismaMod:IllyaGun"],"picked":"PrismaMod:IllyaCarnivalAttack","floor":15}],"player_experience":1973905,"relics_obtained":[{"floor":7,"key":"Replay:Bandana"},{"floor":8,"key":"Bronze Scales"}],"event_choices":[],"is_beta":false,"boss_relics":[],"items_purged_floors":[],"is_endless":false,"potions_floor_spawned":[2,9,12,15],"killed_by":"downfall:Silent","ascension_level":0}}