{"host":"h0xw20cia6ppa69g","time":1609496952,"event":{"mods":["AchievementEnabler","BaseMod","Colored Map","Filter the Spire","Googly Eyes","Minty Spire (QoL Compilation)","Relic Stats","StSLib","The Awakened One except there are too many feathers","everything is the same but u backflip on backflip"],"gold_per_floor":[110,121,196,196,271,271,306,321,321,349,373,401,440,470,482,598,610,634,656,680,711,301,336,435,449,449,483,497,422,450,450,450,549,549,569,569,77,17,28,59,59,90,90,90,68,95,95,115,115,115,115,115,34,60,60],"floor_reached":56,"playtime":3938,"items_purged":[],"score":1521,"play_id":"871b75f2-c52f-4371-9b22-1986ca6bdc41","local_time":"20210101042912","is_ascension_mode":true,"campfire_choices":[{"data":"Setup","floor":6.0,"key":"SMITH"},{"data":"Wraith Form v2","floor":15.0,"key":"SMITH"},{"data":"After Image","floor":32.0,"key":"SMITH"},{"floor":41.0,"key":"RECALL"},{"floor":49,"key":"REST"},{"floor":52,"key":"REST"}],"circlet_count":0,"master_deck":["Survivor","Calculated Gamble","Storm of Steel","Flying Knee","Well Laid Plans","Night Terror","Setup+1","Wraith Form v2+1","Riddle With Holes","After Image+1","Cloak And Dagger","Skewer","Dodge and Roll","Blade Dance","Dodge and Roll","Storm of Steel","Leg Sweep","Grand Finale","Sucker Punch+1","Tactician","Dagger Throw+1","Dodge and Roll","Phantasmal Killer","Noxious Fumes","Acrobatics","Setup+1","PiercingWail+1","Tactician+1","Adrenaline+1","Ghostly+1","Ghostly+1","Ghostly+1","Ghostly+1","Ghostly+1","Night Terror+1","Prepared+1","Terror+1","Outmaneuver+1","Night Terror+1","Sucker Punch","Eviscerate","Caltrops+1","Bandage Up+1","Finesse+1","Finesse+1","Acrobatics+1","After Image","Caltrops+1","Grand Finale","Backflip+1"],"relics":["Pandora\u0027s Box","Du-Vu Doll","Lizard Tail","Mercury Hourglass","MawBank","Ancient Tea Set","Runic Pyramid","TwistedFunnel","Toxic Egg 2","Orichalcum","Juzu Bracelet","Fusion Hammer","OrangePellets","Pear","Nunchaku","Mango","Pantograph","Bird Faced Urn","StrikeDummy"],"acts_visited":["Exordium","TheCity","TheBeyond","TheEnding"],"potions_floor_usage":[55,55,55,55,55],"damage_taken":[{"damage":7.0,"enemies":"Small Slimes","floor":1.0,"turns":4.0},{"damage":6.0,"enemies":"2 Louse","floor":2.0,"turns":3.0},{"damage":10.0,"enemies":"3 Sentries","floor":7.0,"turns":6.0},{"damage":0.0,"enemies":"Cultist","floor":8.0,"turns":4.0},{"damage":2.0,"enemies":"Gremlin Nob","floor":10.0,"turns":6.0},{"damage":2.0,"enemies":"3 Louse","floor":11.0,"turns":3.0},{"damage":0.0,"enemies":"2 Fungi Beasts","floor":12.0,"turns":3.0},{"damage":16.0,"enemies":"Lagavulin","floor":13.0,"turns":7.0},{"damage":3.0,"enemies":"Large Slime","floor":14.0,"turns":6.0},{"damage":7.0,"enemies":"Slime Boss","floor":16.0,"turns":9.0},{"damage":3.0,"enemies":"Shell Parasite","floor":18.0,"turns":8.0},{"damage":0.0,"enemies":"Spheric Guardian","floor":19.0,"turns":8.0},{"damage":12.0,"enemies":"Shelled Parasite and Fungi","floor":20.0,"turns":4.0},{"damage":0.0,"enemies":"Snecko","floor":21.0,"turns":5.0},{"damage":0.0,"enemies":"Gremlin Leader","floor":23.0,"turns":5.0},{"damage":6.0,"enemies":"Cultist and Chosen","floor":25.0,"turns":4.0},{"damage":30.0,"enemies":"Slavers","floor":27.0,"turns":6.0},{"damage":0.0,"enemies":"3 Cultists","floor":28.0,"turns":2.0},{"damage":0.0,"enemies":"Gremlin Leader","floor":30.0,"turns":7.0},{"damage":13.0,"enemies":"Champ","floor":33.0,"turns":17.0},{"damage":7.0,"enemies":"3 Shapes","floor":35.0,"turns":4.0},{"damage":0.0,"enemies":"Orb Walker","floor":39.0,"turns":4.0},{"damage":8.0,"enemies":"Nemesis","floor":40.0,"turns":13.0},{"damage":0.0,"enemies":"Reptomancer","floor":42.0,"turns":6.0},{"damage":0,"enemies":"Nemesis","floor":46,"turns":9},{"damage":1,"enemies":"Writhing Mass","floor":48,"turns":9},{"damage":9,"enemies":"Donu and Deca","floor":50,"turns":9},{"damage":45,"enemies":"Shield and Spear","floor":54,"turns":7},{"damage":1,"enemies":"The Heart","floor":55,"turns":14}],"seed_played":"-568018797522027440","potions_obtained":[{"floor":2.0,"key":"SteroidPotion"},{"floor":7.0,"key":"GhostInAJar"},{"floor":11.0,"key":"FearPotion"},{"floor":16.0,"key":"LiquidMemories"},{"floor":18.0,"key":"SpeedPotion"},{"floor":19.0,"key":"Swift Potion"},{"floor":28.0,"key":"EntropicBrew"},{"floor":33.0,"key":"SpeedPotion"}],"is_trial":false,"path_per_floor":["M","M","?","?","?","R","E","M","T","E","M","M","E","M","R","B",null,"M","M","M","M","$","E","?","M","T","E","M","?","E","?","R","B",null,"M","?","$","?","M","E","R","E","T","?","$","E","?","M","R","B",null,"R","$","E","B",null],"character_chosen":"THE_SILENT","items_purchased":["TwistedFunnel","Phantasmal Killer","Noxious Fumes","Acrobatics","OrangePellets","Terror+1","Outmaneuver+1","Pear","Acrobatics+1","Grand Finale"],"campfire_rested":2,"item_purchase_floors":[22,22,22,22,37,37,37,37,45,53],"current_hp_per_floor":[63,57,46,43,36,36,26,26,26,24,22,22,6,3,3,35,70,67,67,55,55,55,55,55,49,49,19,19,19,19,19,19,6,35,28,35,45,45,45,37,37,51,51,41,41,47,47,59,59,59,59,59,59,20,59],"gold":60,"neow_bonus":"BOSS_RELIC","is_daily":false,"chose_seed":false,"campfire_upgraded":3,"win_rate":0.0,"timestamp":1609496952,"path_taken":["M","M","?","?","?","R","E","M","T","E","M","M","E","M","R","BOSS","M","M","M","?","$","E","?","M","T","E","M","?","E","?","R","BOSS","M","?","$","?","M","E","R","E","T","?","$","E","?","M","R","BOSS","R","$","E","BOSS"],"items_purchased_type":["Relic","Card","Card","Card","Relic","Card","Card","Relic","Card","Card"],"build_version":"2020-12-22","purchased_purges":0,"victory":true,"max_hp_per_floor":[70,70,70,70,70,70,70,70,70,70,70,70,70,70,70,70,70,70,70,70,70,70,70,70,70,70,70,70,70,70,35,35,35,35,35,35,45,45,45,45,45,59,59,59,59,59,59,59,59,59,59,59,59,59,59],"relic_stats":{"OrangePellets":[11],"Lizard Tail":35,"Nunchaku":[6],"counters":[29,191],"Pantograph":25,"Bird Faced Urn":[26],"Pandora\u0027s Box":["Calculated Gamble","Storm of Steel","Flying Knee","Well Laid Plans","Night Terror","Setup","Catalyst","Wraith Form v2","Riddle With Holes","After Image"],"Juzu Bracelet":2,"Orichalcum":[66],"MawBank":144,"obtain_stats":[{"TwistedFunnel":22,"Pear":37,"Mango":42,"Juzu Bracelet":30,"Orichalcum":27,"MawBank":10,"Ancient Tea Set":13,"Mercury Hourglass":9,"Du-Vu Doll":4,"OrangePellets":37,"Lizard Tail":7,"Nunchaku":40,"Pantograph":43,"Bird Faced Urn":46,"Pandora\u0027s Box":0,"Fusion Hammer":34,"Toxic Egg 2":23,"StrikeDummy":54,"Ring of the Snake":0,"Runic Pyramid":17},{"TwistedFunnel":14,"Pear":21,"Mango":24,"Juzu Bracelet":19,"Orichalcum":17,"MawBank":5,"Ancient Tea Set":8,"Mercury Hourglass":4,"Du-Vu Doll":2,"OrangePellets":21,"Lizard Tail":3,"Nunchaku":23,"Pantograph":24,"Bird Faced Urn":25,"Pandora\u0027s Box":0,"Fusion Hammer":20,"Toxic Egg 2":15,"StrikeDummy":28,"Ring of the Snake":0,"Runic Pyramid":10},{"TwistedFunnel":75,"Pear":120,"Mango":143,"Juzu Bracelet":99,"Orichalcum":90,"MawBank":22,"Ancient Tea Set":35,"Mercury Hourglass":17,"Du-Vu Doll":7,"OrangePellets":120,"Lizard Tail":13,"Nunchaku":137,"Pantograph":143,"Bird Faced Urn":152,"Pandora\u0027s Box":0,"Fusion Hammer":116,"Toxic Egg 2":80,"StrikeDummy":177,"Ring of the Snake":0,"Runic Pyramid":50}],"Mercury Hourglass":[613]},"card_choices":[{"not_picked":["Slice","Leg Sweep"],"picked":"Cloak And Dagger","floor":1.0},{"not_picked":["Acrobatics","Blade Dance"],"picked":"Skewer","floor":2.0},{"not_picked":["Dagger Throw","Backstab"],"picked":"Dodge and Roll","floor":7.0},{"not_picked":["Calculated Gamble","Cloak And Dagger"],"picked":"Dagger Spray","floor":8.0},{"not_picked":["Slice","Flying Knee"],"picked":"Blade Dance","floor":10.0},{"not_picked":["Dagger Throw","Bane"],"picked":"Unload","floor":11.0},{"not_picked":["Deflect","Underhanded Strike"],"picked":"Dodge and Roll","floor":12.0},{"not_picked":["Endless Agony","Concentrate"],"picked":"Storm of Steel","floor":13.0},{"not_picked":["Outmaneuver","Dagger Throw"],"picked":"Leg Sweep","floor":14.0},{"not_picked":["Venomology","Glass Knife"],"picked":"Grand Finale","floor":16.0},{"not_picked":["Leg Sweep","Noxious Fumes"],"picked":"Sucker Punch+1","floor":18.0},{"not_picked":["Distraction","Blade Dance+1"],"picked":"Tactician","floor":19.0},{"not_picked":["Reflex+1","Deadly Poison+1"],"picked":"Dagger Throw+1","floor":20.0},{"not_picked":["Finisher","Noxious Fumes"],"picked":"Dodge and Roll","floor":21.0},{"not_picked":["Distraction+1","Bouncing Flask+1"],"picked":"Setup+1","floor":23.0},{"not_picked":["Blade Dance+1","Backstab"],"picked":"PiercingWail+1","floor":25.0},{"not_picked":["Bane+1","Poisoned Stab+1","Masterful Stab"],"picked":"SKIP","floor":27.0},{"not_picked":["Dash","Bane+1"],"picked":"Tactician+1","floor":28.0},{"not_picked":["Slice","Dagger Throw+1"],"picked":"Adrenaline+1","floor":30.0},{"not_picked":["Unload","Tools of the Trade"],"picked":"Night Terror+1","floor":33.0},{"not_picked":["Well Laid Plans+1","Backflip+1"],"picked":"Prepared+1","floor":35.0},{"not_picked":["Finisher","Underhanded Strike","Outmaneuver+1"],"picked":"SKIP","floor":39.0},{"not_picked":["Cloak And Dagger+1","Glass Knife"],"picked":"Eviscerate","floor":40.0},{"not_picked":["Well Laid Plans","Leg Sweep+1"],"picked":"Caltrops+1","floor":42.0},{"not_picked":["Mayhem","Dark Shackles+1"],"picked":"Bandage Up+1","floor":44.0},{"not_picked":["Sadistic Nature","Panache"],"picked":"Finesse+1","floor":44.0},{"not_picked":["The Bomb+1","Violence+1"],"picked":"Finesse+1","floor":44.0},{"not_picked":["Blade Dance+1","Dash+1"],"picked":"After Image","floor":46},{"not_picked":["Deflect+1","Predator"],"picked":"Caltrops+1","floor":48},{"not_picked":["Deflect+1","Poisoned Stab"],"picked":"Backflip+1","floor":54}],"player_experience":3588504,"relics_obtained":[{"floor":7.0,"key":"Lizard Tail"},{"floor":9.0,"key":"Mercury Hourglass"},{"floor":10.0,"key":"MawBank"},{"floor":13.0,"key":"Ancient Tea Set"},{"floor":23.0,"key":"Toxic Egg 2"},{"floor":27.0,"key":"Orichalcum"},{"floor":30.0,"key":"Juzu Bracelet"},{"floor":40.0,"key":"Nunchaku"},{"floor":42.0,"key":"Mango"},{"floor":43.0,"key":"Pantograph"},{"floor":46,"key":"Bird Faced Urn"},{"floor":54,"key":"StrikeDummy"}],"event_choices":[{"damage_healed":0.0,"max_hp_gain":0.0,"max_hp_loss":0.0,"gold_gain":75.0,"event_name":"World of Goop","player_choice":"Gather Gold","floor":3.0,"gold_loss":0.0,"damage_taken":11.0},{"damage_healed":0.0,"max_hp_gain":0.0,"max_hp_loss":0.0,"gold_gain":0.0,"event_name":"Scrap Ooze","player_choice":"Success","floor":4.0,"gold_loss":0.0,"damage_taken":3.0,"relics_obtained":["Du-Vu Doll"]},{"damage_healed":0.0,"max_hp_gain":0.0,"max_hp_loss":0.0,"gold_gain":75.0,"event_name":"FaceTrader","player_choice":"Touch","floor":5.0,"gold_loss":0.0,"damage_taken":7.0},{"damage_healed":0.0,"max_hp_gain":0.0,"max_hp_loss":0.0,"gold_gain":99.0,"event_name":"Nest","player_choice":"Stole From Cult","floor":24.0,"gold_loss":0.0,"damage_taken":0.0},{"cards_removed":["Catalyst"],"damage_healed":0.0,"max_hp_gain":0.0,"max_hp_loss":0.0,"gold_gain":0.0,"event_name":"Beggar","player_choice":"Gave Gold","floor":29.0,"gold_loss":75.0,"damage_taken":0.0},{"damage_healed":0.0,"max_hp_gain":0.0,"max_hp_loss":35.0,"gold_gain":0.0,"event_name":"Ghosts","player_choice":"Became a Ghost","floor":31.0,"gold_loss":0.0,"damage_taken":0.0,"cards_obtained":["Ghostly","Ghostly","Ghostly","Ghostly","Ghostly"]},{"damage_healed":7.0,"max_hp_gain":0.0,"max_hp_loss":0.0,"gold_gain":0.0,"event_name":"Wheel of Change","player_choice":"Full Heal","floor":36.0,"gold_loss":0.0,"damage_taken":0.0},{"damage_healed":0.0,"max_hp_gain":0.0,"max_hp_loss":0.0,"gold_gain":0.0,"cards_transformed":["Unload","Neutralize"],"event_name":"Designer","player_choice":"Transformed Cards","floor":38.0,"gold_loss":60.0,"damage_taken":0.0,"cards_obtained":["Night Terror","Sucker Punch"]},{"damage_healed":0.0,"max_hp_gain":0.0,"max_hp_loss":0.0,"gold_gain":0.0,"event_name":"SensoryStone","player_choice":"Memory 3","floor":44.0,"gold_loss":0.0,"damage_taken":10.0},{"cards_removed":["Dagger Spray"],"damage_healed":0,"gold_gain":0,"player_choice":"Removed Attack","damage_taken":0,"max_hp_gain":0,"max_hp_loss":0,"event_name":"Falling","floor":47,"gold_loss":0}],"is_beta":false,"boss_relics":[{"not_picked":["Cursed Key","Philosopher\u0027s Stone"],"picked":"Runic Pyramid"},{"not_picked":["Runic Dome","Velvet Choker"],"picked":"Fusion Hammer"}],"items_purged_floors":[],"is_endless":false,"potions_floor_spawned":[2,7,11,16,18,19,21,28,33,35,48,54],"ascension_level":1}}