{"host":"i09pxcjttd31eh4q","time":1609520428,"event":{"mods":["AchievementEnabler","BaseMod","Colored Map","Keyboard Shortcuts","Minty Spire (QoL Compilation)","StSLib","SuperFastMode"],"gold_per_floor":[109,121,46,56,71,106,106,124,124,49,75,109,109,122,122,200,200,214,214,56,56,56,56,56,66,66,116,116,42,42,52,52,126,126,136,147,147,147,147,147,37,37,37,37,37],"floor_reached":44,"playtime":1329,"items_purged":["Strike_G","Strike_G"],"score":824,"play_id":"2e62a884-5830-493c-9a57-22c05151da1a","local_time":"20210102020028","is_ascension_mode":true,"campfire_choices":[{"data":"Bouncing Flask","floor":7.0,"key":"SMITH"},{"data":"Deadly Poison","floor":13.0,"key":"SMITH"},{"data":"Tactician","floor":15.0,"key":"SMITH"},{"floor":23.0,"key":"REST"},{"data":"Acrobatics","floor":30.0,"key":"SMITH"},{"floor":32.0,"key":"REST"},{"data":"Well Laid Plans","floor":40.0,"key":"SMITH"},{"floor":42.0,"key":"RECALL"}],"circlet_count":0,"master_deck":["AscendersBane","Strike_G","Defend_G","Defend_G","Defend_G","Defend_G","Defend_G+1","Survivor","Neutralize","Deadly Poison+1","Escape Plan","Masterful Stab","Bouncing Flask+1","Tactician+1","Acrobatics+1","Dagger Throw+1","Burst","Acrobatics","Backflip","Well Laid Plans+1","PiercingWail","Night Terror","PiercingWail+1"],"relics":["Ring of the Serpent","Gambling Chip","Molten Egg 2","WingedGreaves","Odd Mushroom","Ice Cream","Sozu","Incense Burner"],"acts_visited":["Exordium","TheCity","TheBeyond"],"potions_floor_usage":[],"damage_taken":[{"damage":6.0,"enemies":"2 Louse","floor":1.0,"turns":5.0},{"damage":0.0,"enemies":"Jaw Worm","floor":2.0,"turns":4.0},{"damage":0.0,"enemies":"Small Slimes","floor":4.0,"turns":4.0},{"damage":0.0,"enemies":"3 Louse","floor":5.0,"turns":4.0},{"damage":5.0,"enemies":"Gremlin Nob","floor":6.0,"turns":3.0},{"damage":6.0,"enemies":"Large Slime","floor":8.0,"turns":7.0},{"damage":7.0,"enemies":"The Mushroom Lair","floor":11.0,"turns":6.0},{"damage":12.0,"enemies":"3 Sentries","floor":12.0,"turns":10.0},{"damage":0.0,"enemies":"2 Fungi Beasts","floor":14.0,"turns":2.0},{"damage":12.0,"enemies":"Hexaghost","floor":16.0,"turns":7.0},{"damage":13.0,"enemies":"Shell Parasite","floor":18.0,"turns":6.0},{"damage":12.0,"enemies":"2 Thieves","floor":25.0,"turns":4.0},{"damage":13.0,"enemies":"Snake Plant","floor":31.0,"turns":4.0},{"damage":10.0,"enemies":"Champ","floor":33.0,"turns":10.0},{"damage":3.0,"enemies":"3 Shapes","floor":35.0,"turns":4.0},{"damage":12.0,"enemies":"3 Darklings","floor":36.0,"turns":6.0},{"damage":21,"enemies":"Nemesis","floor":44,"turns":7}],"seed_played":"-181811108501095819","potions_obtained":[{"floor":1.0,"key":"SteroidPotion"},{"floor":11.0,"key":"Strength Potion"},{"floor":12.0,"key":"SteroidPotion"},{"floor":16.0,"key":"Fire Potion"}],"is_trial":false,"path_per_floor":["M","M","?","M","M","E","R","M","T","$","?","E","R","M","R","B",null,"M","?","$","?","?","R","?","M","T","?","?","$","R","M","R","B",null,"M","M","$","?","?","R","?","R","T","E"],"character_chosen":"THE_SILENT","items_purchased":["Acrobatics","Well Laid Plans"],"campfire_rested":2,"item_purchase_floors":[20,29],"current_hp_per_floor":[53,53,53,53,53,48,48,42,42,42,35,23,23,23,23,11,50,37,37,37,20,20,40,40,28,28,28,28,28,28,15,35,25,57,54,42,42,42,42,42,42,42,42,21,21],"gold":37,"neow_bonus":"ONE_RARE_RELIC","is_daily":false,"chose_seed":false,"campfire_upgraded":5,"win_rate":0.0,"timestamp":1609520428,"path_taken":["M","M","?","M","M","E","R","M","T","$","?","E","R","?","R","BOSS","M","?","$","?","?","R","?","M","T","?","?","$","R","M","R","BOSS","M","M","$","?","?","R","?","R","T","E"],"items_purchased_type":["Card","Card"],"build_version":"2020-12-22","purchased_purges":2,"victory":false,"max_hp_per_floor":[66,66,63,63,63,63,63,63,63,63,63,63,63,63,63,63,63,63,63,63,68,68,68,68,68,68,68,68,68,68,68,68,68,68,68,68,68,68,68,68,68,68,68,68,68],"card_choices":[{"not_picked":["Blade Dance","Slice"],"picked":"Dash","floor":1.0},{"not_picked":["Sucker Punch","Skewer"],"picked":"Deadly Poison","floor":2.0},{"not_picked":["Predator","Outmaneuver"],"picked":"Escape Plan","floor":4.0},{"not_picked":["Underhanded Strike","Prepared"],"picked":"Masterful Stab","floor":5.0},{"not_picked":["Slice+1","Choke+1"],"picked":"Bouncing Flask","floor":6.0},{"not_picked":["Dodge and Roll","Prepared"],"picked":"Tactician","floor":8.0},{"not_picked":["Endless Agony+1","Underhanded Strike+1"],"picked":"Acrobatics","floor":11.0},{"not_picked":["Phantasmal Killer","Caltrops"],"picked":"Dagger Throw+1","floor":12.0},{"not_picked":["Slice+1","Underhanded Strike+1","Terror"],"picked":"SKIP","floor":14.0},{"not_picked":["Storm of Steel","Unload+1"],"picked":"Burst","floor":16.0},{"not_picked":["Flying Knee+1","Sucker Punch+1","Dash+1"],"picked":"SKIP","floor":18.0},{"not_picked":["Slice+1","PiercingWail"],"picked":"Backflip","floor":25.0},{"not_picked":["Riddle With Holes+1","Terror+1"],"picked":"PiercingWail","floor":31.0},{"not_picked":["Bullet Time","Malaise"],"picked":"Night Terror","floor":33.0},{"not_picked":["Deadly Poison+1","Prepared"],"picked":"PiercingWail+1","floor":35.0},{"not_picked":["Setup","Masterful Stab+1","Slice+1"],"picked":"SKIP","floor":36.0}],"player_experience":812898,"relics_obtained":[{"floor":6.0,"key":"Molten Egg 2"},{"floor":9.0,"key":"WingedGreaves"},{"floor":11.0,"key":"Odd Mushroom"},{"floor":12.0,"key":"Ice Cream"},{"floor":26.0,"key":"Incense Burner"}],"event_choices":[{"cards_removed":["Parasite"],"damage_healed":0.0,"max_hp_gain":0.0,"max_hp_loss":0.0,"gold_gain":0.0,"event_name":"The Cleric","player_choice":"Card Removal","floor":3.0,"gold_loss":75.0,"damage_taken":0.0},{"damage_healed":0.0,"max_hp_gain":0.0,"max_hp_loss":0.0,"gold_gain":0.0,"event_name":"Mushrooms","player_choice":"Fought Mushrooms","floor":11.0,"gold_loss":0.0,"damage_taken":0.0},{"damage_healed":0.0,"max_hp_gain":0.0,"max_hp_loss":0.0,"gold_gain":0.0,"event_name":"Vampires","player_choice":"Ignored","floor":19.0,"gold_loss":0.0,"damage_taken":0.0},{"damage_healed":0.0,"max_hp_gain":5.0,"max_hp_loss":0.0,"gold_gain":0.0,"event_name":"Forgotten Altar","player_choice":"Shed Blood","floor":21.0,"gold_loss":0.0,"damage_taken":22.0},{"damage_healed":0.0,"max_hp_gain":0.0,"max_hp_loss":0.0,"gold_gain":0.0,"event_name":"Cursed Tome","player_choice":"Ignored","floor":22.0,"gold_loss":0.0,"damage_taken":0.0},{"cards_removed":["Strike_G"],"damage_healed":0.0,"max_hp_gain":0.0,"max_hp_loss":0.0,"gold_gain":0.0,"event_name":"Back to Basics","player_choice":"Elegance","floor":24.0,"gold_loss":0.0,"damage_taken":0.0},{"damage_healed":0.0,"max_hp_gain":0.0,"max_hp_loss":0.0,"gold_gain":50.0,"event_name":"Nest","player_choice":"Stole From Cult","floor":27.0,"gold_loss":0.0,"damage_taken":0.0},{"damage_healed":0.0,"max_hp_gain":0.0,"max_hp_loss":0.0,"gold_gain":0.0,"event_name":"The Mausoleum","player_choice":"Ignored","floor":28.0,"gold_loss":0.0,"damage_taken":0.0},{"cards_removed":["Dash"],"damage_healed":0.0,"max_hp_gain":0.0,"max_hp_loss":0.0,"gold_gain":0.0,"event_name":"Falling","player_choice":"Removed Attack","floor":38.0,"gold_loss":0.0,"damage_taken":0.0},{"damage_healed":0.0,"max_hp_gain":0.0,"max_hp_loss":0.0,"gold_gain":0.0,"event_name":"SensoryStone","player_choice":"Memory 1","floor":39.0,"gold_loss":0.0,"damage_taken":0.0},{"cards_removed":["Strike_G"],"damage_healed":0.0,"max_hp_gain":0.0,"max_hp_loss":0.0,"gold_gain":0.0,"event_name":"Designer","player_choice":"Upgrade and Remove","floor":41.0,"gold_loss":110.0,"damage_taken":0.0,"cards_upgraded":["Defend_G"]}],"is_beta":false,"boss_relics":[{"not_picked":["Philosopher\u0027s Stone","Velvet Choker"],"picked":"Sozu"},{"not_picked":["WristBlade","Coffee Dripper"],"picked":"Ring of the Serpent"}],"items_purged_floors":[10,20],"is_endless":false,"potions_floor_spawned":[1,11,12,16,25,36],"killed_by":"Nemesis","ascension_level":20}}