{"host":"t3am9egsh7oyry6t","time":1609545401,"event":{"mods":["AchievementEnabler","BaseMod","Colored Powertips","Googly Eyes","Minty Spire (QoL Compilation)","Relic Stats","StSLib","Synergy Search"],"gold_per_floor":[111,128,140,90,64,64,98,98,98,110,110,144,144,162,162,259,259,275,26,26,0,20,20,52,68,92,105,105,119,119,119,119,119,119],"floor_reached":33,"playtime":1639,"items_purged":["Strike_R"],"score":440,"play_id":"5cd3c919-888d-4ba9-bd44-ccb9de22febd","local_time":"20210101155641","is_ascension_mode":true,"campfire_choices":[{"data":"Cleave","floor":6,"key":"SMITH"},{"data":"Bash","floor":8,"key":"SMITH"},{"data":"Disarm","floor":11,"key":"SMITH"},{"floor":15,"key":"REST"},{"data":"True Grit","floor":23,"key":"SMITH"},{"data":"Shrug It Off","floor":28,"key":"SMITH"},{"data":"Battle Trance","floor":32,"key":"SMITH"}],"circlet_count":0,"master_deck":["AscendersBane","Strike_R","Strike_R","Strike_R","Defend_R","Defend_R+1","Defend_R","Defend_R","Bash+1","Shrug It Off+1","Cleave+1","Thunderclap","Shrug It Off+1","Disarm+1","Pommel Strike","Offering","Shrug It Off","True Grit+1","Battle Trance+1","Feel No Pain"],"relics":["Burning Blood","NeowsBlessing","Singing Bowl","Toy Ornithopter","Omamori","Coffee Dripper","Nilry\u0027s Codex","Self Forming Clay","Vajra","NlothsMask"],"acts_visited":["Exordium","TheCity"],"potions_floor_usage":[7,12,16,16,22,24,25,29,33],"damage_taken":[{"damage":0,"enemies":"Small Slimes","floor":1,"turns":1},{"damage":0,"enemies":"2 Louse","floor":2,"turns":1},{"damage":0,"enemies":"Cultist","floor":3,"turns":1},{"damage":15,"enemies":"3 Sentries","floor":7,"turns":4},{"damage":5,"enemies":"Blue Slaver","floor":10,"turns":5},{"damage":24,"enemies":"Lagavulin","floor":12,"turns":6},{"damage":12,"enemies":"Exordium Thugs","floor":14,"turns":4},{"damage":47,"enemies":"Hexaghost","floor":16,"turns":14},{"damage":18,"enemies":"2 Thieves","floor":18,"turns":4},{"damage":22,"enemies":"Spheric Guardian","floor":22,"turns":6},{"damage":27,"enemies":"Slavers","floor":24,"turns":6},{"damage":11,"enemies":"Snake Plant","floor":25,"turns":6},{"damage":5,"enemies":"Snecko","floor":27,"turns":7},{"damage":7,"enemies":"3 Cultists","floor":29,"turns":5},{"damage":37,"enemies":"Automaton","floor":33,"turns":6}],"seed_played":"5937779821194002761","potions_obtained":[{"floor":3,"key":"DuplicationPotion"},{"floor":7,"key":"Strength Potion"},{"floor":10,"key":"Fire Potion"},{"floor":12,"key":"SpeedPotion"},{"floor":14,"key":"Dexterity Potion"},{"floor":24,"key":"EssenceOfSteel"},{"floor":25,"key":"FearPotion"},{"floor":27,"key":"Swift Potion"},{"floor":29,"key":"GamblersBrew"}],"is_trial":false,"path_per_floor":["M","M","M","?","?","R","E","R","T","M","R","E","?","M","R","B",null,"M","$","?","?","M","R","E","M","T","M","R","M","?","?","R","B"],"character_chosen":"IRONCLAD","items_purchased":["BlessingOfTheForge","True Grit","DuplicationPotion"],"campfire_rested":1,"item_purchase_floors":[19,19,19],"current_hp_per_floor":[78,80,80,80,80,80,71,71,71,72,72,61,45,39,63,32,70,58,58,42,42,33,33,17,17,17,20,20,26,26,26,26,0,0],"gold":119,"neow_bonus":"THREE_ENEMY_KILL","is_daily":false,"chose_seed":false,"campfire_upgraded":6,"win_rate":0.0,"timestamp":1609545401,"path_taken":["M","M","M","?","?","R","E","R","T","M","R","E","?","M","R","BOSS","M","$","?","?","M","R","E","M","T","M","R","M","?","?","R","BOSS"],"items_purchased_type":["Potion","Card","Potion"],"build_version":"2020-12-22","purchased_purges":1,"victory":false,"max_hp_per_floor":[80,80,80,80,80,80,80,80,80,80,80,82,82,82,82,82,82,82,82,82,82,84,84,84,84,84,86,86,88,88,88,88,88,88],"relic_stats":{"Singing Bowl":8,"counters":[15,76],"Self Forming Clay":[27],"obtain_stats":[{"NeowsBlessing":0,"Singing Bowl":7,"Nilry\u0027s Codex":20,"Self Forming Clay":24,"Vajra":26,"Omamori":12,"Coffee Dripper":17,"Burning Blood":0,"Toy Ornithopter":9,"NlothsMask":31},{"NeowsBlessing":0,"Singing Bowl":4,"Nilry\u0027s Codex":9,"Self Forming Clay":11,"Vajra":12,"Omamori":6,"Coffee Dripper":8,"Burning Blood":0,"Toy Ornithopter":4,"NlothsMask":14},{"NeowsBlessing":0,"Singing Bowl":7,"Nilry\u0027s Codex":40,"Self Forming Clay":52,"Vajra":58,"Omamori":18,"Coffee Dripper":36,"Burning Blood":0,"Toy Ornithopter":7,"NlothsMask":70}],"Burning Blood":74,"Toy Ornithopter":40},"card_choices":[{"not_picked":["Perfected Strike","Flex"],"picked":"Shrug It Off","floor":1},{"not_picked":["Metallicize","Warcry"],"picked":"Cleave","floor":2},{"not_picked":["Perfected Strike","Hemokinesis"],"picked":"Thunderclap","floor":3},{"not_picked":["Feel No Pain","Clothesline"],"picked":"Shrug It Off","floor":7},{"not_picked":["Searing Blow","Flex"],"picked":"Disarm","floor":10},{"not_picked":["Warcry","Perfected Strike","Rage"],"picked":"Singing Bowl","floor":12},{"not_picked":["Juggernaut","Body Slam"],"picked":"Pommel Strike","floor":14},{"not_picked":["Feed","Berserk"],"picked":"Offering","floor":16},{"not_picked":["Perfected Strike","Dual Wield"],"picked":"Shrug It Off","floor":18},{"not_picked":["Clash","Searing Blow","Pommel Strike"],"picked":"Singing Bowl","floor":22},{"not_picked":["Uppercut","Havoc"],"picked":"Battle Trance","floor":24},{"not_picked":["Wild Strike","Bludgeon"],"picked":"Feel No Pain","floor":25},{"not_picked":["Wild Strike+1","Blood for Blood","True Grit"],"picked":"Singing Bowl","floor":27},{"not_picked":["Bloodletting+1","Uppercut","Fire Breathing"],"picked":"Singing Bowl","floor":29}],"player_experience":473229,"relics_obtained":[{"floor":7,"key":"Singing Bowl"},{"floor":9,"key":"Toy Ornithopter"},{"floor":12,"key":"Omamori"},{"floor":20,"key":"Nilry\u0027s Codex"},{"floor":24,"key":"Self Forming Clay"},{"floor":26,"key":"Vajra"}],"event_choices":[{"cards_removed":["Strike_R"],"damage_healed":0,"gold_gain":0,"player_choice":"Card Removal","damage_taken":0,"max_hp_gain":0,"max_hp_loss":0,"event_name":"The Cleric","floor":4,"gold_loss":50},{"damage_healed":0,"gold_gain":0,"player_choice":"Left Gold","damage_taken":0,"max_hp_gain":0,"max_hp_loss":0,"event_name":"World of Goop","floor":5,"gold_loss":26},{"damage_healed":0,"gold_gain":0,"player_choice":"Entered Light","damage_taken":16,"max_hp_gain":0,"max_hp_loss":0,"event_name":"Shining Light","floor":13,"gold_loss":0,"cards_upgraded":["Shrug It Off","Defend_R"]},{"damage_healed":0,"gold_gain":0,"player_choice":"Obtained Book","damage_taken":16,"max_hp_gain":0,"max_hp_loss":0,"event_name":"Cursed Tome","floor":20,"gold_loss":0},{"damage_healed":0,"gold_gain":0,"player_choice":"Paid Fearfully","damage_taken":0,"max_hp_gain":0,"max_hp_loss":0,"event_name":"Masked Bandits","floor":21,"gold_loss":26},{"damage_healed":0,"gold_gain":0,"player_choice":"Ignored","damage_taken":0,"max_hp_gain":0,"max_hp_loss":0,"event_name":"The Mausoleum","floor":30,"gold_loss":0},{"damage_healed":0,"gold_gain":0,"player_choice":"Trade","damage_taken":0,"relics_obtained":["NlothsMask"],"max_hp_gain":0,"max_hp_loss":0,"event_name":"FaceTrader","floor":31,"gold_loss":0}],"is_beta":false,"boss_relics":[{"not_picked":["Runic Dome","SacredBark"],"picked":"Coffee Dripper"}],"items_purged_floors":[19],"is_endless":false,"potions_floor_spawned":[3,7,10,12,14,24,25,27,29],"killed_by":"Automaton","ascension_level":12}}