{"host":"2n2g1vowfllvjtvi","time":1609498801,"event":{"mods":["AchievementEnabler","BaseMod","Custom Start","GifTheSpireLib","Keyboard Shortcuts","Minty Spire (QoL Compilation)","Quick Restart","Rare Cards Sparkle","StSLib","SuperFastMode"],"gold_per_floor":[115,115,34,51,69,69,98,98,122,156,167,239,266,191,191,268,268,284,187,204,220,270,270,304,304,304,333,333,333,333],"floor_reached":29,"playtime":697,"items_purged":["Searing Blow+1"],"score":488,"play_id":"d6fb09f0-6d19-46d8-8d6f-4adb4adda5b9","local_time":"20210101200001","is_ascension_mode":true,"campfire_choices":[{"data":"Blood for Blood","floor":6.0,"key":"SMITH"},{"data":"Bash","floor":8.0,"key":"SMITH"},{"data":"Fire Breathing","floor":15.0,"key":"SMITH"},{"data":"Battle Trance","floor":23,"key":"SMITH"},{"data":"Evolve","floor":25,"key":"SMITH"}],"circlet_count":0,"master_deck":["AscendersBane","Defend_R","Defend_R","Defend_R","Defend_R","Bash+1","Blood for Blood+1","Fire Breathing+1","Shrug It Off","Battle Trance+1","Seeing Red","Second Wind","Juggernaut","Immolate+1","Entrench+1","Armaments+1","Reckless Charge","Evolve+1","Dark Embrace"],"relics":["Burning Blood","NeowsBlessing","Omamori","Smiling Mask","Art of War","Toxic Egg 2","Vajra","Astrolabe","Juzu Bracelet","The Courier","Incense Burner"],"acts_visited":["Exordium","TheCity"],"potions_floor_usage":[20,27],"damage_taken":[{"damage":0.0,"enemies":"Cultist","floor":1.0,"turns":1.0},{"damage":0.0,"enemies":"Jaw Worm","floor":4.0,"turns":1.0},{"damage":0.0,"enemies":"Small Slimes","floor":5.0,"turns":1.0},{"damage":25.0,"enemies":"3 Sentries","floor":7.0,"turns":5.0},{"damage":26.0,"enemies":"Gremlin Nob","floor":10.0,"turns":4.0},{"damage":4.0,"enemies":"Exordium Wildlife","floor":11.0,"turns":5.0},{"damage":20.0,"enemies":"Lagavulin","floor":13.0,"turns":6.0},{"damage":26.0,"enemies":"Slime Boss","floor":16.0,"turns":6.0},{"damage":3,"enemies":"Spheric Guardian","floor":18,"turns":3},{"damage":7,"enemies":"Shell Parasite","floor":20,"turns":4},{"damage":4,"enemies":"Cultist and Chosen","floor":21,"turns":5},{"damage":22,"enemies":"Gremlin Leader","floor":24,"turns":8},{"damage":46,"enemies":"Slavers","floor":27,"turns":3},{"damage":14,"enemies":"Book of Stabbing","floor":29,"turns":2}],"seed_played":"5027246121283757194","potions_obtained":[{"floor":1.0,"key":"SmokeBomb"},{"floor":10.0,"key":"GamblersBrew"},{"floor":11.0,"key":"BloodPotion"},{"floor":16.0,"key":"BloodPotion"},{"floor":18,"key":"DuplicationPotion"},{"floor":20,"key":"Fruit Juice"},{"floor":21,"key":"Fire Potion"}],"is_trial":false,"path_per_floor":["M","?","$","M","M","R","E","R","T","E","M","T","E","?","R","B",null,"M","$","M","M","?","R","E","R","T","E","?","E"],"character_chosen":"IRONCLAD","items_purchased":["Fire Breathing","Armaments+1"],"campfire_rested":0,"item_purchase_floors":[3,19],"current_hp_per_floor":[74,74,74,75,75,75,56,56,56,36,53,53,39,39,39,19,61,64,64,68,70,70,70,54,54,54,14,14,0,0],"gold":333,"neow_bonus":"THREE_ENEMY_KILL","is_daily":false,"chose_seed":false,"campfire_upgraded":5,"win_rate":0.0,"timestamp":1609498801,"path_taken":["M","?","$","M","?","R","E","R","T","E","M","?","E","?","R","BOSS","M","$","M","M","?","R","E","R","T","E","?","E"],"items_purchased_type":["Card","Card"],"build_version":"2020-12-22","purchased_purges":1,"victory":false,"max_hp_per_floor":[75,75,75,75,75,75,75,75,75,75,75,75,75,75,75,75,75,75,75,80,80,80,80,80,80,80,80,80,80,80],"card_choices":[{"not_picked":["Sever Soul","Dropkick"],"picked":"Blood for Blood","floor":1.0},{"not_picked":["Rage","Warcry"],"picked":"Shrug It Off","floor":4.0},{"not_picked":["Headbutt","Sword Boomerang"],"picked":"Battle Trance","floor":5.0},{"not_picked":["Entrench","Spot Weakness","Sword Boomerang"],"picked":"SKIP","floor":7.0},{"not_picked":["Warcry","Headbutt"],"picked":"Seeing Red","floor":10.0},{"not_picked":["Body Slam","Sword Boomerang"],"picked":"Second Wind","floor":11.0},{"not_picked":["Rampage","Exhume+1"],"picked":"Wild Strike","floor":13.0},{"not_picked":["Exhume+1","Berserk"],"picked":"Juggernaut","floor":16.0},{"not_picked":["Anger+1","Headbutt","Clothesline"],"picked":"SKIP","floor":18},{"not_picked":["Pummel","Havoc+1","Perfected Strike"],"picked":"SKIP","floor":20},{"not_picked":["Reckless Charge","Perfected Strike","Intimidate+1"],"picked":"SKIP","floor":21},{"not_picked":["Perfected Strike","Intimidate+1"],"picked":"Reckless Charge","floor":21},{"not_picked":["Havoc+1","Sword Boomerang"],"picked":"Evolve","floor":24},{"not_picked":["Pommel Strike","Metallicize"],"picked":"Dark Embrace","floor":27}],"player_experience":412041,"relics_obtained":[{"floor":7.0,"key":"Omamori"},{"floor":9.0,"key":"Smiling Mask"},{"floor":10.0,"key":"Art of War"},{"floor":12.0,"key":"Toxic Egg 2"},{"floor":13.0,"key":"Vajra"},{"floor":24,"key":"Juzu Bracelet"},{"floor":26,"key":"The Courier"},{"floor":27,"key":"Incense Burner"}],"event_choices":[{"cards_removed":["Strike_R"],"damage_healed":0.0,"max_hp_gain":0.0,"max_hp_loss":0.0,"gold_gain":0.0,"event_name":"Bonfire Elementals","player_choice":"Offered Basic","floor":2.0,"gold_loss":0.0,"damage_taken":0.0},{"cards_removed":["Strike_R"],"damage_healed":0.0,"max_hp_gain":0.0,"max_hp_loss":0.0,"gold_gain":0.0,"event_name":"The Cleric","player_choice":"Card Removal","floor":14.0,"gold_loss":75.0,"damage_taken":0.0},{"damage_healed":0,"gold_gain":50,"player_choice":"Stole From Cult","damage_taken":0,"max_hp_gain":0,"max_hp_loss":0,"event_name":"Nest","floor":22,"gold_loss":0},{"cards_removed":["Wild Strike"],"damage_healed":0,"gold_gain":0,"player_choice":"Elegance","damage_taken":0,"max_hp_gain":0,"max_hp_loss":0,"event_name":"Back to Basics","floor":28,"gold_loss":0}],"is_beta":false,"boss_relics":[{"not_picked":["Black Blood","Runic Pyramid"],"picked":"Astrolabe"}],"items_purged_floors":[19],"is_endless":false,"potions_floor_spawned":[1,10,11,16,18,20,21],"killed_by":"Book of Stabbing","ascension_level":15}}