{"host":"480qzmvu0s2e3e6w","time":1609484504,"event":{"mods":["BaseMod","Colored Map","DeckTracker","Minty Spire (QoL Compilation)","StSLib","SuperFastMode"],"gold_per_floor":[117,133,148,148,158,158,184,184,184,109,30,105,122,133,133,207,207,224,224,73,90,108,108,158,158,184,5,5,5,32,51,51,122,122,141,141,161,171,171,171,203,203,203,203,78,89,8,56,56,56,56],"floor_reached":50,"playtime":2343,"items_purged":["Strike_G","Strike_G","Defend_G"],"score":898,"play_id":"8edee3f1-20ec-472f-af64-e8fe4a2e03a7","local_time":"20210101160144","is_ascension_mode":true,"campfire_choices":[{"data":"Noxious Fumes","floor":6.0,"key":"SMITH"},{"data":"Bane","floor":8.0,"key":"SMITH"},{"floor":15.0,"key":"REST"},{"floor":23.0,"key":"REST"},{"data":"Bullet Time","floor":25.0,"key":"SMITH"},{"floor":28.0,"key":"REST"},{"floor":32.0,"key":"REST"},{"data":"Noxious Fumes","floor":40.0,"key":"SMITH"},{"data":"Catalyst","floor":42,"key":"SMITH"},{"floor":44,"key":"REST"},{"floor":49,"key":"RECALL"}],"circlet_count":0,"master_deck":["AscendersBane","Defend_G","Defend_G","Defend_G","Defend_G","Survivor","Neutralize","Deadly Poison","Noxious Fumes+1","Bane+1","Calculated Gamble","Deadly Poison","Adrenaline","Bullet Time+1","Catalyst+1","Acrobatics","PiercingWail","Noxious Fumes+1","PiercingWail","Deflect","Bullet Time","Poisoned Stab","Leg Sweep","Corpse Explosion","Bouncing Flask+1","Crippling Poison"],"relics":["Ring of the Snake","StrikeDummy","Runic Pyramid","Anchor","Bottled Lightning","Ninja Scroll","Empty Cage","Meat on the Bone","Letter Opener","Happy Flower"],"acts_visited":["Exordium","TheCity","TheBeyond"],"potions_floor_usage":[41,50,50],"damage_taken":[{"damage":1.0,"enemies":"2 Louse","floor":1.0,"turns":3.0},{"damage":0.0,"enemies":"Cultist","floor":2.0,"turns":3.0},{"damage":0.0,"enemies":"Small Slimes","floor":3.0,"turns":2.0},{"damage":1.0,"enemies":"Blue Slaver","floor":5.0,"turns":2.0},{"damage":3.0,"enemies":"3 Sentries","floor":7.0,"turns":7.0},{"damage":22.0,"enemies":"Exordium Thugs","floor":13.0,"turns":4.0},{"damage":6.0,"enemies":"Lots of Slimes","floor":14.0,"turns":3.0},{"damage":16.0,"enemies":"The Guardian","floor":16.0,"turns":8.0},{"damage":11.0,"enemies":"3 Byrds","floor":18.0,"turns":5.0},{"damage":2.0,"enemies":"Shell Parasite","floor":21.0,"turns":5.0},{"damage":7.0,"enemies":"Snake Plant","floor":22.0,"turns":4.0},{"damage":18.0,"enemies":"Book of Stabbing","floor":30.0,"turns":5.0},{"damage":22.0,"enemies":"Sentry and Sphere","floor":31.0,"turns":6.0},{"damage":32.0,"enemies":"Champ","floor":33.0,"turns":10.0},{"damage":1.0,"enemies":"Orb Walker","floor":35.0,"turns":4.0},{"damage":0.0,"enemies":"3 Shapes","floor":37.0,"turns":5.0},{"damage":8.0,"enemies":"Jaw Worm Horde","floor":38.0,"turns":5.0},{"damage":54,"enemies":"Giant Head","floor":41,"turns":8},{"damage":0,"enemies":"Transient","floor":46,"turns":5},{"damage":70,"enemies":"Time Eater","floor":50,"turns":10}],"seed_played":"-1547106971812349392","potions_obtained":[{"floor":1.0,"key":"CunningPotion"},{"floor":4.0,"key":"Fire Potion"},{"floor":4.0,"key":"EssenceOfSteel"},{"floor":5.0,"key":"Strength Potion"},{"floor":7.0,"key":"AttackPotion"},{"floor":16.0,"key":"SpeedPotion"},{"floor":18.0,"key":"AttackPotion"},{"floor":31.0,"key":"FearPotion"},{"floor":33.0,"key":"Strength Potion"},{"floor":37.0,"key":"DuplicationPotion"},{"floor":38.0,"key":"PowerPotion"},{"floor":46,"key":"DistilledChaos"}],"is_trial":false,"path_per_floor":["M","M","M","?","M","R","E","R","T","?","$","?","M","M","R","B",null,"M","?","$","M","M","R","?","R","T","$","R","T","E","M","R","B",null,"M","?","M","M","?","R","E","R","T","R","$","M","$","T","R","B"],"character_chosen":"THE_SILENT","items_purchased":["Adrenaline","Acrobatics","PiercingWail","Noxious Fumes","Crippling Poison"],"campfire_rested":5,"item_purchase_floors":[11,20,20,27,47],"current_hp_per_floor":[58,58,58,58,57,57,54,54,54,54,54,43,21,15,34,18,54,43,25,25,23,16,37,37,37,37,37,58,58,40,18,39,7,55,54,54,54,46,46,46,32,32,32,53,53,53,53,53,53,0,0],"gold":56,"neow_bonus":"ONE_RANDOM_RARE_CARD","is_daily":false,"chose_seed":false,"campfire_upgraded":5,"win_rate":0.0,"timestamp":1609484504,"path_taken":["M","M","M","?","?","R","E","R","T","?","$","?","M","M","R","BOSS","M","?","?","M","?","R","?","R","T","$","R","?","E","M","R","BOSS","M","?","M","?","?","R","E","R","T","R","$","M","$","?","R","BOSS"],"items_purchased_type":["Card","Card","Card","Card","Card"],"build_version":"2020-12-22","purchased_purges":3,"victory":false,"max_hp_per_floor":[66,66,66,66,66,66,66,66,66,66,66,66,66,66,66,66,66,66,71,71,71,71,71,71,71,71,71,71,71,71,71,71,71,71,71,71,71,71,71,71,71,71,71,71,71,71,71,71,71,71,71],"card_choices":[{"not_picked":["Accuracy","Acrobatics"],"picked":"Deadly Poison","floor":1.0},{"not_picked":["Flying Knee","Concentrate"],"picked":"Noxious Fumes","floor":2.0},{"not_picked":["Flying Knee","Underhanded Strike"],"picked":"Bane","floor":3.0},{"not_picked":["Distraction","Sucker Punch"],"picked":"Calculated Gamble","floor":5.0},{"not_picked":["Calculated Gamble","Terror"],"picked":"Deadly Poison","floor":7.0},{"not_picked":["Tactician","Well Laid Plans"],"picked":"Bullet Time","floor":13.0},{"not_picked":["Blade Dance","Dagger Throw"],"picked":"Catalyst","floor":14.0},{"not_picked":["Unload","Glass Knife"],"picked":"Envenom","floor":16.0},{"not_picked":["Blade Dance","Dagger Spray","Skewer"],"picked":"SKIP","floor":18.0},{"not_picked":["Underhanded Strike","Sucker Punch","Quick Slash"],"picked":"SKIP","floor":21.0},{"not_picked":["Dagger Throw","Slice","Eviscerate"],"picked":"SKIP","floor":22.0},{"not_picked":["Tools of the Trade","Dagger Spray"],"picked":"PiercingWail","floor":30.0},{"not_picked":["Quick Slash","Blade Dance"],"picked":"Deflect","floor":31.0},{"not_picked":["Unload","Grand Finale"],"picked":"Bullet Time","floor":33.0},{"not_picked":["Dagger Spray+1","Blade Dance"],"picked":"Poisoned Stab","floor":35.0},{"not_picked":["Dagger Throw","Deflect"],"picked":"Leg Sweep","floor":37.0},{"not_picked":["Poisoned Stab+1","Prepared","Storm of Steel"],"picked":"SKIP","floor":38.0},{"not_picked":["Distraction","Cloak And Dagger","Glass Knife"],"picked":"SKIP","floor":41},{"not_picked":["Finisher","Prepared"],"picked":"Bouncing Flask+1","floor":46}],"player_experience":631949,"relics_obtained":[{"floor":7.0,"key":"StrikeDummy"},{"floor":26.0,"key":"Anchor"},{"floor":29.0,"key":"Bottled Lightning"},{"floor":30.0,"key":"Ninja Scroll"},{"floor":41,"key":"Meat on the Bone"},{"floor":43,"key":"Letter Opener"},{"floor":48,"key":"Happy Flower"}],"event_choices":[{"damage_healed":0.0,"max_hp_gain":0.0,"max_hp_loss":0.0,"gold_gain":0.0,"event_name":"Lab","player_choice":"Got Potions","floor":4.0,"gold_loss":0.0,"damage_taken":0.0},{"cards_removed":["Strike_G"],"damage_healed":0.0,"max_hp_gain":0.0,"max_hp_loss":0.0,"gold_gain":0.0,"event_name":"The Cleric","player_choice":"Card Removal","floor":10.0,"gold_loss":75.0,"damage_taken":0.0},{"damage_healed":0.0,"max_hp_gain":0.0,"max_hp_loss":0.0,"gold_gain":75.0,"event_name":"World of Goop","player_choice":"Gather Gold","floor":12.0,"gold_loss":0.0,"damage_taken":11.0},{"damage_healed":0.0,"max_hp_gain":5.0,"max_hp_loss":0.0,"gold_gain":0.0,"event_name":"Forgotten Altar","player_choice":"Shed Blood","floor":19.0,"gold_loss":0.0,"damage_taken":23.0},{"damage_healed":0.0,"max_hp_gain":0.0,"max_hp_loss":0.0,"gold_gain":50.0,"event_name":"Nest","player_choice":"Stole From Cult","floor":24.0,"gold_loss":0.0,"damage_taken":0.0},{"cards_removed":["Envenom"],"damage_healed":0.0,"max_hp_gain":0.0,"max_hp_loss":0.0,"gold_gain":0.0,"event_name":"Purifier","player_choice":"Purged","floor":36.0,"gold_loss":0.0,"damage_taken":0.0},{"damage_healed":0.0,"max_hp_gain":0.0,"max_hp_loss":0.0,"gold_gain":0.0,"cards_transformed":["Glass Knife"],"event_name":"Transmorgrifier","player_choice":"Transformed","floor":39.0,"gold_loss":0.0,"damage_taken":0.0,"cards_obtained":["Corpse Explosion"]}],"is_beta":false,"boss_relics":[{"not_picked":["Fusion Hammer","Tiny House"],"picked":"Runic Pyramid"},{"not_picked":["Calling Bell","Busted Crown"],"picked":"Empty Cage"}],"items_purged_floors":[20,27,45],"is_endless":false,"potions_floor_spawned":[1,5,7,16,18,31,33,37,38,46],"killed_by":"Time Eater","ascension_level":15}}