{"host":"0i8dz4ityulxi1rd","time":1609513979,"event":{"mods":["BaseMod","Colored Map","Colored Powertips","Custom Start","Highlight Path","Hubris","Infinite Spire","Keyboard Shortcuts","Minty Spire (QoL Compilation)","StSLib","SuperFastMode"],"gold_per_floor":[116,116,143,143,143,181,181,220,244,279,120,120,120,139,139,232,232,253,274,17,38,62,62,85,85,108,108,122,122,122,136,136,225,225,241,241,241,241,265,300,300,331,331,351,367,380,380,380,380,380,380],"floor_reached":52,"playtime":1598,"items_purged":["Strike_R","Strike_R","Defend_R","Strike_R","Strike_R"],"score":2231,"play_id":"b527b572-b9ce-4719-aca9-c5fb1c95a2f2","local_time":"20210102001259","is_ascension_mode":true,"campfire_choices":[{"data":"Bash","floor":7.0,"key":"SMITH"},{"data":"Pommel Strike","floor":13.0,"key":"SMITH"},{"data":"Fire Breathing","floor":15.0,"key":"SMITH"},{"data":"Entrench","floor":23.0,"key":"SMITH"},{"data":"Evolve","floor":27.0,"key":"SMITH"},{"data":"Dark Embrace","floor":32.0,"key":"SMITH"},{"data":"Burning Pact","floor":49,"key":"SMITH"}],"circlet_count":0,"master_deck":["AscendersBane","Strike_R","Defend_R","Defend_R","Bash+1","Power Through+1","Pommel Strike+1","Fire Breathing+1","Second Wind","Evolve+1","Entrench+1","Body Slam","Flame Barrier+1","Dark Embrace+1","CurseOfTheBell","Barricade+1","Battle Trance+1","Shrug It Off+1","Body Slam","Fire Breathing+1","Burning Pact+1"],"relics":["Burning Blood","NeowsBlessing","Akabeko","Golden Idol","hubris:ChampionShield","hubris:AstralHammer","Strawberry","Boot","Orichalcum","Coffee Dripper","Centennial Puzzle","Calling Bell","infinitespire:PuzzleCube","Question Card","Incense Burner","hubris:RunicObelisk","Orrery","Mummified Hand","War Paint","hubris:DeckOfHolding","infinitespire:Beetle Shell","Sundial","Mercury Hourglass"],"acts_visited":["Exordium","TheCity","TheBeyond"],"potions_floor_usage":[51],"damage_taken":[{"damage":0.0,"enemies":"Small Slimes","floor":1.0,"turns":1.0},{"damage":0.0,"enemies":"Gremlin Nob","floor":6.0,"turns":1.0},{"damage":0.0,"enemies":"Lagavulin","floor":8.0,"turns":1.0},{"damage":8.0,"enemies":"Gremlin Nob","floor":10.0,"turns":3.0},{"damage":6.0,"enemies":"Jaw Worm","floor":14.0,"turns":3.0},{"damage":0.0,"enemies":"Slime Boss","floor":16.0,"turns":6.0},{"damage":17.0,"enemies":"Spheric Guardian","floor":18.0,"turns":4.0},{"damage":14.0,"enemies":"3 Byrds","floor":19.0,"turns":4.0},{"damage":9.0,"enemies":"Snake Plant","floor":21.0,"turns":4.0},{"damage":10.0,"enemies":"Centurion and Healer","floor":22.0,"turns":12.0},{"damage":20.0,"enemies":"Cultist and Chosen","floor":24.0,"turns":4.0},{"damage":0.0,"enemies":"Chosen and Byrds","floor":28.0,"turns":4.0},{"damage":14.0,"enemies":"Snake Plant","floor":31.0,"turns":4.0},{"damage":18.0,"enemies":"hubris:MusketHawk","floor":33.0,"turns":7.0},{"damage":0.0,"enemies":"3 Darklings","floor":35.0,"turns":5.0},{"damage":0.0,"enemies":"Orb Walker","floor":39.0,"turns":3.0},{"damage":44.0,"enemies":"Reptomancer","floor":40.0,"turns":7.0},{"damage":0.0,"enemies":"Giant Head","floor":42.0,"turns":6.0},{"damage":0.0,"enemies":"Writhing Mass","floor":44.0,"turns":4.0},{"damage":1,"enemies":"Jaw Worm Horde","floor":45,"turns":4},{"damage":0,"enemies":"Spire Growth","floor":46,"turns":5},{"damage":13,"enemies":"Awakened One","floor":50,"turns":6},{"damage":5,"enemies":"Time Eater","floor":51,"turns":5}],"seed_played":"7118613203616904508","potions_obtained":[{"floor":1.0,"key":"AttackPotion"},{"floor":6.0,"key":"SpeedPotion"},{"floor":8.0,"key":"infinitespire:BlackPotion"},{"floor":22.0,"key":"Regen Potion"},{"floor":28.0,"key":"ElixirPotion"},{"floor":31.0,"key":"ElixirPotion"},{"floor":36.0,"key":"LiquidMemories"},{"floor":40.0,"key":"Block Potion"}],"is_trial":false,"path_per_floor":["M","?","T","?","?","E","R","E","T","E","$","?","R","M","R","B",null,"M","M","$","M","M","R","M","?","T","R","M","$","AVR","M","R","B",null,"M","?","$","?","M","E","AVR","E","T","M","M","M","T","?","R","B","B",null],"character_chosen":"IRONCLAD","items_purchased":["Fire Breathing","Evolve","Entrench","Orrery","Mummified Hand","War Paint"],"campfire_rested":0,"item_purchase_floors":[11,20,20,37,37,37],"current_hp_per_floor":[74,74,74,67,67,68,68,68,75,73,73,73,73,73,73,75,75,64,56,56,53,49,49,35,35,35,35,46,46,46,38,38,26,63,69,69,28,75,75,37,37,43,43,49,54,60,60,60,60,53,54],"gold":380,"neow_bonus":"THREE_ENEMY_KILL","is_daily":false,"chose_seed":false,"campfire_upgraded":7,"win_rate":0.0,"timestamp":1609513979,"path_taken":["M","?","?","?","?","E","R","E","T","E","$","?","R","?","R","BOSS","M","?","$","M","M","R","M","?","T","R","M","?","AVR","M","R","BOSS","M","?","?","?","M","E","AVR","E","T","?","M","M","?","?","R","BOSS","BOSS"],"items_purchased_type":["Card","Card","Card","Relic","Relic","Relic"],"build_version":"2020-12-22","purchased_purges":5,"victory":true,"max_hp_per_floor":[75,75,75,75,68,68,68,68,75,75,75,75,75,75,75,75,75,75,75,75,75,75,75,75,75,75,75,75,75,75,75,75,75,75,75,75,75,75,75,75,75,75,75,75,75,75,75,75,75,75,75],"card_choices":[{"not_picked":["Armaments","Intimidate"],"picked":"Power Through","floor":1.0},{"not_picked":["Cleave","Power Through","Clash"],"picked":"SKIP","floor":6.0},{"not_picked":["Cleave","Anger"],"picked":"Pommel Strike","floor":8.0},{"not_picked":["Intimidate","Shrug It Off"],"picked":"Inflame","floor":10.0},{"not_picked":["Battle Trance","hubris:ReadiedAction"],"picked":"Second Wind","floor":14.0},{"not_picked":["Inflame","Havoc","Heavy Blade"],"picked":"SKIP","floor":18.0},{"not_picked":["Rampage","hubris:SharpeningStone+1","Searing Blow"],"picked":"SKIP","floor":19.0},{"not_picked":["Anger","Rupture"],"picked":"Body Slam","floor":21.0},{"not_picked":["Metallicize","Evolve","Clothesline"],"picked":"SKIP","floor":22.0},{"not_picked":["Thunderclap","Dropkick"],"picked":"Flame Barrier","floor":24.0},{"not_picked":["Clash","Body Slam"],"picked":"Dark Embrace","floor":28.0},{"not_picked":["Evolve","Pommel Strike","Perfected Strike","Havoc"],"picked":"SKIP","floor":31.0},{"not_picked":["Offering","Immolate","Impervious"],"picked":"Barricade","floor":33.0},{"not_picked":["Warcry+1","Iron Wave","Rupture"],"picked":"Battle Trance","floor":35.0},{"not_picked":["Evolve","hubris:ReadiedAction","Thunderclap"],"picked":"Shrug It Off+1","floor":37.0},{"not_picked":["Clothesline+1","Flex","Heavy Blade"],"picked":"Body Slam","floor":37.0},{"not_picked":["Clothesline","Shrug It Off","True Grit"],"picked":"Fire Breathing+1","floor":39.0},{"not_picked":["Twin Strike","Cleave","Demon Form","Hemokinesis"],"picked":"SKIP","floor":40.0},{"not_picked":["Heavy Blade","Infernal Blade","Thunderclap","Second Wind+1"],"picked":"SKIP","floor":42.0},{"not_picked":["Thunderclap","Whirlwind","Pummel"],"picked":"Burning Pact","floor":44},{"not_picked":["Fire Breathing","Metallicize","True Grit+1","Bloodletting"],"picked":"SKIP","floor":45},{"not_picked":["True Grit+1","Heavy Blade","Pommel Strike","Anger+1"],"picked":"SKIP","floor":46}],"player_experience":1297893,"relics_obtained":[{"floor":3.0,"key":"Akabeko"},{"floor":6.0,"key":"hubris:ChampionShield"},{"floor":8.0,"key":"hubris:AstralHammer"},{"floor":9.0,"key":"Strawberry"},{"floor":10.0,"key":"Boot"},{"floor":12.0,"key":"Orichalcum"},{"floor":30.0,"key":"infinitespire:PuzzleCube"},{"floor":30.0,"key":"Question Card"},{"floor":30.0,"key":"Incense Burner"},{"floor":40.0,"key":"hubris:DeckOfHolding"},{"floor":43.0,"key":"Sundial"},{"floor":47,"key":"Mercury Hourglass"}],"event_choices":[{"cards_removed":["Defend_R"],"damage_healed":0.0,"max_hp_gain":0.0,"max_hp_loss":0.0,"gold_gain":0.0,"event_name":"Golden Wing","player_choice":"Card Removal","floor":4.0,"gold_loss":0.0,"damage_taken":7.0},{"damage_healed":0.0,"max_hp_gain":0.0,"max_hp_loss":7.0,"gold_gain":0.0,"event_name":"Golden Idol","player_choice":"Lose Max HP","floor":5.0,"gold_loss":0.0,"damage_taken":0.0,"relics_obtained":["Golden Idol"]},{"damage_healed":0.0,"max_hp_gain":0.0,"max_hp_loss":0.0,"gold_gain":0.0,"event_name":"Upgrade Shrine","player_choice":"Upgraded","floor":25.0,"gold_loss":0.0,"damage_taken":0.0,"cards_upgraded":["Power Through"]},{"damage_healed":0.0,"max_hp_gain":0.0,"max_hp_loss":0.0,"gold_gain":0.0,"event_name":"Lab","player_choice":"Got Potions","floor":36.0,"gold_loss":0.0,"damage_taken":0.0},{"cards_removed":["Inflame"],"damage_healed":47.0,"max_hp_gain":0.0,"max_hp_loss":0.0,"gold_gain":0.0,"event_name":"Bonfire Elementals","player_choice":"Offered Uncommon","floor":38.0,"gold_loss":0.0,"damage_taken":0.0},{"damage_healed":0,"gold_gain":0,"player_choice":"Upgraded","damage_taken":0,"max_hp_gain":0,"max_hp_loss":0,"event_name":"Upgrade Shrine","floor":48,"gold_loss":0,"cards_upgraded":["Barricade"]}],"is_beta":false,"boss_relics":[{"not_picked":["infinitespire:Cupcake","hubris:Stopwatch"],"picked":"Coffee Dripper"},{"not_picked":["SlaversCollar","Black Star"],"picked":"hubris:RunicObelisk"}],"items_purged_floors":[11,20,30,37,41],"is_endless":false,"potions_floor_spawned":[1,6,8,22,24,28,31,39,40,44,46],"ascension_level":20}}