{"host":"h4lp0eeso8a0ssq0","time":1609465176,"event":{"mods":["2.2 Compatiblity","BaseMod","CapriCore","Colored Map","Hermit","Lobotomy","Marisa£¨Ùöéë¡¡Øª×âÞÞ£©","Minty Spire (QoL Compilation)","StSLib","SuperFastMode","The Cursed","The Hierophant","The Immortal"],"gold_per_floor":[116,116,132,144,158,158,178,203,203,203,218,233,233,253,253,253,253],"floor_reached":16,"playtime":767,"items_purged":[],"score":106,"play_id":"79101c85-efa1-4edd-9b4b-442ccfd3b1e9","local_time":"20210101103936","is_ascension_mode":false,"campfire_choices":[{"data":"Eruption","floor":6,"key":"SMITH"},{"floor":13,"key":"REST"},{"data":"Consecrate","floor":15,"key":"SMITH"}],"circlet_count":0,"master_deck":["Strike_P","Strike_P","Strike_P","Strike_P","Defend_P+1","Defend_P","Defend_P","Defend_P","Eruption+1","Vigilance","Dramatic Entrance","Prostrate+1","Consecrate+1","Worship","Consecrate","DeceiveReality","EmptyMind"],"relics":["PureWater","Darkstone Periapt","Bag of Preparation"],"acts_visited":["Exordium"],"potions_floor_usage":[16,16,16],"damage_taken":[{"damage":9,"enemies":"Small Slimes","floor":1,"turns":3},{"damage":0,"enemies":"Cultist","floor":3,"turns":2},{"damage":0,"enemies":"2 Louse","floor":4,"turns":1},{"damage":0,"enemies":"Looter","floor":5,"turns":2},{"damage":0,"enemies":"2 Fungi Beasts","floor":7,"turns":1},{"damage":31,"enemies":"3 Sentries","floor":8,"turns":6},{"damage":6,"enemies":"Large Slime","floor":11,"turns":3},{"damage":15,"enemies":"Looter","floor":12,"turns":4},{"damage":0,"enemies":"Gremlin Gang","floor":14,"turns":2},{"damage":27,"enemies":"The Guardian","floor":16,"turns":10}],"seed_played":"6059455442903200345","potions_obtained":[{"floor":1,"key":"GamblersBrew"},{"floor":3,"key":"LiquidMemories"},{"floor":7,"key":"Fire Potion"},{"floor":11,"key":"SteroidPotion"}],"is_trial":false,"path_per_floor":["M","?","M","M","M","R","M","E","T","?","M","M","R","M","R","B"],"character_chosen":"WATCHER","items_purchased":[],"campfire_rested":1,"item_purchase_floors":[],"current_hp_per_floor":[70,70,70,70,70,70,70,39,39,23,17,2,25,25,25,0,0],"gold":253,"neow_bonus":"TEN_PERCENT_HP_BONUS","is_daily":false,"chose_seed":false,"campfire_upgraded":2,"win_rate":0.0,"timestamp":1609465176,"path_taken":["M","?","M","M","M","R","?","E","T","?","M","M","R","M","R","BOSS"],"items_purchased_type":[],"build_version":"2020-12-22","purchased_purges":0,"victory":false,"max_hp_per_floor":[79,79,79,79,79,79,79,79,79,79,79,79,79,79,79,79,79],"card_choices":[{"not_picked":["InnerPeace","JustLucky","ThirdEye"],"picked":"SKIP","floor":1},{"not_picked":["Protect","Conclude"],"picked":"Prostrate","floor":3},{"not_picked":["InnerPeace","Protect","Halt"],"picked":"SKIP","floor":4},{"not_picked":["Worship","Crescendo"],"picked":"Consecrate","floor":5},{"not_picked":["Meditate","Halt"],"picked":"Worship","floor":7},{"not_picked":["Perseverance","ConjureBlade"],"picked":"Consecrate","floor":8},{"not_picked":["CutThroughFate","Adaptation"],"picked":"DeceiveReality","floor":11},{"not_picked":["Swivel","TalkToTheHand"],"picked":"EmptyMind","floor":12},{"not_picked":["SashWhip","Swivel","JustLucky"],"picked":"SKIP","floor":14}],"player_experience":48803,"relics_obtained":[{"floor":8,"key":"Darkstone Periapt"},{"floor":9,"key":"Bag of Preparation"}],"event_choices":[{"damage_healed":0,"gold_gain":0,"player_choice":"1 cards matched","damage_taken":0,"max_hp_gain":0,"max_hp_loss":0,"event_name":"Match and Keep!","floor":2,"gold_loss":0,"cards_obtained":["Dramatic Entrance"]},{"damage_healed":0,"gold_gain":0,"player_choice":"Entered Light","damage_taken":16,"max_hp_gain":0,"max_hp_loss":0,"event_name":"Shining Light","floor":10,"gold_loss":0,"cards_upgraded":["Defend_P","Prostrate"]}],"is_beta":false,"boss_relics":[],"items_purged_floors":[],"is_endless":false,"potions_floor_spawned":[1,3,7,11],"killed_by":"The Guardian","ascension_level":0}}