{"host":"2se5dq1do2gp0x9k","time":1609473215,"event":{"mods":["AchievementEnabler","BaseMod","Block Reminder","Colored Map","Colored Powertips","Minty Spire (QoL Compilation)","Relic Stats","StSLib","SuperFastMode"],"gold_per_floor":[217,237,250,125,39,39,39,72,72,95,114,114,114,153,153,244,244,257,282,296,311,311,311,311,311],"floor_reached":24,"playtime":890,"items_purged":["Strike_B"],"score":416,"play_id":"152557e6-047a-4f17-995a-db7faa086b06","local_time":"20201231195335","is_ascension_mode":true,"campfire_choices":[{"data":"Defragment","floor":7,"key":"SMITH"},{"floor":12,"key":"REST"},{"data":"Hologram","floor":15,"key":"SMITH"},{"data":"Hologram","floor":23,"key":"SMITH"}],"circlet_count":0,"master_deck":["AscendersBane","Strike_B+1","Defend_B","Defend_B","Zap","Dualcast","Ball Lightning","Leap","Ball Lightning","Coolheaded","Defragment+1","Genetic Algorithm","Hologram+1","Core Surge","Chill","Machine Learning","Stack+1","Multi-Cast+1","Leap+1","Consume","Cold Snap","Hologram+1"],"relics":["Cracked Core","Golden Idol","DataDisk","Question Card","Whetstone","Astrolabe"],"acts_visited":["Exordium","TheCity"],"potions_floor_usage":[11,14,16,24],"damage_taken":[{"damage":1,"enemies":"Cultist","floor":1,"turns":3},{"damage":13,"enemies":"2 Louse","floor":2,"turns":2},{"damage":1,"enemies":"Small Slimes","floor":3,"turns":3},{"damage":30,"enemies":"Gremlin Nob","floor":8,"turns":4},{"damage":3,"enemies":"3 Louse","floor":10,"turns":3},{"damage":4,"enemies":"Blue Slaver","floor":11,"turns":3},{"damage":4,"enemies":"3 Sentries","floor":14,"turns":5},{"damage":8,"enemies":"Hexaghost","floor":16,"turns":9},{"damage":4,"enemies":"2 Thieves","floor":18,"turns":4},{"damage":0,"enemies":"Chosen","floor":19,"turns":4},{"damage":0,"enemies":"Snecko","floor":20,"turns":7},{"damage":24,"enemies":"Centurion and Healer","floor":21,"turns":9},{"damage":31,"enemies":"Gremlin Leader","floor":24,"turns":5}],"seed_played":"-4786306563368657426","potions_obtained":[{"floor":2,"key":"SteroidPotion"},{"floor":3,"key":"Energy Potion"},{"floor":8,"key":"GamblersBrew"},{"floor":10,"key":"EssenceOfSteel"},{"floor":14,"key":"Regen Potion"},{"floor":18,"key":"EssenceOfSteel"}],"is_trial":false,"path_per_floor":["M","M","M","$","$","?","R","E","T","M","M","R","?","E","R","B",null,"M","M","M","M","?","R","E"],"character_chosen":"DEFECT","items_purchased":["Coolheaded","Defragment"],"campfire_rested":1,"item_purchase_floors":[4,5],"current_hp_per_floor":[63,50,49,49,49,49,49,19,19,16,12,31,31,27,27,34,57,53,53,53,29,29,29,0,0],"gold":311,"neow_bonus":"HUNDRED_GOLD","is_daily":false,"chose_seed":false,"campfire_upgraded":3,"win_rate":0.0,"timestamp":1609473215,"path_taken":["M","M","M","?","$","?","R","E","T","M","M","R","?","E","R","BOSS","M","M","?","M","?","R","E"],"items_purchased_type":["Card","Card"],"build_version":"2020-12-22","purchased_purges":1,"victory":false,"max_hp_per_floor":[71,71,71,71,71,64,64,64,64,64,64,64,64,64,64,64,64,64,64,64,64,64,64,64,64],"relic_stats":{"counters":[13,61],"Golden Idol":56,"Astrolabe":["Stack","Multi-Cast","Leap"],"Whetstone":["Strike_B","Strike_B"],"Question Card":8,"obtain_stats":[{"DataDisk":8,"Golden Idol":6,"Astrolabe":17,"Whetstone":14,"Cracked Core":0,"Question Card":9},{"DataDisk":4,"Golden Idol":3,"Astrolabe":8,"Whetstone":7,"Cracked Core":0,"Question Card":4},{"DataDisk":12,"Golden Idol":8,"Astrolabe":32,"Whetstone":23,"Cracked Core":0,"Question Card":12}]},"card_choices":[{"not_picked":["Leap","Sweeping Beam"],"picked":"Ball Lightning","floor":1},{"not_picked":["Beam Cell","Force Field"],"picked":"Leap","floor":2},{"not_picked":["Darkness","Reboot"],"picked":"Ball Lightning","floor":3},{"not_picked":["Leap","Chaos"],"picked":"Genetic Algorithm","floor":8},{"not_picked":["Scrape","Storm","BootSequence"],"picked":"Hologram","floor":10},{"not_picked":["Skim","Storm","Conserve Battery"],"picked":"Core Surge","floor":11},{"not_picked":["Conserve Battery","Blizzard","Hologram"],"picked":"Chill","floor":14},{"not_picked":["Reboot","All For One","Seek"],"picked":"Machine Learning","floor":16},{"not_picked":["Scrape+1","Streamline","Sweeping Beam"],"picked":"Consume","floor":18},{"not_picked":["Redo+1","Leap","Go for the Eyes"],"picked":"Cold Snap","floor":19},{"not_picked":["Stack","Leap","Beam Cell","Storm"],"picked":"SKIP","floor":20},{"not_picked":["Rebound","Beam Cell","Steam Power"],"picked":"Hologram","floor":21}],"player_experience":3681295,"relics_obtained":[{"floor":8,"key":"DataDisk"},{"floor":9,"key":"Question Card"},{"floor":14,"key":"Whetstone"}],"event_choices":[{"damage_healed":0,"gold_gain":0,"player_choice":"Lose Max HP","damage_taken":0,"relics_obtained":["Golden Idol"],"max_hp_gain":0,"max_hp_loss":7,"event_name":"Golden Idol","floor":6,"gold_loss":0},{"cards_removed":["Strike_B"],"damage_healed":0,"gold_gain":0,"player_choice":"Offered Basic","damage_taken":0,"max_hp_gain":0,"max_hp_loss":0,"event_name":"Bonfire Elementals","floor":13,"gold_loss":0},{"damage_healed":0,"gold_gain":0,"player_choice":"Ignored","damage_taken":0,"max_hp_gain":0,"max_hp_loss":0,"event_name":"Cursed Tome","floor":22,"gold_loss":0}],"is_beta":false,"boss_relics":[{"not_picked":["Fusion Hammer","Calling Bell"],"picked":"Astrolabe"}],"items_purged_floors":[4],"is_endless":false,"potions_floor_spawned":[2,3,8,10,14,18],"killed_by":"Gremlin Leader","ascension_level":20}}