{"host":"5kxsp73ljq8rs5p9","time":1609476063,"event":{"mods":["BaseMod","Challenge The Spire","Colored Powertips","Minty Spire (QoL Compilation)","Quick Restart","Relic Stats","Replay The Spire","StSLib","The Marked","vexMod"],"gold_per_floor":[111,126,126,126,58,85,85,85,85,117,130,149,124,17,17,116,116,136,136,150,164,104,130,130,157,181,216,216,216],"floor_reached":28,"playtime":1275,"items_purged":[],"score":309,"play_id":"237d9072-0942-42dd-9e60-a6ca1ba3f343","local_time":"20210101124103","is_ascension_mode":false,"campfire_choices":[{"data":"theMarked:MysticalArsenal","floor":8,"key":"SMITH"},{"data":"theMarked:Improvise","floor":15,"key":"SMITH"},{"floor":24,"key":"REST"}],"circlet_count":0,"master_deck":["theMarked:Strike","theMarked:Strike","theMarked:Strike","theMarked:Strike","theMarked:Strike","theMarked:Defend","theMarked:Defend","theMarked:Defend","theMarked:Defend","theMarked:SoldierOfQuellstein","theMarked:BanishingStrike","theMarked:MysticalArsenal+1","theMarked:HeritageOfTheMarked","theMarked:Aftermath","theMarked:ChainLightning","theMarked:EnhanceMovement","theMarked:Improvise+1","theMarked:ComboAttacks","theMarked:Parkour","theMarked:SummonStrength","theMarked:Opportunist","theMarked:EmpowerWeapon","theMarked:Parry+1","theMarked:HeightenedSenses","theMarked:Indomitable","theMarked:RogueSparks+1"],"relics":["theMarked:ArtifactOfAir","NeowsBlessing","Mummified Hand","Omamori","WarpedTongs","Garlic","Blood Vial","SlaversCollar","Lizard Tail","vexMod:BarristanHead","Du-Vu Doll","Bag of Preparation","vexMod:Dragonfruit"],"acts_visited":["Exordium","TheCity"],"potions_floor_usage":[16,18,23,23,25,27,28],"damage_taken":[{"damage":0,"enemies":"Cultist","floor":1,"turns":1},{"damage":0,"enemies":"Small Slimes","floor":2,"turns":1},{"damage":0,"enemies":"Gremlin Nob","floor":6,"turns":1},{"damage":13,"enemies":"3 Sentries","floor":10,"turns":7},{"damage":0,"enemies":"Jaw Worm","floor":11,"turns":3},{"damage":1,"enemies":"3 Louse","floor":12,"turns":4},{"damage":29,"enemies":"Slime Boss","floor":16,"turns":7},{"damage":25,"enemies":"Shell Parasite","floor":18,"turns":5},{"damage":21,"enemies":"Spheric Guardian","floor":20,"turns":4},{"damage":22,"enemies":"Snecko","floor":21,"turns":4},{"damage":31,"enemies":"Slavers","floor":23,"turns":5},{"damage":3,"enemies":"Book of Stabbing","floor":25,"turns":4},{"damage":32,"enemies":"Slavers","floor":27,"turns":4},{"damage":15,"enemies":"Sentry and Sphere","floor":28,"turns":3}],"seed_played":"-2275377389225193548","potions_obtained":[{"floor":1,"key":"LiquidBronze"},{"floor":2,"key":"SkillPotion"},{"floor":12,"key":"Strength Potion"},{"floor":16,"key":"EssenceOfSteel"},{"floor":21,"key":"Flashbang"},{"floor":23,"key":"Flashbang"},{"floor":25,"key":"Elixir"},{"floor":27,"key":"SkillPotion"}],"is_trial":false,"path_per_floor":["M","M","?","?","$","E","?","R","T","E","M","M","?","$","R","B",null,"M","?","M","M","?","E","R","E","T","E","M"],"character_chosen":"THE_DEFAULT","items_purchased":["theMarked:HeritageOfTheMarked","theMarked:ComboAttacks","theMarked:Parkour"],"campfire_rested":1,"item_purchase_floors":[5,14,14],"current_hp_per_floor":[70,70,70,67,67,67,67,67,67,54,56,57,57,57,57,30,70,45,45,26,6,6,12,33,32,32,7,0,0],"gold":216,"neow_bonus":"THREE_ENEMY_KILL","is_daily":false,"chose_seed":false,"campfire_upgraded":2,"win_rate":0.0,"timestamp":1609476063,"path_taken":["M","M","?","?","?","E","?","R","T","E","?","M","?","$","R","BOSS","M","?","M","M","?","E","R","E","T","E","M"],"items_purchased_type":["Card","Card","Card"],"build_version":"2020-12-22","purchased_purges":0,"victory":false,"max_hp_per_floor":[70,70,70,70,70,70,70,70,70,70,70,70,70,70,70,70,70,70,70,70,70,70,70,70,70,70,75,75,75],"relic_stats":{"Blood Vial":18,"Lizard Tail":35,"counters":[14,50],"Mummified Hand":[50],"Bag of Preparation":[4],"obtain_stats":[{"NeowsBlessing":0,"Omamori":6,"Bag of Preparation":26,"WarpedTongs":7,"Blood Vial":10,"Du-Vu Doll":25,"vexMod:Dragonfruit":27,"theMarked:ArtifactOfAir":0,"SlaversCollar":17,"Lizard Tail":19,"vexMod:BarristanHead":23,"Mummified Hand":4,"Garlic":9},{"NeowsBlessing":0,"Omamori":3,"Bag of Preparation":12,"WarpedTongs":3,"Blood Vial":4,"Du-Vu Doll":12,"vexMod:Dragonfruit":13,"theMarked:ArtifactOfAir":0,"SlaversCollar":7,"Lizard Tail":8,"vexMod:BarristanHead":11,"Mummified Hand":2,"Garlic":3},{"NeowsBlessing":0,"Omamori":3,"Bag of Preparation":44,"WarpedTongs":3,"Blood Vial":9,"Du-Vu Doll":44,"vexMod:Dragonfruit":47,"theMarked:ArtifactOfAir":0,"SlaversCollar":23,"Lizard Tail":27,"vexMod:BarristanHead":40,"Mummified Hand":2,"Garlic":3}],"WarpedTongs":[47]},"card_choices":[{"not_picked":["theMarked:CreepingChasm","theMarked:EmpowerWeapon"],"picked":"theMarked:BanishingStrike","floor":1},{"not_picked":["theMarked:Frustration","theMarked:Electrify"],"picked":"theMarked:MysticalArsenal","floor":2},{"not_picked":["theMarked:TakeCover","theMarked:Opportunist"],"picked":"theMarked:Aftermath","floor":6},{"not_picked":["theMarked:Panic","theMarked:Parkour"],"picked":"theMarked:ChainLightning","floor":10},{"not_picked":["theMarked:ShockingTouch","theMarked:Aftermath"],"picked":"theMarked:EnhanceMovement","floor":11},{"not_picked":["theMarked:TwofoldDefense","theMarked:BanishingStrike"],"picked":"theMarked:Improvise","floor":12},{"not_picked":["theMarked:Defy","theMarked:Levitate"],"picked":"theMarked:SummonStrength","floor":16},{"not_picked":["theMarked:RepellingDischarge","theMarked:TwofoldDefense+1"],"picked":"theMarked:Opportunist","floor":18},{"not_picked":["theMarked:Electrify+1","theMarked:Parkour"],"picked":"theMarked:EmpowerWeapon","floor":20},{"not_picked":["theMarked:Electrify","theMarked:TwofoldDefense"],"picked":"theMarked:Parry+1","floor":21},{"not_picked":["theMarked:RogueSparks","theMarked:ElectricStrings"],"picked":"theMarked:HeightenedSenses","floor":23},{"not_picked":["theMarked:WastefulAttack","theMarked:Generate"],"picked":"theMarked:Indomitable","floor":25},{"not_picked":["theMarked:EnhancedHearing+1","theMarked:ElectricStrings"],"picked":"theMarked:RogueSparks+1","floor":27}],"player_experience":172797,"relics_obtained":[{"floor":6,"key":"Omamori"},{"floor":9,"key":"Garlic"},{"floor":10,"key":"Blood Vial"},{"floor":23,"key":"vexMod:BarristanHead"},{"floor":25,"key":"Du-Vu Doll"},{"floor":26,"key":"Bag of Preparation"},{"floor":27,"key":"vexMod:Dragonfruit"}],"event_choices":[{"damage_healed":0,"gold_gain":0,"player_choice":"Ignored","damage_taken":0,"max_hp_gain":0,"max_hp_loss":0,"event_name":"Golden Wing","floor":3,"gold_loss":0},{"damage_healed":0,"gold_gain":0,"player_choice":"Success","damage_taken":3,"relics_obtained":["Mummified Hand"],"max_hp_gain":0,"max_hp_loss":0,"event_name":"Scrap Ooze","floor":4,"gold_loss":0},{"damage_healed":0,"gold_gain":0,"player_choice":"Rummage","damage_taken":0,"relics_obtained":["WarpedTongs"],"max_hp_gain":0,"max_hp_loss":0,"event_name":"Accursed Blacksmith","floor":7,"gold_loss":0,"cards_obtained":["Pain"]}],"is_beta":false,"boss_relics":[{"not_picked":["Snecko Eye","Philosopher\u0027s Stone"],"picked":"SlaversCollar"}],"items_purged_floors":[],"is_endless":false,"potions_floor_spawned":[1,2,12,16,21,23,25,27],"killed_by":"Sentry and Sphere","ascension_level":0}}