{"host":"la7tuvtiv6v38fe3","time":1609485824,"event":{"mods":["AchievementEnabler","BaseMod","Bestiary","Colored Map","Colored Powertips","Highlight Path","Minty Spire (QoL Compilation)","Relic Stats","StSLib","ojb\u0027s Info Mod"],"gold_per_floor":[112,112,124,124,138,138,165,165,165,165,184,184,198,228,228,326,326,336,336,3,13,32,63,63,63,63,82,82,8,24,44,44,141,141,160,180,180,200,216,216,265,281,281,281,292,309,309,321,321,321],"floor_reached":51,"playtime":6285,"items_purged":["Defend_P"],"score":880,"play_id":"4590e901-f9f2-472d-a32e-35dfcb6ff6b1","local_time":"20201231232344","is_ascension_mode":true,"campfire_choices":[{"data":"Vigilance","floor":6,"key":"SMITH"},{"data":"CutThroughFate","floor":8,"key":"SMITH"},{"data":"Halt","floor":10,"key":"SMITH"},{"data":"DeceiveReality","floor":15,"key":"SMITH"},{"floor":25,"key":"REST"},{"floor":32,"key":"REST"},{"floor":40,"key":"REST"},{"data":"ThirdEye","floor":44,"key":"SMITH"},{"data":"LikeWater","floor":47,"key":"SMITH"},{"data":"WaveOfTheHand","floor":49,"key":"SMITH"}],"circlet_count":0,"master_deck":["Strike_P","Strike_P","Strike_P","Defend_P","Defend_P","Defend_P+1","Eruption+1","Vigilance+1","CurseOfTheBell","CrushJoints+1","Halt+1","CutThroughFate+1","LikeWater+1","EmptyFist","DeceiveReality+1","DevaForm+1","LikeWater+1","LikeWater+1","WaveOfTheHand+1","Establishment+1","BattleHymn+1","ThirdEye+1","FollowUp","Crescendo","ThirdEye+1","TalkToTheHand","InnerPeace+1","Perseverance","CutThroughFate+1","EmptyBody+1","Master of Strategy","Parasite","ThirdEye+1","DeceiveReality+1","Wireheading+1"],"relics":["Calling Bell","Bag of Marbles","Mercury Hourglass","FossilizedHelix","Eternal Feather","Oddly Smooth Stone","Frozen Egg 2","Philosopher\u0027s Stone","Orrery","MealTicket","Gremlin Horn","VioletLotus","Boot","Kunai"],"acts_visited":["Exordium","TheCity","TheBeyond"],"potions_floor_usage":[16,16,16,22,33,36,45,46,50,50],"damage_taken":[{"damage":0,"enemies":"Small Slimes","floor":1,"turns":4},{"damage":0,"enemies":"2 Louse","floor":3,"turns":3},{"damage":0,"enemies":"Cultist","floor":5,"turns":3},{"damage":7,"enemies":"3 Sentries","floor":7,"turns":10},{"damage":0,"enemies":"Blue Slaver","floor":11,"turns":2},{"damage":6,"enemies":"3 Louse","floor":13,"turns":2},{"damage":0,"enemies":"Lagavulin","floor":14,"turns":4},{"damage":33,"enemies":"Hexaghost","floor":16,"turns":15},{"damage":1,"enemies":"Spheric Guardian","floor":18,"turns":4},{"damage":0,"enemies":"Chosen","floor":21,"turns":3},{"damage":0,"enemies":"3 Cultists","floor":22,"turns":5},{"damage":47,"enemies":"Slavers","floor":23,"turns":6},{"damage":10,"enemies":"Snake Plant","floor":27,"turns":5},{"damage":11,"enemies":"Shelled Parasite and Fungi","floor":30,"turns":5},{"damage":21,"enemies":"Centurion and Healer","floor":31,"turns":5},{"damage":15,"enemies":"Champ","floor":33,"turns":11},{"damage":4,"enemies":"Orb Walker","floor":35,"turns":5},{"damage":21,"enemies":"3 Darklings","floor":36,"turns":8},{"damage":14,"enemies":"Writhing Mass","floor":38,"turns":13},{"damage":10,"enemies":"Sphere and 2 Shapes","floor":39,"turns":7},{"damage":0,"enemies":"4 Shapes","floor":42,"turns":6},{"damage":20,"enemies":"Transient","floor":45,"turns":5},{"damage":2,"enemies":"Jaw Worm Horde","floor":46,"turns":7},{"damage":2,"enemies":"Sphere and 2 Shapes","floor":48,"turns":6},{"damage":53,"enemies":"Time Eater","floor":50,"turns":22}],"seed_played":"5721351611247983594","potions_obtained":[{"floor":1,"key":"SkillPotion"},{"floor":3,"key":"Swift Potion"},{"floor":11,"key":"GamblersBrew"},{"floor":16,"key":"SpeedPotion"},{"floor":23,"key":"Ancient Potion"},{"floor":31,"key":"Swift Potion"},{"floor":33,"key":"Dexterity Potion"},{"floor":39,"key":"GamblersBrew"},{"floor":42,"key":"Dexterity Potion"},{"floor":45,"key":"DuplicationPotion"}],"is_trial":false,"path_per_floor":["M","?","M","?","M","R","E","R","T","R","M","?","M","E","R","B",null,"M","?","$","M","M","E","?","R","T","M","?","$","M","M","R","B",null,"M","M","?","M","M","R","T","M","T","R","M","M","R","M","R","B",null],"character_chosen":"WATCHER","items_purchased":["LikeWater+1","WaveOfTheHand","Orrery","Perseverance"],"campfire_rested":3,"item_purchase_floors":[20,20,20,29],"current_hp_per_floor":[65,51,51,51,51,51,44,50,50,56,56,49,43,43,52,19,59,58,58,58,58,58,11,11,47,47,37,24,39,28,7,45,30,65,61,40,40,26,16,57,57,57,57,75,55,53,74,72,77,24],"gold":321,"neow_bonus":"BOSS_RELIC","is_daily":false,"chose_seed":false,"campfire_upgraded":7,"win_rate":0.0,"timestamp":1609485824,"path_taken":["M","?","M","?","M","R","E","R","T","R","?","?","M","E","R","BOSS","M","?","$","M","M","E","?","R","T","M","?","?","M","M","R","BOSS","M","M","?","M","M","R","?","M","T","R","?","M","R","M","R","BOSS"],"items_purchased_type":["Card","Card","Relic","Card"],"build_version":"2020-12-22","purchased_purges":1,"victory":true,"max_hp_per_floor":[72,72,72,72,72,72,72,72,72,72,72,72,72,72,72,72,72,72,72,72,72,72,72,72,72,72,72,77,77,77,77,77,77,77,77,77,77,77,77,77,77,77,77,77,77,77,77,77,77,77],"relic_stats":{"Gremlin Horn":[14,14],"counters":[25,165],"Eternal Feather":113,"MealTicket":15,"VioletLotus":[4],"Kunai":[13],"Boot":[4],"obtain_stats":[{"Gremlin Horn":26,"Oddly Smooth Stone":9,"Eternal Feather":7,"Frozen Egg 2":14,"Boot":41,"Mercury Hourglass":0,"Calling Bell":0,"Orrery":20,"Philosopher\u0027s Stone":17,"MealTicket":23,"VioletLotus":34,"Bag of Marbles":0,"Kunai":43,"PureWater":0,"FossilizedHelix":0},{"Gremlin Horn":12,"Oddly Smooth Stone":4,"Eternal Feather":4,"Frozen Egg 2":7,"Boot":20,"Mercury Hourglass":0,"Calling Bell":0,"Orrery":9,"Philosopher\u0027s Stone":8,"MealTicket":12,"VioletLotus":16,"Bag of Marbles":0,"Kunai":21,"PureWater":0,"FossilizedHelix":0},{"Gremlin Horn":60,"Oddly Smooth Stone":19,"Eternal Feather":19,"Frozen Egg 2":27,"Boot":119,"Mercury Hourglass":0,"Calling Bell":0,"Orrery":46,"Philosopher\u0027s Stone":42,"MealTicket":60,"VioletLotus":86,"Bag of Marbles":0,"Kunai":125,"PureWater":0,"FossilizedHelix":0}],"Mercury Hourglass":[598]},"card_choices":[{"not_picked":["Prostrate","Evaluate"],"picked":"CrushJoints","floor":1},{"not_picked":["PathToVictory","ConjureBlade"],"picked":"Halt","floor":3},{"not_picked":["EmptyBody","Sanctity","EmptyMind"],"picked":"SKIP","floor":5},{"not_picked":["Prostrate","Adaptation"],"picked":"CutThroughFate","floor":7},{"not_picked":["CutThroughFate","CrushJoints"],"picked":"LikeWater","floor":11},{"not_picked":["EmptyMind","CutThroughFate"],"picked":"EmptyFist","floor":13},{"not_picked":["FollowUp","PathToVictory"],"picked":"DeceiveReality","floor":14},{"not_picked":["MasterReality+1","SpiritShield"],"picked":"DevaForm+1","floor":16},{"not_picked":["JustLucky+1","ClearTheMind"],"picked":"LikeWater+1","floor":18},{"not_picked":["Swivel","JustLucky"],"picked":"Establishment+1","floor":20},{"not_picked":["EmptyFist","Protect"],"picked":"BattleHymn+1","floor":20},{"not_picked":["JustLucky","CutThroughFate"],"picked":"ThirdEye","floor":20},{"not_picked":["Consecrate","BowlingBash"],"picked":"FollowUp","floor":20},{"not_picked":["FlurryOfBlows+1","FlyingSleeves"],"picked":"Crescendo","floor":20},{"not_picked":["ReachHeaven","WheelKick"],"picked":"ThirdEye+1","floor":21},{"not_picked":["SashWhip","FlyingSleeves"],"picked":"TalkToTheHand","floor":22},{"not_picked":["SignatureMove","FlurryOfBlows+1"],"picked":"InnerPeace+1","floor":23},{"not_picked":["Worship","ClearTheMind","Study+1"],"picked":"SKIP","floor":27},{"not_picked":["EmptyBody","FlurryOfBlows","BattleHymn+1"],"picked":"SKIP","floor":30},{"not_picked":["Tantrum+1","CutThroughFate","Study+1"],"picked":"SKIP","floor":31},{"not_picked":["Protect","JustLucky+1"],"picked":"CutThroughFate+1","floor":35},{"not_picked":["BowlingBash","Halt"],"picked":"EmptyBody+1","floor":36},{"not_picked":["Panacea","Metamorphosis"],"picked":"Master of Strategy","floor":37},{"not_picked":["PathToVictory","ClearTheMind+1"],"picked":"ThirdEye+1","floor":38},{"not_picked":["ThirdEye","Weave"],"picked":"DeceiveReality+1","floor":39},{"not_picked":["FlurryOfBlows+1","Perseverance+1","Vengeance+1"],"picked":"SKIP","floor":42},{"not_picked":["Adaptation+1","BowlingBash+1"],"picked":"Wireheading+1","floor":45},{"not_picked":["Weave","ThirdEye","Halt"],"picked":"SKIP","floor":46},{"not_picked":["Fasting2+1","EmptyFist","Crescendo"],"picked":"SKIP","floor":48}],"player_experience":346152,"relics_obtained":[{"floor":0,"key":"Bag of Marbles"},{"floor":0,"key":"Mercury Hourglass"},{"floor":0,"key":"FossilizedHelix"},{"floor":7,"key":"Eternal Feather"},{"floor":9,"key":"Oddly Smooth Stone"},{"floor":14,"key":"Frozen Egg 2"},{"floor":23,"key":"MealTicket"},{"floor":26,"key":"Gremlin Horn"},{"floor":41,"key":"Boot"},{"floor":43,"key":"Kunai"}],"event_choices":[{"damage_healed":0,"gold_gain":0,"player_choice":"Entered Light","damage_taken":14,"max_hp_gain":0,"max_hp_loss":0,"event_name":"Shining Light","floor":2,"gold_loss":0,"cards_upgraded":["Defend_P","Eruption"]},{"damage_healed":0,"gold_gain":0,"player_choice":"Upgraded","damage_taken":0,"max_hp_gain":0,"max_hp_loss":0,"event_name":"Upgrade Shrine","floor":4,"gold_loss":0,"cards_upgraded":["CrushJoints"]},{"cards_removed":["Strike_P"],"damage_healed":0,"gold_gain":0,"player_choice":"Card Removal","damage_taken":7,"max_hp_gain":0,"max_hp_loss":0,"event_name":"Golden Wing","floor":12,"gold_loss":0},{"damage_healed":0,"gold_gain":0,"player_choice":"Ignored","damage_taken":0,"max_hp_gain":0,"max_hp_loss":0,"event_name":"Cursed Tome","floor":19,"gold_loss":0},{"damage_healed":0,"gold_gain":0,"player_choice":"Ignored","damage_taken":0,"max_hp_gain":0,"max_hp_loss":0,"event_name":"Ghosts","floor":24,"gold_loss":0},{"damage_healed":0,"gold_gain":0,"player_choice":"Shed Blood","damage_taken":18,"max_hp_gain":5,"max_hp_loss":0,"event_name":"Forgotten Altar","floor":28,"gold_loss":0},{"damage_healed":0,"gold_gain":0,"player_choice":"Memory 1","damage_taken":0,"max_hp_gain":0,"max_hp_loss":0,"event_name":"SensoryStone","floor":37,"gold_loss":0}],"is_beta":false,"boss_relics":[{"not_picked":["Runic Pyramid","Tiny House"],"picked":"Philosopher\u0027s Stone"},{"not_picked":["Coffee Dripper","SacredBark"],"picked":"VioletLotus"}],"items_purged_floors":[20],"is_endless":false,"potions_floor_spawned":[1,3,11,16,23,31,33,39,42,45],"ascension_level":6}}