{"host":"s52z2ujaj5gvuxl4","time":1609532392,"event":{"mods":["AchievementEnabler","Act Like it!","Astrologer","Bard","BaseMod","Colored Map","Conspire","Downfall","Duelist Mod","Friendly Minions","GifTheSpireLib","Highlight Path","Hubris","Infinite Spire","KinomotoSakuraMod(ñÿîVñ{?)","Koishi","Lobotomy","MarisaÅiñ∂âJÅ@ñÇóùçπÅj","Minty Spire (QoL Compilation)","RemiliaÅiÂQïƒ‰ª?Åj","Replay The Spire","Shop Mod","StSLib","SuperFastMode","Td1madao Mod","The Animator","The Bug Knight","The Construct","The Cursed","The Disciple","The Gatherer","The Hierophant","The Jungle","The Marked","The Mystic","The Necromancer","The Poker Player","The Runesmith","The Servant 0.9.4","Yuyuko"],"gold_per_floor":[112,129,129,146,146,172,192,227,227,25,25,38,108,126,126,222,222,242,259,279,289,301,301,328,338,338,353,370,396,396,412,412,513,513,523,523],"floor_reached":35,"playtime":4179,"items_purged":["expansioncontent:GoopSpray"],"score":442,"play_id":"3da8ff26-e7c2-49dc-bf92-5150e2590a35","local_time":"20210101131952","is_ascension_mode":false,"campfire_choices":[{"data":"TricksterDevil+1","floor":15,"key":"PURGE"},{"data":"BloodyHallows","floor":23,"key":"SMITH"},{"data":"RedMoon","floor":32,"key":"SMITH"}],"circlet_count":0,"master_deck":["Strike_RM","Strike_RM","Strike_RM","Strike_RM","Defend_RM","Defend_RM","Defend_RM","Defend_RM","RedMoon+1","ScarletShoot+1","VampireKiss","StarOfDavid","NightDance+1","KillingBlow+1","RedRainbow+1","Septette","LeisurelyOfLord+1","EternalNight","BloodyHallows+1","CharismaGuard","MastersStateliness+1","CharismaGuard","MillenniumVampire","VampirishNight","StarOfDavid+1","FitfulNightmare","ScarletCoffin+1"],"relics":["ScarletHat","Molten Egg 2","infinitespire:Lychee Nut","Shuriken","Ring of Chaos","Garlic","Replay:Towering Pillar of Hats","Counterbalance","Replay:Bronze Core"],"acts_visited":["Exordium","Exordium","TheBeyond"],"potions_floor_usage":[16,16,16,29],"damage_taken":[{"damage":0,"enemies":"conspire:RoseBush","floor":1,"turns":2},{"damage":4,"enemies":"Small Slimes","floor":2,"turns":4},{"damage":8,"enemies":"Jaw Worm","floor":4,"turns":4},{"damage":3,"enemies":"Lagavulin","floor":6,"turns":5},{"damage":2,"enemies":"Red Slaver","floor":7,"turns":5},{"damage":0,"enemies":"HollowMod:MossKnight","floor":8,"turns":3},{"damage":0,"enemies":"2 Fungi Beasts","floor":12,"turns":3},{"damage":0,"enemies":"3 Louse","floor":14,"turns":3},{"damage":21,"enemies":"Hexaghost","floor":16,"turns":7},{"damage":7,"enemies":"theJungle:GiantWrat","floor":18,"turns":5},{"damage":4,"enemies":"Shell Parasite","floor":19,"turns":5},{"damage":16,"enemies":"theJungle:Lyon","floor":20,"turns":7},{"damage":8,"enemies":"theJungle:Snecko_Cultist_And_Trap","floor":21,"turns":7},{"damage":5,"enemies":"theJungle:SlimyTreeVines","floor":22,"turns":8},{"damage":49,"enemies":"theJungle:MamaSnecko","floor":24,"turns":7},{"damage":7,"enemies":"theJungle:JungleHuntersEncounter","floor":25,"turns":7},{"damage":2,"enemies":"theJungle:Snecko_Cultist_And_Trap","floor":27,"turns":3},{"damage":9,"enemies":"theJungle:Lyon","floor":28,"turns":5},{"damage":20,"enemies":"theJungle:Cassacara","floor":29,"turns":8},{"damage":6,"enemies":"theJungle:JungleHuntersEncounter","floor":31,"turns":7},{"damage":34,"enemies":"theJungle:QueenSpyder","floor":33,"turns":16},{"damage":11,"enemies":"Orb Walker","floor":35,"turns":5}],"seed_played":"4700960280252658860","potions_obtained":[{"floor":7,"key":"Elixir"},{"floor":12,"key":"Adrenaline Potion"},{"floor":13,"key":"Adrenaline Potion"},{"floor":13,"key":"PowerPotion"},{"floor":19,"key":"Dexterity Potion"},{"floor":20,"key":"Energy Potion"},{"floor":21,"key":"Ancient Potion"},{"floor":28,"key":"EssenceOfSteel"},{"floor":31,"key":"DuplicationPotion"}],"is_trial":false,"path_per_floor":["M","M","?","M","?","E","M","E","T","$","?","M","?","M","R_BF","B",null,"M","M","M","M","M","R","E","M","T","M","M","E","?","M","R","B",null,"M"],"character_chosen":"REMILIA","items_purchased":["RedRainbow+1","Septette"],"campfire_rested":0,"item_purchase_floors":[10,10],"current_hp_per_floor":[75,72,72,65,65,69,70,56,56,56,56,56,56,56,56,47,56,56,56,51,53,56,56,28,30,30,40,44,52,52,55,55,45,56,48,48],"gold":523,"neow_bonus":"COLORLESS_CARD","is_daily":false,"chose_seed":false,"campfire_upgraded":2,"win_rate":0.0,"timestamp":1609532392,"path_taken":["M","M","?","M","?","E","M","E","T","?","?","M","?","M","R_BF","BOSS","M","M","M","M","M","R","E","M","T","M","M","E","?","?","R","BOSS","M"],"items_purchased_type":["Card","Card"],"build_version":"2020-12-22","purchased_purges":1,"victory":false,"max_hp_per_floor":[75,75,75,75,75,75,75,56,56,56,56,56,56,56,56,56,56,56,56,56,56,56,56,56,56,56,56,56,56,56,56,56,56,56,56,56],"card_choices":[{"not_picked":["BloodyTrap","UnstableMagic"],"picked":"VampireKiss","floor":1},{"not_picked":["DiffusionOfMisfortune","EndlessAdversity"],"picked":"Stigmanizer","floor":2},{"not_picked":["VampireKiss","DevilSight"],"picked":"StarOfDavid","floor":4},{"not_picked":["StarOfDavid+1","KillingBlow+1"],"picked":"NightDance+1","floor":6},{"not_picked":["ChainGang+1","VampireKiss+1","UnderTheZenith"],"picked":"SKIP","floor":7},{"not_picked":["BadLadyScramble","EndlessAdversity+1"],"picked":"KillingBlow+1","floor":8},{"not_picked":["Maim","StarOfDavid+1"],"picked":"LeisurelyOfLord+1","floor":12},{"not_picked":["StarOfDavid+1","ScarletImprint+1"],"picked":"EternalNight","floor":13},{"not_picked":["ScarletDevil+1","SuperhumanBloodyKnife+1","BloodHunter"],"picked":"SKIP","floor":14},{"not_picked":["DemonKingCradle","TricksterDevil"],"picked":"BloodyHallows","floor":16},{"not_picked":["BloodyTrap","Ultimatum+1"],"picked":"CharismaGuard","floor":18},{"not_picked":["UnderTheZenith","FavorOfDestiny","NightLord+1"],"picked":"SKIP","floor":19},{"not_picked":["VampireFantasy+1","DiffusionOfMisfortune+1"],"picked":"MastersStateliness+1","floor":20},{"not_picked":["Maim","EndlessAdversity+1","ScarletDevil+1"],"picked":"SKIP","floor":21},{"not_picked":["Maim","EndlessAdversity+1","ScarletDevil+1"],"picked":"SKIP","floor":21},{"not_picked":["EndlessAdversity+1","DiffusionOfMisfortune+1"],"picked":"CharismaGuard","floor":22},{"not_picked":["Ultimatum+1","LeisurelyOfLord+1"],"picked":"MillenniumVampire","floor":24},{"not_picked":["ScarletDevilSign+1","BloodyTrap"],"picked":"VampirishNight","floor":25},{"not_picked":["BloodyMagicSquare+1","EndlessAdversity+1"],"picked":"StarOfDavid+1","floor":27},{"not_picked":["SuperhumanBloodyKnife+1","BadLadyScramble","BloodyHallows"],"picked":"SKIP","floor":28},{"not_picked":["MiserableFate","QueenOfMidnight"],"picked":"FitfulNightmare","floor":29},{"not_picked":["ScarletDream","UnderTheZenith","StarOfDavid+1"],"picked":"SKIP","floor":31},{"not_picked":["HeartBreak+1","BloodyCatastrophe"],"picked":"ScarletCoffin+1","floor":33},{"not_picked":["SuperhumanBloodyKnife+1","ScarletNetherworld","ScarletDevilSign+1"],"picked":"SKIP","floor":35}],"player_experience":138101,"relics_obtained":[{"floor":6,"key":"Molten Egg 2"},{"floor":8,"key":"infinitespire:Lychee Nut"},{"floor":9,"key":"Shuriken"},{"floor":24,"key":"Garlic"},{"floor":26,"key":"Replay:Towering Pillar of Hats"},{"floor":29,"key":"Counterbalance"}],"event_choices":[{"damage_healed":0,"gold_gain":0,"player_choice":"Leave","damage_taken":0,"max_hp_gain":0,"max_hp_loss":0,"event_name":"conspire:Investor","floor":5,"gold_loss":0},{"damage_healed":0,"gold_gain":0,"player_choice":"Bought 0 Potions","damage_taken":0,"max_hp_gain":0,"max_hp_loss":0,"event_name":"The Woman in Blue","floor":30,"gold_loss":0}],"is_beta":false,"boss_relics":[{"not_picked":["hubris:RunicObelisk","conspire:SeveredTorchhead"],"picked":"Ring of Chaos"},{"not_picked":["Coffee Dripper","Replay:Ancient Bell"],"picked":"Replay:Bronze Core"}],"items_purged_floors":[10],"is_endless":false,"potions_floor_spawned":[7,12,19,20,21,28,31],"killed_by":"Orb Walker","ascension_level":0}}