{"host":"zhec3g4cvsmevugl","time":1609521944,"event":{"mods":["BaseMod","BetterRewards","Curses Come First","Minty Spire (QoL Compilation)","Relic Stats","Slay-I","StSLib"],"gold_per_floor":[119,137,97,107,124,124,124,124],"floor_reached":7,"playtime":397,"items_purged":[],"score":43,"play_id":"9a5f5156-9040-4e64-8bbc-07aabd8fc741","local_time":"20210102012544","is_ascension_mode":false,"campfire_choices":[{"data":"Eruption","floor":6,"key":"SMITH"}],"circlet_count":0,"master_deck":["Strike_P","Strike_P","Strike_P","Strike_P","Defend_P","Defend_P","Defend_P","Defend_P","Eruption+1","Vigilance","CurseOfTheBell","MentalFortress","Halt","BowlingBash","Halt"],"relics":["Calling Bell","Bag of Marbles","Matryoshka","Gambling Chip"],"acts_visited":["Exordium"],"potions_floor_usage":[7,7],"damage_taken":[{"damage":5,"enemies":"Jaw Worm","floor":1,"turns":6},{"damage":16,"enemies":"Cultist","floor":2,"turns":6},{"damage":0,"enemies":"Small Slimes","floor":4,"turns":2},{"damage":20,"enemies":"Blue Slaver","floor":5,"turns":6},{"damage":40,"enemies":"Lagavulin","floor":7,"turns":5}],"seed_played":"-3204731413531369926","potions_obtained":[{"floor":3,"key":"BottledMiracle"},{"floor":3,"key":"SneckoOil"},{"floor":3,"key":"Explosive Potion"}],"is_trial":false,"path_per_floor":["M","M","?","M","M","R","E"],"character_chosen":"WATCHER","items_purchased":[],"campfire_rested":0,"item_purchase_floors":[],"current_hp_per_floor":[67,51,51,51,31,31,0,0],"gold":124,"neow_bonus":"BOSS_RELIC","is_daily":false,"chose_seed":false,"campfire_upgraded":1,"win_rate":0.0,"timestamp":1609521944,"path_taken":["M","M","?","M","?","R","E"],"items_purchased_type":[],"build_version":"2020-12-22","purchased_purges":0,"victory":false,"max_hp_per_floor":[72,72,72,72,72,72,72,72],"relic_stats":{"counters":[5,25],"Gambling Chip":[14],"obtain_stats":[{"Calling Bell":0,"Matryoshka":0,"Gambling Chip":0,"Bag of Marbles":0,"PureWater":0},{"Calling Bell":0,"Matryoshka":0,"Gambling Chip":0,"Bag of Marbles":0,"PureWater":0},{"Calling Bell":0,"Matryoshka":0,"Gambling Chip":0,"Bag of Marbles":0,"PureWater":0}]},"card_choices":[{"not_picked":["Consecrate","ThirdEye"],"picked":"MentalFortress","floor":1},{"not_picked":["MentalFortress","InnerPeace"],"picked":"Halt","floor":2},{"not_picked":["Prostrate","Halt"],"picked":"BowlingBash","floor":4},{"not_picked":["CutThroughFate","Alpha"],"picked":"Halt","floor":5}],"player_experience":204892,"relics_obtained":[{"floor":0,"key":"Bag of Marbles"},{"floor":0,"key":"Matryoshka"},{"floor":0,"key":"Gambling Chip"}],"event_choices":[{"damage_healed":0,"gold_gain":0,"player_choice":"Bought 3 Potions","damage_taken":0,"max_hp_gain":0,"max_hp_loss":0,"event_name":"The Woman in Blue","floor":3,"gold_loss":0}],"is_beta":false,"boss_relics":[],"items_purged_floors":[],"is_endless":false,"potions_floor_spawned":[5],"killed_by":"Lagavulin","ascension_level":0}}