{"host":"6cjsh2hjzszjl3p1","time":1609526966,"event":{"mods":["BaseMod","Colored Map","Downfall","Minty Spire (QoL Compilation)","StSLib"],"gold_per_floor":[99,99,99,274,274,288,315,330,255,268,268,284,304,404,421,421,421,421],"floor_reached":16,"playtime":1105,"items_purged":[],"score":92,"play_id":"3bc1545d-261f-4dca-934f-6eee6b6b5077","local_time":"20210102024926","is_ascension_mode":false,"campfire_choices":[{"floor":1,"key":"RECALL"},{"data":"Slimebound:LevelUp","floor":9,"key":"SMITH"},{"data":"Slimebound:CorrosiveSpit","floor":11,"key":"SMITH"}],"circlet_count":0,"master_deck":["Slimebound:Strike_Slimebound","Slimebound:Strike_Slimebound","Slimebound:Strike_Slimebound","Slimebound:Tackle","Slimebound:Defend_Slimebound","Slimebound:Defend_Slimebound","Slimebound:Defend_Slimebound","Slimebound:Defend_Slimebound","Slimebound:Split","Slimebound:CorrosiveSpit+1","Slimebound:ComboTackle","Slimebound:Chomp","Doubt","Slimebound:LevelUp+1","Slimebound:FormOfPuddle","Slimebound:ViciousTackle","Slimebound:SplitAcid","Slimebound:FinishingTackle","Slimebound:SplitLeeching","Slimebound:RallyTheTroops"],"relics":["Slimebound:AbsorbEndCombat","downfall:HeartsMalice","Regal Pillow","downfall:HeartBlessingRed"],"acts_visited":["Exordium"],"potions_floor_usage":[16,16],"damage_taken":[{"damage":0,"enemies":"2 Louse","floor":2,"turns":1},{"damage":0,"enemies":"Jaw Worm","floor":3,"turns":1},{"damage":0,"enemies":"Small Slimes","floor":5,"turns":1},{"damage":17,"enemies":"2 Fungi Beasts","floor":6,"turns":3},{"damage":14,"enemies":"Large Slime","floor":8,"turns":6},{"damage":17,"enemies":"Blue Slaver","floor":10,"turns":4},{"damage":13,"enemies":"3 Louse","floor":12,"turns":2},{"damage":15,"enemies":"Exordium Wildlife","floor":13,"turns":3},{"damage":7,"enemies":"Blue Slaver","floor":15,"turns":2},{"damage":12,"enemies":"downfall:Ironclad","floor":16,"turns":2}],"seed_played":"7994628809341331750","potions_obtained":[{"floor":8,"key":"champ:CounterPotion"},{"floor":10,"key":"PowerPotion"},{"floor":15,"key":"AttackPotion"}],"is_trial":false,"path_per_floor":["R","M","M","?","M","M","T","M","R","M","R","M","M","?","M","B"],"character_chosen":"SLIMEBOUND","items_purchased":[],"campfire_rested":0,"item_purchase_floors":[],"current_hp_per_floor":[60,60,60,60,60,49,49,41,41,30,30,23,10,10,9,0,0,0],"gold":421,"neow_bonus":"THREE_ENEMY_KILL","is_daily":false,"chose_seed":false,"campfire_upgraded":2,"win_rate":0.0,"timestamp":1609526966,"path_taken":["R","M","M","?","M","M","T","M","R","M","R","M","M","?","M","BOSS"],"items_purchased_type":[],"build_version":"2020-12-22","purchased_purges":0,"victory":false,"max_hp_per_floor":[60,60,60,60,60,60,60,60,60,60,60,60,60,60,60,60,60,60],"card_choices":[{"not_picked":["Slimebound:DivideAndConquer","Slimebound:ForwardTackle"],"picked":"Slimebound:ComboTackle","floor":2},{"not_picked":["Slimebound:DivideAndConquer","Slimebound:ViciousTackle"],"picked":"Slimebound:Chomp","floor":3},{"not_picked":["Slimebound:LeechingTouch","Slimebound:PrepareCrush"],"picked":"Slimebound:LevelUp","floor":5},{"not_picked":["Slimebound:LeadByExample","Slimebound:PressTheAttack"],"picked":"Slimebound:FormOfPuddle","floor":6},{"not_picked":["Slimebound:LevelUp","Slimebound:AcidTongue"],"picked":"Slimebound:ViciousTackle","floor":8},{"not_picked":["Slimebound:SplitLeeching","Slimebound:Schlurp"],"picked":"Slimebound:SplitAcid","floor":10},{"not_picked":["Slimebound:GrowthPunch","Slimebound:Repurpose"],"picked":"Slimebound:FinishingTackle","floor":12},{"not_picked":["Slimebound:HauntingLick","Slimebound:Gluttony"],"picked":"Slimebound:SplitLeeching","floor":13},{"not_picked":["Slimebound:SplitBruiser","Slimebound:FinishingTackle"],"picked":"Slimebound:RallyTheTroops","floor":15}],"player_experience":114322,"relics_obtained":[{"floor":7,"key":"Regal Pillow"}],"event_choices":[],"is_beta":false,"boss_relics":[],"items_purged_floors":[],"is_endless":false,"potions_floor_spawned":[8,10,15],"killed_by":"downfall:Ironclad","ascension_level":0}}