{"host":"1zfbckszmdcrhnfi","time":1609504095,"event":{"mods":["AchievementEnabler","BaseMod","Colored Map","Downfall","Minty Spire (QoL Compilation)","Quick Restart","Shop Mod","StSLib","The Cursed"],"gold_per_floor":[114,114,114,132,132,171,192,232,232,232,253,272,303,319,319,319,319],"floor_reached":16,"playtime":999,"items_purged":[],"score":162,"play_id":"c60d5d09-9d49-4118-8265-764f05a69992","local_time":"20210101202815","is_ascension_mode":true,"campfire_choices":[{"floor":10,"key":"REST"},{"floor":15,"key":"REST"}],"circlet_count":0,"master_deck":["Strike_G","Strike_G","Strike_G","Strike_G","Strike_G","Defend_G","Defend_G","Defend_G","Defend_G","Defend_G","Survivor","Neutralize","Blade Dance+1","Footwork","PiercingWail","Endless Agony"],"relics":["Ring of the Snake","NeowsBlessing","Golden Idol","Darkstone Periapt","Dream Catcher","Pear","Turnip"],"acts_visited":["Exordium"],"potions_floor_usage":[8,8,8],"damage_taken":[{"damage":0,"enemies":"2 Louse","floor":1,"turns":1},{"damage":0,"enemies":"Cultist","floor":4,"turns":1},{"damage":0,"enemies":"3 Sentries","floor":6,"turns":1},{"damage":0,"enemies":"Small Slimes","floor":7,"turns":3},{"damage":5,"enemies":"Gremlin Nob","floor":8,"turns":4},{"damage":7,"enemies":"Exordium Wildlife","floor":11,"turns":5},{"damage":0,"enemies":"Blue Slaver","floor":12,"turns":4},{"damage":21,"enemies":"3 Sentries","floor":13,"turns":10},{"damage":0,"enemies":"Exordium Thugs","floor":14,"turns":4},{"damage":74,"enemies":"The Guardian","floor":16,"turns":19}],"seed_played":"-7526311748141563292","potions_obtained":[{"floor":1,"key":"CunningPotion"},{"floor":6,"key":"LiquidBronze"},{"floor":7,"key":"Block Potion"},{"floor":8,"key":"Dexterity Potion"},{"floor":14,"key":"Ancient Potion"}],"is_trial":false,"path_per_floor":["M","?","?","M","?","E","M","E","T","R","M","M","E","M","R","B"],"character_chosen":"THE_SILENT","items_purchased":[],"campfire_rested":2,"item_purchase_floors":[],"current_hp_per_floor":[70,70,53,53,46,46,46,41,51,75,68,68,47,47,71,0,0],"gold":319,"neow_bonus":"THREE_ENEMY_KILL","is_daily":false,"chose_seed":false,"campfire_upgraded":0,"win_rate":0.0,"timestamp":1609504095,"path_taken":["M","?","?","M","?","E","M","E","T","R","?","M","E","M","R","BOSS"],"items_purchased_type":[],"build_version":"2020-12-22","purchased_purges":0,"victory":false,"max_hp_per_floor":[70,70,70,70,70,70,70,70,80,80,80,80,80,80,80,80,80],"card_choices":[{"not_picked":["Escape Plan","Bouncing Flask"],"picked":"Blade Dance","floor":1},{"not_picked":["Underhanded Strike","Dagger Spray","Sucker Punch"],"picked":"SKIP","floor":4},{"not_picked":["Bane","Predator"],"picked":"Footwork","floor":6},{"not_picked":["Blur","Catalyst","Deflect"],"picked":"SKIP","floor":7},{"not_picked":["Storm of Steel","Cloak And Dagger","Deadly Poison"],"picked":"SKIP","floor":8},{"not_picked":["Outmaneuver","Skewer"],"picked":"PiercingWail","floor":10},{"not_picked":["Quick Slash","Blur","Storm of Steel"],"picked":"SKIP","floor":11},{"not_picked":["Choke","All Out Attack"],"picked":"Endless Agony","floor":12},{"not_picked":["Deadly Poison","Dagger Throw","Acrobatics"],"picked":"SKIP","floor":13},{"not_picked":["Deflect","Calculated Gamble","Prepared"],"picked":"SKIP","floor":14}],"player_experience":189061,"relics_obtained":[{"floor":6,"key":"Darkstone Periapt"},{"floor":8,"key":"Dream Catcher"},{"floor":9,"key":"Pear"},{"floor":13,"key":"Turnip"}],"event_choices":[{"damage_healed":0,"gold_gain":0,"player_choice":"Grow","damage_taken":0,"max_hp_gain":0,"max_hp_loss":0,"event_name":"Living Wall","floor":2,"gold_loss":0,"cards_upgraded":["Blade Dance"]},{"damage_healed":0,"gold_gain":0,"player_choice":"Take Damage","damage_taken":17,"relics_obtained":["Golden Idol"],"max_hp_gain":0,"max_hp_loss":0,"event_name":"Golden Idol","floor":3,"gold_loss":0},{"damage_healed":0,"gold_gain":0,"player_choice":"Damaged","damage_taken":7,"max_hp_gain":0,"max_hp_loss":0,"event_name":"Wheel of Change","floor":5,"gold_loss":0}],"is_beta":false,"boss_relics":[],"items_purged_floors":[],"is_endless":false,"potions_floor_spawned":[1,6,7,8,14],"killed_by":"The Guardian","ascension_level":2}}