{"host":"uv231blk40vjdojr","time":1609509320,"event":{"mods":["BaseMod","Minty Spire (QoL Compilation)","Relic Stats"],"gold_per_floor":[114,132,146,71,84,115,115,115,115],"floor_reached":8,"playtime":267,"items_purged":["Strike_R"],"score":110,"play_id":"2bf57bbd-a32d-4d44-8baf-3a5f40140f8a","local_time":"20210101145520","is_ascension_mode":true,"campfire_choices":[],"circlet_count":0,"master_deck":["AscendersBane","Strike_R","Strike_R","Strike_R","Defend_R","Defend_R","Defend_R","Defend_R","Bash","Dramatic Entrance","Carnage","Sever Soul","Corruption"],"relics":["Burning Blood","Meat on the Bone"],"acts_visited":["Exordium"],"potions_floor_usage":[6],"damage_taken":[{"damage":6,"enemies":"Cultist","floor":1,"turns":3},{"damage":0,"enemies":"2 Louse","floor":2,"turns":2},{"damage":0,"enemies":"Small Slimes","floor":3,"turns":2},{"damage":8,"enemies":"3 Louse","floor":5,"turns":3},{"damage":50,"enemies":"Lagavulin","floor":6,"turns":6},{"damage":40,"enemies":"3 Sentries","floor":8,"turns":4}],"seed_played":"-1908478737071779108","potions_obtained":[{"floor":1,"key":"ElixirPotion"},{"floor":2,"key":"BloodPotion"}],"is_trial":false,"path_per_floor":["M","M","M","$","M","E","?","E"],"character_chosen":"IRONCLAD","items_purchased":[],"campfire_rested":0,"item_purchase_floors":[],"current_hp_per_floor":[68,74,75,75,73,44,37,0,0],"gold":115,"neow_bonus":"RANDOM_COLORLESS","is_daily":false,"chose_seed":false,"campfire_upgraded":0,"win_rate":0.0,"timestamp":1609509320,"path_taken":["M","M","M","$","M","E","?","E"],"items_purchased_type":[],"build_version":"2020-12-22","purchased_purges":1,"victory":false,"max_hp_per_floor":[75,75,75,75,75,75,75,75,75],"relic_stats":{"counters":[6,20],"obtain_stats":[{"Burning Blood":0,"Meat on the Bone":6},{"Burning Blood":0,"Meat on the Bone":5},{"Burning Blood":0,"Meat on the Bone":16}],"Burning Blood":25,"Meat on the Bone":0},"card_choices":[{"not_picked":["Good Instincts","Flash of Steel"],"picked":"Dramatic Entrance","floor":0},{"not_picked":["Anger","True Grit"],"picked":"Carnage","floor":1},{"not_picked":["Twin Strike","Entrench"],"picked":"Sever Soul","floor":2},{"not_picked":["Anger","Iron Wave","Wild Strike"],"picked":"SKIP","floor":3},{"not_picked":["Armaments","Clothesline","Sever Soul"],"picked":"SKIP","floor":5},{"not_picked":["Cleave","True Grit"],"picked":"Corruption","floor":6}],"player_experience":546028,"relics_obtained":[{"floor":6,"key":"Meat on the Bone"}],"event_choices":[{"cards_removed":["Strike_R"],"damage_healed":0,"gold_gain":0,"player_choice":"Card Removal","damage_taken":7,"max_hp_gain":0,"max_hp_loss":0,"event_name":"Golden Wing","floor":7,"gold_loss":0}],"is_beta":false,"boss_relics":[],"items_purged_floors":[4],"is_endless":false,"potions_floor_spawned":[1,2],"killed_by":"3 Sentries","ascension_level":18}}