{"host":"zwuytn9vh5b8tdl7","time":1609469789,"event":{"mods":["AchievementEnabler","BaseMod","Colored Powertips","GifTheSpireLib","Minty Spire (QoL Compilation)","Rare Cards Sparkle","StSLib","The Animator"],"gold_per_floor":[113,113,88,105,122,133,145,202,273,273,292,292,319,93,93,193,193,210,210,210,55,74,107,107,107,134,134,145,145,145,176,176,176,176],"floor_reached":33,"playtime":2112,"items_purged":[],"score":283,"play_id":"1ba7f32c-ccd4-46bb-97eb-7c6decb58c95","local_time":"20201231215629","is_ascension_mode":false,"campfire_choices":[{"floor":12.0,"key":"REST"},{"floor":15.0,"key":"REST"},{"floor":25.0,"key":"REST"},{"floor":32.0,"key":"REST"}],"circlet_count":0,"master_deck":["Strike_G","Strike_G","Strike_G","Strike_G","Strike_G","Defend_G","Defend_G","Defend_G","Defend_G","Defend_G","Survivor","Neutralize","Riddle With Holes","Poisoned Stab","Dagger Spray","Footwork","Heel Hook","Noxious Fumes","Dagger Throw","Slice","Leg Sweep","Bullet Time+1","Deadly Poison+1","Footwork","Terror","Escape Plan+1","Deflect","Deflect","Footwork"],"relics":["Ring of the Snake","WingedGreaves","Question Card","Ancient Tea Set","Membership Card","Boot","MutagenicStrength","Juzu Bracelet","Regal Pillow","Nunchaku","Bag of Marbles"],"acts_visited":[],"potions_floor_usage":[],"damage_taken":[{"damage":0.0,"enemies":"2 Louse","floor":1.0,"turns":3.0},{"damage":0.0,"enemies":"Cultist","floor":4.0,"turns":3.0},{"damage":1.0,"enemies":"Jaw Worm","floor":5.0,"turns":3.0},{"damage":0.0,"enemies":"Looter","floor":6.0,"turns":4.0},{"damage":7.0,"enemies":"Exordium Wildlife","floor":7.0,"turns":4.0},{"damage":28.0,"enemies":"Gremlin Nob","floor":8.0,"turns":4.0},{"damage":2.0,"enemies":"2 Fungi Beasts","floor":11.0,"turns":4.0},{"damage":28.0,"enemies":"Gremlin Nob","floor":13.0,"turns":4.0},{"damage":14.0,"enemies":"The Guardian","floor":16.0,"turns":12.0},{"damage":19.0,"enemies":"Shell Parasite","floor":18.0,"turns":9.0},{"damage":6.0,"enemies":"3 Byrds","floor":22.0,"turns":5.0},{"damage":37.0,"enemies":"Gremlin Leader","floor":23.0,"turns":5.0},{"damage":24.0,"enemies":"Snake Plant","floor":28.0,"turns":4.0},{"damage":20.0,"enemies":"Book of Stabbing","floor":31.0,"turns":5.0},{"damage":0,"enemies":"Automaton","floor":33,"turns":1}],"seed_played":"4835761211936440750","potions_obtained":[{"floor":5.0,"key":"SpeedPotion"},{"floor":6.0,"key":"Poison Potion"},{"floor":13.0,"key":"SneckoOil"},{"floor":16.0,"key":"Strength Potion"},{"floor":22.0,"key":"CunningPotion"},{"floor":23.0,"key":"SkillPotion"},{"floor":28.0,"key":"Swift Potion"}],"is_trial":false,"path_per_floor":["M","?","$","M","M","M","M","?","T","?","M","R","E","$","R","B",null,"M","?","?","$","M","E","?","R","T","?","M","?","?","E","R","B"],"character_chosen":"THE_SILENT","items_purchased":["Poisoned Stab","Membership Card","Boot","Juzu Bracelet","AttackPotion","Footwork","Terror"],"campfire_rested":4,"item_purchase_floors":[3,14,14,21,21,21,21],"current_hp_per_floor":[77,77,77,77,76,76,69,41,41,41,39,62,34,34,57,43,77,58,58,44,44,38,1,1,40,40,40,16,16,43,23,62,62,62],"gold":176,"neow_bonus":"TEN_PERCENT_HP_BONUS","is_daily":false,"chose_seed":false,"campfire_upgraded":0,"win_rate":0.0,"timestamp":1609469789,"path_taken":["M","?","$","?","M","M","M","?","T","?","M","R","E","$","R","BOSS","M","?","?","$","M","E","?","R","T","?","M","?","?","E","R","BOSS"],"items_purchased_type":["Card","Relic","Relic","Relic","Potion","Card","Card"],"build_version":"2020-12-22","purchased_purges":0,"victory":false,"max_hp_per_floor":[77,77,77,77,77,77,77,77,77,77,77,77,77,77,77,77,77,77,77,82,82,82,82,82,82,82,82,82,82,82,82,82,82,82],"card_choices":[{"not_picked":["Deflect","Dagger Spray"],"picked":"Riddle With Holes","floor":1.0},{"not_picked":["Underhanded Strike","Setup"],"picked":"Dagger Spray","floor":4.0},{"not_picked":["Eviscerate","Deflect"],"picked":"Footwork","floor":5.0},{"not_picked":["Crippling Poison","Bullet Time"],"picked":"Heel Hook","floor":6.0},{"not_picked":["Calculated Gamble","Infinite Blades"],"picked":"Noxious Fumes","floor":7.0},{"not_picked":["Cloak And Dagger","Tactician"],"picked":"Dagger Throw","floor":8.0},{"not_picked":["Finisher","Choke","Underhanded Strike"],"picked":"Slice","floor":11.0},{"not_picked":["Distraction","Slice","Flying Knee"],"picked":"Leg Sweep","floor":13.0},{"not_picked":["Wraith Form v2","Unload","Grand Finale"],"picked":"Bullet Time","floor":16.0},{"not_picked":["Blur+1","Cloak And Dagger","Sucker Punch"],"picked":"Deadly Poison+1","floor":18.0},{"not_picked":["Slice","Sucker Punch","Acrobatics"],"picked":"Escape Plan+1","floor":22.0},{"not_picked":["Slice","Acrobatics+1","Quick Slash"],"picked":"Deflect","floor":23.0},{"not_picked":["Acrobatics+1","Calculated Gamble","Sucker Punch"],"picked":"Deflect","floor":28.0},{"not_picked":["Riddle With Holes","A Thousand Cuts","Prepared"],"picked":"Footwork","floor":31.0}],"player_experience":309434,"relics_obtained":[{"floor":8.0,"key":"WingedGreaves"},{"floor":9.0,"key":"Question Card"},{"floor":13.0,"key":"Ancient Tea Set"},{"floor":23.0,"key":"Regal Pillow"},{"floor":26.0,"key":"Nunchaku"},{"floor":31.0,"key":"Bag of Marbles"}],"event_choices":[{"damage_healed":0.0,"max_hp_gain":0.0,"max_hp_loss":0.0,"gold_gain":0.0,"event_name":"Purifier","player_choice":"Ignored","floor":2.0,"gold_loss":0.0,"damage_taken":0.0},{"damage_healed":0.0,"max_hp_gain":0.0,"max_hp_loss":0.0,"gold_gain":0.0,"event_name":"Dead Adventurer","player_choice":"Searched \u00272\u0027 times","floor":8.0,"gold_loss":0.0,"damage_taken":0.0},{"damage_healed":0.0,"max_hp_gain":0.0,"max_hp_loss":0.0,"gold_gain":0.0,"event_name":"Golden Wing","player_choice":"Ignored","floor":10.0,"gold_loss":0.0,"damage_taken":0.0},{"damage_healed":0.0,"max_hp_gain":0.0,"max_hp_loss":0.0,"gold_gain":0.0,"event_name":"Drug Dealer","player_choice":"Inject Mutagens","floor":19.0,"gold_loss":0.0,"damage_taken":0.0,"relics_obtained":["MutagenicStrength"]},{"damage_healed":0.0,"max_hp_gain":5.0,"max_hp_loss":0.0,"gold_gain":0.0,"event_name":"Forgotten Altar","player_choice":"Shed Blood","floor":20.0,"gold_loss":0.0,"damage_taken":19.0},{"damage_healed":0.0,"max_hp_gain":0.0,"max_hp_loss":0.0,"gold_gain":0.0,"event_name":"Accursed Blacksmith","player_choice":"Forge","floor":24.0,"gold_loss":0.0,"damage_taken":0.0,"cards_upgraded":["Bullet Time"]},{"damage_healed":0.0,"max_hp_gain":0.0,"max_hp_loss":0.0,"gold_gain":0.0,"event_name":"Beggar","player_choice":"Ignored","floor":27.0,"gold_loss":0.0,"damage_taken":0.0},{"damage_healed":0.0,"max_hp_gain":0.0,"max_hp_loss":0.0,"gold_gain":0.0,"event_name":"Cursed Tome","player_choice":"Ignored","floor":29.0,"gold_loss":0.0,"damage_taken":0.0},{"damage_healed":27.0,"max_hp_gain":0.0,"max_hp_loss":0.0,"gold_gain":0.0,"event_name":"The Library","player_choice":"Heal","floor":30.0,"gold_loss":0.0,"damage_taken":0.0}],"is_beta":false,"boss_relics":[{"not_picked":["Runic Dome","Ectoplasm","Philosopher\u0027s Stone"]}],"items_purged_floors":[],"is_endless":false,"potions_floor_spawned":[5,6,13,16,22,23,28],"killed_by":"Automaton","ascension_level":0}}