{"host":"vhvubw4jk4f204qs","time":1609523662,"event":{"mods":["AchievementEnabler","Act Like it!","BaseMod","Better Altar","Better Match","Better Note","Better Sensory Stone","Better Skull","Better Third Choice","BetterRewards","Colored Powertips","Conspire","GifTheSpireLib","Googly Eyes","Highlight Path","Hubris","Infinite Spire","Jorbs Mod","Marisa????????","Minty Spire (QoL Compilation)","Permanent Neow","Quick Restart","Replay The Spire","StSLib","SuperFastMode","The IronCluck","The Mystic","The Poker Player","The Servant 0.9.4","slay the spire mod where everything is the same but ironclad has a cowboy hat"],"gold_per_floor":[112,124,49,61,61,61,95,112,135,160,160,172,192,224,224,303,303,320,337,237,257,272,272,297,297,344,344,360,373,398,412,412,485,585,605,605,605,555,566,566,578,609,662,449,544,544,561,461,461,461],"floor_reached":51,"playtime":2373,"items_purged":["Strike_MRS","AlicesGift","Strike_MRS","MasterSpark"],"score":1825,"play_id":"90709711-de27-4e68-9083-aaae8d6e154b","local_time":"20210101125422","is_ascension_mode":true,"campfire_choices":[{"data":"EnergyFlow","floor":6.0,"key":"SMITH"},{"data":"GalacticHalo","floor":11.0,"key":"SMITH"},{"floor":15.0,"key":"REST"},{"data":"AbsoluteMagnitude","floor":23.0,"key":"SMITH"},{"data":"ManaConvection","floor":25.0,"key":"SMITH"},{"floor":27.0,"key":"REST"},{"floor":32.0,"key":"REST"},{"data":"GalacticHalo","floor":40.0,"key":"SMITH"},{"data":"EnergyFlow","floor":46.0,"key":"SMITH"},{"data":"FinalSpark","floor":49.0,"key":"SMITH"}],"circlet_count":0,"master_deck":["AscendersBane","Strike_MRS","Strike_MRS+1","Defend_MRS","Defend_MRS","Defend_MRS","Defend_MRS","UpSweep","EnergyFlow+1","FinalSpark+1","MagicAbsorber","EnergyFlow+1","GalacticHalo+1","EnergyFlow+1","MachineGunSpark","AbsoluteMagnitude+1","MilkyWay","FinalSpark+1","GalacticHalo+1","ReplayTheSpireMod:Brewmster"],"relics":["MiniHakkero","Thread and Needle","hubris:OldNail","Guide Book","Simple Rune","ReplayTheSpireMod:TigerMarble","Replay:Towering Pillar of Hats","hubris:64BitClover","Snecko Eye","Letter Opener","MealTicket","Incense Burner","conspire:DecoderRing","Replay:Wanted Poster","Smiling Mask","Replay:Rubber Ducky","Strawberry"],"acts_visited":["Exordium","TheCity","TheBeyond"],"potions_floor_usage":[50,50],"damage_taken":[{"damage":0.0,"enemies":"Cultist","floor":1.0,"turns":3.0},{"damage":0.0,"enemies":"conspire:RoseBush","floor":2.0,"turns":5.0},{"damage":0.0,"enemies":"Jaw Worm","floor":4.0,"turns":3.0},{"damage":13.0,"enemies":"3 Sentries","floor":7.0,"turns":5.0},{"damage":0.0,"enemies":"Looter","floor":8.0,"turns":3.0},{"damage":11.0,"enemies":"Lagavulin","floor":10.0,"turns":5.0},{"damage":9.0,"enemies":"Exordium Thugs","floor":12.0,"turns":4.0},{"damage":1.0,"enemies":"Gremlin Gang","floor":13.0,"turns":5.0},{"damage":17.0,"enemies":"Gremlin Nob","floor":14.0,"turns":4.0},{"damage":21.0,"enemies":"Fading Forest","floor":16.0,"turns":11.0},{"damage":0.0,"enemies":"Spheric Guardian","floor":18.0,"turns":2.0},{"damage":6.0,"enemies":"3 Byrds","floor":19.0,"turns":2.0},{"damage":12.0,"enemies":"Centurion and Healer","floor":21.0,"turns":3.0},{"damage":3.0,"enemies":"Cultist and Chosen","floor":22.0,"turns":3.0},{"damage":4.0,"enemies":"Slavers","floor":24.0,"turns":3.0},{"damage":0.0,"enemies":"conspire:HollyBat","floor":28.0,"turns":5.0},{"damage":16.0,"enemies":"Centurion and Healer","floor":29.0,"turns":3.0},{"damage":0.0,"enemies":"Gremlin Leader","floor":30.0,"turns":3.0},{"damage":6.0,"enemies":"Snecko","floor":31.0,"turns":3.0},{"damage":18.0,"enemies":"hubris:MusketHawk","floor":33.0,"turns":5.0},{"damage":4.0,"enemies":"3 Shapes","floor":35.0,"turns":2.0},{"damage":0.0,"enemies":"Orb Walker","floor":39.0,"turns":2.0},{"damage":0.0,"enemies":"Writhing Mass","floor":41.0,"turns":3.0},{"damage":0.0,"enemies":"Nemesis","floor":42.0,"turns":3.0},{"damage":0.0,"enemies":"Jaw Worm Horde","floor":47.0,"turns":2.0},{"damage":2,"enemies":"Awakened One","floor":50,"turns":4}],"seed_played":"-3199004675625948323","potions_obtained":[{"floor":2.0,"key":"CultistPotion"},{"floor":12.0,"key":"Weak Potion"},{"floor":14.0,"key":"LiquidMemories"},{"floor":16.0,"key":"Toxic Potion"},{"floor":21.0,"key":"Adrenaline Potion"},{"floor":22.0,"key":"SteroidPotion"},{"floor":24.0,"key":"SneckoOil"},{"floor":29.0,"key":"BlessingOfTheForge"},{"floor":33.0,"key":"Strength Potion"},{"floor":35.0,"key":"SkillPotion"}],"is_trial":false,"path_per_floor":["M","M","$","M","$","R","E","M","T","E","R","M","M","E","R","B",null,"M","M","$","M","M","R","E","R","T","R","M","M","E","M","R","B",null,"M","?","?","$","M","R","M","E","T","$","?","R","M","NS","R","B",null],"character_chosen":"MARISA","items_purchased":["EnergyFlow","FinalSpark","hubris:OldNail","Guide Book","ReplayTheSpireMod:Brewmster"],"campfire_rested":3,"item_purchase_floors":[0,0,0,0,44],"current_hp_per_floor":[63,63,63,63,63,63,50,50,50,39,39,30,29,12,33,32,61,61,55,55,43,40,40,40,40,40,61,61,45,45,39,60,42,63,63,63,63,66,66,66,66,66,73,73,63,63,63,63,63,61],"gold":461,"neow_bonus":"","is_daily":false,"chose_seed":false,"campfire_upgraded":7,"win_rate":0.0,"timestamp":1609523662,"path_taken":["M","M","$","M","?","R","E","M","T","E","R","?","M","E","R","BOSS","M","M","$","M","M","R","E","R","T","R","M","M","E","M","R","BOSS","M","?","?","$","?","R","M","E","T","$","?","R","?","NS","R","BOSS"],"items_purchased_type":["Card","Card","Relic","Relic","Card"],"build_version":"2020-12-22","purchased_purges":4,"victory":true,"max_hp_per_floor":[70,70,70,70,70,70,70,70,70,70,70,70,70,70,70,70,70,70,70,70,70,70,70,70,70,70,70,70,70,70,70,70,70,70,70,66,66,66,66,66,66,66,73,73,73,73,73,73,73,73],"card_choices":[{"not_picked":["WitchLeyline","DC"],"picked":"MagicAbsorber","floor":1.0},{"not_picked":["OortCloud","UnstableBomb"],"picked":"EnergyFlow","floor":2.0},{"not_picked":["EarthLightRay","6A"],"picked":"AlicesGift","floor":4.0},{"not_picked":["BinaryStars","GravityBeat"],"picked":"GalacticHalo","floor":7.0},{"not_picked":["GrandCross","ShootTheMoon"],"picked":"ManaConvection","floor":8.0},{"not_picked":["MysteriousBeam","GravityBeat","CasketOfStar"],"picked":"SKIP","floor":10.0},{"not_picked":["6A","Acceleration"],"picked":"EnergyFlow","floor":12.0},{"not_picked":["WitchOfGreed","Acceleration","DragonMeteor"],"picked":"SKIP","floor":13.0},{"not_picked":["EnergyFlow","6A"],"picked":"MachineGunSpark","floor":14.0},{"not_picked":["StarDustReverie","TreasureHunter"],"picked":"AbsoluteMagnitude","floor":16.0},{"not_picked":["DC+1","MachineGunSpark","OrrerysSun+1"],"picked":"SKIP","floor":18.0},{"not_picked":["AsteroidBelt","OpenUniverse","MachineGunSpark+1"],"picked":"SKIP","floor":19.0},{"not_picked":["GrandCross","ShootTheMoon","6A"],"picked":"SKIP","floor":21.0},{"not_picked":["GravityBeat","IllusionStar"],"picked":"MilkyWay+1","floor":22.0},{"not_picked":["BigCrunch","DoubleSpark","ManaConvection"],"picked":"SKIP","floor":24.0},{"not_picked":["DoubleSpark","6A","OneTimeOff"],"picked":"SKIP","floor":28.0},{"not_picked":["SporeBomb","MysteriousBeam"],"picked":"MilkyWay","floor":29.0},{"not_picked":["ShootTheMoon","GrandCross","GravityBeat"],"picked":"SKIP","floor":30.0},{"not_picked":["PropBag","MysteriousBeam","GravityBeat"],"picked":"SKIP","floor":31.0},{"not_picked":["CasketOfStar","BinaryStars"],"picked":"FinalSpark","floor":33.0},{"not_picked":["6A","DeepEcoloBomb","OrrerysSun"],"picked":"SKIP","floor":35.0},{"not_picked":["NonDirectionalLaser","GrandCross"],"picked":"GalacticHalo","floor":39.0},{"not_picked":["Acceleration","SuperPerseids","PowerUp"],"picked":"SKIP","floor":41.0},{"not_picked":["ManaRampage","LuminesStrike","NonDirectionalLaser"],"picked":"SKIP","floor":42.0},{"not_picked":["DC","DarkSpark","AsteroidBelt"],"picked":"SKIP","floor":47.0}],"player_experience":1078310,"relics_obtained":[{"floor":7.0,"key":"Simple Rune"},{"floor":9.0,"key":"ReplayTheSpireMod:TigerMarble"},{"floor":10.0,"key":"Replay:Towering Pillar of Hats"},{"floor":14.0,"key":"hubris:64BitClover"},{"floor":24.0,"key":"Letter Opener"},{"floor":26.0,"key":"MealTicket"},{"floor":29.0,"key":"Incense Burner"},{"floor":30.0,"key":"conspire:DecoderRing"},{"floor":42.0,"key":"Replay:Rubber Ducky"},{"floor":43.0,"key":"Strawberry"}],"event_choices":[{"damage_healed":0.0,"max_hp_gain":0.0,"max_hp_loss":4.0,"gold_gain":0.0,"event_name":"Winding Halls","player_choice":"Max HP","floor":36.0,"gold_loss":0.0,"damage_taken":0.0},{"damage_healed":0.0,"max_hp_gain":0.0,"max_hp_loss":0.0,"gold_gain":0.0,"event_name":"WeMeetAgain","player_choice":"Gave Potion","floor":37.0,"gold_loss":0.0,"damage_taken":0.0,"relics_obtained":["Smiling Mask"]},{"damage_healed":0.0,"max_hp_gain":0.0,"max_hp_loss":0.0,"gold_gain":95.0,"event_name":"betterSkull:BetterSkull","player_choice":"GO ","floor":45.0,"gold_loss":0.0,"damage_taken":11.0,"cards_upgraded":[],"relics_obtained":[]}],"is_beta":false,"boss_relics":[{"not_picked":["hubris:GrandSneckoEye","Pandora\u0027s Box"],"picked":"Snecko Eye"},{"not_picked":["ChewingGum","conspire:SpecialSausage"],"picked":"Replay:Wanted Poster"}],"items_purged_floors":[3,20,38,44],"is_endless":false,"potions_floor_spawned":[2,12,14,16,21,22,24,29,33,35],"ascension_level":15}}