{"host":"mvlqq966zh3ccmv5","time":1609534510,"event":{"mods":["AchievementEnabler","BaseMod","DeckTracker","Minty Spire (QoL Compilation)","SuperFastMode"],"gold_per_floor":[113,123,136,146,161,161,177,177,177,177,211,211,234,259,259,354,354,372,73,86,110,128,128,152,152,177,177,202,225,225,251,251,344,344,359,45,67,76,109,109,109],"floor_reached":40,"playtime":947,"items_purged":[],"score":693,"play_id":"9c2a6eb0-ebe5-4869-b3d2-4f19cee0443b","local_time":"20210102055510","is_ascension_mode":true,"campfire_choices":[{"data":"Eruption","floor":6.0,"key":"SMITH"},{"data":"Adaptation","floor":10.0,"key":"SMITH"},{"data":"MentalFortress","floor":15.0,"key":"SMITH"},{"floor":23.0,"key":"REST"},{"data":"FlurryOfBlows","floor":25.0,"key":"SMITH"},{"floor":30.0,"key":"REST"},{"floor":32.0,"key":"REST"}],"circlet_count":0,"master_deck":["AscendersBane","Strike_P+1","Strike_P","Strike_P","Strike_P+1","Defend_P","Defend_P","Defend_P","Eruption+1","Vigilance+1","Vengeance","FollowUp+1","EmptyFist","Adaptation+1","MentalFortress+1","EmptyMind+1","Vault+1","CutThroughFate","EmptyBody","LessonLearned","WaveOfTheHand","FlurryOfBlows+1","Evaluate","Injury","Shame","CrushJoints","Parasite","Secret Weapon+1","Evaluate+1","Dramatic Entrance","ClearTheMind+1"],"relics":["PureWater","Du-Vu Doll","Golden Idol","StrikeDummy","Art of War","Cursed Key","HandDrill","Bronze Scales","MealTicket","Toxic Egg 2","CeramicFish","Black Star","Lee\u0027s Waffle"],"acts_visited":["Exordium","TheCity","TheBeyond"],"potions_floor_usage":[35],"damage_taken":[{"damage":3.0,"enemies":"Small Slimes","floor":1.0,"turns":2.0},{"damage":2.0,"enemies":"Jaw Worm","floor":2.0,"turns":3.0},{"damage":1.0,"enemies":"Cultist","floor":3.0,"turns":3.0},{"damage":1.0,"enemies":"Exordium Thugs","floor":4.0,"turns":3.0},{"damage":0.0,"enemies":"Large Slime","floor":5.0,"turns":3.0},{"damage":10.0,"enemies":"Looter","floor":7.0,"turns":4.0},{"damage":2.0,"enemies":"Gremlin Nob","floor":11.0,"turns":4.0},{"damage":0.0,"enemies":"3 Louse","floor":13.0,"turns":3.0},{"damage":17.0,"enemies":"Exordium Thugs","floor":14.0,"turns":3.0},{"damage":7.0,"enemies":"Hexaghost","floor":16.0,"turns":9.0},{"damage":5.0,"enemies":"Shell Parasite","floor":18.0,"turns":5.0},{"damage":0.0,"enemies":"3 Byrds","floor":20.0,"turns":4.0},{"damage":20.0,"enemies":"Shelled Parasite and Fungi","floor":21.0,"turns":4.0},{"damage":0.0,"enemies":"Snake Plant","floor":22.0,"turns":2.0},{"damage":3.0,"enemies":"Snecko","floor":24.0,"turns":4.0},{"damage":18.0,"enemies":"Centurion and Healer","floor":28.0,"turns":2.0},{"damage":14.0,"enemies":"Snake Plant","floor":29.0,"turns":4.0},{"damage":17.0,"enemies":"Champ","floor":33.0,"turns":7.0},{"damage":23,"enemies":"3 Darklings","floor":35,"turns":5},{"damage":16,"enemies":"3 Shapes","floor":37,"turns":2},{"damage":0,"enemies":"Jaw Worm Horde","floor":39,"turns":2},{"damage":11,"enemies":"Nemesis","floor":40,"turns":2}],"seed_played":"-5471521177884141281","potions_obtained":[{"floor":1.0,"key":"PowerPotion"},{"floor":3.0,"key":"Dexterity Potion"},{"floor":14.0,"key":"EssenceOfSteel"},{"floor":18.0,"key":"AttackPotion"},{"floor":21.0,"key":"Block Potion"},{"floor":33.0,"key":"SpeedPotion"},{"floor":37,"key":"FearPotion"}],"is_trial":false,"path_per_floor":["M","M","M","M","M","R","M","?","T","R","E","?","M","M","R","B",null,"M","$","M","M","M","R","M","R","T","?","M","M","R","T","R","B",null,"M","$","M","?","M","E"],"character_chosen":"WATCHER","items_purchased":["HandDrill","Bronze Scales","Lee\u0027s Waffle","Secret Weapon+1"],"campfire_rested":3,"item_purchase_floors":[19,19,36,36],"current_hp_per_floor":[58,56,55,54,54,54,44,44,44,44,42,42,42,25,25,18,47,42,42,42,22,22,38,35,35,35,35,17,3,19,19,35,18,47,24,63,47,47,47,36,36],"gold":109,"neow_bonus":"ONE_RARE_RELIC","is_daily":false,"chose_seed":false,"campfire_upgraded":4,"win_rate":0.0,"timestamp":1609534510,"path_taken":["M","M","M","M","M","R","M","?","T","R","E","?","M","M","R","BOSS","M","$","M","M","M","R","M","R","T","?","M","M","R","?","R","BOSS","M","$","M","?","M","E"],"items_purchased_type":["Relic","Relic","Relic","Card"],"build_version":"2020-12-22","purchased_purges":0,"victory":false,"max_hp_per_floor":[62,62,62,62,62,62,62,56,56,56,56,56,56,56,56,56,56,56,56,56,56,56,56,56,56,56,56,56,56,56,56,56,56,56,56,63,63,63,63,63,63],"card_choices":[{"not_picked":["SandsOfTime","Meditate"],"picked":"Vengeance","floor":1.0},{"not_picked":["Prostrate","Wireheading"],"picked":"FollowUp","floor":2.0},{"not_picked":["EmptyBody","Crescendo"],"picked":"EmptyFist","floor":3.0},{"not_picked":["Halt","Crescendo"],"picked":"Adaptation","floor":4.0},{"not_picked":["PathToVictory","WheelKick"],"picked":"MentalFortress","floor":5.0},{"not_picked":["Worship","Protect"],"picked":"EmptyMind","floor":7.0},{"not_picked":["Meditate","Weave","PathToVictory"],"picked":"SKIP","floor":11.0},{"not_picked":["Wallop","PathToVictory"],"picked":"CutThroughFate","floor":13.0},{"not_picked":["Consecrate","FollowUp"],"picked":"EmptyBody","floor":14.0},{"not_picked":["MasterReality","Vault"],"picked":"LessonLearned","floor":16.0},{"not_picked":["LikeWater","EmptyFist"],"picked":"WaveOfTheHand","floor":18.0},{"not_picked":["Adaptation","BowlingBash","Protect+1"],"picked":"SKIP","floor":20.0},{"not_picked":["Study+1","Evaluate"],"picked":"FlurryOfBlows","floor":21.0},{"not_picked":["JustLucky","BowlingBash","Alpha"],"picked":"SKIP","floor":22.0},{"not_picked":["FollowUp","PathToVictory"],"picked":"Evaluate","floor":24.0},{"not_picked":["Wireheading","BowlingBash","Pray+1"],"picked":"SKIP","floor":28.0},{"not_picked":["Protect+1","SashWhip"],"picked":"CrushJoints","floor":29.0},{"not_picked":["Protect+1","FollowUp","ThirdEye+1"],"picked":"SKIP","floor":35},{"not_picked":["Collect+1","Conclude"],"picked":"Evaluate+1","floor":37},{"not_picked":["Chrysalis+1","PanicButton+1"],"picked":"Dramatic Entrance","floor":38},{"not_picked":["FlurryOfBlows","Halt+1"],"picked":"ClearTheMind+1","floor":39}],"player_experience":228781,"relics_obtained":[{"floor":9.0,"key":"StrikeDummy"},{"floor":11.0,"key":"Art of War"},{"floor":26.0,"key":"MealTicket"},{"floor":31.0,"key":"CeramicFish"}],"event_choices":[{"damage_healed":0.0,"max_hp_gain":0.0,"max_hp_loss":6.0,"gold_gain":0.0,"event_name":"Golden Idol","player_choice":"Lose Max HP","floor":8.0,"gold_loss":0.0,"damage_taken":0.0,"relics_obtained":["Golden Idol"]},{"damage_healed":0.0,"max_hp_gain":0.0,"max_hp_loss":0.0,"gold_gain":0.0,"cards_transformed":["Defend_P"],"event_name":"Transmorgrifier","player_choice":"Transformed","floor":12.0,"gold_loss":0.0,"damage_taken":0.0,"cards_obtained":["Vault"]},{"damage_healed":0.0,"max_hp_gain":0.0,"max_hp_loss":0.0,"gold_gain":0.0,"event_name":"Addict","player_choice":"Stole Relic","floor":27.0,"gold_loss":0.0,"damage_taken":0.0,"relics_obtained":["Toxic Egg 2"],"cards_obtained":["Shame"]},{"damage_healed":0,"gold_gain":0,"player_choice":"Memory 1","damage_taken":0,"max_hp_gain":0,"max_hp_loss":0,"event_name":"SensoryStone","floor":38,"gold_loss":0}],"is_beta":false,"boss_relics":[{"not_picked":["Runic Dome","Fusion Hammer"],"picked":"Cursed Key"},{"not_picked":["HolyWater","Coffee Dripper"],"picked":"Black Star"}],"items_purged_floors":[],"is_endless":false,"potions_floor_spawned":[1,3,7,14,18,21,33,37],"killed_by":"Nemesis","ascension_level":15}}