{"host":"q6uiiyan8fxg9uyi","time":1609525309,"event":{"mods":["AchievementEnabler","BaseMod","BetterRewards","Hubris","Minty Spire (QoL Compilation)","Replay The Spire","StSLib","SuperFastMode"],"gold_per_floor":[113,185,195,195,195,220,220,232,232,258,35,35,35,35,35,35,35],"floor_reached":16,"playtime":608,"items_purged":[],"score":138,"play_id":"5f86b5e6-424c-4c92-a325-009367af76f4","local_time":"20210101192149","is_ascension_mode":true,"campfire_choices":[{"data":"After Image","floor":7,"key":"SMITH"}],"circlet_count":0,"master_deck":["Strike_G","Strike_G","Strike_G","Defend_G+1","Defend_G","Defend_G","Defend_G","Defend_G","Neutralize","Poisoned Stab","Hidden Blade","PiercingWail","After Image+1","Terror","PiercingWail+1","Crippling Poison+1"],"relics":["Ring of the Snake","NeowsBlessing","Strawberry","Replay:Baseball","InkBottle","Centennial Puzzle","ReplayFunnel"],"acts_visited":["Exordium"],"potions_floor_usage":[10,10,10,16],"damage_taken":[{"damage":0,"enemies":"2 Louse","floor":1,"turns":1},{"damage":0,"enemies":"Jaw Worm","floor":3,"turns":1},{"damage":0,"enemies":"3 Sentries","floor":6,"turns":1},{"damage":0,"enemies":"Cultist","floor":8,"turns":4},{"damage":37,"enemies":"Gremlin Nob","floor":10,"turns":6},{"damage":63,"enemies":"Slime Boss","floor":16,"turns":19}],"seed_played":"-8970106051319052","potions_obtained":[{"floor":1,"key":"Poison Potion"},{"floor":2,"key":"PowerPotion"},{"floor":2,"key":"Venom Potion"},{"floor":6,"key":"SpeedPotion"}],"is_trial":false,"path_per_floor":["M","?","M","?","?","E","R","M","T","E","$","?","?","?","R","B"],"character_chosen":"THE_SILENT","items_purchased":["Regen Potion","ReplayFunnel"],"campfire_rested":0,"item_purchase_floors":[11,11],"current_hp_per_floor":[70,60,60,60,53,53,53,53,53,16,16,21,21,21,45,0,0],"gold":35,"neow_bonus":"THREE_ENEMY_KILL","is_daily":false,"chose_seed":false,"campfire_upgraded":1,"win_rate":0.0,"timestamp":1609525309,"path_taken":["M","?","M","?","?","E","R","?","T","E","$","?","?","?","R","BOSS"],"items_purchased_type":["Potion","Relic"],"build_version":"2020-12-22","purchased_purges":0,"victory":false,"max_hp_per_floor":[70,77,77,77,77,77,77,77,77,77,77,82,82,82,82,82,82],"card_choices":[{"not_picked":["Leg Sweep","Slice"],"picked":"Poisoned Stab","floor":1},{"not_picked":["Crippling Poison","hubris:Sniper"],"picked":"Hidden Blade","floor":2},{"not_picked":["Endless Agony","Well Laid Plans"],"picked":"PiercingWail","floor":3},{"not_picked":["Slice","Outmaneuver"],"picked":"After Image","floor":6},{"not_picked":["Hidden Blade","Prepared"],"picked":"Terror","floor":8},{"not_picked":["Backstab","Well Laid Plans"],"picked":"PiercingWail","floor":10}],"player_experience":10331,"relics_obtained":[{"floor":2,"key":"Strawberry"},{"floor":6,"key":"Replay:Baseball"},{"floor":9,"key":"InkBottle"},{"floor":10,"key":"Centennial Puzzle"}],"event_choices":[{"cards_removed":["Strike_G"],"damage_healed":0,"gold_gain":0,"player_choice":"Forget","damage_taken":0,"max_hp_gain":0,"max_hp_loss":0,"event_name":"Living Wall","floor":4,"gold_loss":0},{"cards_removed":["Strike_G"],"damage_healed":0,"gold_gain":0,"player_choice":"Card Removal","damage_taken":7,"max_hp_gain":0,"max_hp_loss":0,"event_name":"Golden Wing","floor":5,"gold_loss":0},{"damage_healed":0,"gold_gain":0,"player_choice":"Donut","damage_taken":0,"max_hp_gain":5,"max_hp_loss":0,"event_name":"Big Fish","floor":12,"gold_loss":0}],"is_beta":false,"boss_relics":[],"items_purged_floors":[],"is_endless":false,"potions_floor_spawned":[1,6],"killed_by":"Slime Boss","ascension_level":1}}