{"host":"i3z0gcxurea6197v","time":1609538996,"event":{"mods":["Aspiration","BaseMod","Conspire","Energized Spire","Hubris","Minty Spire (QoL Compilation)","Permanent Neow","Potionbrewer","Relic Stats","Replay The Spire","Shop Mod","StSLib","SuperFastMode","TheWitcher","Virulent Crown","vexMod"],"gold_per_floor":[112,0,0,0,12,12,12,12,39,69,89,102,118,150,150,252,252,267,85,99,99,99,131,131,160,233,133,144,174,212,242,242,347,347,369,389,111,111,127,160,160,193,265,282,292,307,326,340,340,340,340,340,46,79,79],"floor_reached":56,"playtime":5381,"items_purged":["potionbrewer:PotionbrewerStrike","Injury","Looming Evil","hubris:Disease"],"score":1304,"play_id":"eb81bafe-e2ec-4b83-9678-b09f5360c2bd","local_time":"20210102030956","is_ascension_mode":false,"campfire_choices":[{"data":"potionbrewer:ChainReaction","floor":6.0,"key":"SMITH"},{"data":"potionbrewer:PotionbrewerStrike","floor":8.0,"key":"SMITH"},{"data":"potionbrewer:RefinedProcess","floor":15.0,"key":"SMITH"},{"floor":24.0,"key":"REST"},{"floor":32,"key":"REST"},{"floor":41,"key":"REST"},{"floor":49,"key":"RECALL"},{"data":"potionbrewer:PotionbrewerDefend","floor":52,"key":"SMITH"}],"circlet_count":0,"master_deck":["potionbrewer:PotionbrewerStrike","potionbrewer:PotionbrewerStrike","potionbrewer:PotionbrewerStrike","potionbrewer:PotionbrewerDefend+3","potionbrewer:PotionbrewerDefend","potionbrewer:PotionbrewerDefend","potionbrewer:PotionbrewerDefend","potionbrewer:Collect+1","potionbrewer:ChemicalSpill+1","potionbrewer:ChainReaction+1","potionbrewer:FortifiedSerum+1","potionbrewer:Biohazard+1","potionbrewer:CrossReference+1","potionbrewer:FortifiedSerum+1","potionbrewer:RefinedProcess+1","potionbrewer:PotentialEnergy","potionbrewer:TwoForOne+1","Apotheosis+1","potionbrewer:ChemicalWeapons+1","potionbrewer:Toxicity+1","potionbrewer:Prototype","Parasite","potionbrewer:Prototype","potionbrewer:MicrobeSpray+1","potionbrewer:Prototype"],"relics":["potionbrewer:PotionKit","Toxic Egg 2","Simple Rune","potionbrewer:BunsenBurner","conspire:GiftBox","Cursed Key","hubris:Icosahedron","Blood Vial","hubris:BottledRain","Red Mask","ReplayTheSpireMod:Lightbulb","Runic Pyramid","Toy Ornithopter","MealTicket","aspiration:ChemicalBlood","OrangePellets","Strawberry"],"acts_visited":["Exordium","TheCity","TheBeyond","TheEnding"],"potions_floor_usage":[25,25,25,28,28,29,29,29,30,31,31,33,35,36,39,40,42,42,42,44,45,46,46,47,48,50,54,54,54,55,55,55],"damage_taken":[{"damage":0.0,"enemies":"2 Louse","floor":1.0,"turns":4.0},{"damage":0.0,"enemies":"Jaw Worm","floor":5.0,"turns":6.0},{"damage":3.0,"enemies":"Gremlin Nob","floor":10.0,"turns":5.0},{"damage":0.0,"enemies":"conspire:RoseBush","floor":11.0,"turns":4.0},{"damage":0.0,"enemies":"3 Louse","floor":12.0,"turns":5.0},{"damage":0.0,"enemies":"Looter","floor":13.0,"turns":4.0},{"damage":4.0,"enemies":"Replay:BlueRogue","floor":14.0,"turns":6.0},{"damage":21.0,"enemies":"The Guardian","floor":16.0,"turns":19.0},{"damage":12.0,"enemies":"Shell Parasite","floor":18.0,"turns":7.0},{"damage":20.0,"enemies":"3 Byrds","floor":20.0,"turns":6.0},{"damage":18.0,"enemies":"Gremlin Leader","floor":23.0,"turns":5.0},{"damage":11,"enemies":"Book of Stabbing","floor":25,"turns":7},{"damage":0,"enemies":"conspire:HollyBat","floor":28,"turns":6},{"damage":15,"enemies":"Masked Bandits","floor":29,"turns":7},{"damage":26,"enemies":"conspire:Head Lice","floor":30,"turns":7},{"damage":0,"enemies":"3 Cultists","floor":31,"turns":6},{"damage":11,"enemies":"Automaton","floor":33,"turns":11},{"damage":11,"enemies":"Orb Walker","floor":35,"turns":4},{"damage":28,"enemies":"3 Shapes","floor":36,"turns":4},{"damage":0,"enemies":"Writhing Mass","floor":39,"turns":5},{"damage":0,"enemies":"R_Hoarder","floor":40,"turns":7},{"damage":35,"enemies":"Reptomancer","floor":42,"turns":10},{"damage":24,"enemies":"Jaw Worm Horde","floor":44,"turns":5},{"damage":0,"enemies":"3 Darklings","floor":45,"turns":6},{"damage":1,"enemies":"Sphere and 2 Shapes","floor":46,"turns":7},{"damage":18,"enemies":"4 Shapes","floor":47,"turns":9},{"damage":0,"enemies":"Transient","floor":48,"turns":5},{"damage":74,"enemies":"Donu and Deca","floor":50,"turns":9},{"damage":39,"enemies":"Shield and Spear","floor":54,"turns":7},{"damage":92,"enemies":"The Heart","floor":55,"turns":8}],"seed_played":"5490787307378021491","potions_obtained":[{"floor":11.0,"key":"Strength Potion"},{"floor":16.0,"key":"Fire Potion"},{"floor":23.0,"key":"Fruit Juice"},{"floor":25,"key":"potionbrewer:CleansingPotion"},{"floor":29,"key":"potionbrewer:BlacksmithPotion"},{"floor":31,"key":"Energy Potion"},{"floor":46,"key":"BlessingOfTheForge"},{"floor":48,"key":"FearPotion"}],"is_trial":false,"path_per_floor":["M","$","?","?","M","R","?","R","T","E","M","M","M","E","R","B",null,"M","$","M","?","?","E","R","E","T","$","M","?","E","M","R","B",null,"M","M","$","?","M","E","R","E","T","M","M","M","M","M","R","B",null,"R","$","E","B",null],"character_chosen":"POTIONBREWER","items_purchased":["potionbrewer:FortifiedSerum+1","Apotheosis+1","Toy Ornithopter","OrangePellets"],"campfire_rested":3,"item_purchase_floors":[2,19,37,53],"current_hp_per_floor":[75,75,75,75,75,75,75,75,75,72,72,72,72,68,68,47,75,63,63,43,43,46,28,51,47,47,47,54,46,27,34,64,60,108,102,81,81,81,93,106,129,114,114,102,114,130,124,136,136,74,164,164,164,147,77],"gold":79,"neow_bonus":"UPGRADE_CARD","is_daily":false,"chose_seed":false,"campfire_upgraded":4,"win_rate":0.0,"timestamp":1609538996,"path_taken":["M","$","?","?","M","R","?","R","T","E","M","M","M","E","R","BOSS","M","$","M","?","?","E","R","E","T","$","M","?","E","M","R","BOSS","M","M","$","?","M","E","R","E","T","?","M","M","M","M","R","BOSS","R","$","E","BOSS"],"items_purchased_type":["Card","Card","Relic","Relic"],"build_version":"2020-12-22","purchased_purges":4,"victory":true,"max_hp_per_floor":[75,75,75,75,75,75,75,75,75,75,75,75,75,75,75,75,75,75,75,75,75,78,78,78,83,83,83,88,93,98,103,103,108,108,113,118,118,118,123,129,129,134,134,139,144,149,154,159,159,164,164,164,164,176,181],"relic_stats":{"Blood Vial":32,"OrangePellets":[3],"counters":[30,201],"MealTicket":0,"Cursed Key":2,"obtain_stats":[{"Cursed Key":17,"potionbrewer:PotionKit":0,"Blood Vial":23,"OrangePellets":53,"conspire:GiftBox":14,"hubris:Icosahedron":21,"Strawberry":54,"Simple Rune":9,"MealTicket":40,"Red Mask":29,"potionbrewer:BunsenBurner":10,"Toxic Egg 2":4,"ReplayTheSpireMod:Lightbulb":30,"Toy Ornithopter":37,"hubris:BottledRain":25,"Runic Pyramid":34,"aspiration:ChemicalBlood":42},{"Cursed Key":8,"potionbrewer:PotionKit":0,"Blood Vial":11,"OrangePellets":28,"conspire:GiftBox":7,"hubris:Icosahedron":10,"Strawberry":29,"Simple Rune":2,"MealTicket":21,"Red Mask":14,"potionbrewer:BunsenBurner":3,"Toxic Egg 2":1,"ReplayTheSpireMod:Lightbulb":15,"Toy Ornithopter":19,"hubris:BottledRain":12,"Runic Pyramid":17,"aspiration:ChemicalBlood":22},{"Cursed Key":53,"potionbrewer:PotionKit":0,"Blood Vial":71,"OrangePellets":186,"conspire:GiftBox":34,"hubris:Icosahedron":66,"Strawberry":193,"Simple Rune":10,"MealTicket":135,"Red Mask":91,"potionbrewer:BunsenBurner":15,"Toxic Egg 2":4,"ReplayTheSpireMod:Lightbulb":98,"Toy Ornithopter":123,"hubris:BottledRain":78,"Runic Pyramid":115,"aspiration:ChemicalBlood":145}],"Toy Ornithopter":85},"card_choices":[{"not_picked":["potionbrewer:FlashPowder","potionbrewer:VolatileSolution"],"picked":"potionbrewer:ChainReaction","floor":1.0},{"not_picked":["potionbrewer:ChokingPowder+1","potionbrewer:UnstableFormula"],"picked":"potionbrewer:Biohazard+1","floor":5.0},{"not_picked":["potionbrewer:FlashPowder","potionbrewer:Contingency"],"picked":"potionbrewer:CrossReference+1","floor":10.0},{"not_picked":["potionbrewer:TimeBomb","potionbrewer:ChemicalRage"],"picked":"potionbrewer:FortifiedSerum+1","floor":11.0},{"not_picked":["potionbrewer:IronFist","potionbrewer:FortifiedSerum+1","potionbrewer:Smokescreen+1"],"picked":"SKIP","floor":12.0},{"not_picked":["potionbrewer:Smokescreen+1","potionbrewer:FlareUp","potionbrewer:Shovel"],"picked":"SKIP","floor":13.0},{"not_picked":["potionbrewer:ResearchResults+1","potionbrewer:PotentialEnergy"],"picked":"potionbrewer:RefinedProcess","floor":14.0},{"not_picked":["potionbrewer:Shovel","potionbrewer:TestFormula+1"],"picked":"potionbrewer:PotentialEnergy","floor":14.0},{"not_picked":["potionbrewer:Accelerant+1","potionbrewer:Transmute"],"picked":"potionbrewer:TwoForOne+1","floor":16.0},{"not_picked":["potionbrewer:QuickStep+1","potionbrewer:VolatileSolution","potionbrewer:FortifiedSerum+1"],"picked":"SKIP","floor":18.0},{"not_picked":["potionbrewer:ExothermicReaction+1","potionbrewer:TestFormula+1"],"picked":"potionbrewer:ChemicalWeapons+1","floor":20.0},{"not_picked":["potionbrewer:IronHeart","potionbrewer:Smokescreen+1","potionbrewer:Contingency"],"picked":"SKIP","floor":23.0},{"not_picked":["potionbrewer:IronHeart","potionbrewer:Smokescreen+1","potionbrewer:Contingency"],"picked":"SKIP","floor":23.0},{"not_picked":["potionbrewer:Smack","potionbrewer:TimeBomb","potionbrewer:Brandish+1","potionbrewer:Prototype"],"picked":"SKIP","floor":25},{"not_picked":["potionbrewer:LeftoverSpecimen+1","potionbrewer:Shovel","potionbrewer:Refill+1","potionbrewer:Prototype"],"picked":"SKIP","floor":28},{"not_picked":["potionbrewer:PrivateReserves","potionbrewer:Fuel+1"],"picked":"potionbrewer:Toxicity+1","floor":29},{"not_picked":["potionbrewer:BottomlessFlask","potionbrewer:LeftoverSpecimen+1","potionbrewer:AnotherRound"],"picked":"SKIP","floor":30},{"not_picked":["potionbrewer:VolatileSolution","potionbrewer:EmptyBottle","potionbrewer:ExplosiveReaction"],"picked":"SKIP","floor":31},{"not_picked":["potionbrewer:BrokenBeakers","potionbrewer:AlchemistForm","potionbrewer:IronFlesh+1"],"picked":"potionbrewer:Prototype","floor":33},{"not_picked":["potionbrewer:Shovel+1","potionbrewer:BlindingSpray","potionbrewer:LabAccident+1"],"picked":"SKIP","floor":35},{"not_picked":["potionbrewer:FlashPowder","potionbrewer:FuelCell+1","potionbrewer:TestFormula+1"],"picked":"SKIP","floor":36},{"not_picked":["potionbrewer:TimeBomb","potionbrewer:Toxicity+1","potionbrewer:WizBang"],"picked":"SKIP","floor":39},{"not_picked":["potionbrewer:Fuel+1","potionbrewer:Spark+1","potionbrewer:BalancedFormula+1"],"picked":"SKIP","floor":40},{"not_picked":["potionbrewer:EmptyBottle","potionbrewer:Shovel+1","potionbrewer:FlashPowder"],"picked":"potionbrewer:Prototype","floor":42},{"not_picked":["potionbrewer:HazardousMaterials+1","potionbrewer:Biohazard+1","potionbrewer:TimeBomb+1"],"picked":"SKIP","floor":44},{"not_picked":["potionbrewer:DigDeep+1","potionbrewer:Smokescreen+1","potionbrewer:ChokingPowder+1"],"picked":"SKIP","floor":45},{"not_picked":["potionbrewer:DigDeep+1","potionbrewer:WizBang","potionbrewer:SpecialFormula+1"],"picked":"SKIP","floor":46},{"not_picked":["potionbrewer:FuelCell+1","potionbrewer:Smokescreen+1"],"picked":"potionbrewer:MicrobeSpray+1","floor":47},{"not_picked":["potionbrewer:IronFist","potionbrewer:Toxicity+1","potionbrewer:VolatileSolution"],"picked":"SKIP","floor":48},{"not_picked":["potionbrewer:ChemicalRage","potionbrewer:TimeBomb","potionbrewer:MicrobeSpray+1"],"picked":"potionbrewer:Prototype","floor":54}],"player_experience":912671,"relics_obtained":[{"floor":9.0,"key":"Simple Rune"},{"floor":10.0,"key":"potionbrewer:BunsenBurner"},{"floor":14.0,"key":"conspire:GiftBox"},{"floor":23.0,"key":"Blood Vial"},{"floor":25,"key":"hubris:BottledRain"},{"floor":29,"key":"Red Mask"},{"floor":30,"key":"ReplayTheSpireMod:Lightbulb"},{"floor":40,"key":"MealTicket"},{"floor":42,"key":"aspiration:ChemicalBlood"},{"floor":54,"key":"Strawberry"}],"event_choices":[{"damage_healed":0.0,"max_hp_gain":0.0,"max_hp_loss":0.0,"gold_gain":0.0,"event_name":"Liars Game","player_choice":"Ignored","floor":3.0,"gold_loss":0.0,"damage_taken":0.0},{"damage_healed":0,"gold_gain":0,"player_choice":"Fought Bandits","damage_taken":0,"max_hp_gain":0,"max_hp_loss":0,"event_name":"Masked Bandits","floor":29,"gold_loss":0},{"cards_removed":["hubris:Greed","hubris:Greed"],"damage_healed":0,"gold_gain":0,"player_choice":"Removed Curses","damage_taken":0,"max_hp_gain":0,"max_hp_loss":0,"event_name":"Fountain of Cleansing","floor":38,"gold_loss":0}],"is_beta":false,"boss_relics":[{"not_picked":["energizedSpire:NeverEndingSparkler","hubris:Stopwatch"],"picked":"Cursed Key"},{"not_picked":["Kintsugi","hubris:CrackedHourglass"],"picked":"Runic Pyramid"}],"items_purged_floors":[2,27,37,53],"is_endless":false,"potions_floor_spawned":[11,14,16,23,25,29,31,33,36,39,46,47],"ascension_level":0}}