{"host":"4f4mly8p8a03nx7e","time":1609528132,"event":{"mods":["AchievementEnabler","Aspiration","BaseMod","BetterRewards","Colored Map","Colored Powertips","Conspire","Energized Spire","Googly Eyes","GungeonMod","Highlight Path","Hubris","Infinite Spire","Minty Spire (QoL Compilation)","Permanent Neow","Rare Cards Sparkle","Relic Sorter","Replay The Spire","Shop Mod","StSLib","Synergy Search","The IronCluck","Virulent Crown"],"gold_per_floor":[118,118,83,95,95,122,122,149,173,183,183,198,215,250,250,351,351,371,411,511,526,526,556,556,556,556,586,596,629,33,61,61,157,157,171,187,187,202,202,202,216,245,313,343,363,363,375,408,408,408],"floor_reached":51,"playtime":2048,"items_purged":[],"score":1136,"play_id":"3984f705-a0f7-46c4-bda3-e7cc610c5497","local_time":"20210101200852","is_ascension_mode":true,"campfire_choices":[{"data":"Flame Barrier","floor":7.0,"key":"SMITH"},{"floor":11.0,"key":"REST"},{"floor":15.0,"key":"REST"},{"data":"hubris:InfiniteBlow+17","floor":25.0,"key":"SMITH"},{"floor":32.0,"key":"REST"},{"data":"hubris:InfiniteBlow+18","floor":32.0,"key":"SMITH"},{"floor":40,"key":"REST"},{"data":"hubris:InfiniteBlow+36","floor":40,"key":"SMITH"},{"floor":49,"key":"REST"},{"data":"hubris:InfiniteBlow+37","floor":49,"key":"SMITH"}],"circlet_count":0,"master_deck":["Strike_R","Strike_R","Strike_R","Strike_R","Strike_R","Defend_R","Defend_R","Defend_R","Defend_R","Bash","Flame Barrier+1","Injury","Perfected Strike+1","Spot Weakness","Perfected Strike+1","Ghostly Armor","ReplayTheSpireMod:Muscle Training","Demon Form","Twin Strike+1","Cleave+1","Flex","Strike_R+1","Strike_R+1","Strike_R+1","Strike_R+1","Strike_R+1","Defend_R","Defend_R","Defend_R","Defend_R","Bash+1","Flame Barrier+1","Injury","Perfected Strike+1","Spot Weakness","Perfected Strike+1","Ghostly Armor","ReplayTheSpireMod:Muscle Training","Demon Form","Twin Strike+1","Cleave+1","Flex","hubris:CleavingFinish+1","hubris:InfiniteBlow+38","Wild Strike+1","Metallicize","Reaper+1","Rupture+1","Cleave+1","Parasite","Dual Wield","infinitespire:NeuralNetwork","Flame Barrier","Thunderclap+1","Pommel Strike+1","Life Link","infinitespire:NeuralNetwork","ReplayTheSpireMod:Limb From Limb+1"],"relics":["Burning Blood","hubris:Icosahedron","DemoMod:AgedBell","Molten Egg 2","Replay:Mystery Machine","Kunai","hubris:GlazedTorus","Red Skull","conspire:TopHat","hubris:Stopwatch","Paper Frog","Pet Ghost","Pen Nib","Singing Bowl","infinitespire:Magic Flask","Bag of Marbles","DemoMod:BigBoy","MerchantsRug","conspire:Flyswatter","energizedSpire:RedRose","hubris:MobiusCoin","Champion Belt","Sling","PreservedInsect"],"acts_visited":["Exordium","TheCity","TheBeyond"],"potions_floor_usage":[50,50,50],"damage_taken":[{"damage":11.0,"enemies":"Cultist","floor":1.0,"turns":4.0},{"damage":6.0,"enemies":"Jaw Worm","floor":4.0,"turns":4.0},{"damage":25.0,"enemies":"Gremlin Nob","floor":6.0,"turns":5.0},{"damage":24.0,"enemies":"3 Sentries","floor":8.0,"turns":6.0},{"damage":0.0,"enemies":"Small Slimes","floor":10.0,"turns":2.0},{"damage":13.0,"enemies":"Exordium Wildlife","floor":12.0,"turns":3.0},{"damage":6.0,"enemies":"Looter","floor":13.0,"turns":2.0},{"damage":13.0,"enemies":"Replay:BlueRogue","floor":14.0,"turns":5.0},{"damage":32.0,"enemies":"Slime Boss","floor":16.0,"turns":12.0},{"damage":8.0,"enemies":"Chosen","floor":18.0,"turns":4.0},{"damage":13.0,"enemies":"3 Byrds","floor":21.0,"turns":4.0},{"damage":10.0,"enemies":"Replay:Snechameleon","floor":23.0,"turns":3.0},{"damage":14.0,"enemies":"Gremlin Leader","floor":27.0,"turns":4.0},{"damage":12.0,"enemies":"3 Cultists","floor":28.0,"turns":3.0},{"damage":19.0,"enemies":"conspire:Head Lice","floor":29.0,"turns":4.0},{"damage":14.0,"enemies":"Slavers","floor":31.0,"turns":3.0},{"damage":44.0,"enemies":"Automaton","floor":33.0,"turns":5.0},{"damage":17,"enemies":"3 Darklings","floor":35,"turns":3},{"damage":0,"enemies":"Orb Walker","floor":36,"turns":1},{"damage":3,"enemies":"Writhing Mass","floor":38,"turns":2},{"damage":26,"enemies":"3 Darklings","floor":41,"turns":5},{"damage":5,"enemies":"Giant Head","floor":42,"turns":2},{"damage":24,"enemies":"Maw","floor":44,"turns":8},{"damage":23,"enemies":"Maw","floor":45,"turns":6},{"damage":14,"enemies":"4 Shapes","floor":47,"turns":5},{"damage":49,"enemies":"Nemesis","floor":48,"turns":5},{"damage":63,"enemies":"Time Eater","floor":50,"turns":7}],"seed_played":"-4268651210453130436","potions_obtained":[{"floor":1.0,"key":"Swift Potion"},{"floor":4.0,"key":"ColorlessPotion"},{"floor":14.0,"key":"Toxic Potion"},{"floor":27.0,"key":"Elixir"},{"floor":31.0,"key":"Dexterity Potion"},{"floor":35,"key":"BloodPotion"},{"floor":38,"key":"Milkshake"},{"floor":45,"key":"FearPotion"},{"floor":47,"key":"Toxic Potion"}],"is_trial":false,"path_per_floor":["M","?","?","M","?","E","R","E","T","M","R","M","M","E","R","B",null,"M","?","?","M","?","E","AVR","R","T","E","M","E","$","E","R","B",null,"M","M","?","M","?","R","M","E","T","?","M","AVR","M","E","R","B",null],"character_chosen":"IRONCLAD","items_purchased":["DemoMod:BigBoy","Metallicize","MerchantsRug","Fire Potion","AttackPotion"],"campfire_rested":5,"item_purchase_floors":[30,30,30,30,30],"current_hp_per_floor":[46,46,66,66,63,44,44,26,26,32,56,49,49,42,66,40,70,68,68,68,61,61,57,57,57,57,51,47,34,34,28,53,15,68,57,63,63,86,65,86,66,78,78,75,58,58,63,20,46,32],"gold":408,"neow_bonus":"ONE_RARE_RELIC","is_daily":false,"chose_seed":false,"campfire_upgraded":5,"win_rate":0.0,"timestamp":1609528132,"path_taken":["M","?","?","M","?","E","R","E","T","?","R","M","M","E","R","BOSS","M","?","?","?","?","E","AVR","R","T","E","?","E","$","E","R","BOSS","M","M","?","M","?","R","M","E","T","?","M","AVR","?","E","R","BOSS"],"items_purchased_type":["Relic","Card","Relic","Potion","Potion"],"build_version":"2020-12-22","purchased_purges":0,"victory":true,"max_hp_per_floor":[80,80,80,80,80,80,80,80,80,80,80,80,80,80,80,80,80,80,80,80,80,80,80,80,80,80,82,84,84,84,86,86,86,86,86,86,86,86,86,86,86,86,86,86,86,86,88,88,88,88],"card_choices":[{"not_picked":["Armaments","Pommel Strike"],"picked":"Flame Barrier","floor":1.0},{"not_picked":["Flex","Rage"],"picked":"Perfected Strike+1","floor":4.0},{"not_picked":["Heavy Blade+1","Sever Soul+1"],"picked":"Spot Weakness","floor":6.0},{"not_picked":["Iron Wave+1","Sword Boomerang+1"],"picked":"Perfected Strike+1","floor":8.0},{"not_picked":["Clash+1","Run Through+1","Body Slam+1"],"picked":"SKIP","floor":10.0},{"not_picked":["Body Slam+1","hubris:ReadiedAction"],"picked":"Ghostly Armor","floor":12.0},{"not_picked":["Headbutt+1","Havoc","Power Through"],"picked":"SKIP","floor":13.0},{"not_picked":["Searing Blow+1","ReplayReversal"],"picked":"ReplayTheSpireMod:Muscle Training","floor":14.0},{"not_picked":["Berserk","conspire:Purge"],"picked":"Demon Form","floor":16.0},{"not_picked":["DemoMod:BlackBlade+1","Metallicize"],"picked":"Twin Strike+1","floor":18.0},{"not_picked":["Clash+1","conspire:ExplosiveBarrier"],"picked":"Cleave+1","floor":19.0},{"not_picked":["DemoMod:WhiteBlade+1","Shrug It Off+1"],"picked":"Flex","floor":21.0},{"not_picked":["Run Through+1","Body Slam+1"],"picked":"hubris:CleavingFinish+1","floor":23.0},{"not_picked":["Armaments","DemoMod:WhiteBlade+1","Bloodletting"],"picked":"Singing Bowl","floor":27.0},{"not_picked":["hubris:SharpeningStone","Hemokinesis+1","hubris:ReadiedAction+1"],"picked":"Singing Bowl","floor":28.0},{"not_picked":["Bloodletting+1","Hemokinesis+1"],"picked":"Wild Strike+1","floor":29.0},{"not_picked":["Rampage+1","Iron Wave+1","Heavy Blade+1"],"picked":"Singing Bowl","floor":31.0},{"not_picked":["Immolate+1","conspire:HitWhereItHurts+1"],"picked":"Reaper+1","floor":33.0},{"not_picked":["Twin Strike+1","Carnage+1"],"picked":"Rupture+1","floor":35},{"not_picked":["Intimidate+1","hubris:ReadiedAction+1"],"picked":"Cleave+1","floor":36},{"not_picked":["Run Through+1","Flex"],"picked":"Dual Wield","floor":38},{"not_picked":["infinitespire:Execution","ReplayTheSpireMod:Black Plague"],"picked":"infinitespire:NeuralNetwork","floor":39},{"not_picked":["Armaments","Warcry+1"],"picked":"Flame Barrier","floor":41},{"not_picked":["DemoMod:WhiteBlade+1","Replay:Undeath\u0027s Touch+1"],"picked":"Thunderclap+1","floor":42},{"not_picked":["Sword Boomerang+1","Replay:Undeath\u0027s Touch+1"],"picked":"Pommel Strike+1","floor":44},{"not_picked":["Eclipse","Rupture+1"],"picked":"Life Link","floor":45},{"not_picked":["Entrench","Second Wind+1","Clothesline+1"],"picked":"Singing Bowl","floor":47},{"not_picked":["Flex","ReplayTheSpireMod:Stacked"],"picked":"ReplayTheSpireMod:Limb From Limb+1","floor":48}],"player_experience":251391,"relics_obtained":[{"floor":6.0,"key":"Kunai"},{"floor":8.0,"key":"hubris:GlazedTorus"},{"floor":9.0,"key":"Red Skull"},{"floor":14.0,"key":"conspire:TopHat"},{"floor":19.0,"key":"Paper Frog"},{"floor":23.0,"key":"Pet Ghost"},{"floor":26.0,"key":"Singing Bowl"},{"floor":27.0,"key":"infinitespire:Magic Flask"},{"floor":29.0,"key":"Bag of Marbles"},{"floor":31.0,"key":"conspire:Flyswatter"},{"floor":43,"key":"hubris:MobiusCoin"},{"floor":44,"key":"Champion Belt"},{"floor":48,"key":"PreservedInsect"}],"event_choices":[{"damage_healed":20.0,"max_hp_gain":0.0,"max_hp_loss":0.0,"gold_gain":0.0,"event_name":"The Cleric","player_choice":"Healed","floor":3.0,"gold_loss":35.0,"damage_taken":0.0},{"damage_healed":0.0,"max_hp_gain":0.0,"max_hp_loss":0.0,"gold_gain":0.0,"event_name":"Scrap Ooze","player_choice":"Success","floor":5.0,"gold_loss":0.0,"damage_taken":3.0,"relics_obtained":["Replay:Mystery Machine"]},{"damage_healed":0.0,"max_hp_gain":0.0,"max_hp_loss":0.0,"gold_gain":100.0,"event_name":"Golden Shrine","player_choice":"Pray","floor":20.0,"gold_loss":0.0,"damage_taken":0.0}],"is_beta":false,"boss_relics":[{"not_picked":["Replay:Drink Me","conspire:SeveredTorchhead"],"picked":"hubris:Stopwatch"},{"not_picked":["aspiration:SilentSkillbook","hubris:VirtuousBlindfold"],"picked":"energizedSpire:RedRose"}],"items_purged_floors":[],"is_endless":false,"potions_floor_spawned":[1,4,14,18,23,27,31,35,38,45,47],"ascension_level":6}}