{"host":"uv231blk40vjdojr","time":1609537126,"event":{"mods":["BaseMod","Minty Spire (QoL Compilation)","Relic Stats"],"gold_per_floor":[115,134,134,84,94,119,119,144,169,29,41,41,41,71,83,192,204,236,260,547,23,40,67,67,100,100,100,33,33,33,49,49,49,49],"floor_reached":33,"playtime":1232,"items_purged":["Regret"],"score":489,"play_id":"f3fb1a19-d572-4824-a5aa-f1e73874401c","local_time":"20210101223846","is_ascension_mode":true,"campfire_choices":[{"data":"Dagger Spray","floor":7.0,"key":"SMITH"},{"floor":12.0,"key":"REST"},{"data":"A Thousand Cuts","floor":15.0,"key":"SMITH"},{"floor":24.0,"key":"REST"},{"data":"Bullet Time","floor":27.0,"key":"SMITH"},{"data":"Footwork","floor":29.0,"key":"SMITH"},{"floor":32.0,"key":"REST"}],"circlet_count":0,"master_deck":["AscendersBane","Strike_G","Strike_G","Strike_G+1","Strike_G+1","Strike_G","Defend_G","Defend_G","Defend_G","Defend_G","Defend_G","Survivor","Neutralize","Dagger Spray","Quick Slash","Dagger Spray+1","Backflip","A Thousand Cuts+1","Unload","Leg Sweep","Bullet Time+1","Cloak And Dagger","Leg Sweep+1","Blade Dance","Wraith Form v2","Footwork+1"],"relics":["SlaversCollar","PreservedInsect","Boot","MealTicket","Vajra","Gremlin Horn","MawBank","Black Star","CaptainsWheel","Orichalcum","Whetstone","Bottled Lightning","Strawberry","Smiling Mask","InkBottle"],"acts_visited":["Exordium","TheCity"],"potions_floor_usage":[33],"damage_taken":[{"damage":6.0,"enemies":"Cultist","floor":1.0,"turns":5.0},{"damage":0.0,"enemies":"2 Louse","floor":2.0,"turns":3.0},{"damage":5.0,"enemies":"Jaw Worm","floor":5.0,"turns":5.0},{"damage":16.0,"enemies":"Gremlin Nob","floor":6.0,"turns":4.0},{"damage":0.0,"enemies":"3 Sentries","floor":8.0,"turns":4.0},{"damage":23.0,"enemies":"Exordium Thugs","floor":11.0,"turns":4.0},{"damage":6.0,"enemies":"Gremlin Nob","floor":14.0,"turns":3.0},{"damage":24.0,"enemies":"Slime Boss","floor":16.0,"turns":7.0},{"damage":1.0,"enemies":"3 Byrds","floor":18.0,"turns":3.0},{"damage":16.0,"enemies":"Spheric Guardian","floor":19.0,"turns":5.0},{"damage":27.0,"enemies":"Centurion and Healer","floor":22.0,"turns":8.0},{"damage":19.0,"enemies":"Slavers","floor":23.0,"turns":6.0},{"damage":37.0,"enemies":"Book of Stabbing","floor":25.0,"turns":6.0},{"damage":20.0,"enemies":"Snake Plant","floor":31.0,"turns":7.0},{"damage":75,"enemies":"Champ","floor":33,"turns":13}],"seed_played":"6398669323511406646","potions_obtained":[{"floor":5.0,"key":"DuplicationPotion"},{"floor":8.0,"key":"Weak Potion"},{"floor":11.0,"key":"FairyPotion"},{"floor":18.0,"key":"DistilledChaos"},{"floor":25.0,"key":"Regen Potion"}],"is_trial":false,"path_per_floor":["M","M","?","?","M","E","R","E","T","$","M","R","T","E","R","B",null,"M","M","?","$","M","E","R","E","T","R","$","R","?","M","R","B"],"character_chosen":"THE_SILENT","items_purchased":["Unload","CaptainsWheel","Orichalcum","Blade Dance","Footwork"],"campfire_rested":3,"item_purchase_floors":[10,21,21,21,28],"current_hp_per_floor":[57,57,57,57,52,36,36,36,36,51,28,49,49,43,43,19,57,56,40,40,55,28,9,30,23,23,23,38,38,38,18,41,0,0],"gold":49,"neow_bonus":"BOSS_RELIC","is_daily":false,"chose_seed":false,"campfire_upgraded":4,"win_rate":0.0,"timestamp":1609537126,"path_taken":["M","M","?","?","?","E","R","E","T","$","M","R","?","E","R","BOSS","M","M","?","$","?","E","R","E","T","R","$","R","?","M","R","BOSS"],"items_purchased_type":["Card","Relic","Relic","Card","Card"],"build_version":"2020-12-22","purchased_purges":1,"victory":false,"max_hp_per_floor":[70,70,70,70,70,70,70,70,70,70,70,70,70,70,70,70,70,70,70,70,70,70,70,70,77,77,77,77,77,77,77,77,77,77],"relic_stats":{"Gremlin Horn":[4,7],"counters":[15,83],"MealTicket":45,"PreservedInsect":162,"Black Star":2,"Whetstone":["Strike_G","Strike_G"],"Orichalcum":[30],"Boot":[88],"MawBank":84,"Smiling Mask":0,"obtain_stats":[{"Gremlin Horn":13,"Vajra":9,"PreservedInsect":3,"Whetstone":23,"Orichalcum":21,"Boot":6,"MawBank":14,"Smiling Mask":25,"SlaversCollar":0,"CaptainsWheel":21,"Strawberry":25,"MealTicket":8,"Black Star":17,"Bottled Lightning":23,"InkBottle":26,"Ring of the Snake":0},{"Gremlin Horn":6,"Vajra":5,"PreservedInsect":2,"Whetstone":12,"Orichalcum":10,"Boot":4,"MawBank":7,"Smiling Mask":13,"SlaversCollar":0,"CaptainsWheel":10,"Strawberry":13,"MealTicket":5,"Black Star":8,"Bottled Lightning":12,"InkBottle":13,"Ring of the Snake":0},{"Gremlin Horn":25,"Vajra":21,"PreservedInsect":8,"Whetstone":57,"Orichalcum":43,"Boot":17,"MawBank":28,"Smiling Mask":63,"SlaversCollar":0,"CaptainsWheel":43,"Strawberry":63,"MealTicket":21,"Black Star":35,"Bottled Lightning":57,"InkBottle":63,"Ring of the Snake":0}],"InkBottle":[6]},"card_choices":[{"not_picked":["Bane","Flying Knee"],"picked":"Dagger Spray","floor":1.0},{"not_picked":["Bane","Riddle With Holes"],"picked":"Quick Slash","floor":2.0},{"not_picked":["Sucker Punch","Outmaneuver"],"picked":"Dagger Spray","floor":5.0},{"not_picked":["Well Laid Plans","Concentrate"],"picked":"Backflip","floor":6.0},{"not_picked":["Poisoned Stab","Backstab"],"picked":"A Thousand Cuts","floor":8.0},{"not_picked":["Flying Knee","Poisoned Stab","Outmaneuver"],"picked":"SKIP","floor":11.0},{"not_picked":["Underhanded Strike","Unload"],"picked":"Leg Sweep","floor":14.0},{"not_picked":["Burst","Glass Knife"],"picked":"Bullet Time","floor":16.0},{"not_picked":["Bane","Quick Slash"],"picked":"Cloak And Dagger","floor":18.0},{"not_picked":["Eviscerate+1","Poisoned Stab+1"],"picked":"Leg Sweep+1","floor":19.0},{"not_picked":["PiercingWail","Skewer+1","Flying Knee+1"],"picked":"SKIP","floor":22.0},{"not_picked":["Distraction","Flying Knee"],"picked":"Wraith Form v2","floor":23.0},{"not_picked":["Skewer+1","Deadly Poison+1","Slice"],"picked":"SKIP","floor":25.0},{"not_picked":["Tactician+1","Catalyst+1","Quick Slash+1"],"picked":"SKIP","floor":31.0}],"player_experience":546634,"relics_obtained":[{"floor":6.0,"key":"Boot"},{"floor":8.0,"key":"MealTicket"},{"floor":9.0,"key":"Vajra"},{"floor":13.0,"key":"Gremlin Horn"},{"floor":14.0,"key":"MawBank"},{"floor":23.0,"key":"Whetstone"},{"floor":23.0,"key":"Bottled Lightning"},{"floor":25.0,"key":"Strawberry"},{"floor":25.0,"key":"Smiling Mask"},{"floor":26.0,"key":"InkBottle"}],"event_choices":[{"damage_healed":0.0,"max_hp_gain":0.0,"max_hp_loss":0.0,"gold_gain":0.0,"event_name":"Big Fish","player_choice":"Box","floor":3.0,"gold_loss":0.0,"damage_taken":0.0,"relics_obtained":["PreservedInsect"],"cards_obtained":["Regret"]},{"cards_removed":["Regret"],"damage_healed":0.0,"max_hp_gain":0.0,"max_hp_loss":0.0,"gold_gain":0.0,"event_name":"The Cleric","player_choice":"Card Removal","floor":4.0,"gold_loss":50.0,"damage_taken":0.0},{"damage_healed":0.0,"max_hp_gain":0.0,"max_hp_loss":0.0,"gold_gain":275.0,"event_name":"Golden Shrine","player_choice":"Desecrate","floor":20.0,"gold_loss":0.0,"damage_taken":0.0,"cards_obtained":["Regret"]}],"is_beta":false,"boss_relics":[{"not_picked":["Tiny House","Philosopher\u0027s Stone"],"picked":"Black Star"}],"items_purged_floors":[21],"is_endless":false,"potions_floor_spawned":[5,8,11,18,19,25],"killed_by":"Champ","ascension_level":10}}