{"host":"m77rrhbqzv44va4v","time":1609531925,"event":{"mods":["AchievementEnabler","BaseMod","Colored Map","DeckTracker","Keyboard Shortcuts","Minty Spire (QoL Compilation)","StSLib","SuperFastMode","everything is the same but u backflip on backflip"],"gold_per_floor":[110,185,185,204,204,204,253,253,279,327,351,53,101,114,114,219,219,253,253,278,278,10,51,51,89,89,108,139,157,157,173,173,173,173],"floor_reached":33,"playtime":618,"items_purged":["Strike_R"],"score":752,"play_id":"c938c2de-a880-436b-aaa3-3e5336fb09a5","local_time":"20210102051205","is_ascension_mode":true,"campfire_choices":[{"floor":6.0,"key":"REST"},{"floor":15.0,"key":"REST"},{"data":"Evolve","floor":24,"key":"SMITH"},{"floor":30,"key":"REST"},{"floor":32,"key":"REST"}],"circlet_count":0,"master_deck":["AscendersBane","Strike_R","Strike_R","Strike_R","Defend_R","Defend_R+1","Defend_R","Defend_R","Bash","Feed","Pummel","Ghostly Armor","Cleave","Flame Barrier","Immolate","Battle Trance","Offering","Body Slam+1","Pommel Strike+1","Evolve+1","Bloodletting+1"],"relics":["Burning Blood","Golden Idol","CeramicFish","PreservedInsect","Blue Candle","Ancient Tea Set","Sozu","Sling","Letter Opener","War Paint","Mercury Hourglass","Omamori"],"acts_visited":["Exordium","TheCity"],"potions_floor_usage":[],"damage_taken":[{"damage":9.0,"enemies":"Small Slimes","floor":1.0,"turns":4.0},{"damage":12.0,"enemies":"Jaw Worm","floor":4.0,"turns":5.0},{"damage":65.0,"enemies":"Lagavulin","floor":7.0,"turns":8.0},{"damage":32.0,"enemies":"Gremlin Nob","floor":10.0,"turns":4.0},{"damage":0.0,"enemies":"2 Louse","floor":11.0,"turns":4.0},{"damage":5.0,"enemies":"3 Sentries","floor":13.0,"turns":2.0},{"damage":3.0,"enemies":"Blue Slaver","floor":14.0,"turns":4.0},{"damage":13.0,"enemies":"Slime Boss","floor":16.0,"turns":8.0},{"damage":6.0,"enemies":"Chosen","floor":18.0,"turns":5.0},{"damage":20.0,"enemies":"3 Byrds","floor":20.0,"turns":6.0},{"damage":6,"enemies":"Slavers","floor":23,"turns":2},{"damage":6,"enemies":"Gremlin Leader","floor":25,"turns":3},{"damage":40,"enemies":"Snecko","floor":27,"turns":6},{"damage":16,"enemies":"Book of Stabbing","floor":28,"turns":3},{"damage":24,"enemies":"Cultist and Chosen","floor":29,"turns":5},{"damage":25,"enemies":"Shelled Parasite and Fungi","floor":31,"turns":3},{"damage":68,"enemies":"Collector","floor":33,"turns":5}],"seed_played":"228906995503038935","potions_obtained":[{"floor":1.0,"key":"FairyPotion"},{"floor":4.0,"key":"FearPotion"},{"floor":13.0,"key":"Dexterity Potion"},{"floor":14.0,"key":"PowerPotion"}],"is_trial":false,"path_per_floor":["M","?","?","M","?","R","E","?","T","E","M","$","E","M","R","B",null,"M","?","M","?","$","E","R","E","T","M","E","M","R","M","R","B"],"character_chosen":"IRONCLAD","items_purchased":["Immolate","Fire Potion","Sling","Evolve","Bloodletting"],"campfire_rested":4,"item_purchase_floors":[12,12,22,22,22],"current_hp_per_floor":[68,57,57,54,26,50,33,33,33,10,19,19,23,26,53,49,84,84,84,73,68,68,71,71,71,71,37,27,9,39,23,54,0,0],"gold":173,"neow_bonus":"ONE_RANDOM_RARE_CARD","is_daily":false,"chose_seed":false,"campfire_upgraded":1,"win_rate":0.0,"timestamp":1609531925,"path_taken":["M","?","?","M","?","R","E","?","T","E","M","$","E","M","R","BOSS","M","?","M","?","$","E","R","E","T","M","E","M","R","?","R","BOSS"],"items_purchased_type":["Card","Potion","Relic","Card","Card"],"build_version":"2020-12-22","purchased_purges":1,"victory":false,"max_hp_per_floor":[78,78,78,81,81,81,84,84,84,87,90,90,93,93,93,96,96,96,96,99,99,99,102,102,102,102,102,102,102,102,105,105,105,105],"card_choices":[{"not_picked":["Spot Weakness","Whirlwind"],"picked":"Pummel","floor":1.0},{"not_picked":["Second Wind","Infernal Blade"],"picked":"Ghostly Armor","floor":4.0},{"not_picked":["Havoc","Clash"],"picked":"Cleave","floor":7.0},{"not_picked":["Fiend Fire","Pommel Strike"],"picked":"Flame Barrier","floor":10.0},{"not_picked":["Iron Wave","Sword Boomerang","Burning Pact"],"picked":"SKIP","floor":11.0},{"not_picked":["Perfected Strike","Armaments"],"picked":"Battle Trance","floor":13.0},{"not_picked":["Heavy Blade","Sentinel","Anger"],"picked":"SKIP","floor":14.0},{"not_picked":["Heavy Blade","Sentinel","Anger"],"picked":"SKIP","floor":14.0},{"not_picked":["Barricade","Fiend Fire"],"picked":"Offering","floor":16.0},{"not_picked":["Entrench","Warcry"],"picked":"Body Slam+1","floor":18.0},{"not_picked":["Warcry","Wild Strike"],"picked":"Pommel Strike+1","floor":20.0},{"not_picked":["Heavy Blade","Pummel+1","Hemokinesis"],"picked":"SKIP","floor":23},{"not_picked":["Sever Soul","Armaments","Clash"],"picked":"SKIP","floor":25},{"not_picked":["Sword Boomerang","True Grit+1","Twin Strike"],"picked":"SKIP","floor":27},{"not_picked":["Thunderclap","Pummel","Sword Boomerang+1"],"picked":"SKIP","floor":28},{"not_picked":["Warcry","Twin Strike","Demon Form"],"picked":"SKIP","floor":29},{"not_picked":["Hemokinesis","Thunderclap","Sword Boomerang"],"picked":"SKIP","floor":31}],"player_experience":875066,"relics_obtained":[{"floor":7.0,"key":"CeramicFish"},{"floor":9.0,"key":"PreservedInsect"},{"floor":10.0,"key":"Blue Candle"},{"floor":13.0,"key":"Ancient Tea Set"},{"floor":23,"key":"Letter Opener"},{"floor":25,"key":"War Paint"},{"floor":26,"key":"Mercury Hourglass"},{"floor":28,"key":"Omamori"}],"event_choices":[{"damage_healed":0.0,"max_hp_gain":0.0,"max_hp_loss":0.0,"gold_gain":75.0,"event_name":"World of Goop","player_choice":"Gather Gold","floor":2.0,"gold_loss":0.0,"damage_taken":11.0},{"damage_healed":0.0,"max_hp_gain":0.0,"max_hp_loss":0.0,"gold_gain":0.0,"event_name":"Liars Game","player_choice":"Ignored","floor":3.0,"gold_loss":0.0,"damage_taken":0.0},{"damage_healed":0.0,"max_hp_gain":0.0,"max_hp_loss":0.0,"gold_gain":0.0,"event_name":"Golden Idol","player_choice":"Take Damage","floor":5.0,"gold_loss":0.0,"damage_taken":28.0,"relics_obtained":["Golden Idol"]},{"cards_removed":["Strike_R"],"damage_healed":0.0,"max_hp_gain":0.0,"max_hp_loss":0.0,"gold_gain":0.0,"event_name":"Living Wall","player_choice":"Forget","floor":8.0,"gold_loss":0.0,"damage_taken":0.0},{"damage_healed":0.0,"max_hp_gain":0.0,"max_hp_loss":0.0,"gold_gain":0.0,"event_name":"Ghosts","player_choice":"Ignored","floor":19.0,"gold_loss":0.0,"damage_taken":0.0},{"damage_healed":0,"gold_gain":0,"player_choice":"Bought 0 Potions","damage_taken":0,"max_hp_gain":0,"max_hp_loss":0,"event_name":"The Woman in Blue","floor":21,"gold_loss":0}],"is_beta":false,"boss_relics":[{"not_picked":["Fusion Hammer","Pandora\u0027s Box"],"picked":"Sozu"}],"items_purged_floors":[12],"is_endless":false,"potions_floor_spawned":[1,4,13,14,23,27,29,31],"killed_by":"Collector","ascension_level":19}}