{"host":"i58uscbei3sy5089","time":1609522702,"event":{"mods":["ATMod(°¢èªMod)","Act Like it!","Arknights The Spire","BaseMod","Challenge The Spire","Colored Powertips","Conspire","Infinite Spire","Koishi","Lobotomy","LobotomyExtend","Minty Spire (QoL Compilation)","MostiFishMod","Prisma Mod","Quick Restart","Reimu£¨²©ÀöÁéÃÎ£©","Replay The Spire","Shop Mod","Spicy Shops","StSLib","TestMod","The Alterego","The Construct","UnlockEverythingMod","[IsaacMod]ÒÔÈö¼âËþ","vexMod","¡¾¹¦ÄÜMod¡¿»ìãçÖ®»·ÐÞ¸´²¹¶¡","¡¾ÒÅÎï¿¨ÅÆ¡¿REMEMod","óô»ðÖ¸ÄÏ"],"gold_per_floor":[269,29,29,29,43,43,78,78,78,78,98,110,121,121,121,217,217,229,229,242,280,300,300,326,326,326,326,380,380,398,408,408,510,510,526,626,626,626,644,644,771,823,823,823,837,867,867,891,891,992,992,989,989],"floor_reached":52,"playtime":3340,"items_purged":["construct:AttackMode","Well Laid Plans","AT_LightSaberMaster+1","construct:ScopeCore","construct:Analyze"],"score":916,"play_id":"c3a67fbf-7c6f-4e4d-8e69-f85b8e7029b4","local_time":"20210102013822","is_ascension_mode":true,"campfire_choices":[{"data":"AT_LightSaberMaster","floor":6.0,"key":"SMITH"},{"data":"construct:Isolate","floor":8.0,"key":"SMITH"},{"data":"construct:GuardCore","floor":15.0,"key":"SMITH"},{"data":"construct:GuardCore+1","floor":23.0,"key":"SMITH"},{"data":"construct:GuardCore+1","floor":25.0,"key":"SMITH"},{"data":"construct:Autoturret","floor":32.0,"key":"SMITH"},{"data":"construct:Enhance","floor":40,"key":"SMITH"},{"data":"construct:Enhance+1","floor":44,"key":"SMITH"},{"data":"construct:LaserCore+1","floor":47,"key":"SMITH"},{"data":"construct:ScopeCore+1","floor":49,"key":"SMITH"}],"circlet_count":0,"master_deck":["construct:Strike_Gold","construct:Strike_Gold","construct:Strike_Gold","construct:Strike_Gold","construct:Strike_Gold","construct:Defend_Gold","construct:Defend_Gold","construct:Defend_Gold+1","construct:Defend_Gold","construct:Defend_Gold","construct:DefenseMode","OSAHOGD","construct:Analyze+1","construct:Autoturret+1","construct:Isolate+1","construct:Tumble","construct:GuardCore+2","construct:HammerDown","construct:GuardCore+2","construct:ElectricArmor+1","construct:ShiftGuard","construct:Zapper+1","construct:Backup","construct:LaserCore+2","construct:Bunker","LongBird","construct:Enhance+2","infinitespire:Collect","construct:Analyze","construct:SiegeForm","construct:Backup","QueenOfHatred","construct:ScopeCore+2"],"relics":["construct:ClockworkPhoenix","testmod-TestBox","HushsDoor","DaveBox","AT_ATBox","REME_ComplimentaryCards","CogitoBucket","RabbitCall","ChiXiaoBlade","testmod-ObsoleteBoomerang","SynthV:TestCard","LetterFromLob","MerchantsRug","DiscerningMonocle","conspire:Flyswatter","ats:Originium","Counterbalance","Shovel","testmod-Fanaticism","Enchiridion","Dodecahedron","PunchingBag","vexMod:RedPlottingStone","Lee\u0027s Waffle","construct:RocketBooster","Ice Cream","testmod-BouquetWithThorns","Centennial Puzzle","testmod-InjuryResistance","vexMod:GhostlyGear","Replay:Bottled Flurry","D4","Ring of Chaos","MoneyPower","Replay:Blank Codex","testmod-IntensifyImprint","Sling","AnarchistCookbook","Oddly Smooth Stone","testmod-Charity","Replay:Bottled Steam","testmod-TheFather","DeadEye","OrangePellets","testmod-AssaultLearning","Bottled Flame","TentaclePot:ReiMu","conspire:GiftBox","Pen Nib","CombinedTypeHook","infinitespire:Lucky Rock","JellyFishMachine"],"acts_visited":["Exordium","TheCity","TheBeyond","Exordium"],"potions_floor_usage":[],"damage_taken":[{"damage":0.0,"enemies":"Jaw Worm","floor":1.0,"turns":2.0},{"damage":5.0,"enemies":"Small Slimes","floor":5.0,"turns":4.0},{"damage":18.0,"enemies":"Gremlin Nob","floor":7.0,"turns":3.0},{"damage":0.0,"enemies":"Cultist","floor":11.0,"turns":2.0},{"damage":5.0,"enemies":"Looter","floor":12.0,"turns":3.0},{"damage":0.0,"enemies":"Large Slime","floor":13.0,"turns":3.0},{"damage":14.0,"enemies":"Fading Forest","floor":16.0,"turns":8.0},{"damage":35.0,"enemies":"2 Thieves","floor":18.0,"turns":3.0},{"damage":15.0,"enemies":"Chosen","floor":20.0,"turns":3.0},{"damage":38.0,"enemies":"Snecko","floor":22.0,"turns":4.0},{"damage":31.0,"enemies":"Nightmare","floor":24.0,"turns":6.0},{"damage":3.0,"enemies":"Cultist and Chosen","floor":30.0,"turns":4.0},{"damage":8.0,"enemies":"Chosen and Byrds","floor":31.0,"turns":3.0},{"damage":9.0,"enemies":"conspire:MysteriousRune","floor":33.0,"turns":6.0},{"damage":11.0,"enemies":"3 Shapes","floor":35.0,"turns":2.0},{"damage":94.0,"enemies":"infinitespire:Three Voidlings","floor":36.0,"turns":4.0},{"damage":35.0,"enemies":"Nightmare_Alpha","floor":36.0,"turns":7.0},{"damage":0,"enemies":"Orb Walker","floor":39,"turns":1},{"damage":0,"enemies":"2 Orb Walkers","floor":42,"turns":1},{"damage":0,"enemies":"Sphere and 2 Shapes","floor":45,"turns":2},{"damage":0,"enemies":"Nemesis","floor":46,"turns":1},{"damage":0,"enemies":"R_Hoarder","floor":48,"turns":2},{"damage":14,"enemies":"Time Eater","floor":50,"turns":2},{"damage":0,"enemies":"2 Louse","floor":52,"turns":1}],"seed_played":"-7921728106216134289","potions_obtained":[{"floor":5.0,"key":"testmod-SpacePotion"},{"floor":12.0,"key":"Regen Potion"},{"floor":13.0,"key":"ColorlessPotion"},{"floor":18.0,"key":"Elixir"},{"floor":31.0,"key":"Fire Potion"},{"floor":39,"key":"Strength Potion"},{"floor":50,"key":"Explosive Potion"}],"is_trial":false,"path_per_floor":["M","$","?","T","M","R","E","R","T","?","M","M","M","?","R","B",null,"M","?","M","$","M","R","NM","R","T","E","$","?","M","M","R","B",null,"M","?","AVR","$","M","R","$","?","T","R","M","E","R","E","R","B",null,"M"],"character_chosen":"THE_CONSTRUCT_MOD","items_purchased":["MerchantsRug","Diplopia","construct:Analyze","construct:Autoturret","Dodecahedron","PunchingBag","vexMod:RedPlottingStone","Lee\u0027s Waffle","construct:RocketBooster","Fire Potion","Ancient Potion","DistilledChaos","SpeedPotion","construct:ShiftGuard","Centennial Puzzle","testmod-InjuryResistance","vexMod:GhostlyGear","Replay:Bottled Flurry","D4","Elixir","Elixir","Dexterity Potion","PowerPotion","construct:Backup","Sling","AnarchistCookbook","Oddly Smooth Stone","testmod-Charity","Replay:Bottled Steam","testmod-TheFather","DeadEye","OrangePellets","testmod-AssaultLearning","Bottled Flame","TentaclePot:ReiMu","construct:Analyze","SteroidPotion","SneckoOil","GrandPatriotsElixir:ReiMu","construct:ShiftPotion"],"campfire_rested":0,"item_purchase_floors":[2,2,2,2,21,21,21,21,21,21,21,21,21,21,28,28,28,28,28,28,28,28,28,28,38,38,38,38,38,41,41,41,41,41,41,41,41,41,41,41],"current_hp_per_floor":[85,85,85,85,80,80,62,62,62,70,70,65,65,65,65,61,85,85,69,69,92,71,71,52,52,52,52,52,52,49,44,44,35,92,89,76,76,76,77,77,83,89,89,89,95,97,97,101,101,121,121,122,122],"gold":989,"neow_bonus":"","is_daily":false,"chose_seed":false,"campfire_upgraded":10,"win_rate":0.0,"timestamp":1609522702,"path_taken":["M","$","?","?","M","R","E","R","T","?","M","M","?","?","R","BOSS","M","?","M","$","M","R","NM","R","T","E","$","?","M","M","R","BOSS","M","?","AVR","?","M","R","$","?","T","R","?","E","R","E","R","BOSS","M"],"items_purchased_type":["Relic","Relic","Card","Card","Relic","Relic","Relic","Relic","Relic","Potion","Potion","Potion","Potion","Card","Relic","Relic","Relic","Relic","Relic","Potion","Potion","Potion","Potion","Card","Relic","Relic","Relic","Relic","Relic","Relic","Relic","Relic","Relic","Relic","Relic","Card","Potion","Potion","Potion","Potion"],"build_version":"2020-12-22","purchased_purges":5,"victory":false,"max_hp_per_floor":[85,85,85,85,85,85,85,85,85,85,85,85,85,85,85,85,85,85,85,85,92,92,92,92,92,92,92,92,92,92,92,92,92,92,92,92,92,92,93,93,99,105,105,105,111,113,113,117,117,121,121,122,122],"card_choices":[{"not_picked":[],"picked":"ChaosCard","floor":0.0},{"not_picked":["CrumblingArmor","BigBird"],"picked":"OSAHOGD","floor":1.0},{"not_picked":["construct:SweepLaser","construct:VentSteam","construct:Accumulate"],"picked":"SKIP","floor":1.0},{"not_picked":["construct:Forcefield","construct:Boost","construct:Versatility","construct:HammerDown"],"picked":"construct:Isolate","floor":5.0},{"not_picked":["construct:Autoturret","construct:OmegaCannon","construct:ClusterMines","construct:PowerUp"],"picked":"construct:Tumble","floor":7.0},{"not_picked":["construct:Dampening","construct:Failsafe","construct:ElectricArmor","construct:Accumulate","construct:Autoturret"],"picked":"SKIP","floor":11.0},{"not_picked":["Scorched","CrumblingArmor","SingingMachine"],"picked":"Singing Bowl","floor":12.0},{"not_picked":["construct:ChargeShot","construct:ClusterMines","construct:Backfire","construct:HeavyBolt"],"picked":"construct:GuardCore","floor":12.0},{"not_picked":["construct:OneWayMirror","construct:FierceBash","construct:Reinforce","construct:Boost","construct:QuickAttack"],"picked":"SKIP","floor":13.0},{"not_picked":["construct:SiegeForm","construct:ShiftingStance","construct:MassProduction","construct:Multistage"],"picked":"construct:HammerDown","floor":16.0},{"not_picked":["construct:ModeShift","construct:Reinforce+1","construct:ScrapCannon","construct:ShiftStrike"],"picked":"construct:GuardCore+1","floor":18.0},{"not_picked":["construct:ShiftStrike","construct:Analyze","construct:Autoturret","construct:Overcharge"],"picked":"construct:ElectricArmor+1","floor":20.0},{"not_picked":["BigBadWolf","HeroicMonk","PunishingBird"],"picked":"Singing Bowl","floor":22.0},{"not_picked":["construct:ShiftStrike+1","construct:Electrocute","construct:OneWayMirror","construct:Failsafe"],"picked":"construct:Zapper","floor":22.0},{"not_picked":["construct:Forcefield","construct:VentSteam","construct:Failsafe","construct:SuppressiveFire","construct:CriticalHit"],"picked":"SKIP","floor":24.0},{"not_picked":["construct:Forcefield","construct:VentSteam","construct:Failsafe","construct:SuppressiveFire","construct:CriticalHit"],"picked":"SKIP","floor":24.0},{"not_picked":["construct:Forcefield+1","construct:Boost","construct:Reinforce+1","construct:ClusterMines"],"picked":"construct:LaserCore","floor":30.0},{"not_picked":["construct:Synchronize","construct:FierceBash+1","construct:ChargeShot","construct:ModeShift"],"picked":"construct:ScopeCore","floor":31.0},{"not_picked":["construct:GoldenBullet","construct:MemoryTap","construct:ShieldGenerator","construct:HastyRepair"],"picked":"construct:Bunker","floor":33.0},{"not_picked":["QueenBee","Alriune"],"picked":"LongBird","floor":33.0},{"not_picked":["construct:Chainstrike+1","construct:HeavyBolt+1","construct:Dampening+1","construct:Forcefield+1"],"picked":"construct:Enhance","floor":35.0},{"not_picked":["infinitespire:SealOfDarkness+","ReplayTheSpireMod:Chaos Vortex"],"picked":"infinitespire:Collect","floor":36},{"not_picked":["construct:Analyze+1","construct:OmegaCannon","construct:ScrapCannon+1","construct:BatteryAcid+1","construct:Antimatter"],"picked":"SKIP","floor":39},{"not_picked":["construct:HyperBeam","construct:Multistage"],"picked":"construct:SiegeForm","floor":42},{"not_picked":["construct:Multistage","construct:SweepLaser","construct:Missile","construct:Chainstrike+1"],"picked":"construct:Backup","floor":42},{"not_picked":["construct:Autoturret+1","construct:SaveState","construct:Analyze","construct:Impenetrable","construct:PowerUp"],"picked":"SKIP","floor":45},{"not_picked":["construct:Hazardproof+1","construct:SuppressiveFire","construct:FocusedBeam+1","construct:Boost+1","construct:Overcharge"],"picked":"SKIP","floor":46},{"not_picked":["QueenBee","Woodsman"],"picked":"QueenOfHatred","floor":48},{"not_picked":["construct:Backfire+1","construct:HeavyBolt","construct:ModeShift+1","construct:CripplingShot"],"picked":"construct:ScopeCore+1","floor":48}],"player_experience":694659,"relics_obtained":[{"floor":1.0,"key":"SynthV:TestCard"},{"floor":1.0,"key":"LetterFromLob"},{"floor":4.0,"key":"conspire:Flyswatter"},{"floor":7.0,"key":"ats:Originium"},{"floor":7.0,"key":"Counterbalance"},{"floor":9.0,"key":"Shovel"},{"floor":19.0,"key":"Enchiridion"},{"floor":24.0,"key":"Ice Cream"},{"floor":24.0,"key":"ats:Originium"},{"floor":26.0,"key":"testmod-BouquetWithThorns"},{"floor":36,"key":"MoneyPower"},{"floor":36,"key":"Replay:Blank Codex"},{"floor":42,"key":"conspire:GiftBox"},{"floor":43,"key":"Pen Nib"},{"floor":46,"key":"ats:Originium"},{"floor":46,"key":"CombinedTypeHook"},{"floor":48,"key":"infinitespire:Lucky Rock"}],"event_choices":[{"damage_healed":0.0,"max_hp_gain":0.0,"max_hp_loss":0.0,"gold_gain":0.0,"event_name":"¸ø×Ô¼ºµÄºÐ×Ó","player_choice":"Swap Relic","floor":3.0,"relics_lost":["Diplopia"],"gold_loss":0.0,"damage_taken":0.0,"relics_obtained":["DiscerningMonocle"]},{"damage_healed":0.0,"max_hp_gain":0.0,"max_hp_loss":0.0,"gold_gain":0.0,"event_name":"conspire:LoneGhost","player_choice":"Disagree","floor":14.0,"gold_loss":0.0,"damage_taken":0.0},{"damage_healed":0.0,"max_hp_gain":0.0,"max_hp_loss":0.0,"gold_gain":0.0,"event_name":"Cursed Tome","player_choice":"Obtained Book","floor":19.0,"gold_loss":0.0,"damage_taken":16.0},{"damage_healed":0,"gold_gain":0,"player_choice":"Obtained Book","damage_taken":16,"max_hp_gain":0,"max_hp_loss":0,"event_name":"Cursed Tome","floor":36,"gold_loss":0},{"damage_healed":0,"gold_gain":0,"player_choice":"Fight","damage_taken":0,"max_hp_gain":0,"max_hp_loss":0,"event_name":"Mysterious Sphere","floor":42,"gold_loss":0}],"is_beta":false,"boss_relics":[{"not_picked":["REME_DuelDisc","ChampionBelt"],"picked":"testmod-Fanaticism"},{"not_picked":[]},{"not_picked":["Abe\u0027s Treasure","Runic Dome"],"picked":"Ring of Chaos"},{"not_picked":[]},{"not_picked":["testmod-EnergyCheck","MoonlightInvasionPlan"],"picked":"JellyFishMachine"},{"not_picked":[]}],"items_purged_floors":[21,21,28,37,41],"is_endless":true,"potions_floor_spawned":[5,12,13,18,31,36,39,50],"killed_by":"2 Louse","ascension_level":1}}