{"host":"vjkx177ju3wjmzef","time":1609534137,"event":{"mods":["BaseMod","Block Reminder","Colored Map","Colored Powertips","DeckTracker","Googly Eyes","Highlight Path","Minty Spire (QoL Compilation)","Quick Restart","Random Character Button","Relic Stats","Replay The Spire","StSLib"],"gold_per_floor":[114,129,144,144,202,202,2,32,32,47,77,77,107,122,122,122,122],"floor_reached":16,"playtime":1009,"items_purged":[],"score":170,"play_id":"be417726-ee0f-4036-9af4-130c1da4a52e","local_time":"20210101144857","daily_mods":["Shiny","ControlledChaos","Elite Swarm"],"is_ascension_mode":false,"campfire_choices":[{"data":"Bullet Time","floor":6,"key":"SMITH"},{"data":"Adrenaline","floor":12,"key":"SMITH"},{"data":"Grand Finale+1","floor":15,"key":"PURGE"}],"circlet_count":0,"master_deck":["ReplayTheSpireMod:Necrosis","Corpse Explosion+1","Die Die Die","Atom Bomb+1","ReplayTheSpireMod:From All Sides","Adrenaline+1","Envenom","Doppelganger","Burst","Wraith Form v2","Tools of the Trade","After Image","Poison Darts","A Thousand Cuts","Venomology+1","Replay:Bag of Tricks","Malaise","Phantasmal Killer","Night Terror","Unload","Bullet Time+1","Storm of Steel","Glass Knife","Flechettes+1","ReplayTheSpireMod:Shiv Toss","ReplayTheSpireMod:Speed Training","Deadly Poison","Dagger Spray+1","Adrenaline","Atom Bomb","PiercingWail"],"relics":["Ring of the Snake","Frozen Eye","War Paint","Counterbalance","Blood Vial","MealTicket","Whetstone"],"acts_visited":["Exordium"],"potions_floor_usage":[8,8,11,11,11,14,16],"damage_taken":[{"damage":0,"enemies":"Cultist","floor":1,"turns":1},{"damage":10,"enemies":"Small Slimes","floor":2,"turns":3},{"damage":0,"enemies":"2 Louse","floor":3,"turns":3},{"damage":26,"enemies":"Lagavulin","floor":8,"turns":4},{"damage":12,"enemies":"Blue Slaver","floor":10,"turns":3},{"damage":0,"enemies":"Gremlin Nob","floor":11,"turns":3},{"damage":0,"enemies":"Replay:BlueRogue","floor":13,"turns":1},{"damage":7,"enemies":"Exordium Wildlife","floor":14,"turns":3},{"damage":15,"enemies":"Fading Forest","floor":16,"turns":3}],"seed_played":"-2495295926900846280","potions_obtained":[{"floor":1,"key":"LifebloodPotion"},{"floor":2,"key":"ColorlessPotion"},{"floor":13,"key":"Adrenaline Potion"}],"is_trial":false,"path_per_floor":["M","M","M","?","?","R","$","E","T","M","E","R","E","M","R_BF","B"],"character_chosen":"THE_SILENT","items_purchased":["War Paint","Deadly Poison"],"campfire_rested":0,"item_purchase_floors":[7,7],"current_hp_per_floor":[70,60,60,46,46,46,46,20,20,10,12,12,14,9,9,0,0],"gold":122,"neow_bonus":"","is_daily":true,"chose_seed":false,"campfire_upgraded":2,"win_rate":0.0,"timestamp":1609534137,"path_taken":["M","M","?","?","?","R","?","E","T","?","E","R","E","M","R_BF","BOSS"],"items_purchased_type":["Relic","Card"],"build_version":"2020-12-22","purchased_purges":0,"victory":false,"max_hp_per_floor":[70,70,70,70,70,70,70,70,70,70,70,70,70,70,70,70,70],"relic_stats":{"Blood Vial":10,"counters":[9,23],"MealTicket":0,"Whetstone":["Grand Finale","Dagger Spray"],"War Paint":["Corpse Explosion","Venomology"],"obtain_stats":[{"Blood Vial":9,"Frozen Eye":0,"Counterbalance":8,"MealTicket":11,"Whetstone":13,"War Paint":7,"Ring of the Snake":0},{"Blood Vial":4,"Frozen Eye":0,"Counterbalance":4,"MealTicket":6,"Whetstone":7,"War Paint":3,"Ring of the Snake":0},{"Blood Vial":11,"Frozen Eye":0,"Counterbalance":11,"MealTicket":17,"Whetstone":18,"War Paint":7,"Ring of the Snake":0}],"Ring of the Snake":[18]},"card_choices":[{"not_picked":["Hidden Blade","Poisoned Stab"],"picked":"Flechettes","floor":1},{"not_picked":["Blade Dance","Prepared"],"picked":"ReplayTheSpireMod:Shiv Toss","floor":2},{"not_picked":["Prepared","Choke"],"picked":"ReplayTheSpireMod:Speed Training","floor":3},{"not_picked":["Doppelganger","Wraith Form v2","After Image"],"picked":"SKIP","floor":8},{"not_picked":["Caltrops","Outmaneuver"],"picked":"Dagger Spray","floor":10},{"not_picked":["Doppelganger","Envenom"],"picked":"Adrenaline","floor":11},{"not_picked":["Bullet Time","Glass Knife"],"picked":"Atom Bomb","floor":13},{"not_picked":["Fluid Movement","Masterful Stab"],"picked":"PiercingWail","floor":14}],"player_experience":154158,"relics_obtained":[{"floor":8,"key":"Counterbalance"},{"floor":9,"key":"Blood Vial"},{"floor":11,"key":"MealTicket"},{"floor":13,"key":"Whetstone"}],"event_choices":[{"damage_healed":0,"gold_gain":0,"player_choice":"Entered Light","damage_taken":14,"max_hp_gain":0,"max_hp_loss":0,"event_name":"Shining Light","floor":4,"gold_loss":0,"cards_upgraded":["Flechettes","Atom Bomb"]},{"damage_healed":0,"gold_gain":58,"player_choice":"Gained Gold","damage_taken":0,"max_hp_gain":0,"max_hp_loss":0,"event_name":"Golden Wing","floor":5,"gold_loss":0}],"is_beta":false,"boss_relics":[],"items_purged_floors":[],"is_endless":false,"potions_floor_spawned":[1,2,10,13],"killed_by":"Fading Forest","ascension_level":0}}