{"host":"jydwu1shxxemady1","time":1609484022,"event":{"mods":["BaseMod","Colored Powertips","Conspire","Downfall","Hermit","Highlight Path","Marisa£®ÏF”Í°°ƒß¿Ì…≥£©","Minty Spire (QoL Compilation)","READ ME - Guardian Mod","Replay The Spire","Shop Mod","StSLib","TestMod","The Bladedancer","The Cursed","The Servant 0.9.4"],"gold_per_floor":[116,134,134,99,123,123,123,138,161,4,40,40,40,84,84,198,198,228,678,684,684],"floor_reached":20,"playtime":927,"items_purged":[],"score":390,"play_id":"863f611a-d572-4ad7-ae78-1ca358c7c465","local_time":"20210101145342","is_ascension_mode":true,"campfire_choices":[{"data":"Caltrops","floor":15.0,"key":"SMITH"}],"circlet_count":0,"master_deck":["AscendersBane","Strike_G","Strike_G","Strike_G","Strike_G+1","Strike_G","Defend_G","Defend_G","Defend_G","Defend_G","Defend_G","Survivor","Neutralize","Choke","Deadly Poison","Injury","Caltrops+1","Infinite Blades","Finisher","Regret","Doppelganger","Corpse Explosion","Flying Knee"],"relics":["testmod-TestBox","testmod-AssaultLearning","Golden Idol","Sizzling Blood","TungstenRod","Blood Vial","TwistedFunnel","testmod-Fortitude","Replay:Bandana","PreservedInsect","testmod-Prudence"],"acts_visited":["Exordium","TheCity"],"potions_floor_usage":[20,20],"damage_taken":[{"damage":7.0,"enemies":"Small Slimes","floor":1.0,"turns":3.0},{"damage":3.0,"enemies":"2 Louse","floor":2.0,"turns":3.0},{"damage":8.0,"enemies":"Jaw Worm","floor":5.0,"turns":3.0},{"damage":15.0,"enemies":"Blue Slaver","floor":8.0,"turns":3.0},{"damage":0.0,"enemies":"Gremlin Nob","floor":11.0,"turns":3.0},{"damage":9.0,"enemies":"Lagavulin","floor":14.0,"turns":5.0},{"damage":6.0,"enemies":"Fading Forest","floor":16.0,"turns":11.0},{"damage":19.0,"enemies":"Chosen","floor":18.0,"turns":4.0},{"damage":18,"enemies":"Shell Parasite","floor":20,"turns":4}],"seed_played":"7726636667123661022","potions_obtained":[{"floor":2.0,"key":"SpeedPotion"},{"floor":8.0,"key":"SteroidPotion"},{"floor":11.0,"key":"Adrenaline Potion"},{"floor":18.0,"key":"EssenceOfSteel"}],"is_trial":false,"path_per_floor":["M","M","?","?","M","?","T","M","T","$","E","?","?","E","R","B",null,"M","?","M"],"character_chosen":"THE_SILENT","items_purchased":["TwistedFunnel"],"campfire_rested":0,"item_purchase_floors":[10],"current_hp_per_floor":[52,49,49,65,57,61,61,50,50,50,56,53,53,50,50,50,65,52,12,0,0],"gold":684,"neow_bonus":"UPGRADE_CARD","is_daily":false,"chose_seed":false,"campfire_upgraded":1,"win_rate":0.0,"timestamp":1609484022,"path_taken":["M","M","?","?","M","?","?","?","T","$","E","?","?","E","R","BOSS","M","?","?"],"items_purchased_type":["Relic"],"build_version":"2020-12-22","purchased_purges":0,"victory":false,"max_hp_per_floor":[66,66,66,66,66,70,70,70,70,70,70,70,70,70,70,70,70,70,70,70,70],"card_choices":[{"not_picked":["Deadly Poison","Outmaneuver"],"picked":"Choke","floor":1.0},{"not_picked":["Dagger Throw","Hidden Blade"],"picked":"Deadly Poison","floor":2.0},{"not_picked":["Setup","Distraction"],"picked":"Caltrops","floor":5.0},{"not_picked":["Crippling Poison","Choke"],"picked":"Infinite Blades","floor":8.0},{"not_picked":["Deadly Poison","Choke"],"picked":"Finisher","floor":11.0},{"not_picked":["conspire:PoisonWeapons","PiercingWail"],"picked":"Doppelganger","floor":14.0},{"not_picked":["ReplayTheSpireMod:From All Sides","Burst"],"picked":"Corpse Explosion","floor":16.0},{"not_picked":["conspire:DoublingDagger","Deflect"],"picked":"Flying Knee","floor":18.0}],"player_experience":590681,"relics_obtained":[{"floor":7.0,"key":"TungstenRod"},{"floor":9.0,"key":"Blood Vial"},{"floor":11.0,"key":"testmod-Fortitude"},{"floor":14.0,"key":"PreservedInsect"}],"event_choices":[{"damage_healed":0.0,"max_hp_gain":0.0,"max_hp_loss":0.0,"gold_gain":0.0,"event_name":"Golden Idol","player_choice":"Take Wound","floor":3.0,"gold_loss":0.0,"damage_taken":0.0,"relics_obtained":["Golden Idol"],"cards_obtained":["Injury"]},{"damage_healed":16.0,"max_hp_gain":0.0,"max_hp_loss":0.0,"gold_gain":0.0,"event_name":"The Cleric","player_choice":"Healed","floor":4.0,"gold_loss":35.0,"damage_taken":0.0},{"damage_healed":0.0,"max_hp_gain":0.0,"max_hp_loss":0.0,"gold_gain":0.0,"event_name":"conspire:Investor","player_choice":"Leave","floor":12.0,"gold_loss":0.0,"damage_taken":0.0},{"damage_healed":0.0,"max_hp_gain":0.0,"max_hp_loss":0.0,"gold_gain":0.0,"event_name":"Big Fish","player_choice":"Box","floor":13.0,"gold_loss":0.0,"damage_taken":0.0,"relics_obtained":["Replay:Bandana"],"cards_obtained":["Regret"]},{"damage_healed":0.0,"max_hp_gain":0.0,"max_hp_loss":0.0,"gold_gain":450.0,"event_name":"Knowing Skull","player_choice":"GOLD GOLD GOLD GOLD GOLD ","floor":19.0,"potions_obtained":[],"gold_loss":0.0,"damage_taken":46.0,"cards_obtained":[]}],"is_beta":false,"boss_relics":[{"not_picked":["conspire:RoyalGoblet","testmod-StringDisintegrator"],"picked":"testmod-Prudence"}],"items_purged_floors":[],"is_endless":false,"potions_floor_spawned":[2,8,11,18],"killed_by":"Shell Parasite","ascension_level":18}}