{"host":"jm9833yuloeli2yd","time":1609480022,"event":{"mods":["AchievementEnabler","BaseMod","Better Altar","Better Match","Better Note","Better Sensory Stone","Better Skull","Better Third Choice","Better Vampires","BetterRewards","Colored Map","Colored Powertips","DeckTracker","Marked Mod","Minty Spire (QoL Compilation)","Permanent Neow","Quick Restart","StSLib","SuperFastMode"],"gold_per_floor":[110,110,110,133,7,51,65,65,88,88,101,116,27,58,58,147,147,172,222,102,102,102],"floor_reached":21,"playtime":741,"items_purged":[],"score":674,"play_id":"bf5c0671-6b8a-45ca-8f81-d78526b281e9","local_time":"20210101004702","is_ascension_mode":true,"campfire_choices":[{"data":"Footwork","floor":8.0,"key":"SMITH"},{"data":"Noxious Fumes","floor":15.0,"key":"SMITH"}],"circlet_count":0,"master_deck":["AscendersBane","Strike_G","Strike_G","Strike_G","Strike_G","Strike_G","Defend_G","Defend_G","Defend_G","Defend_G","Defend_G","Survivor","Neutralize","Swift Strike","Blur","Footwork+1","Caltrops","Noxious Fumes+1","Blur","Leg Sweep","Unload","Master of Strategy","Finisher","Expertise","Escape Plan","Tools of the Trade","Malaise","Footwork","PiercingWail"],"relics":["Ring of the Snake","Art of War","Golden Idol","MealTicket","CaptainsWheel","Toy Ornithopter","Ice Cream","SacredBark"],"acts_visited":["Exordium","TheCity"],"potions_floor_usage":[],"damage_taken":[{"damage":1.0,"enemies":"Jaw Worm","floor":1.0,"turns":4.0},{"damage":8.0,"enemies":"Small Slimes","floor":4.0,"turns":6.0},{"damage":21.0,"enemies":"Lagavulin","floor":6.0,"turns":10.0},{"damage":0.0,"enemies":"2 Louse","floor":7.0,"turns":3.0},{"damage":1.0,"enemies":"Looter","floor":11.0,"turns":5.0},{"damage":8.0,"enemies":"Blue Slaver","floor":12.0,"turns":5.0},{"damage":18.0,"enemies":"3 Sentries","floor":14.0,"turns":7.0},{"damage":0.0,"enemies":"Slime Boss","floor":16.0,"turns":10.0},{"damage":15.0,"enemies":"Chosen","floor":18.0,"turns":9.0},{"damage":19,"enemies":"2 Thieves","floor":20,"turns":5},{"damage":23,"enemies":"3 Cultists","floor":21,"turns":4}],"seed_played":"-3821542535571813871","potions_obtained":[{"floor":1.0,"key":"Strength Potion"},{"floor":4.0,"key":"Fire Potion"}],"is_trial":false,"path_per_floor":["M","?","?","M","$","E","M","R","T","?","M","M","$","E","R","B",null,"M","?","M","M"],"character_chosen":"THE_SILENT","items_purchased":["Art of War","Blur","Noxious Fumes","Blur","Escape Plan"],"campfire_rested":0,"item_purchase_floors":[0,0,5,5,13],"current_hp_per_floor":[49,49,44,36,51,30,30,30,30,30,29,21,36,23,23,28,52,37,31,12,0,0],"gold":102,"neow_bonus":"","is_daily":false,"chose_seed":false,"campfire_upgraded":2,"win_rate":0.0,"timestamp":1609480022,"path_taken":["M","?","?","M","$","E","M","R","T","?","M","M","?","E","R","BOSS","M","?","M","?"],"items_purchased_type":["Relic","Card","Card","Card","Card"],"build_version":"2020-12-22","purchased_purges":0,"victory":false,"max_hp_per_floor":[66,60,60,60,60,60,60,60,60,60,60,60,60,60,60,60,60,60,60,60,60,60],"card_choices":[{"not_picked":["Calculated Gamble","Slice"],"picked":"Footwork","floor":1.0},{"not_picked":["Catalyst","Acrobatics"],"picked":"Caltrops","floor":4.0},{"not_picked":["Dagger Throw","Slice"],"picked":"Leg Sweep","floor":6.0},{"not_picked":["Acrobatics","Outmaneuver"],"picked":"Unload","floor":7.0},{"not_picked":["PanicButton","Good Instincts"],"picked":"Master of Strategy","floor":10.0},{"not_picked":["Underhanded Strike","Quick Slash"],"picked":"Finisher","floor":11.0},{"not_picked":["Reflex","Acrobatics"],"picked":"Expertise","floor":12.0},{"not_picked":["Sucker Punch","Quick Slash"],"picked":"Tools of the Trade","floor":14.0},{"not_picked":["Venomology","Envenom"],"picked":"Malaise","floor":16.0},{"not_picked":["Calculated Gamble","Deadly Poison"],"picked":"Footwork","floor":18.0},{"not_picked":["Deadly Poison","Slice"],"picked":"PiercingWail","floor":20}],"player_experience":1230808,"relics_obtained":[{"floor":6.0,"key":"CaptainsWheel"},{"floor":9.0,"key":"Toy Ornithopter"},{"floor":14.0,"key":"Ice Cream"}],"event_choices":[{"damage_healed":0.0,"max_hp_gain":0.0,"max_hp_loss":6.0,"gold_gain":0.0,"event_name":"Golden Idol","player_choice":"Lose Max HP","floor":2.0,"gold_loss":0.0,"damage_taken":0.0,"relics_obtained":["Golden Idol"]},{"damage_healed":0.0,"max_hp_gain":0.0,"max_hp_loss":0.0,"gold_gain":0.0,"event_name":"betterThird:BetterScrap","player_choice":"Relic ","floor":3.0,"gold_loss":0.0,"damage_taken":5.0,"cards_obtained":["CarveReality"]},{"damage_healed":0.0,"max_hp_gain":0.0,"max_hp_loss":0.0,"gold_gain":1.0,"event_name":"betterStone:BetterStone","player_choice":"1","floor":10.0,"gold_loss":0.0,"damage_taken":0.0},{"damage_healed":0.0,"max_hp_gain":0.0,"max_hp_loss":0.0,"gold_gain":50.0,"event_name":"FaceTrader","player_choice":"Touch","floor":19.0,"gold_loss":0.0,"damage_taken":6.0}],"is_beta":false,"boss_relics":[{"not_picked":["Black Star","Ectoplasm"],"picked":"SacredBark"}],"items_purged_floors":[],"is_endless":false,"potions_floor_spawned":[1,4,12],"killed_by":"3 Cultists","ascension_level":20}}