{"host":"0mywbdtsrkvoq3rn","time":1609496098,"event":{"mods":["ATMod(°¢èªMod)","BaseMod","Minty Spire (QoL Compilation)","Relic Stats","Replay The Spire","Shop Mod","Spicy Shops","StSLib","¡¾ÒÅÎï¿¨ÅÆ¡¿REMEMod"],"gold_per_floor":[116,116,132,132,147,181,356,366,389,389,501,501,584,616,616,828,828,916,997,997,1022,1022,1151,1151,1217,1269,1329,1414,1487,1487,1602,1602,1807,1807,1847,1929,1929,1826,1826,1911,1998,889,935,1044,1044,1044,1044,1204,1204,1304,1304,1304,115,217,282,282],"floor_reached":55,"playtime":2238,"items_purged":["Doubt","Parasite"],"score":859,"play_id":"8cd848fc-89a8-4343-9dc3-09f914384dd4","local_time":"20210101181458","is_ascension_mode":true,"campfire_choices":[{"data":"AT_IchimonjiDouble","floor":10.0,"key":"SMITH"},{"floor":12.0,"key":"REST"},{"floor":15.0,"key":"RECALL"},{"data":"Berserk","floor":30.0,"key":"SMITH"},{"data":"Limit Break","floor":30.0,"key":"SMITH"},{"data":"Ghostly","floor":32.0,"key":"SMITH"},{"data":"Ghostly","floor":32.0,"key":"SMITH"},{"data":"Ghostly","floor":45.0,"key":"SMITH"},{"data":"Double Tap","floor":45.0,"key":"SMITH"},{"data":"Ghostly","floor":49.0,"key":"SMITH"},{"data":"Madness","floor":49.0,"key":"SMITH"},{"data":"Inflame","floor":52,"key":"SMITH"},{"data":"Ghostly","floor":52,"key":"SMITH"}],"circlet_count":0,"master_deck":["Strike_R","Strike_R","Strike_R+1","Strike_R","Strike_R","Defend_R","Defend_R","Defend_R","Bash+1","AT_DrawKnifeCut","AT_EmpoweredMortalDraw+1","Searing Blow","Replay:Undeath\u0027s Touch+1","Life Link","AT_DrawKnifeCut","AT_IchimonjiDouble+1","Double Tap+1","REME_Scribble","Pummel","Limit Break+1","AT_ManFootWork+1","Flex+1","Ghostly+1","Ghostly+1","Ghostly+1","Ghostly+1","Ghostly+1","REME_Scribble+1","Berserk+1","Inflame+1","REME_Cut","Rupture+1","Double Tap","Seeing Red+1","REME_Cut","Spot Weakness+1","Seeing Red+1","Uppercut+1","Uppercut+1","Dropkick+1","Madness+1","Madness","Barricade+1"],"relics":["Black Blood","REME_ComplimentaryCards","AT_ATBox","NeowsBlessing","Replay:Bandana","ReplayFunnel","ReplayTheSpireMod:Ninjato","Philosopher\u0027s Stone","StoneCalendar","Replay:Arrowhead","ReplayTheSpireMod:Spearhead","MealTicket","Art of War","Juzu Bracelet","Vajra","AT_EbonyIvory","AT_ArchangelStaff","Golden Egg","MerchantsRug","AT_ImmortalShieldbow","Smiling Mask","Mango","TheAbacus","OrangePellets","Shuriken","Blue Doll","Centennial Puzzle","AT_SpeedBoots"],"acts_visited":["Exordium","TheCity","TheBeyond","TheEnding"],"potions_floor_usage":[50,50,55,55],"damage_taken":[{"damage":0.0,"enemies":"Small Slimes","floor":1.0,"turns":1.0},{"damage":0.0,"enemies":"2 Louse","floor":3.0,"turns":1.0},{"damage":0.0,"enemies":"Jaw Worm","floor":5.0,"turns":1.0},{"damage":9.0,"enemies":"3 Sentries","floor":6.0,"turns":2.0},{"damage":12.0,"enemies":"Exordium Thugs","floor":8.0,"turns":4.0},{"damage":44.0,"enemies":"Lagavulin","floor":11.0,"turns":5.0},{"damage":0.0,"enemies":"Gremlin Nob","floor":13.0,"turns":2.0},{"damage":2.0,"enemies":"2 Fungi Beasts","floor":14.0,"turns":1.0},{"damage":37.0,"enemies":"Slime Boss","floor":16.0,"turns":7.0},{"damage":27.0,"enemies":"2 Thieves","floor":18.0,"turns":3.0},{"damage":14.0,"enemies":"Chosen","floor":19.0,"turns":3.0},{"damage":15.0,"enemies":"Replay:Snechameleon","floor":23.0,"turns":7.0},{"damage":7.0,"enemies":"Slavers","floor":25.0,"turns":4.0},{"damage":1.0,"enemies":"Snecko","floor":27.0,"turns":3.0},{"damage":9.0,"enemies":"Shelled Parasite and Fungi","floor":28.0,"turns":5.0},{"damage":1.0,"enemies":"3 Cultists","floor":29.0,"turns":2.0},{"damage":17.0,"enemies":"Book of Stabbing","floor":31.0,"turns":7.0},{"damage":24.0,"enemies":"Collector","floor":33.0,"turns":7.0},{"damage":0.0,"enemies":"3 Darklings","floor":35.0,"turns":1.0},{"damage":8.0,"enemies":"Orb Walker","floor":36.0,"turns":4.0},{"damage":45.0,"enemies":"Nemesis","floor":40.0,"turns":5.0},{"damage":33.0,"enemies":"Writhing Mass","floor":41.0,"turns":7.0},{"damage":5.0,"enemies":"3 Darklings","floor":44.0,"turns":6.0},{"damage":17.0,"enemies":"Giant Head","floor":48.0,"turns":7.0},{"damage":49,"enemies":"Replay:Hell Engine","floor":50,"turns":8},{"damage":30,"enemies":"Shield and Spear","floor":54,"turns":6},{"damage":103,"enemies":"The Heart","floor":55,"turns":3}],"seed_played":"-8916504965007989153","potions_obtained":[{"floor":1.0,"key":"Flashbang"},{"floor":11.0,"key":"PowerPotion"},{"floor":13.0,"key":"Dexterity Potion"},{"floor":14.0,"key":"SteroidPotion"},{"floor":28.0,"key":"AttackPotion"},{"floor":31.0,"key":"FearPotion"},{"floor":35.0,"key":"Dexterity Potion"},{"floor":36.0,"key":"Block Potion"},{"floor":41.0,"key":"SteroidPotion"},{"floor":44.0,"key":"Flashbang"}],"is_trial":false,"path_per_floor":["M","?","M","?","M","E","?","M","T","R","E","R","E","M","R","B",null,"M","M","?","T","?","E","?","E","T","M","M","M","R","E","R","B",null,"M","M","T","?","?","E","M","$","T","M","R","?","T","E","R","B",null,"R","$","E","B"],"character_chosen":"IRONCLAD","items_purchased":["AT_EbonyIvory","AT_ArchangelStaff","Golden Egg","Spot Weakness","Seeing Red","Uppercut","Energy Potion","MerchantsRug","Mango","TheAbacus","OrangePellets","Shuriken","Blue Doll","Centennial Puzzle","Strength Potion","SteroidPotion"],"campfire_rested":1,"item_purchase_floors":[42,42,42,42,42,42,42,42,53,53,53,53,53,53,53,53],"current_hp_per_floor":[80,73,79,79,80,77,77,71,71,71,33,57,63,69,69,40,84,65,59,59,59,44,37,37,39,39,44,46,53,53,47,47,34,66,66,68,68,68,68,35,19,34,41,51,51,41,41,41,41,21,93,93,104,91,0,0],"gold":282,"neow_bonus":"THREE_ENEMY_KILL","is_daily":false,"chose_seed":false,"campfire_upgraded":11,"win_rate":0.0,"timestamp":1609496098,"path_taken":["M","?","M","?","M","E","?","M","T","R","E","R","E","M","R","BOSS","M","M","?","?","?","E","?","E","T","?","M","M","R","E","R","BOSS","M","M","?","?","?","E","M","$","T","M","R","?","?","E","R","BOSS","R","$","E","BOSS"],"items_purchased_type":["Relic","Relic","Relic","Card","Card","Card","Potion","Relic","Relic","Relic","Relic","Relic","Relic","Relic","Potion","Potion"],"build_version":"2020-12-22","purchased_purges":2,"victory":false,"max_hp_per_floor":[80,80,80,80,80,80,80,80,80,80,80,80,80,82,82,84,84,86,88,88,88,44,46,46,49,49,49,54,56,56,61,61,66,66,66,68,68,68,68,68,73,73,80,83,83,83,83,88,88,93,93,93,104,109,111,111],"relic_stats":{"OrangePellets":[1],"Centennial Puzzle":[6],"TheAbacus":[0],"counters":[27,112],"Shuriken":[4],"Black Blood":177,"StoneCalendar":[26],"MealTicket":15,"Art of War":[4],"Juzu Bracelet":1,"Smiling Mask":50,"obtain_stats":[{"ReplayFunnel":11,"Golden Egg":42,"AT_ATBox":0,"Black Blood":34,"Vajra":40,"StoneCalendar":23,"Mango":53,"Blue Doll":53,"Juzu Bracelet":38,"Whetstone":6,"AT_ArchangelStaff":42,"Smiling Mask":48,"Burning Blood":0,"Replay:Bandana":9,"Centennial Puzzle":53,"TheAbacus":53,"Strawberry":43,"Tiny Chest":2,"Philosopher\u0027s Stone":17,"MealTicket":31,"MerchantsRug":42,"ReplayTheSpireMod:Ninjato":13,"NeowsBlessing":0,"AT_EbonyIvory":42,"Replay:Arrowhead":25,"AT_ImmortalShieldbow":47,"OrangePellets":53,"ReplayTheSpireMod:Spearhead":26,"AT_SpeedBoots":54,"Shuriken":53,"Nloth\u0027s Gift":24,"Art of War":37,"REME_ComplimentaryCards":0},{"ReplayFunnel":6,"Golden Egg":22,"AT_ATBox":0,"Black Blood":18,"Vajra":21,"StoneCalendar":12,"Mango":25,"Blue Doll":25,"Juzu Bracelet":20,"Whetstone":4,"AT_ArchangelStaff":22,"Smiling Mask":24,"Burning Blood":0,"Replay:Bandana":5,"Centennial Puzzle":25,"TheAbacus":25,"Strawberry":22,"Tiny Chest":1,"Philosopher\u0027s Stone":9,"MealTicket":17,"MerchantsRug":22,"ReplayTheSpireMod:Ninjato":7,"NeowsBlessing":0,"AT_EbonyIvory":22,"Replay:Arrowhead":13,"AT_ImmortalShieldbow":23,"OrangePellets":25,"ReplayTheSpireMod:Spearhead":13,"AT_SpeedBoots":26,"Shuriken":25,"Nloth\u0027s Gift":12,"Art of War":20,"REME_ComplimentaryCards":0},{"ReplayFunnel":14,"Golden Egg":82,"AT_ATBox":0,"Black Blood":65,"Vajra":75,"StoneCalendar":37,"Mango":103,"Blue Doll":103,"Juzu Bracelet":70,"Whetstone":5,"AT_ArchangelStaff":82,"Smiling Mask":95,"Burning Blood":0,"Replay:Bandana":9,"Centennial Puzzle":103,"TheAbacus":103,"Strawberry":82,"Tiny Chest":1,"Philosopher\u0027s Stone":24,"MealTicket":58,"MerchantsRug":82,"ReplayTheSpireMod:Ninjato":16,"NeowsBlessing":0,"AT_EbonyIvory":82,"Replay:Arrowhead":41,"AT_ImmortalShieldbow":88,"OrangePellets":103,"ReplayTheSpireMod:Spearhead":41,"AT_SpeedBoots":109,"Shuriken":103,"Nloth\u0027s Gift":37,"Art of War":70,"REME_ComplimentaryCards":0}]},"card_choices":[{"not_picked":["Perfected Strike","Whirlwind","Massacre"],"picked":"SKIP","floor":1.0},{"not_picked":["Burning Pact","Clash"],"picked":"Searing Blow","floor":3.0},{"not_picked":["Warcry","Massacre"],"picked":"Life Link","floor":5.0},{"not_picked":["Wild Strike","Havoc"],"picked":"AT_DrawKnifeCut","floor":6.0},{"not_picked":["Whirlwind","Fire Breathing"],"picked":"AT_IchimonjiDouble","floor":8.0},{"not_picked":["True Grit","Rupture"],"picked":"Double Tap","floor":11.0},{"not_picked":["Flex","Headbutt"],"picked":"REME_Scribble","floor":13.0},{"not_picked":["AT_IchimonjiDouble","Pommel Strike"],"picked":"Pummel","floor":14.0},{"not_picked":["Brutality","Feed"],"picked":"Limit Break","floor":16.0},{"not_picked":["REME_SingleHolding","Body Slam"],"picked":"AT_ManFootWork+1","floor":18.0},{"not_picked":["Havoc+1","Shockwave"],"picked":"Flex+1","floor":19.0},{"not_picked":["ReplayTheSpireMod:Strike From Hell","Burning Pact+1"],"picked":"REME_Scribble+1","floor":23.0},{"not_picked":["Anger","Ghostly Armor"],"picked":"Berserk","floor":25.0},{"not_picked":["Headbutt+1","Pommel Strike"],"picked":"Inflame","floor":27.0},{"not_picked":["Cleave","Replay:Undeath\u0027s Touch+1","Flex+1"],"picked":"SKIP","floor":28.0},{"not_picked":["Cleave","Berserk"],"picked":"REME_Cut","floor":29.0},{"not_picked":["Heavy Blade","Thunderclap"],"picked":"Rupture+1","floor":31.0},{"not_picked":["Immolate","Eclipse"],"picked":"Double Tap","floor":33.0},{"not_picked":["Metallicize","ReplayReversal","Entrench+1"],"picked":"SKIP","floor":35.0},{"not_picked":["Hemokinesis","Replay:Undeath\u0027s Touch+1","Anger+1"],"picked":"SKIP","floor":36.0},{"not_picked":["Feel No Pain","Burning Pact+1"],"picked":"Seeing Red+1","floor":40.0},{"not_picked":["Flex","AT_DrawKnifeCut+1"],"picked":"REME_Cut","floor":41.0},{"not_picked":["ReplayReversal","Thunderclap+1"],"picked":"Dropkick+1","floor":44.0},{"not_picked":["Limit Break","Searing Blow+1"],"picked":"Barricade","floor":48.0},{"not_picked":["ReplayTheSpireMod:Stacked","Thunderclap","Replay:Undeath\u0027s Touch"],"picked":"SKIP","floor":54}],"player_experience":124545,"relics_obtained":[{"floor":6.0,"key":"Whetstone"},{"floor":9.0,"key":"Replay:Bandana"},{"floor":11.0,"key":"ReplayFunnel"},{"floor":13.0,"key":"ReplayTheSpireMod:Ninjato"},{"floor":23.0,"key":"StoneCalendar"},{"floor":25.0,"key":"Replay:Arrowhead"},{"floor":26.0,"key":"ReplayTheSpireMod:Spearhead"},{"floor":31.0,"key":"MealTicket"},{"floor":37.0,"key":"Art of War"},{"floor":40.0,"key":"Vajra"},{"floor":43.0,"key":"Strawberry"},{"floor":47.0,"key":"AT_ImmortalShieldbow"},{"floor":48.0,"key":"Smiling Mask"},{"floor":54,"key":"AT_SpeedBoots"}],"event_choices":[{"damage_healed":0.0,"max_hp_gain":0.0,"max_hp_loss":0.0,"gold_gain":0.0,"event_name":"Scrap Ooze","player_choice":"Success","floor":2.0,"gold_loss":0.0,"damage_taken":7.0,"relics_obtained":["Tiny Chest"]},{"damage_healed":0.0,"max_hp_gain":0.0,"max_hp_loss":0.0,"gold_gain":175.0,"event_name":"Liars Game","player_choice":"AGREE","floor":7.0,"gold_loss":0.0,"damage_taken":0.0,"cards_obtained":["Doubt"]},{"damage_healed":0.0,"max_hp_gain":0.0,"max_hp_loss":0.0,"gold_gain":0.0,"event_name":"Upgrade Shrine","player_choice":"Upgraded","floor":20.0,"gold_loss":0.0,"damage_taken":0.0,"cards_upgraded":["AT_EmpoweredMortalDraw"]},{"damage_healed":0.0,"max_hp_gain":0.0,"max_hp_loss":44.0,"gold_gain":0.0,"event_name":"Ghosts","player_choice":"Became a Ghost","floor":22.0,"gold_loss":0.0,"damage_taken":0.0,"cards_obtained":["Ghostly","Ghostly","Ghostly","Ghostly","Ghostly"]},{"damage_healed":0.0,"max_hp_gain":0.0,"max_hp_loss":0.0,"gold_gain":0.0,"event_name":"N\u0027loth","player_choice":"Traded Relic","floor":24.0,"relics_lost":["Whetstone"],"gold_loss":0.0,"damage_taken":0.0,"relics_obtained":["Nloth\u0027s Gift"]},{"damage_healed":0.0,"max_hp_gain":0.0,"max_hp_loss":0.0,"gold_gain":0.0,"event_name":"WeMeetAgain","player_choice":"Paid Gold","floor":38.0,"gold_loss":103.0,"damage_taken":0.0,"relics_obtained":["Juzu Bracelet"]},{"damage_healed":0.0,"max_hp_gain":0.0,"max_hp_loss":0.0,"gold_gain":0.0,"event_name":"Tomb of Lord Red Mask","player_choice":"Ignored","floor":39.0,"gold_loss":0.0,"damage_taken":0.0},{"damage_healed":0.0,"max_hp_gain":0.0,"max_hp_loss":0.0,"gold_gain":0.0,"event_name":"Winding Halls","player_choice":"Embrace Madness","floor":46.0,"gold_loss":0.0,"damage_taken":10.0,"cards_obtained":["Madness","Madness"]}],"is_beta":false,"boss_relics":[{"not_picked":["ChewingGum","ReplayTheSpireMod:DimensionalGlitch"],"picked":"Philosopher\u0027s Stone"},{"not_picked":["Sozu","Replay:Drink Me"],"picked":"Black Blood"}],"items_purged_floors":[42,53],"is_endless":false,"potions_floor_spawned":[1,11,13,14,16,19,23,28,31,35,36,41,44],"killed_by":"The Heart","ascension_level":1}}