{"host":"wpobqx0jtxs252ev","time":1609531623,"event":{"mods":["AchievementEnabler","Act Like it!","BaseMod","Better Altar","Better Note","Better Sensory Stone","Better Skull","Better Third Choice","Colored Powertips","Downfall","Gensokyo","Hermit","Highlight Path","Infinite Spire","Koishi","Marisa????????","Mimic Mod","Minty Spire (QoL Compilation)","Relic Stats","Replay The Spire","Shade Mod","StSLib","The Construct","The Disciple","The Hierophant","The Jungle","The Mystic","The Runesmith"],"gold_per_floor":[10,10,10,10,10,10,23,35,35,64,79,0,29,48,48,143,143,158,158,158,174,174,199,199,231,231,231,241,241,241],"floor_reached":29,"playtime":3296,"items_purged":[],"score":296,"play_id":"8ec9dd32-b4d5-4530-91e5-f763c9aebe41","local_time":"20210101170703","is_ascension_mode":false,"campfire_choices":[{"data":"expansioncontent:DashGenerateEvil","floor":6,"key":"SMITH"},{"floor":15,"key":"DIG"},{"floor":24,"key":"REST"},{"floor":27,"key":"REST"}],"circlet_count":0,"master_deck":["Runesmith:Strike_RS","Runesmith:Strike_RS","Runesmith:Strike_RS","Runesmith:Strike_RS","Runesmith:Defend_RS","Runesmith:Defend_RS","Runesmith:Defend_RS","Runesmith:Defend_RS","Runesmith:CraftFirestone","Runesmith:Fortify+1","expansioncontent:DashGenerateEvil+1","ReplayTheSpireMod:Echoes of Time","Runesmith:BackupBattery","Runesmith:Duplicate","Runesmith:CraftReservo","Runesmith:LithiumIon+1","Runesmith:OneForEveryone","Runesmith:CraftPrismatica","Runesmith:Grindstone","Replay:SS_forest_6","Dark Shackles","Apotheosis","Gensokyo:FourOfAKind","Gensokyo:FourOfAKind","Gensokyo:FourOfAKind","Gensokyo:FourOfAKind","Runesmith:ArcReactor","Runesmith:CraftProtectio","Runesmith:EarthShield+1"],"relics":["Runesmith:BrokenRuby","Pantograph","Blue Candle","Gremlin Food","Ornamental Fan","Black Star","ReplayTheSpireMod:ShopPack","Runesmith:EmergencyProvisions","ReplayTheSpireMod:TigerMarble","MealTicket","Shuriken","Mercury Hourglass","infinitespire:CheckeredPen"],"acts_visited":["Exordium","Gensokyo:Gensokyo"],"potions_floor_usage":[10,14,18,23],"damage_taken":[{"damage":0,"enemies":"Gensokyo:Gryphon","floor":1,"turns":4},{"damage":0,"enemies":"Gensokyo:3_Fairies","floor":7,"turns":3},{"damage":0,"enemies":"Gensokyo:Python","floor":8,"turns":3},{"damage":14,"enemies":"Gensokyo:Cirno","floor":10,"turns":5},{"damage":2,"enemies":"Gensokyo:2_Rabbits","floor":11,"turns":3},{"damage":8,"enemies":"Gensokyo:Mamizou","floor":13,"turns":10},{"damage":0,"enemies":"Gensokyo:5_Fairies","floor":14,"turns":3},{"damage":29,"enemies":"Gensokyo:Kokoro","floor":16,"turns":14},{"damage":0,"enemies":"Gensokyo:3_Dogs","floor":18,"turns":4},{"damage":21,"enemies":"Gensokyo:2_Gloops","floor":21,"turns":5},{"damage":16,"enemies":"Gensokyo:Koishi","floor":23,"turns":9},{"damage":11,"enemies":"Gensokyo:Reisen","floor":25,"turns":7},{"damage":22,"enemies":"Gensokyo:Slime_Group","floor":28,"turns":6},{"damage":29,"enemies":"Gensokyo:3_Gloops","floor":29,"turns":3}],"seed_played":"2386273113508648207","potions_obtained":[{"floor":8,"key":"Explosive Potion"},{"floor":10,"key":"Explosive Potion"},{"floor":16,"key":"LifebloodPotion"},{"floor":21,"key":"sneckomod:MuddlingPotion"}],"is_trial":false,"path_per_floor":["M","?","?","COS","$","R","M","M","T","E","M","$","E","M","R","B",null,"M","AVR","?","M","?","E","R","E","T","R","M","M"],"character_chosen":"RUNESMITH_CLASS","items_purchased":["Runesmith:LithiumIon"],"campfire_rested":2,"item_purchase_floors":[12],"current_hp_per_floor":[70,53,46,46,46,46,58,58,58,44,42,42,44,44,44,54,70,70,70,49,28,18,14,28,17,17,31,21,0,0],"gold":241,"neow_bonus":"RANDOM_COLORLESS_2","is_daily":false,"chose_seed":false,"campfire_upgraded":1,"win_rate":0.0,"timestamp":1609531623,"path_taken":["M","?","?","COS","?","R","M","M","T","E","M","$","E","M","R","BOSS","M","AVR","?","M","?","E","R","E","T","R","?","M"],"items_purchased_type":["Card"],"build_version":"2020-12-22","purchased_purges":0,"victory":false,"max_hp_per_floor":[70,70,70,70,70,70,70,70,70,70,70,70,70,70,70,70,70,70,70,49,49,49,49,49,49,49,49,49,49,49],"relic_stats":{"counters":[14,79],"Ornamental Fan":[28],"Shuriken":[1],"Pantograph":25,"Blue Candle":[0],"MealTicket":0,"Black Star":2,"obtain_stats":[{"Gremlin Food":13,"Runesmith:BrokenRuby":0,"Blue Candle":10,"infinitespire:CheckeredPen":26,"Runesmith:EmergencyProvisions":22,"Mercury Hourglass":25,"Frozen Eye":23,"Ornamental Fan":15,"Shuriken":25,"Pantograph":9,"MealTicket":23,"Black Star":17,"ReplayTheSpireMod:TigerMarble":23,"ReplayTheSpireMod:ShopPack":19},{"Gremlin Food":6,"Runesmith:BrokenRuby":0,"Blue Candle":4,"infinitespire:CheckeredPen":12,"Runesmith:EmergencyProvisions":10,"Mercury Hourglass":12,"Frozen Eye":10,"Ornamental Fan":7,"Shuriken":12,"Pantograph":3,"MealTicket":11,"Black Star":8,"ReplayTheSpireMod:TigerMarble":11,"ReplayTheSpireMod:ShopPack":9},{"Gremlin Food":28,"Runesmith:BrokenRuby":0,"Blue Candle":15,"infinitespire:CheckeredPen":70,"Runesmith:EmergencyProvisions":54,"Mercury Hourglass":70,"Frozen Eye":54,"Ornamental Fan":31,"Shuriken":70,"Pantograph":10,"MealTicket":63,"Black Star":45,"ReplayTheSpireMod:TigerMarble":63,"ReplayTheSpireMod:ShopPack":49}],"Mercury Hourglass":[60]},"card_choices":[{"not_picked":["expansioncontent:QuickStudy","ReplayUltimateDefense"],"picked":"expansioncontent:DashGenerateEvil","floor":0},{"not_picked":["Runesmith:HeatedChisel","Runesmith:DoubleUp","Runesmith:Repurpose"],"picked":"SKIP","floor":1},{"not_picked":["infinitespire:FutureSight","infinitespire:Punishment"],"picked":"ReplayTheSpireMod:Echoes of Time","floor":2},{"not_picked":["Runesmith:DoubleUp","Runesmith:Firewall","Runesmith:NegativeSpace"],"picked":"SKIP","floor":7},{"not_picked":["Runesmith:ChiselStab","Runesmith:CraftMagma"],"picked":"Runesmith:BackupBattery","floor":8},{"not_picked":["Runesmith:EnergizedChisel","Runesmith:BackupBattery"],"picked":"Runesmith:Duplicate","floor":10},{"not_picked":["Runesmith:BackupBattery","Runesmith:Firewall"],"picked":"Runesmith:CraftReservo","floor":11},{"not_picked":["Runesmith:UnstableHammer","Runesmith:ShiftingStrike","Runesmith:Empowerment"],"picked":"SKIP","floor":13},{"not_picked":["Runesmith:UnstableHammer","Runesmith:ShiftingStrike","Runesmith:Empowerment"],"picked":"SKIP","floor":13},{"not_picked":["Runesmith:HammerThrow","Runesmith:NegativeSpace"],"picked":"Runesmith:OneForEveryone","floor":14},{"not_picked":["Runesmith:UnlimitedPower","Runesmith:FissionHammer"],"picked":"Runesmith:CraftPrismatica","floor":16},{"not_picked":["Runesmith:PerfectChisel","Runesmith:UnstableHammer"],"picked":"Runesmith:Grindstone","floor":18},{"not_picked":["expansioncontent:Torchfire","Violence"],"picked":"Replay:SS_forest_6","floor":19},{"not_picked":["expansioncontent:HyperBeam","Replay:BasicMightCard"],"picked":"Dark Shackles","floor":19},{"not_picked":["Master of Strategy","Secret Weapon"],"picked":"Apotheosis","floor":19},{"not_picked":["Runesmith:FrozenChisel","Runesmith:Prism","Runesmith:Refine"],"picked":"SKIP","floor":21},{"not_picked":["Runesmith:MakeshiftArmor","Runesmith:Overpower+1"],"picked":"Runesmith:ArcReactor","floor":23},{"not_picked":["Runesmith:RunicBlueprint+1","Runesmith:HammerAndChisel"],"picked":"Runesmith:CraftProtectio","floor":25},{"not_picked":["Runesmith:Electrocute","Runesmith:UnstableHammer"],"picked":"Runesmith:EarthShield+1","floor":28}],"player_experience":225814,"relics_obtained":[{"floor":9,"key":"Pantograph"},{"floor":10,"key":"Blue Candle"},{"floor":13,"key":"Gremlin Food"},{"floor":15,"key":"Ornamental Fan"},{"floor":23,"key":"ReplayTheSpireMod:TigerMarble"},{"floor":23,"key":"MealTicket"},{"floor":25,"key":"Shuriken"},{"floor":25,"key":"Mercury Hourglass"},{"floor":26,"key":"infinitespire:CheckeredPen"}],"event_choices":[{"damage_healed":0,"gold_gain":0,"player_choice":"RE ","damage_taken":12,"relics_obtained":["Runesmith:EmergencyProvisions"],"max_hp_gain":0,"max_hp_loss":0,"event_name":"betterSkull:BetterSkull","floor":22,"gold_loss":0,"cards_upgraded":[]}],"is_beta":false,"boss_relics":[{"not_picked":["Abe\u0027s Treasure","Empty Cage"],"picked":"Black Star"}],"items_purged_floors":[],"is_endless":false,"potions_floor_spawned":[8,10,16,21],"killed_by":"Gensokyo:3_Gloops","ascension_level":0}}