{"host":"8fjsnt81u6xsmhji","time":1609472902,"event":{"mods":["BaseMod","Beaked The Cultist","Colored Powertips","Downfall","Glutton Mod","Hermit","Minty Spire (QoL Compilation)","Quick Restart","StSLib","The Bug Knight","The Forsaken","The Hierophant","The Runesmith"],"gold_per_floor":[110,60,72,72,86,86,120,120,168,168,201,201,236,236,236,336,336,349,362,381,393,17,44,44,57,57,57,57],"floor_reached":27,"playtime":2130,"items_purged":["Runesmith:Defend_RS"],"score":304,"play_id":"1d47e91c-d4a7-4df5-b08c-dbfa2d7276f8","local_time":"20201231214822","is_ascension_mode":true,"campfire_choices":[{"data":"Runesmith:Firestorm","floor":6.0,"key":"SMITH"},{"floor":10.0,"key":"REST"},{"data":"Runesmith:OneForEveryone","floor":12.0,"key":"SMITH"},{"data":"Runesmith:Grindstone","floor":15.0,"key":"SMITH"},{"floor":24,"key":"REST"}],"circlet_count":0,"master_deck":["Runesmith:Strike_RS","Runesmith:Strike_RS","Runesmith:Strike_RS","Runesmith:Defend_RS","Runesmith:Defend_RS","Runesmith:Defend_RS","Runesmith:CraftFirestone","Runesmith:Fortify","Runesmith:Firestorm+1","Runesmith:UnstableHammer","Runesmith:OneForEveryone+1","Runesmith:Firestorm+1","Runesmith:CraftMagma","Runesmith:CraftVitae","Runesmith:Grindstone+1","Runesmith:CraftIndustria","Runesmith:RuneHurl+1","Runesmith:DuctTape","Runesmith:ElementalConversion","Runesmith:Prism","Runesmith:UnlimitedPower+1","Runesmith:LithiumIon+1"],"relics":["Runesmith:BrokenRuby","hexamod:BolsterEngine","Bag of Preparation","Question Card","Smiling Mask","FaceOfCleric","Black Star","Frozen Egg 2","HollowMod:StagPassRelic","Nunchaku","Toxic Egg 2"],"acts_visited":["Exordium","TheCity"],"potions_floor_usage":[19,21,23,25],"damage_taken":[{"damage":1.0,"enemies":"Jaw Worm","floor":1.0,"turns":6.0},{"damage":2.0,"enemies":"2 Louse","floor":3.0,"turns":4.0},{"damage":0.0,"enemies":"Small Slimes","floor":5.0,"turns":3.0},{"damage":10.0,"enemies":"Lagavulin","floor":7.0,"turns":7.0},{"damage":9.0,"enemies":"Gremlin Nob","floor":11.0,"turns":4.0},{"damage":0.0,"enemies":"Lagavulin","floor":13.0,"turns":7.0},{"damage":9.0,"enemies":"Hexaghost","floor":16.0,"turns":8.0},{"damage":0.0,"enemies":"Shell Parasite","floor":18.0,"turns":6.0},{"damage":19,"enemies":"2 Thieves","floor":19,"turns":3},{"damage":4,"enemies":"Cultist and Chosen","floor":20,"turns":6},{"damage":21,"enemies":"Centurion and Healer","floor":21,"turns":6},{"damage":13,"enemies":"Gremlin Leader","floor":23,"turns":8},{"damage":27,"enemies":"Chosen and Byrds","floor":25,"turns":7},{"damage":21,"enemies":"Cultist and Chosen","floor":27,"turns":4}],"seed_played":"-6878417383395697852","potions_obtained":[{"floor":1.0,"key":"Energy Potion"},{"floor":5.0,"key":"PowerPotion"},{"floor":7.0,"key":"champ:CounterPotion"},{"floor":13.0,"key":"Fire Potion"},{"floor":19,"key":"Strength Potion"},{"floor":21,"key":"Fire Potion"},{"floor":23,"key":"Energy Potion"}],"is_trial":false,"path_per_floor":["M","?","M","?","M","R","E","?","T","R","E","R","E","?","R","B",null,"M","M","M","M","$","E","R","M","T","M"],"character_chosen":"RUNESMITH_CLASS","items_purchased":["Frozen Egg 2","Runesmith:Prism"],"campfire_rested":2,"item_purchase_floors":[22,22],"current_hp_per_floor":[69,69,67,67,67,67,57,50,50,70,61,61,61,61,61,53,71,72,54,51,31,31,19,41,15,15,0,0],"gold":57,"neow_bonus":"THREE_CARDS","is_daily":false,"chose_seed":false,"campfire_upgraded":3,"win_rate":0.0,"timestamp":1609472902,"path_taken":["M","?","M","?","M","R","E","?","T","R","E","R","E","?","R","BOSS","M","?","M","M","$","E","R","M","T","M"],"items_purchased_type":["Relic","Card"],"build_version":"2020-12-22","purchased_purges":1,"victory":false,"max_hp_per_floor":[70,70,70,70,70,70,70,70,70,70,70,70,70,70,70,71,71,72,73,74,75,75,76,76,77,77,77,77],"card_choices":[{"not_picked":["Runesmith:StaticCage","Runesmith:Refine"],"picked":"Runesmith:Firestorm","floor":0.0},{"not_picked":["Runesmith:HammerTime","Runesmith:Repurpose"],"picked":"Runesmith:UnstableHammer","floor":1.0},{"not_picked":["Runesmith:Refine","Runesmith:EnergizedChisel"],"picked":"Runesmith:OneForEveryone","floor":3.0},{"not_picked":["Runesmith:Repurpose","Runesmith:HeatedChisel"],"picked":"Runesmith:Firestorm","floor":5.0},{"not_picked":["Runesmith:HammerTime","Runesmith:Grindstone"],"picked":"Runesmith:CraftMagma","floor":7.0},{"not_picked":["Runesmith:Attraction","Runesmith:MetallurgicalResearch"],"picked":"Runesmith:CraftVitae","floor":11.0},{"not_picked":["Runesmith:Supernova","Runesmith:UnstableHammer","Runesmith:HammerTime"],"picked":"Runesmith:Grindstone","floor":13.0},{"not_picked":["Runesmith:LightningRod","Runesmith:FissionHammer","Runesmith:DuctTape"],"picked":"Runesmith:CraftIndustria","floor":16.0},{"not_picked":["Runesmith:CraftMagma","Runesmith:Discharge","Runesmith:Grindstone","Runesmith:NanitesCloud"],"picked":"SKIP","floor":18.0},{"not_picked":["Runesmith:Repurpose","Runesmith:Permafrost","Runesmith:Firestorm"],"picked":"Runesmith:RuneHurl+1","floor":19},{"not_picked":["Runesmith:RuneHurl","Runesmith:HammerAndChisel","Runesmith:HammerTime"],"picked":"Runesmith:DuctTape","floor":20},{"not_picked":["Runesmith:Refine","Runesmith:UnstableHammer","Runesmith:StaticCage"],"picked":"Runesmith:ElementalConversion","floor":21},{"not_picked":["Runesmith:Repurpose+1","Runesmith:MakeshiftArmor+1","Runesmith:GoWithTheFlow"],"picked":"Runesmith:UnlimitedPower+1","floor":23},{"not_picked":["Runesmith:Terraform","Runesmith:BackupBattery","Runesmith:HeatExchange"],"picked":"Runesmith:LithiumIon+1","floor":25}],"player_experience":669180,"relics_obtained":[{"floor":7.0,"key":"hexamod:BolsterEngine"},{"floor":9.0,"key":"Bag of Preparation"},{"floor":11.0,"key":"Question Card"},{"floor":13.0,"key":"Smiling Mask"},{"floor":23,"key":"HollowMod:StagPassRelic"},{"floor":23,"key":"Nunchaku"},{"floor":26,"key":"Toxic Egg 2"}],"event_choices":[{"cards_removed":["Runesmith:Strike_RS"],"damage_healed":0.0,"max_hp_gain":0.0,"max_hp_loss":0.0,"gold_gain":0.0,"event_name":"The Cleric","player_choice":"Card Removal","floor":2.0,"gold_loss":50.0,"damage_taken":0.0},{"damage_healed":0.0,"max_hp_gain":0.0,"max_hp_loss":0.0,"gold_gain":0.0,"event_name":"Living Wall","player_choice":"Grow","floor":4.0,"gold_loss":0.0,"damage_taken":0.0,"cards_upgraded":["Runesmith:Firestorm"]},{"damage_healed":0.0,"max_hp_gain":0.0,"max_hp_loss":0.0,"gold_gain":0.0,"event_name":"Scrap Ooze","player_choice":"Fled","floor":8.0,"gold_loss":0.0,"damage_taken":7.0},{"damage_healed":0.0,"max_hp_gain":0.0,"max_hp_loss":0.0,"gold_gain":0.0,"event_name":"FaceTrader","player_choice":"Trade","floor":14.0,"gold_loss":0.0,"damage_taken":0.0,"relics_obtained":["FaceOfCleric"]}],"is_beta":false,"boss_relics":[{"not_picked":["Busted Crown","Coffee Dripper"],"picked":"Black Star"}],"items_purged_floors":[22],"is_endless":false,"potions_floor_spawned":[1,5,7,13,19,21,23],"killed_by":"Cultist and Chosen","ascension_level":2}}