{"host":"sjo4oracihb00px1","time":1609473667,"event":{"mods":["Astrologer","BaseMod","Better Note","Colored Powertips","Defective Defect","Friendly Minions","Hermit","HololiveMod","Hubris","Jorbs\u0027s Wanderer Trilogy","Kiyohime????","Marisa????????","Minty Spire (QoL Compilation)","Quick Restart","Random Character Button","Remilia??????","Replay The Spire","Shop Mod","ShortenTheSpire","Somnambulant","StSLib","The Administrix","The Animator","The Awakened One except there are too many feathers","The Bug Knight","The Cursed","The Death Knight","The Disciple","The Gatherer","The IronCluck","The Necromancer","The Problem Sleuth","The Runesmith","The Servant 0.9.4","The Vixen","TheBandit","Waifu the Spire","Wandering Minibosses","Yuri Mod","everything is the same but u backflip on backflip","slay the spire mod where everything is the same but ironclad has a cowboy hat","thorton"],"gold_per_floor":[118,118,118,128,145,173,186,186,186],"floor_reached":8,"playtime":580,"items_purged":[],"score":75,"play_id":"26efd090-94ea-4f51-a0af-41c363003bec","local_time":"20201231230107","is_ascension_mode":true,"campfire_choices":[],"circlet_count":0,"master_deck":["yuri:yuriStrike","yuri:yuriStrike","yuri:yuriStrike","yuri:yuriStrike","yuri:yuriStrike","yuri:yuriDefend","yuri:yuriDefend","yuri:yuriDefend","yuri:yuriDefend","yuri:yuriDefend","yuri:Oolong","yuri:yuriStab","yuri:MarkovCurse","yuri:WickedSlash","yuri:yuriQuickStrike","yuri:Parry","yuri:Stalk"],"relics":["yuri:PortraitOfMarkov","hubris:Towel","Replay:Rubber Ducky"],"acts_visited":["Exordium"],"potions_floor_usage":[6,6,6],"damage_taken":[{"damage":18,"enemies":"Cultist","floor":1,"turns":4},{"damage":8,"enemies":"Small Slimes","floor":4,"turns":3},{"damage":9,"enemies":"2 Louse","floor":5,"turns":3},{"damage":16,"enemies":"Lagavulin","floor":6,"turns":4},{"damage":33,"enemies":"Large Slime","floor":7,"turns":7},{"damage":16,"enemies":"Gremlin Nob","floor":8,"turns":2}],"seed_played":"3067726731711536878","potions_obtained":[{"floor":1,"key":"Weak Potion"},{"floor":4,"key":"Fire Potion"},{"floor":5,"key":"DeathKnight:RimePotion"}],"is_trial":false,"path_per_floor":["M","?","?","M","M","E","M","E"],"character_chosen":"YURI","items_purchased":[],"campfire_rested":0,"item_purchase_floors":[],"current_hp_per_floor":[58,58,58,54,49,37,8,0,0],"gold":186,"neow_bonus":"BOSS_RELIC","is_daily":false,"chose_seed":false,"campfire_upgraded":0,"win_rate":0.0,"timestamp":1609473667,"path_taken":["M","?","?","M","M","E","M","E"],"items_purchased_type":[],"build_version":"2020-12-22","purchased_purges":0,"victory":false,"max_hp_per_floor":[80,80,80,80,80,80,80,80,80],"card_choices":[{"not_picked":["yuri:UntestedCode","yuri:BrokenCode"],"picked":"yuri:WickedSlash","floor":1},{"not_picked":["yuri:ReloadGame","yuri:yuriHeavyStrike"],"picked":"yuri:yuriQuickStrike","floor":4},{"not_picked":["yuri:ThrowBook","yuri:GlitchedStrike","yuri:DebugCard"],"picked":"SKIP","floor":5},{"not_picked":["yuri:TPose","yuri:AdaptiveAI"],"picked":"yuri:Parry","floor":6},{"not_picked":["yuri:CalmingAura","yuri:ChibiInvasion"],"picked":"yuri:Stalk","floor":7}],"player_experience":685139,"relics_obtained":[{"floor":6,"key":"Replay:Rubber Ducky"}],"event_choices":[{"damage_healed":0,"gold_gain":0,"player_choice":"Ignored","damage_taken":0,"max_hp_gain":0,"max_hp_loss":0,"event_name":"Golden Wing","floor":2,"gold_loss":0}],"is_beta":false,"boss_relics":[],"items_purged_floors":[],"is_endless":false,"potions_floor_spawned":[1,4,5],"killed_by":"Gremlin Nob","ascension_level":6}}