{"host":"k61zkrqx5zdi0yzo","time":1609472603,"event":{"mods":["AchievementEnabler","BaseMod","Colored Map","Highlight Path","Minty Spire (QoL Compilation)","Permanent Neow","Quick Restart","Rare Cards Sparkle","StSLib","SuperFastMode"],"gold_per_floor":[116,116,127,146,160,160,260,260,306,323,354,354,208,228,228,330,330,341,19,39,39,39,39,55,65,118,131,146,146,21,21,21,117,117,129,139,213,223,223,223,253,265,265,265,265,76,0,0,0,0],"floor_reached":51,"playtime":1587,"items_purged":["Bullet Time","Strike_G","Noxious Fumes+1","Storm of Steel"],"score":788,"play_id":"ef5e1100-d0fe-49e9-906f-ebce9a5b85f6","local_time":"20210101124323","is_ascension_mode":true,"campfire_choices":[{"data":"Noxious Fumes","floor":6,"key":"SMITH"},{"data":"Dagger Spray","floor":8,"key":"SMITH"},{"data":"Accuracy","floor":15,"key":"SMITH"},{"data":"Adrenaline","floor":23,"key":"SMITH"},{"data":"Infinite Blades","floor":29,"key":"SMITH"},{"data":"Phantasmal Killer","floor":32,"key":"SMITH"},{"floor":40,"key":"REST"},{"data":"Accuracy","floor":49,"key":"SMITH"}],"circlet_count":0,"master_deck":["Strike_G+1","Defend_G","Defend_G","Defend_G","Survivor","Neutralize+1","Glass Knife+1","Cloak And Dagger+1","Dagger Spray+1","Blade Dance","Accuracy+1","Adrenaline+1","Infinite Blades+1","Phantasmal Killer+1","Flying Knee+1","Accuracy+1","Accuracy","Deflect+1","Blade Dance","Cloak And Dagger+1","Infinite Blades","Acrobatics","Accuracy+1"],"relics":["Ring of the Serpent","Juzu Bracelet","Strawberry","Astrolabe","Sling","Bottled Lightning","Whetstone","Matryoshka","Dream Catcher","Nunchaku","Kunai","Red Mask"],"acts_visited":["Exordium","TheCity","TheBeyond"],"potions_floor_usage":[16,18,27,33,39,41,50],"damage_taken":[{"damage":0,"enemies":"2 Louse","floor":1,"turns":2},{"damage":0,"enemies":"Jaw Worm","floor":3,"turns":2},{"damage":1,"enemies":"Cultist","floor":4,"turns":3},{"damage":4,"enemies":"Red Slaver","floor":5,"turns":2},{"damage":0,"enemies":"Exordium Thugs","floor":10,"turns":3},{"damage":13,"enemies":"Lagavulin","floor":11,"turns":5},{"damage":0,"enemies":"Exordium Wildlife","floor":14,"turns":2},{"damage":0,"enemies":"Slime Boss","floor":16,"turns":3},{"damage":10,"enemies":"2 Thieves","floor":18,"turns":2},{"damage":1,"enemies":"Chosen","floor":20,"turns":3},{"damage":8,"enemies":"Centurion and Healer","floor":24,"turns":4},{"damage":5,"enemies":"Sentry and Sphere","floor":25,"turns":3},{"damage":15,"enemies":"Snake Plant","floor":27,"turns":3},{"damage":2,"enemies":"Cultist and Chosen","floor":28,"turns":4},{"damage":14,"enemies":"Automaton","floor":33,"turns":5},{"damage":11,"enemies":"3 Shapes","floor":35,"turns":3},{"damage":11,"enemies":"3 Darklings","floor":36,"turns":3},{"damage":53,"enemies":"4 Shapes","floor":38,"turns":3},{"damage":0,"enemies":"Spire Growth","floor":39,"turns":1},{"damage":2,"enemies":"Nemesis","floor":41,"turns":5},{"damage":10,"enemies":"Sphere and 2 Shapes","floor":42,"turns":3},{"damage":52,"enemies":"Awakened One","floor":50,"turns":5}],"seed_played":"-2121858221000784683","potions_obtained":[{"floor":1,"key":"Ancient Potion"},{"floor":5,"key":"BlessingOfTheForge"},{"floor":10,"key":"EssenceOfSteel"},{"floor":14,"key":"Fire Potion"},{"floor":18,"key":"ColorlessPotion"},{"floor":20,"key":"Explosive Potion"},{"floor":24,"key":"SmokeBomb"},{"floor":35,"key":"BlessingOfTheForge"},{"floor":36,"key":"Strength Potion"}],"is_trial":false,"path_per_floor":["M","?","M","M","M","R","?","R","T","M","E","?","$","M","R","B",null,"M","$","M","T","$","R","M","M","T","M","M","R","$","?","R","B",null,"M","M","T","M","M","R","E","M","T","?","?","$","?","$","R","B",null],"character_chosen":"THE_SILENT","items_purchased":["Infinite Blades","Accuracy","Sling","Accuracy"],"campfire_rested":1,"item_purchase_floors":[13,19,19,46],"current_hp_per_floor":[70,56,56,55,51,51,51,51,51,51,45,45,45,45,45,45,77,67,67,66,66,66,66,58,53,53,38,36,36,36,36,36,22,77,66,55,55,2,2,25,23,13,13,67,64,64,64,64,64,12],"gold":0,"neow_bonus":"TRANSFORM_CARD","is_daily":false,"chose_seed":false,"campfire_upgraded":7,"win_rate":0.0,"timestamp":1609472603,"path_taken":["M","?","M","M","M","R","?","R","T","M","E","?","$","M","R","BOSS","M","$","M","?","?","R","M","M","T","M","M","R","$","?","R","BOSS","M","M","?","M","M","R","E","M","T","?","?","?","?","$","R","BOSS"],"items_purchased_type":["Card","Card","Relic","Card"],"build_version":"2020-12-22","purchased_purges":4,"victory":true,"max_hp_per_floor":[70,70,70,70,70,70,70,70,70,70,77,77,77,77,77,77,77,77,77,77,77,77,77,77,77,77,77,77,77,77,77,77,77,77,77,77,77,77,77,77,77,77,77,67,64,64,64,64,64,64],"card_choices":[{"not_picked":["Bouncing Flask","Outmaneuver"],"picked":"Cloak And Dagger","floor":1},{"not_picked":["Bane","Deflect"],"picked":"Dagger Spray","floor":3},{"not_picked":["Dodge and Roll","Prepared"],"picked":"Blade Dance","floor":4},{"not_picked":["Bane","Dagger Throw"],"picked":"Noxious Fumes","floor":5},{"not_picked":["Flying Knee","Deflect"],"picked":"Accuracy","floor":10},{"not_picked":["Heel Hook","Underhanded Strike"],"picked":"Adrenaline","floor":11},{"not_picked":["Calculated Gamble","Deadly Poison","Riddle With Holes"],"picked":"SKIP","floor":14},{"not_picked":["Night Terror","Bullet Time"],"picked":"Phantasmal Killer","floor":16},{"not_picked":["Expertise","Slice","Skewer"],"picked":"SKIP","floor":18},{"not_picked":["Dagger Throw","Poisoned Stab","Dodge and Roll"],"picked":"SKIP","floor":20},{"not_picked":["Well Laid Plans","Quick Slash","Footwork"],"picked":"SKIP","floor":24},{"not_picked":["Flechettes+1","Quick Slash"],"picked":"Deflect+1","floor":25},{"not_picked":["Outmaneuver","Underhanded Strike+1","Calculated Gamble"],"picked":"SKIP","floor":27},{"not_picked":["Dash","Footwork"],"picked":"Blade Dance","floor":28},{"not_picked":["Adrenaline","Night Terror"],"picked":"Storm of Steel","floor":33},{"not_picked":["Dodge and Roll+1","Quick Slash+1"],"picked":"Cloak And Dagger+1","floor":35},{"not_picked":["Outmaneuver","Footwork"],"picked":"Infinite Blades","floor":36},{"not_picked":["Sucker Punch+1","Bane+1","Outmaneuver"],"picked":"SKIP","floor":38},{"not_picked":["Reflex","Catalyst","Dagger Spray"],"picked":"SKIP","floor":41},{"not_picked":["Reflex","Heel Hook+1"],"picked":"Acrobatics","floor":42}],"player_experience":10973,"relics_obtained":[{"floor":9,"key":"Juzu Bracelet"},{"floor":11,"key":"Strawberry"},{"floor":21,"key":"Bottled Lightning"},{"floor":26,"key":"Whetstone"},{"floor":37,"key":"Matryoshka"},{"floor":41,"key":"Dream Catcher"},{"floor":43,"key":"Nunchaku"},{"floor":43,"key":"Kunai"}],"event_choices":[{"damage_healed":0,"gold_gain":0,"player_choice":"Entered Light","damage_taken":14,"max_hp_gain":0,"max_hp_loss":0,"event_name":"Shining Light","floor":2,"gold_loss":0,"cards_upgraded":["Cloak And Dagger","Strike_G"]},{"damage_healed":0,"gold_gain":100,"player_choice":"Pray","damage_taken":0,"max_hp_gain":0,"max_hp_loss":0,"event_name":"Golden Shrine","floor":7,"gold_loss":0},{"damage_healed":0,"gold_gain":0,"cards_transformed":["Strike_G"],"player_choice":"Transformed","damage_taken":0,"max_hp_gain":0,"max_hp_loss":0,"event_name":"Transmorgrifier","floor":12,"gold_loss":0,"cards_obtained":["Bullet Time"]},{"cards_removed":["Heel Hook"],"damage_healed":0,"gold_gain":0,"player_choice":"Purged","damage_taken":0,"max_hp_gain":0,"max_hp_loss":0,"event_name":"Purifier","floor":31,"gold_loss":0},{"damage_healed":67,"gold_gain":0,"player_choice":"Heal","damage_taken":0,"max_hp_gain":0,"max_hp_loss":10,"event_name":"The Moai Head","floor":44,"gold_loss":0},{"damage_healed":0,"gold_gain":0,"player_choice":"Max HP","damage_taken":0,"max_hp_gain":0,"max_hp_loss":3,"event_name":"Winding Halls","floor":45,"gold_loss":0},{"damage_healed":0,"gold_gain":0,"player_choice":"Paid","damage_taken":0,"relics_obtained":["Red Mask"],"max_hp_gain":0,"max_hp_loss":0,"event_name":"Tomb of Lord Red Mask","floor":47,"gold_loss":76}],"is_beta":false,"boss_relics":[{"not_picked":["HoveringKite","Calling Bell"],"picked":"Astrolabe"},{"not_picked":["Black Star","Coffee Dripper"],"picked":"Ring of the Serpent"}],"items_purged_floors":[13,19,30,46],"is_endless":false,"potions_floor_spawned":[1,5,10,14,18,20,24,35,36,39],"ascension_level":1}}