{"host":"u9xtr94typ21duox","time":1609488357,"event":{"mods":["BaseMod","Key Reminder","KinomotoSakuraMod(木之本樱)","LagranYue(拉格朗・月)","Marisa（F雨　魔理沙）","Minty Spire (QoL Compilation)","Reimu（博丽灵梦）","Remilia（蕾米莉亚）","Replay The Spire","StSLib","Td1madao Mod","The Administrix","The Bladedancer","The Bug Knight","The Construct","The Cursed","The Gatherer","The Runesmith","The Servant 0.9.4","WarShipGirlsR/战舰少女R mod","Youmu（魂魄妖梦）","vexMod"],"gold_per_floor":[119,119,119,138,138,170,186,205,255,255,282,302,302,312,312,312,312],"floor_reached":16,"playtime":490,"items_purged":[],"score":144,"play_id":"e548d44e-37e3-4add-8e23-721dd76fcc38","local_time":"20210101160557","is_ascension_mode":true,"campfire_choices":[{"data":"rmod:aviationdawn","floor":10,"key":"SMITH"},{"data":"rmod:basicallowance","floor":13,"key":"SMITH"},{"data":"rmod:highspeedmaneuver","floor":15,"key":"SMITH"}],"circlet_count":0,"master_deck":["rmod:strick","rmod:strick","rmod:strick","rmod:strick","rmod:defend","rmod:defend","rmod:defend","rmod:defend","rmod:basicallowance+1","rmod:maingunfire","rmod:sl","rmod:aviationdawn+1","rmod:fletcher","Dramatic Entrance","rmod:fletcherpendant","rmod:openingtorpedo","rmod:fuelsupply","rmod:highspeedmaneuver+1"],"relics":["rmod:firstchargereward","LagranYue:RandomDrawCardRelic","NeowsBlessing","rmod:equipmentrecovery","Replay:Rubber Ducky","keyreminder:keyreminder","LagranYue:RareGoldArmorRelic"],"acts_visited":["Exordium"],"potions_floor_usage":[11],"damage_taken":[{"damage":0,"enemies":"Jaw Worm","floor":1,"turns":1},{"damage":0,"enemies":"2 Louse","floor":4,"turns":1},{"damage":0,"enemies":"HollowMod:MossKnight","floor":6,"turns":1},{"damage":3,"enemies":"Cultist","floor":7,"turns":3},{"damage":7,"enemies":"Looter","floor":8,"turns":3},{"damage":3,"enemies":"3 Sentries","floor":11,"turns":3},{"damage":0,"enemies":"Exordium Thugs","floor":12,"turns":3},{"damage":6,"enemies":"Red Slaver","floor":14,"turns":3},{"damage":42,"enemies":"Slime Boss","floor":16,"turns":7}],"seed_played":"4956534637479977788","potions_obtained":[{"floor":1,"key":"Strength Potion"},{"floor":4,"key":"GrandPatriotsElixir:ReiMu"},{"floor":12,"key":"Venom Potion"},{"floor":14,"key":"Strength Potion"}],"is_trial":false,"path_per_floor":["M","?","?","M","?","E","M","M","T","R","E","M","R","M","R","B"],"character_chosen":"PRAEFECT","items_purchased":[],"campfire_rested":0,"item_purchase_floors":[],"current_hp_per_floor":[75,50,50,50,50,50,47,40,40,40,37,37,37,31,31,0,0],"gold":312,"neow_bonus":"THREE_ENEMY_KILL","is_daily":false,"chose_seed":false,"campfire_upgraded":3,"win_rate":0.0,"timestamp":1609488357,"path_taken":["M","?","?","M","?","E","M","M","T","R","E","M","R","M","R","BOSS"],"items_purchased_type":[],"build_version":"2020-12-22","purchased_purges":0,"victory":false,"max_hp_per_floor":[75,75,75,75,75,75,75,75,75,75,75,75,75,75,75,75,75],"card_choices":[{"not_picked":["rmod:spoils","rmod:victimresponsibility"],"picked":"rmod:sl","floor":1},{"not_picked":["rmod:aluminumsupply","rmod:luckystar"],"picked":"rmod:aviationdawn","floor":4},{"not_picked":["rmod:gendarmerie","rmod:unsinkable"],"picked":"rmod:fletcherpendant","floor":6},{"not_picked":["rmod:intelligenceanalysis","rmod:aluminumsupply","rmod:circuitoustactics"],"picked":"SKIP","floor":7},{"not_picked":["rmod:spoils","rmod:ammunitionsupply","rmod:luckystar"],"picked":"SKIP","floor":8},{"not_picked":["rmod:fletcherpendant","rmod:mineteam"],"picked":"rmod:openingtorpedo","floor":11},{"not_picked":["rmod:victimresponsibility","rmod:luckystar"],"picked":"rmod:fuelsupply","floor":12},{"not_picked":["rmod:launchingtorpedo","rmod:advancebysurprise","rmod:victimresponsibility"],"picked":"SKIP","floor":12},{"not_picked":["rmod:aviationdawn","rmod:steelsupply"],"picked":"rmod:highspeedmaneuver","floor":14}],"player_experience":266337,"relics_obtained":[{"floor":6,"key":"Replay:Rubber Ducky"},{"floor":11,"key":"LagranYue:RareGoldArmorRelic"}],"event_choices":[{"damage_healed":0,"gold_gain":0,"player_choice":"Success","damage_taken":25,"relics_obtained":["rmod:equipmentrecovery"],"max_hp_gain":0,"max_hp_loss":0,"event_name":"Scrap Ooze","floor":2,"gold_loss":0},{"damage_healed":0,"gold_gain":0,"player_choice":"2 cards matched","damage_taken":0,"max_hp_gain":0,"max_hp_loss":0,"event_name":"Match and Keep!","floor":5,"gold_loss":0,"cards_obtained":["rmod:fletcher","Dramatic Entrance"]}],"is_beta":false,"boss_relics":[],"items_purged_floors":[],"is_endless":false,"potions_floor_spawned":[1,4,12,14],"killed_by":"Slime Boss","ascension_level":1}}