{"host":"i0s8vbixp24k5aul","time":1609513778,"event":{"mods":["2.2 Compatiblity","Act Like it!","Aspiration","BaseMod","Better Note","Better Third Choice","Better Vampires","BetterUpgradePreview","Colorless Booster Pack","Dota2Spire","GifTheSpireLib","Halation","Hermit","Hubris","Jedi Mod","Minty Spire (QoL Compilation)","Optimize The Spire","StSLib","The Animator","TheWitcher","vexMod","??????REMEMod"],"gold_per_floor":[114,114,114,39,39,39,62,62,85,44,44,58,58,58,58,152,152,171,171,185,25,43,43,62,62,115,150,150,165,165,186,186,277,277,301,326,326,345,183,183,183,199,199,199,199,199],"floor_reached":45,"playtime":2197,"items_purged":["Strike_R"],"score":931,"play_id":"f6c14920-460a-4f45-97be-fae1d5bcac0d","local_time":"20210101180938","is_ascension_mode":true,"campfire_choices":[{"data":"Bash","floor":6,"key":"SMITH"},{"data":"Clothesline","floor":8,"key":"SMITH"},{"data":"animator:Ain","floor":11,"key":"SMITH"},{"data":"Inflame","floor":13,"key":"SMITH"},{"data":"Iron Wave","floor":15,"key":"SMITH"},{"data":"Defend_R","floor":23,"key":"SMITH"},{"data":"Defend_R","floor":25,"key":"SMITH"},{"data":"Injury","floor":28,"key":"SMITH"},{"data":"AscendersBane","floor":30,"key":"SMITH"},{"data":"Strike_R","floor":32,"key":"SMITH"},{"data":"Strike_R","floor":41,"key":"SMITH"}],"circlet_count":0,"master_deck":["Strike_R","Strike_R+1","Strike_R+1","Defend_R+1","Defend_R+1","Defend_R","Defend_R+1","Bash+1","animator:Ain+1","Iron Wave+1","Clothesline+1","Inflame+1","Evolve","Bludgeon","Spot Weakness+1","Twin Strike","Uppercut+1","Hemokinesis","Berserk+1","Reckless Charge+1","hubris:StunningStrike","Shrug It Off+1","Reckless Charge+1","Body Slam+1","Reckless Charge+1"],"relics":["Burning Blood","REME_ComplimentaryCards","Golden Idol","Frozen Egg 2","hubris:Backtick","jedi:purplefairy","Lee\u0027s Waffle","Centennial Puzzle","halation:PrussianBluePaint","vexMod:CursedCompass","Cauldron","Dream Catcher"],"acts_visited":["Exordium","TheCity","TheBeyond"],"potions_floor_usage":[16,20,29,33,36,40,44],"damage_taken":[{"damage":14,"enemies":"Jaw Worm","floor":1,"turns":3},{"damage":7,"enemies":"Cultist","floor":7,"turns":5},{"damage":0,"enemies":"Small Slimes","floor":12,"turns":3},{"damage":64,"enemies":"The Guardian","floor":16,"turns":17},{"damage":54,"enemies":"Shell Parasite","floor":18,"turns":8},{"damage":37,"enemies":"Spheric Guardian","floor":20,"turns":7},{"damage":87,"enemies":"3 Cultists","floor":22,"turns":6},{"damage":31,"enemies":"Snecko","floor":24,"turns":4},{"damage":58,"enemies":"Gremlin Leader","floor":27,"turns":6},{"damage":28,"enemies":"Snake Plant","floor":29,"turns":4},{"damage":23,"enemies":"3 Cultists","floor":31,"turns":5},{"damage":93,"enemies":"Collector","floor":33,"turns":8},{"damage":19,"enemies":"Orb Walker","floor":35,"turns":5},{"damage":57,"enemies":"3 Darklings","floor":36,"turns":5},{"damage":51,"enemies":"Maw","floor":38,"turns":9},{"damage":15,"enemies":"Giant Head","floor":40,"turns":6},{"damage":65,"enemies":"Spire Growth","floor":42,"turns":6},{"damage":37,"enemies":"4 Shapes","floor":44,"turns":6},{"damage":21,"enemies":"Maw","floor":45,"turns":2}],"seed_played":"-6829521653465775227","potions_obtained":[{"floor":12,"key":"BlessingOfTheForge"},{"floor":18,"key":"EssenceOfSteel"},{"floor":27,"key":"LiquidMemories"},{"floor":29,"key":"Strength Potion"},{"floor":35,"key":"Swift Potion"},{"floor":39,"key":"SmokeBomb"},{"floor":39,"key":"SmokeBomb"}],"is_trial":false,"path_per_floor":["M","?","?","$","?","R","M","R","T","$","R","M","R","T","R","B",null,"M","?","M","$","M","R","M","R","T","E","R","M","R","M","R","B",null,"M","M","?","M","$","E","R","M","T","M","M"],"character_chosen":"IRONCLAD","items_purchased":["Inflame","Lee\u0027s Waffle","Cauldron"],"campfire_rested":0,"item_purchase_floors":[10,21,39],"current_hp_per_floor":[67,60,60,60,65,65,64,64,64,64,64,70,70,70,70,12,68,20,20,7,94,13,94,69,94,94,42,99,77,87,70,99,12,77,64,13,109,64,64,55,109,50,50,19,0,0],"gold":199,"neow_bonus":"TEN_PERCENT_HP_BONUS","is_daily":false,"chose_seed":false,"campfire_upgraded":11,"win_rate":0.0,"timestamp":1609513778,"path_taken":["M","?","?","$","?","R","?","R","T","?","R","M","R","?","R","BOSS","M","?","M","$","?","R","M","R","T","E","R","M","R","M","R","BOSS","M","?","?","M","$","E","R","M","T","M","M"],"items_purchased_type":["Card","Relic","Relic"],"build_version":"2020-12-22","purchased_purges":1,"victory":false,"max_hp_per_floor":[82,82,82,82,87,87,87,87,87,87,87,87,87,87,87,87,87,87,87,87,94,94,94,94,94,94,94,99,99,99,99,99,99,99,99,99,109,109,109,109,109,109,109,109,109,109],"card_choices":[{"not_picked":["jedi:controlledanger","Flex"],"picked":"Iron Wave","floor":1},{"not_picked":["Body Slam","jedi:controlledanger"],"picked":"Clothesline","floor":7},{"not_picked":["Bloodletting","jedi:controlledanger"],"picked":"Evolve","floor":12},{"not_picked":["Fiend Fire","Feed"],"picked":"Bludgeon","floor":16},{"not_picked":["Bloodletting","Pummel"],"picked":"Spot Weakness","floor":18},{"not_picked":["Wild Strike","jedi:controlledanger+1"],"picked":"Twin Strike","floor":20},{"not_picked":["True Grit","Shockwave"],"picked":"Uppercut+1","floor":22},{"not_picked":["Thunderclap","Seeing Red"],"picked":"Hemokinesis","floor":24},{"not_picked":["Pommel Strike","hubris:SharpeningStone"],"picked":"Berserk+1","floor":27},{"not_picked":["Headbutt","Wild Strike"],"picked":"Reckless Charge+1","floor":29},{"not_picked":["Clash","Shockwave","hubris:ReadiedAction"],"picked":"SKIP","floor":31},{"not_picked":["Berserk+1","REME_TheLastStrike"],"picked":"hubris:StunningStrike","floor":33},{"not_picked":["Searing Blow","Seeing Red+1"],"picked":"Shrug It Off+1","floor":35},{"not_picked":["Rampage","Clash"],"picked":"Reckless Charge+1","floor":36},{"not_picked":["Clothesline","Wild Strike"],"picked":"Body Slam+1","floor":38},{"not_picked":["Shrug It Off","Warcry"],"picked":"Reckless Charge+1","floor":42}],"player_experience":765370,"relics_obtained":[{"floor":14,"key":"Frozen Egg 2"},{"floor":26,"key":"Centennial Puzzle"},{"floor":27,"key":"halation:PrussianBluePaint"},{"floor":43,"key":"Dream Catcher"}],"event_choices":[{"cards_removed":["Strike_R"],"damage_healed":0,"gold_gain":0,"player_choice":"Card Removal","damage_taken":7,"max_hp_gain":0,"max_hp_loss":0,"event_name":"Golden Wing","floor":2,"gold_loss":0},{"damage_healed":0,"gold_gain":0,"player_choice":"Take Wound","damage_taken":0,"relics_obtained":["Golden Idol"],"max_hp_gain":0,"max_hp_loss":0,"event_name":"Golden Idol","floor":3,"gold_loss":0,"cards_obtained":["Injury"]},{"damage_healed":0,"gold_gain":0,"player_choice":"Donut","damage_taken":0,"max_hp_gain":5,"max_hp_loss":0,"event_name":"Big Fish","floor":5,"gold_loss":0},{"cards_removed":["animator:Ain"],"damage_healed":0,"gold_gain":0,"player_choice":"Take \u0026 Give","damage_taken":0,"max_hp_gain":0,"max_hp_loss":0,"event_name":"betterNote:BetterNote","floor":19,"gold_loss":0,"cards_obtained":["SnafuTest:MelitelesCare"]},{"cards_removed":["SnafuTest:MelitelesCare"],"damage_healed":86,"gold_gain":0,"player_choice":"Offered Rare","damage_taken":0,"max_hp_gain":10,"max_hp_loss":0,"event_name":"Bonfire Elementals","floor":37,"gold_loss":0}],"is_beta":false,"boss_relics":[{"not_picked":["vexMod:MysteryBossChallenge","halation:PlatinumPhoenix"],"picked":"hubris:Backtick"},{"not_picked":["Dota2Spire:RefresherOrb","hubris:VirtuousBlindfold"],"picked":"vexMod:CursedCompass"}],"items_purged_floors":[4],"is_endless":false,"potions_floor_spawned":[12,18,27,29,35,44],"killed_by":"Maw","ascension_level":20}}