{"host":"u4pncpybdtxxvw4r","time":1609535312,"event":{"mods":["AchievementEnabler","BaseMod","Block Reminder","Colored Powertips","Downfall","Marisa£®ÏF”Í°°ƒß¿Ì…≥£©","Minty Spire (QoL Compilation)","Permanent Neow","Potion Indicator Mod","Rare Cards Sparkle","StSLib","SuperFastMode"],"gold_per_floor":[99,118,135,151,167,167,190,190,190,201,215,27,27,27,47,145,145,145,164,164,164,164],"floor_reached":20,"playtime":1150,"items_purged":[],"score":166,"play_id":"ed0e7660-e3a5-4aa2-9c26-645533201b31","local_time":"20210102050832","is_ascension_mode":false,"campfire_choices":[{"floor":1,"key":"RECALL"},{"floor":6,"key":"REST"},{"floor":13,"key":"REST"},{"data":"Slimebound:LeadByExample","floor":18,"key":"SMITH"}],"circlet_count":0,"master_deck":["Slimebound:Strike_Slimebound","Slimebound:Strike_Slimebound","Slimebound:Strike_Slimebound","Slimebound:Defend_Slimebound","Slimebound:Defend_Slimebound","Slimebound:Defend_Slimebound","Slimebound:CorrosiveSpit","Slimebound:HauntingLick","Slimebound:FlameTackle","Slimebound:Overexert","Slimebound:Replication","Slimebound:ForwardTackle","Slimebound:GoopSpray","Slimebound:LeadByExample+1","Slimebound:SplitMire","Slimebound:ForwardTackle","Slimebound:ItLooksTasty","Slimebound:Nibble","Slimebound:LeechLife","Slimebound:FlameTackle+1","Slimebound:Nibble+1","Slimebound:SplitMire+1"],"relics":["Slimebound:AbsorbEndCombat","Happy Flower","Toy Ornithopter","Astrolabe"],"acts_visited":["Exordium","TheCity"],"potions_floor_usage":[16,16],"damage_taken":[{"damage":8,"enemies":"Cultist","floor":2,"turns":3},{"damage":8,"enemies":"2 Louse","floor":3,"turns":2},{"damage":4,"enemies":"Small Slimes","floor":4,"turns":3},{"damage":41,"enemies":"Gremlin Gang","floor":5,"turns":4},{"damage":25,"enemies":"Blue Slaver","floor":10,"turns":4},{"damage":22,"enemies":"Exordium Wildlife","floor":11,"turns":3},{"damage":13,"enemies":"downfall:FleeingMerchant","floor":12,"turns":4},{"damage":24,"enemies":"Exordium Thugs","floor":15,"turns":3},{"damage":64,"enemies":"downfall:Ironclad","floor":16,"turns":6},{"damage":38,"enemies":"Spheric Guardian","floor":19,"turns":4},{"damage":34,"enemies":"3 Byrds","floor":20,"turns":2}],"seed_played":"-2888580510047273890","potions_obtained":[{"floor":10,"key":"Fire Potion"},{"floor":11,"key":"SteroidPotion"},{"floor":16,"key":"DuplicationPotion"}],"is_trial":false,"path_per_floor":["R","M","M","M","M","R","T","?","?","M","M","$","R","?","M","B",null,"R","M","M"],"character_chosen":"SLIMEBOUND","items_purchased":["Slimebound:LeadByExample","Slimebound:SplitMire","Slimebound:ForwardTackle"],"campfire_rested":2,"item_purchase_floors":[12,12,12],"current_hp_per_floor":[60,58,52,56,35,53,53,53,46,37,29,34,52,52,42,20,60,60,32,0,0,0],"gold":164,"neow_bonus":"TRANSFORM_CARD","is_daily":false,"chose_seed":false,"campfire_upgraded":1,"win_rate":0.0,"timestamp":1609535312,"path_taken":["R","M","M","?","M","R","T","?","?","M","M","$","R","?","M","BOSS","R","M","M"],"items_purchased_type":["Card","Card","Card"],"build_version":"2020-12-22","purchased_purges":0,"victory":false,"max_hp_per_floor":[60,60,60,60,60,60,60,60,60,60,60,60,60,60,60,60,60,60,60,60,60,60],"card_choices":[{"not_picked":["Slimebound:Schlurp","Slimebound:ViciousTackle"],"picked":"Slimebound:FlameTackle","floor":2},{"not_picked":["Slimebound:LeechEnergy","Slimebound:GrowthPunch"],"picked":"Slimebound:SplitLeeching","floor":3},{"not_picked":["Slimebound:Schlurp","Slimebound:LeechEnergy"],"picked":"Slimebound:SplitMire","floor":4},{"not_picked":["Slimebound:GrowthPunch","Slimebound:SplitLeeching"],"picked":"Slimebound:Overexert","floor":5},{"not_picked":["Slimebound:LeechEnergy","Slimebound:ProtectTheBoss"],"picked":"Slimebound:Replication","floor":10},{"not_picked":["Slimebound:DisruptingSlam","Slimebound:Replication"],"picked":"Slimebound:ForwardTackle","floor":11},{"not_picked":["Slimebound:ViciousTackle","Slimebound:ComboTackle"],"picked":"Slimebound:GoopSpray","floor":12},{"not_picked":["Slimebound:GrowthPunch","Slimebound:FinishingTackle"],"picked":"Slimebound:Nibble","floor":15},{"not_picked":["Slimebound:Overexert","Slimebound:MassFeed"],"picked":"Slimebound:LeechLife","floor":16},{"not_picked":["Slimebound:HauntingLick","Slimebound:Gluttony","Slimebound:FinishingTackle"],"picked":"SKIP","floor":19}],"player_experience":3371,"relics_obtained":[{"floor":7,"key":"Happy Flower"}],"event_choices":[{"damage_healed":0,"gold_gain":0,"player_choice":"Success","damage_taken":7,"relics_obtained":["Toy Ornithopter"],"max_hp_gain":0,"max_hp_loss":0,"event_name":"Scrap Ooze","floor":9,"gold_loss":0},{"damage_healed":0,"gold_gain":0,"cards_transformed":["Slimebound:Tackle"],"player_choice":"Transformed","damage_taken":0,"max_hp_gain":0,"max_hp_loss":0,"event_name":"Transmorgrifier","floor":14,"gold_loss":0,"cards_obtained":["Slimebound:ItLooksTasty"]}],"is_beta":false,"boss_relics":[{"not_picked":["Snecko Eye","Empty Cage"],"picked":"Astrolabe"}],"items_purged_floors":[],"is_endless":false,"potions_floor_spawned":[10,11,16],"killed_by":"3 Byrds","ascension_level":0}}