{"host":"6azrrw3tf7wb0f4b","time":1609482573,"event":{"mods":["BaseMod","DeckTracker","Minty Spire (QoL Compilation)","SuperFastMode"],"gold_per_floor":[118,118,133,151,47,47,47,62,88,88,103,119,119,132,132,203,203,216,76,86,86,86,86,412,239,263,279,79,129,140,151,151,151,151],"floor_reached":33,"playtime":775,"items_purged":["Strike_R","Strike_R"],"score":479,"play_id":"43737b8e-324b-4a8e-8744-fd2588fcf2b7","local_time":"20210101152933","is_ascension_mode":true,"campfire_choices":[{"data":"Searing Blow","floor":6,"key":"SMITH"},{"data":"Searing Blow+1","floor":10,"key":"SMITH"},{"data":"Searing Blow+2","floor":13,"key":"SMITH"},{"data":"Searing Blow+3","floor":15,"key":"SMITH"},{"floor":23,"key":"REST"},{"floor":32,"key":"REST"}],"circlet_count":0,"master_deck":["AscendersBane","Strike_R+1","Strike_R+1","Strike_R+1","Defend_R+1","Defend_R+1","Defend_R+1","Defend_R+1","Bash","Exhume","Pommel Strike+1","Searing Blow+4","Whirlwind","Wild Strike","Shrug It Off","Headbutt","Warcry","Immolate","Evolve","True Grit","Second Wind","Flash of Steel","Feel No Pain","Intimidate","Dropkick+1"],"relics":["Burning Blood","White Beast Statue","Bronze Scales","Snecko Eye","Old Coin","Nunchaku","Membership Card"],"acts_visited":["Exordium","TheCity"],"potions_floor_usage":[16,20,24,24,27,33,33],"damage_taken":[{"damage":3,"enemies":"2 Louse","floor":1,"turns":4},{"damage":1,"enemies":"Cultist","floor":3,"turns":3},{"damage":14,"enemies":"Jaw Worm","floor":4,"turns":3},{"damage":6,"enemies":"Looter","floor":8,"turns":2},{"damage":15,"enemies":"Large Slime","floor":11,"turns":3},{"damage":6,"enemies":"2 Fungi Beasts","floor":12,"turns":3},{"damage":12,"enemies":"Looter","floor":14,"turns":3},{"damage":62,"enemies":"Hexaghost","floor":16,"turns":9},{"damage":31,"enemies":"2 Thieves","floor":18,"turns":4},{"damage":19,"enemies":"Spheric Guardian","floor":20,"turns":4},{"damage":29,"enemies":"Gremlin Leader","floor":24,"turns":7},{"damage":11,"enemies":"Snecko","floor":27,"turns":4},{"damage":0,"enemies":"Centurion and Healer","floor":30,"turns":3},{"damage":0,"enemies":"Chosen and Byrds","floor":31,"turns":3},{"damage":62,"enemies":"Automaton","floor":33,"turns":10}],"seed_played":"-5445945353083001576","potions_obtained":[{"floor":1,"key":"Regen Potion"},{"floor":8,"key":"BlessingOfTheForge"},{"floor":16,"key":"Energy Potion"},{"floor":20,"key":"ColorlessPotion"},{"floor":24,"key":"Dexterity Potion"},{"floor":27,"key":"SpeedPotion"},{"floor":30,"key":"DistilledChaos"}],"is_trial":false,"path_per_floor":["M","?","M","M","$","R","T","M","T","R","M","M","R","M","R","B",null,"M","$","M","?","?","R","E","$","T","M","$","?","M","M","R","B"],"character_chosen":"IRONCLAD","items_purchased":["Wild Strike","Evolve","Second Wind","Flash of Steel","Membership Card","Feel No Pain"],"campfire_rested":2,"item_purchase_floors":[5,19,25,25,28,28],"current_hp_per_floor":[71,71,75,67,67,67,67,67,67,67,58,58,58,52,52,11,59,34,34,21,21,21,43,20,20,20,15,15,15,21,27,49,0,0],"gold":151,"neow_bonus":"ONE_RANDOM_RARE_CARD","is_daily":false,"chose_seed":false,"campfire_upgraded":4,"win_rate":0.0,"timestamp":1609482573,"path_taken":["M","?","M","?","?","R","?","M","T","R","M","M","R","M","R","BOSS","M","$","M","?","?","R","E","$","T","M","$","?","M","M","R","BOSS"],"items_purchased_type":["Card","Card","Card","Card","Relic","Card"],"build_version":"2020-12-22","purchased_purges":2,"victory":false,"max_hp_per_floor":[75,75,75,75,75,75,75,75,75,75,75,75,75,75,75,75,75,75,75,75,75,75,75,75,75,75,75,75,75,75,75,75,75,75],"card_choices":[{"not_picked":["Battle Trance","Heavy Blade"],"picked":"Pommel Strike","floor":1},{"not_picked":["Combust","Flex"],"picked":"Searing Blow","floor":3},{"not_picked":["Havoc","Iron Wave"],"picked":"Whirlwind","floor":4},{"not_picked":["Evolve","Wild Strike"],"picked":"Shrug It Off","floor":8},{"not_picked":["Carnage","Dark Embrace","Sword Boomerang"],"picked":"SKIP","floor":11},{"not_picked":["Dropkick","Clash"],"picked":"Headbutt","floor":12},{"not_picked":["Clash","Whirlwind"],"picked":"Warcry","floor":14},{"not_picked":["Berserk","Brutality"],"picked":"Immolate","floor":16},{"not_picked":["Thunderclap","Wild Strike","Spot Weakness"],"picked":"SKIP","floor":18},{"not_picked":["Entrench","Rupture+1","Heavy Blade"],"picked":"SKIP","floor":20},{"not_picked":["Immolate","Spot Weakness"],"picked":"True Grit","floor":24},{"not_picked":["Carnage","Wild Strike","Heavy Blade+1"],"picked":"SKIP","floor":27},{"not_picked":["Sword Boomerang","Spot Weakness"],"picked":"Intimidate","floor":30},{"not_picked":["Thunderclap","Flex"],"picked":"Dropkick+1","floor":31}],"player_experience":656441,"relics_obtained":[{"floor":7,"key":"White Beast Statue"},{"floor":9,"key":"Bronze Scales"},{"floor":24,"key":"Old Coin"},{"floor":26,"key":"Nunchaku"}],"event_choices":[{"damage_healed":0,"gold_gain":0,"player_choice":"Upgraded","damage_taken":0,"max_hp_gain":0,"max_hp_loss":0,"event_name":"Upgrade Shrine","floor":2,"gold_loss":0,"cards_upgraded":["Pommel Strike"]},{"damage_healed":0,"gold_gain":0,"player_choice":"Simplicity","damage_taken":0,"max_hp_gain":0,"max_hp_loss":0,"event_name":"Back to Basics","floor":21,"gold_loss":0,"cards_upgraded":["Strike_R","Strike_R","Strike_R","Defend_R","Defend_R","Defend_R","Defend_R"]},{"damage_healed":0,"gold_gain":0,"player_choice":"Ignored","damage_taken":0,"max_hp_gain":0,"max_hp_loss":0,"event_name":"Ghosts","floor":22,"gold_loss":0},{"damage_healed":0,"gold_gain":50,"player_choice":"Stole From Cult","damage_taken":0,"max_hp_gain":0,"max_hp_loss":0,"event_name":"Nest","floor":29,"gold_loss":0}],"is_beta":false,"boss_relics":[{"not_picked":["Runic Dome","Empty Cage"],"picked":"Snecko Eye"}],"items_purged_floors":[5,19],"is_endless":false,"potions_floor_spawned":[1,8,11,12,14,16,18,20,24,27,30,31],"killed_by":"Automaton","ascension_level":17}}