{"host":"44cj7v9849ev3ii0","time":1609514370,"event":{"mods":["BaseMod","Colored Powertips","Marisa£®ÏF”Í°°ƒß¿Ì…≥£©","Minty Spire (QoL Compilation)","Replay The Spire","Shop Mod","StSLib","The Cursed"],"gold_per_floor":[118,118,152,179,14,62,87,116,116,141,216,216,235,245,245,245,245],"floor_reached":16,"playtime":1054,"items_purged":[],"score":106,"play_id":"bb31f2b5-0896-4b84-a9a1-da2279ba367e","local_time":"20210101231930","is_ascension_mode":false,"campfire_choices":[{"floor":15,"key":"REST"}],"circlet_count":0,"master_deck":["Strike_MRS","Strike_MRS","Strike_MRS","Strike_MRS","Defend_MRS","Defend_MRS","Defend_MRS","Defend_MRS","MasterSpark","UpSweep","WitchOfGreed","PowerUp","SporeBomb","SporeBomb","LuminesStrike","Blind","LuminesStrike","GravityBeat","EarthLightRay","GravityBeat","BinaryStars","MysteriousBeam"],"relics":["MiniHakkero","Nunchaku","Orichalcum","Matryoshka","Anchor","Quantum Egg"],"acts_visited":["Exordium"],"potions_floor_usage":[7],"damage_taken":[{"damage":10,"enemies":"Jaw Worm","floor":1,"turns":4},{"damage":1,"enemies":"Cultist","floor":3,"turns":3},{"damage":0,"enemies":"Small Slimes","floor":4,"turns":3},{"damage":21,"enemies":"Lagavulin","floor":6,"turns":6},{"damage":6,"enemies":"Exordium Wildlife","floor":7,"turns":2},{"damage":21,"enemies":"Exordium Thugs","floor":8,"turns":4},{"damage":10,"enemies":"Lots of Slimes","floor":10,"turns":5},{"damage":0,"enemies":"Blue Slaver","floor":13,"turns":3},{"damage":1,"enemies":"Exordium Wildlife","floor":14,"turns":3},{"damage":46,"enemies":"The Guardian","floor":16,"turns":6}],"seed_played":"2772648095910810447","potions_obtained":[{"floor":1,"key":"Toxic Potion"},{"floor":3,"key":"Adrenaline Potion"},{"floor":3,"key":"StarNLove"},{"floor":7,"key":"Block Potion"},{"floor":8,"key":"DistilledChaos"}],"is_trial":false,"path_per_floor":["M","?","M","M","$","E","M","M","T","M","T","?","M","M","R","B"],"character_chosen":"MARISA","items_purchased":["SporeBomb","LuminesStrike","Blind"],"campfire_rested":1,"item_purchase_floors":[5,5,5],"current_hp_per_floor":[65,65,64,64,64,43,37,16,16,10,10,10,14,17,39,0,0],"gold":245,"neow_bonus":"RANDOM_COMMON_RELIC","is_daily":false,"chose_seed":false,"campfire_upgraded":0,"win_rate":0.0,"timestamp":1609514370,"path_taken":["M","?","M","M","?","E","M","?","T","M","?","?","M","M","R","BOSS"],"items_purchased_type":["Card","Card","Card"],"build_version":"2020-12-22","purchased_purges":0,"victory":false,"max_hp_per_floor":[75,75,75,75,75,75,75,75,75,75,75,75,75,75,75,75,75],"card_choices":[{"not_picked":["DarkMatter","OortCloud"],"picked":"WitchOfGreed","floor":1},{"not_picked":["LuminesStrike","BlazeAway"],"picked":"PowerUp","floor":3},{"not_picked":["DarkSpark","DC"],"picked":"SporeBomb","floor":4},{"not_picked":["Occultation","DarkSpark"],"picked":"LuminesStrike","floor":6},{"not_picked":["Orbital","WitchOfGreed"],"picked":"GravityBeat","floor":7},{"not_picked":["MilkyWay","LuminesStrike"],"picked":"EarthLightRay","floor":8},{"not_picked":["ShootingEcho","WitchOfGreed"],"picked":"GravityBeat","floor":10},{"not_picked":["EnergyRecoil","ChargeUpSpray"],"picked":"BinaryStars","floor":13},{"not_picked":["StarlightTyphoon","6A"],"picked":"MysteriousBeam","floor":14}],"player_experience":31263,"relics_obtained":[{"floor":6,"key":"Orichalcum"},{"floor":9,"key":"Matryoshka"},{"floor":11,"key":"Anchor"},{"floor":11,"key":"Quantum Egg"}],"event_choices":[{"damage_healed":0,"gold_gain":0,"player_choice":"Ignored","damage_taken":0,"max_hp_gain":0,"max_hp_loss":0,"event_name":"Purifier","floor":2,"gold_loss":0},{"damage_healed":0,"gold_gain":0,"player_choice":"Ignored","damage_taken":0,"max_hp_gain":0,"max_hp_loss":0,"event_name":"Golden Wing","floor":12,"gold_loss":0}],"is_beta":false,"boss_relics":[],"items_purged_floors":[],"is_endless":false,"potions_floor_spawned":[1,3,8],"killed_by":"The Guardian","ascension_level":0}}