{"host":"52m1o8iwwagurbjs","time":1609516302,"event":{"mods":["AchievementEnabler","BaseMod","Bestiary","Colored Powertips","GifTheSpireLib","Minty Spire (QoL Compilation)","Quick Restart","RNG Fix","Relic Stats","StSLib"],"gold_per_floor":[109,109,109,34,53,83,170,182,271,318,343,368,406,452,464,563,575,604,541,97,119,119,119,119],"floor_reached":23,"playtime":602,"items_purged":["Pain","Strike_R"],"score":441,"play_id":"bf3e2247-a64f-4b65-8fe1-0ab5682f8b00","local_time":"20210101105142","is_ascension_mode":true,"campfire_choices":[{"data":"Whirlwind","floor":8.0,"key":"SMITH"},{"data":"Bash","floor":15.0,"key":"SMITH"}],"circlet_count":0,"master_deck":["AscendersBane","Strike_R","Strike_R","Defend_R","Defend_R","Defend_R","Defend_R","Bash+1","Anger","Pommel Strike","Whirlwind+1","Twin Strike","Headbutt","Battle Trance","Exhume","Barricade","Intimidate"],"relics":["Black Blood","NeowsBlessing","WarpedTongs","MawBank","Shuriken","WingedGreaves","Nunchaku","CeramicFish","Ornamental Fan","Bottled Tornado"],"acts_visited":["Exordium","TheCity"],"potions_floor_usage":[],"damage_taken":[{"damage":0.0,"enemies":"Jaw Worm","floor":1.0,"turns":1.0},{"damage":0.0,"enemies":"Small Slimes","floor":5.0,"turns":1.0},{"damage":0.0,"enemies":"3 Sentries","floor":6.0,"turns":2.0},{"damage":0.0,"enemies":"Gremlin Nob","floor":10.0,"turns":2.0},{"damage":0.0,"enemies":"Cultist","floor":11.0,"turns":2.0},{"damage":0.0,"enemies":"Exordium Thugs","floor":12.0,"turns":2.0},{"damage":10.0,"enemies":"3 Sentries","floor":13.0,"turns":4.0},{"damage":40.0,"enemies":"Lagavulin","floor":14.0,"turns":6.0},{"damage":31.0,"enemies":"Hexaghost","floor":16.0,"turns":6.0},{"damage":23.0,"enemies":"Spheric Guardian","floor":18.0,"turns":4.0},{"damage":0.0,"enemies":"3 Byrds","floor":21.0,"turns":5.0},{"damage":71,"enemies":"Slavers","floor":23,"turns":3}],"seed_played":"-945764038723827141","potions_obtained":[{"floor":5.0,"key":"Swift Potion"},{"floor":6.0,"key":"Fire Potion"},{"floor":11.0,"key":"SteroidPotion"},{"floor":12.0,"key":"Swift Potion"},{"floor":13.0,"key":"Swift Potion"},{"floor":16.0,"key":"Weak Potion"}],"is_trial":false,"path_per_floor":["M","?","?","$","M","E","?","R","T","E","M","M","E","E","R","B",null,"M","?","$","M","T","E"],"character_chosen":"IRONCLAD","items_purchased":["Ornamental Fan","HeartOfIron"],"campfire_rested":0,"item_purchase_floors":[20,20],"current_hp_per_floor":[78,71,71,71,77,80,69,69,69,75,80,80,76,42,42,17,64,53,53,53,65,65,0,0],"gold":119,"neow_bonus":"THREE_ENEMY_KILL","is_daily":false,"chose_seed":false,"campfire_upgraded":2,"win_rate":0.0,"timestamp":1609516302,"path_taken":["M","?","?","?","M","E","?","R","T","E","M","M","E","E","R","BOSS","M","?","$","M","?","E"],"items_purchased_type":["Relic","Potion"],"build_version":"2020-12-22","purchased_purges":2,"victory":false,"max_hp_per_floor":[80,80,80,80,80,80,80,80,80,80,80,80,80,80,80,80,80,80,80,80,80,80,80,80],"relic_stats":{"Nunchaku":[5],"counters":[12,38],"Shuriken":[14],"Ornamental Fan":[12],"CeramicFish":18,"Black Blood":68,"MawBank":168,"obtain_stats":[{"Nunchaku":13,"NeowsBlessing":0,"Shuriken":9,"Ornamental Fan":20,"CeramicFish":14,"Black Blood":17,"WingedGreaves":10,"Bottled Tornado":22,"MawBank":6,"Burning Blood":0,"WarpedTongs":3},{"Nunchaku":7,"NeowsBlessing":0,"Shuriken":3,"Ornamental Fan":10,"CeramicFish":8,"Black Blood":9,"WingedGreaves":4,"Bottled Tornado":11,"MawBank":3,"Burning Blood":0,"WarpedTongs":1},{"Nunchaku":14,"NeowsBlessing":0,"Shuriken":4,"Ornamental Fan":30,"CeramicFish":20,"Black Blood":26,"WingedGreaves":6,"Bottled Tornado":35,"MawBank":4,"Burning Blood":0,"WarpedTongs":1}],"WarpedTongs":[37]},"card_choices":[{"not_picked":["Shrug It Off","Thunderclap"],"picked":"Anger","floor":1.0},{"not_picked":["Sever Soul","Armaments"],"picked":"Pommel Strike","floor":5.0},{"not_picked":["Thunderclap","Burning Pact"],"picked":"Whirlwind","floor":6.0},{"not_picked":["Exhume","Thunderclap"],"picked":"Twin Strike","floor":10.0},{"not_picked":["Twin Strike","Clash"],"picked":"Headbutt","floor":11.0},{"not_picked":["Cleave","Entrench"],"picked":"Battle Trance","floor":12.0},{"not_picked":["Clothesline","Power Through"],"picked":"Exhume","floor":13.0},{"not_picked":["Perfected Strike","Havoc","Bloodletting"],"picked":"SKIP","floor":14.0},{"not_picked":["Fiend Fire","Double Tap"],"picked":"Barricade","floor":16.0},{"not_picked":["Clothesline","Flex","Bloodletting"],"picked":"SKIP","floor":18.0},{"not_picked":["Headbutt","Clash"],"picked":"Intimidate","floor":21.0}],"player_experience":1084262,"relics_obtained":[{"floor":6.0,"key":"MawBank"},{"floor":9.0,"key":"Shuriken"},{"floor":10.0,"key":"WingedGreaves"},{"floor":13.0,"key":"Nunchaku"},{"floor":14.0,"key":"CeramicFish"},{"floor":22.0,"key":"Bottled Tornado"}],"event_choices":[{"cards_removed":["Strike_R"],"damage_healed":0.0,"max_hp_gain":0.0,"max_hp_loss":0.0,"gold_gain":0.0,"event_name":"Golden Wing","player_choice":"Card Removal","floor":2.0,"gold_loss":0.0,"damage_taken":7.0},{"damage_healed":0.0,"max_hp_gain":0.0,"max_hp_loss":0.0,"gold_gain":0.0,"event_name":"Accursed Blacksmith","player_choice":"Rummage","floor":3.0,"gold_loss":0.0,"damage_taken":0.0,"relics_obtained":["WarpedTongs"],"cards_obtained":["Pain"]},{"damage_healed":0.0,"max_hp_gain":0.0,"max_hp_loss":0.0,"gold_gain":75.0,"event_name":"World of Goop","player_choice":"Gather Gold","floor":7.0,"gold_loss":0.0,"damage_taken":11.0},{"cards_removed":["Strike_R"],"damage_healed":0.0,"max_hp_gain":0.0,"max_hp_loss":0.0,"gold_gain":0.0,"event_name":"Beggar","player_choice":"Gave Gold","floor":19.0,"gold_loss":75.0,"damage_taken":0.0}],"is_beta":false,"boss_relics":[{"not_picked":["Ectoplasm","Sozu"],"picked":"Black Blood"}],"items_purged_floors":[4,20],"is_endless":false,"potions_floor_spawned":[5,6,11,12,13,16],"killed_by":"Slavers","ascension_level":13}}