{"host":"coame8l8goqx0svj","time":1609498970,"event":{"mods":["BaseMod","Downfall","Minty Spire (QoL Compilation)","StSLib"],"gold_per_floor":[349,360,371,371,371,371,371,371,42,57,157,188,188,288,298,402,402,402,414,434,30,30,30,80,95,95,95,95],"floor_reached":26,"playtime":1465,"items_purged":[],"score":306,"play_id":"2000a55e-4f46-49cf-9cc6-58b04f73fc24","local_time":"20210101120250","is_ascension_mode":true,"campfire_choices":[{"data":"Slimebound:Split","floor":1,"key":"SMITH"},{"data":"Slimebound:CorrosiveSpit","floor":6,"key":"SMITH"},{"data":"Slimebound:SlimeSpikes","floor":8,"key":"SMITH"},{"floor":13,"key":"REST"},{"floor":18,"key":"RECALL"},{"data":"Slimebound:OneTwoCombo","floor":23,"key":"SMITH"}],"circlet_count":0,"master_deck":["AscendersBane","Slimebound:Strike_Slimebound","Slimebound:Strike_Slimebound","Slimebound:Defend_Slimebound","Slimebound:Defend_Slimebound","Slimebound:Defend_Slimebound","Slimebound:Split+1","Slimebound:CorrosiveSpit+1","Slimebound:Repurpose","Slimebound:SlimeSpikes+1","Slimebound:Repurpose","Slimebound:Gluttony+1","Slimebound:LivingWall+1","Slimebound:LevelUp+1","Slimebound:Grow+1","Slimebound:SpikyOuterGoop+1","Slimebound:Recycling+1","Slimebound:SplitAcid+1","Slimebound:SlimeSpikes+1","Slimebound:LeadByExample+1","Slimebound:OneTwoCombo+1","Slimebound:Replication+1"],"relics":["Slimebound:AbsorbEndCombat","Lantern","Gremlin Horn","Frozen Egg 2","Mummified Hand","Sozu","Question Card","MealTicket"],"acts_visited":["Exordium","TheCity"],"potions_floor_usage":[16,16,26],"damage_taken":[{"damage":10,"enemies":"2 Louse","floor":2,"turns":3},{"damage":14,"enemies":"Jaw Worm","floor":3,"turns":4},{"damage":8,"enemies":"downfall:FleeingMerchant","floor":9,"turns":4},{"damage":8,"enemies":"Small Slimes","floor":10,"turns":3},{"damage":43,"enemies":"downfall:Heads","floor":11,"turns":6},{"damage":26,"enemies":"Lagavulin","floor":12,"turns":8},{"damage":18,"enemies":"3 Louse","floor":15,"turns":4},{"damage":14,"enemies":"downfall:Watcher","floor":16,"turns":10},{"damage":26,"enemies":"Spheric Guardian","floor":19,"turns":8},{"damage":20,"enemies":"Chosen","floor":20,"turns":4},{"damage":20,"enemies":"downfall:FleeingMerchant","floor":21,"turns":4},{"damage":21,"enemies":"Snecko","floor":25,"turns":6},{"damage":57,"enemies":"Gremlin Leader","floor":26,"turns":4}],"seed_played":"-1270259484511288292","potions_obtained":[{"floor":10,"key":"Regen Potion"},{"floor":15,"key":"SkillPotion"},{"floor":16,"key":"PowerPotion"}],"is_trial":false,"path_per_floor":["R","M","M","?","?","R","T","R","$","M","?","E","R","?","M","B",null,"R","M","M","$","?","R","T","M","E"],"character_chosen":"SLIMEBOUND","items_purchased":["Frozen Egg 2","Slimebound:Gluttony+1","Slimebound:OneTwoCombo","Question Card"],"campfire_rested":1,"item_purchase_floors":[9,9,21,21],"current_hp_per_floor":[39,41,43,60,53,53,53,53,59,60,35,27,45,45,39,60,60,60,58,60,56,56,56,56,53,0,0,0],"gold":95,"neow_bonus":"TWO_FIFTY_GOLD","is_daily":false,"chose_seed":false,"campfire_upgraded":4,"win_rate":0.0,"timestamp":1609498970,"path_taken":["R","M","M","?","?","R","T","R","$","M","?","E","R","?","M","BOSS","R","M","M","$","?","R","T","M","E"],"items_purchased_type":["Relic","Card","Card","Relic"],"build_version":"2020-12-22","purchased_purges":0,"victory":false,"max_hp_per_floor":[60,60,60,60,60,60,60,60,60,60,60,60,60,60,60,60,60,60,60,60,60,60,60,60,60,60,60,60],"card_choices":[{"not_picked":["Slimebound:SplitBruiser","Slimebound:ViciousTackle"],"picked":"Slimebound:Repurpose","floor":2},{"not_picked":["Slimebound:ServeAndProtect","Slimebound:RejuvenatingLick"],"picked":"Slimebound:SlimeSpikes","floor":3},{"not_picked":["Slimebound:SamplingLick","Slimebound:DivideAndConquer"],"picked":"Slimebound:Repurpose","floor":9},{"not_picked":["Slimebound:DisruptingSlam","Slimebound:FormOfPuddle","Slimebound:FlameTackle"],"picked":"SKIP","floor":10},{"not_picked":["Slimebound:SplitMire","Slimebound:SamplingLick"],"picked":"Slimebound:LevelUp+1","floor":11},{"not_picked":["Slimebound:LeechEnergy","Slimebound:ViciousTackle"],"picked":"Slimebound:Grow+1","floor":12},{"not_picked":["Slimebound:SplitAcid","Slimebound:Replication"],"picked":"Slimebound:SpikyOuterGoop+1","floor":15},{"not_picked":["Slimebound:CheckThePlaybook","Slimebound:LeechLife"],"picked":"Slimebound:Recycling+1","floor":16},{"not_picked":["Slimebound:LivingWall","Slimebound:ProtectTheBoss+1"],"picked":"Slimebound:SplitAcid+1","floor":19},{"not_picked":["Slimebound:DisruptingSlam+1","Slimebound:Dissolve+1"],"picked":"Slimebound:SlimeSpikes+1","floor":20},{"not_picked":["Slimebound:PressTheAttack","Slimebound:SplitSpecialist"],"picked":"Slimebound:LeadByExample+1","floor":21},{"not_picked":["Slimebound:SplitBruiser","Slimebound:Equalize+1","Slimebound:ServeAndProtect"],"picked":"Slimebound:Replication+1","floor":25}],"player_experience":1728480,"relics_obtained":[{"floor":7,"key":"Gremlin Horn"},{"floor":12,"key":"Mummified Hand"},{"floor":24,"key":"MealTicket"}],"event_choices":[{"damage_healed":20,"gold_gain":0,"player_choice":"Banana","damage_taken":0,"max_hp_gain":0,"max_hp_loss":0,"event_name":"Big Fish","floor":4,"gold_loss":0},{"damage_healed":0,"gold_gain":0,"player_choice":"Success","damage_taken":7,"relics_obtained":["Lantern"],"max_hp_gain":0,"max_hp_loss":0,"event_name":"Scrap Ooze","floor":5,"gold_loss":0},{"cards_removed":["Slimebound:Defend_Slimebound"],"damage_healed":0,"gold_gain":0,"player_choice":"Elegance","damage_taken":0,"max_hp_gain":0,"max_hp_loss":0,"event_name":"Back to Basics","floor":22,"gold_loss":0}],"is_beta":false,"boss_relics":[{"not_picked":["Cursed Key","Coffee Dripper"],"picked":"Sozu"}],"items_purged_floors":[],"is_endless":false,"potions_floor_spawned":[10,15,16,19,20],"killed_by":"Gremlin Leader","ascension_level":10}}