{"host":"s1gi8xs3so6zkrm7","time":1609544413,"event":{"mods":["BaseMod","Filter the Spire","Minty Spire (QoL Compilation)"],"gold_per_floor":[217,167,342,359,375,375,107,107,133,168,183,33,45,74,74,179,179,199,199,217,67,84,84,115,127,202,217,217,232,247,267,267,369,369,388,93,106,120,137,137,47,62,89,89,89,89,104,138,138,138,138],"floor_reached":50,"playtime":2421,"items_purged":["Doubt","Strike_P","Omniscience"],"score":636,"play_id":"f29a1808-baf2-408e-a89f-7084073d6626","local_time":"20210101174013","is_ascension_mode":true,"campfire_choices":[{"data":"Tantrum","floor":6.0,"key":"SMITH"},{"data":"Mayhem","floor":8.0,"key":"SMITH"},{"floor":15.0,"key":"REST"},{"floor":23.0,"key":"REST"},{"floor":32.0,"key":"REST"},{"floor":40.0,"key":"REST"},{"data":"TalkToTheHand","floor":45.0,"key":"SMITH"},{"floor":49.0,"key":"REST"}],"circlet_count":0,"master_deck":["Strike_P","Strike_P","Defend_P","Defend_P","Defend_P","Defend_P","Eruption+1","Vigilance","Tantrum+1","Wallop","Halt","Mayhem+1","Wallop","SignatureMove+1","EmptyFist","DeusExMachina+1","LessonLearned","Ghostly","Ghostly","Ghostly+1","Ghostly","Ghostly","Protect+1","ReachHeaven+1","TalkToTheHand+1","Crescendo+1","BowlingBash+1","ClearTheMind","ThirdEye","Swivel+1"],"relics":["PureWater","Bronze Scales","Happy Flower","White Beast Statue","VioletLotus","Bag of Marbles","Akabeko","Mummified Hand","Runic Pyramid","PreservedInsect","Omamori","CaptainsWheel"],"acts_visited":["Exordium","TheCity","TheBeyond"],"potions_floor_usage":[],"damage_taken":[{"damage":0.0,"enemies":"2 Louse","floor":1.0,"turns":3.0},{"damage":0.0,"enemies":"Small Slimes","floor":4.0,"turns":3.0},{"damage":2.0,"enemies":"Cultist","floor":5.0,"turns":3.0},{"damage":0.0,"enemies":"Gremlin Nob","floor":10.0,"turns":2.0},{"damage":9.0,"enemies":"Large Slime","floor":11.0,"turns":2.0},{"damage":16.0,"enemies":"Red Slaver","floor":13.0,"turns":2.0},{"damage":11.0,"enemies":"Lagavulin","floor":14.0,"turns":4.0},{"damage":32.0,"enemies":"Hexaghost","floor":16.0,"turns":6.0},{"damage":0.0,"enemies":"Chosen","floor":18.0,"turns":3.0},{"damage":1.0,"enemies":"Spheric Guardian","floor":20.0,"turns":5.0},{"damage":20.0,"enemies":"Centurion and Healer","floor":22.0,"turns":5.0},{"damage":1.0,"enemies":"Gremlin Leader","floor":24.0,"turns":6.0},{"damage":2.0,"enemies":"Shelled Parasite and Fungi","floor":25.0,"turns":5.0},{"damage":5.0,"enemies":"Snecko","floor":27.0,"turns":5.0},{"damage":0.0,"enemies":"Snake Plant","floor":29.0,"turns":3.0},{"damage":1.0,"enemies":"Chosen and Byrds","floor":30.0,"turns":5.0},{"damage":16.0,"enemies":"Centurion and Healer","floor":31.0,"turns":3.0},{"damage":1.0,"enemies":"Automaton","floor":33.0,"turns":10.0},{"damage":17.0,"enemies":"3 Darklings","floor":35.0,"turns":5.0},{"damage":0.0,"enemies":"Orb Walker","floor":37.0,"turns":2.0},{"damage":0.0,"enemies":"Writhing Mass","floor":38.0,"turns":5.0},{"damage":1.0,"enemies":"Jaw Worm Horde","floor":39.0,"turns":4.0},{"damage":0.0,"enemies":"3 Darklings","floor":42.0,"turns":6.0},{"damage":11.0,"enemies":"Sphere and 2 Shapes","floor":47.0,"turns":3.0},{"damage":1.0,"enemies":"Giant Head","floor":48.0,"turns":7.0},{"damage":28,"enemies":"Time Eater","floor":50,"turns":3}],"seed_played":"-8216493632490073216","potions_obtained":[{"floor":1.0,"key":"SteroidPotion"},{"floor":4.0,"key":"SkillPotion"},{"floor":10.0,"key":"SteroidPotion"},{"floor":16.0,"key":"Dexterity Potion"},{"floor":22.0,"key":"StancePotion"},{"floor":24.0,"key":"FairyPotion"},{"floor":25.0,"key":"BottledMiracle"},{"floor":29.0,"key":"DistilledChaos"},{"floor":31.0,"key":"Swift Potion"},{"floor":33.0,"key":"BlessingOfTheForge"},{"floor":37.0,"key":"DistilledChaos"}],"is_trial":false,"path_per_floor":["M","?","?","M","M","R","$","R","T","E","M","$","M","E","R","B",null,"M","?","M","$","M","R","E","M","T","M","?","M","M","M","R","B",null,"M","$","M","M","M","R","?","M","T","?","R","?","M","E","R","B"],"character_chosen":"WATCHER","items_purchased":["FlurryOfBlows","Mayhem","EmptyFist","Bag of Marbles","PreservedInsect","Consecrate"],"campfire_rested":5,"item_purchase_floors":[7,7,12,21,36,36],"current_hp_per_floor":[72,72,72,72,70,70,70,70,70,70,61,61,45,34,55,23,72,72,36,35,35,15,25,24,22,22,17,17,17,16,10,20,19,36,19,19,19,19,18,28,28,28,28,28,28,28,17,16,25,0,0],"gold":138,"neow_bonus":"HUNDRED_GOLD","is_daily":false,"chose_seed":false,"campfire_upgraded":3,"win_rate":0.0,"timestamp":1609544413,"path_taken":["M","?","?","M","M","R","$","R","T","E","M","$","M","E","R","BOSS","M","?","M","$","M","R","E","M","T","M","?","?","M","M","R","BOSS","M","$","M","M","M","R","?","?","T","?","R","?","?","E","R","BOSS"],"items_purchased_type":["Card","Card","Card","Relic","Relic","Card"],"build_version":"2020-12-22","purchased_purges":3,"victory":false,"max_hp_per_floor":[72,72,72,72,72,72,72,72,72,72,72,72,72,72,72,72,72,72,36,36,36,36,36,36,36,36,36,36,36,36,36,36,36,36,36,36,36,36,36,36,33,33,33,33,33,33,33,33,33,33,33],"card_choices":[{"not_picked":["CarveReality","Collect"],"picked":"Tantrum","floor":1.0},{"not_picked":["Protect","JustLucky"],"picked":"Wallop","floor":4.0},{"not_picked":["LikeWater","CutThroughFate"],"picked":"Halt","floor":5.0},{"not_picked":["Alpha","CutThroughFate"],"picked":"Wallop","floor":10.0},{"not_picked":["ClearTheMind","BowlingBash"],"picked":"SignatureMove","floor":11.0},{"not_picked":["CrushJoints","BattleHymn","Consecrate"],"picked":"SKIP","floor":13.0},{"not_picked":["CrushJoints","Perseverance"],"picked":"DeusExMachina","floor":14.0},{"not_picked":["ConjureBlade","MasterReality"],"picked":"LessonLearned","floor":16.0},{"not_picked":["SashWhip","Adaptation","SandsOfTime"],"picked":"SKIP","floor":18.0},{"not_picked":["EmptyFist","CutThroughFate+1","Fasting2"],"picked":"SKIP","floor":20.0},{"not_picked":["SashWhip","Halt+1"],"picked":"Protect+1","floor":22.0},{"not_picked":["DeceiveReality","Prostrate"],"picked":"ReachHeaven+1","floor":24.0},{"not_picked":["WaveOfTheHand","FlurryOfBlows"],"picked":"TalkToTheHand","floor":25.0},{"not_picked":["SignatureMove","SashWhip","Wireheading"],"picked":"SKIP","floor":27.0},{"not_picked":["ForeignInfluence+1","Halt"],"picked":"Crescendo+1","floor":29.0},{"not_picked":["EmptyBody+1","JustLucky","BowlingBash+1"],"picked":"SKIP","floor":30.0},{"not_picked":["EmptyBody+1","JustLucky","BowlingBash+1"],"picked":"SKIP","floor":30.0},{"not_picked":["Consecrate","Study"],"picked":"Omniscience","floor":31.0},{"not_picked":["CutThroughFate+1","Fasting2","ReachHeaven"],"picked":"SKIP","floor":35.0},{"not_picked":["EmptyFist","LikeWater+1"],"picked":"BowlingBash+1","floor":37.0},{"not_picked":["LikeWater+1","FearNoEvil+1"],"picked":"ClearTheMind","floor":38.0},{"not_picked":["MentalFortress","FollowUp+1","Protect+1"],"picked":"SKIP","floor":39.0},{"not_picked":["BowlingBash","LikeWater","ForeignInfluence"],"picked":"SKIP","floor":42.0},{"not_picked":["PathToVictory+1","CrushJoints+1"],"picked":"Swivel+1","floor":47.0},{"not_picked":["Crescendo+1","FlyingSleeves+1","CrushJoints+1"],"picked":"SKIP","floor":48.0}],"player_experience":241754,"relics_obtained":[{"floor":9.0,"key":"Bronze Scales"},{"floor":10.0,"key":"Happy Flower"},{"floor":14.0,"key":"White Beast Statue"},{"floor":24.0,"key":"Akabeko"},{"floor":26.0,"key":"Mummified Hand"},{"floor":43.0,"key":"Omamori"},{"floor":48.0,"key":"CaptainsWheel"}],"event_choices":[{"cards_removed":["Strike_P"],"damage_healed":0.0,"max_hp_gain":0.0,"max_hp_loss":0.0,"gold_gain":0.0,"event_name":"The Cleric","player_choice":"Card Removal","floor":2.0,"gold_loss":50.0,"damage_taken":0.0},{"damage_healed":0.0,"max_hp_gain":0.0,"max_hp_loss":0.0,"gold_gain":175.0,"event_name":"Liars Game","player_choice":"AGREE","floor":3.0,"gold_loss":0.0,"damage_taken":0.0,"cards_obtained":["Doubt"]},{"damage_healed":0.0,"max_hp_gain":0.0,"max_hp_loss":36.0,"gold_gain":0.0,"event_name":"Ghosts","player_choice":"Became a Ghost","floor":19.0,"gold_loss":0.0,"damage_taken":0.0,"cards_obtained":["Ghostly","Ghostly","Ghostly","Ghostly","Ghostly"]},{"damage_healed":0.0,"max_hp_gain":0.0,"max_hp_loss":0.0,"gold_gain":0.0,"event_name":"Accursed Blacksmith","player_choice":"Forge","floor":28.0,"gold_loss":0.0,"damage_taken":0.0,"cards_upgraded":["Eruption"]},{"cards_removed":["Parasite"],"damage_healed":0.0,"max_hp_gain":0.0,"max_hp_loss":0.0,"gold_gain":0.0,"event_name":"Designer","player_choice":"Upgrade and Remove","floor":41.0,"gold_loss":90.0,"damage_taken":0.0,"cards_upgraded":["SignatureMove"]},{"cards_removed":["FlurryOfBlows"],"damage_healed":0.0,"max_hp_gain":0.0,"max_hp_loss":0.0,"gold_gain":0.0,"event_name":"Falling","player_choice":"Removed Attack","floor":44.0,"gold_loss":0.0,"damage_taken":0.0},{"damage_healed":0.0,"max_hp_gain":0.0,"max_hp_loss":0.0,"gold_gain":0.0,"cards_transformed":["Consecrate"],"event_name":"Transmorgrifier","player_choice":"Transformed","floor":46.0,"gold_loss":0.0,"damage_taken":0.0,"cards_obtained":["ThirdEye"]}],"is_beta":false,"boss_relics":[{"not_picked":["Empty Cage","Philosopher\u0027s Stone"],"picked":"VioletLotus"},{"not_picked":["Calling Bell","Runic Dome"],"picked":"Runic Pyramid"}],"items_purged_floors":[7,12,36],"is_endless":false,"potions_floor_spawned":[1,4,10,16,18,20,22,24,25,27,29,30,31,33,35,37,38,39,42,47,48],"killed_by":"Time Eater","ascension_level":2}}