{"host":"axuns55dzq466eei","time":1609511474,"event":{"mods":["BaseMod","Colored Map","Keyboard Shortcuts","Minty Spire (QoL Compilation)","StSLib","SuperFastMode"],"gold_per_floor":[114,126,143,68,78,78,108,128,128,128,28,48,48,75,75,75,75],"floor_reached":16,"playtime":283,"items_purged":["Strike_G","Strike_G"],"score":224,"play_id":"e6762f2c-6d2b-488a-a837-da2066d157a9","local_time":"20210101233114","is_ascension_mode":true,"campfire_choices":[{"data":"Neutralize","floor":6,"key":"SMITH"},{"floor":10,"key":"REST"},{"floor":13,"key":"REST"},{"data":"Noxious Fumes","floor":15,"key":"SMITH"}],"circlet_count":0,"master_deck":["AscendersBane","Strike_G","Strike_G","Strike_G","Defend_G","Defend_G","Defend_G","Defend_G","Survivor","Neutralize+1","Predator","Dagger Spray","Heel Hook","Noxious Fumes+1","Acrobatics","Backstab"],"relics":["Ring of the Snake","Bronze Scales","Art of War","Snake Skull"],"acts_visited":["Exordium"],"potions_floor_usage":[14],"damage_taken":[{"damage":1,"enemies":"Cultist","floor":1,"turns":4},{"damage":0,"enemies":"Small Slimes","floor":2,"turns":3},{"damage":0,"enemies":"2 Louse","floor":3,"turns":2},{"damage":6,"enemies":"Looter","floor":5,"turns":3},{"damage":49,"enemies":"3 Sentries","floor":7,"turns":9},{"damage":0,"enemies":"2 Fungi Beasts","floor":8,"turns":3},{"damage":12,"enemies":"3 Louse","floor":12,"turns":3},{"damage":12,"enemies":"Lagavulin","floor":14,"turns":4},{"damage":30,"enemies":"Slime Boss","floor":16,"turns":3}],"seed_played":"7573429943665178421","potions_obtained":[{"floor":5,"key":"FearPotion"},{"floor":7,"key":"GamblersBrew"}],"is_trial":false,"path_per_floor":["M","M","M","$","M","R","E","M","T","R","$","M","R","E","R","B"],"character_chosen":"THE_SILENT","items_purchased":[],"campfire_rested":2,"item_purchase_floors":[],"current_hp_per_floor":[58,58,58,58,52,52,3,3,3,22,22,10,29,17,17,0,0],"gold":75,"neow_bonus":"REMOVE_CARD","is_daily":false,"chose_seed":false,"campfire_upgraded":2,"win_rate":0.0,"timestamp":1609511474,"path_taken":["M","M","M","$","M","R","E","M","T","R","$","M","R","E","R","BOSS"],"items_purchased_type":[],"build_version":"2020-12-22","purchased_purges":2,"victory":false,"max_hp_per_floor":[66,66,66,66,66,66,66,66,66,66,66,66,66,66,66,66,66],"card_choices":[{"not_picked":["PiercingWail","Slice"],"picked":"Predator","floor":1},{"not_picked":["Outmaneuver","Distraction"],"picked":"Dagger Spray","floor":2},{"not_picked":["Poisoned Stab","Deadly Poison"],"picked":"Heel Hook","floor":3},{"not_picked":["Concentrate","Slice","Flying Knee"],"picked":"SKIP","floor":5},{"not_picked":["Bullet Time","Sucker Punch"],"picked":"Noxious Fumes","floor":7},{"not_picked":["Masterful Stab","Dagger Spray"],"picked":"Acrobatics","floor":8},{"not_picked":["Underhanded Strike","Dodge and Roll"],"picked":"Backstab","floor":12},{"not_picked":["PiercingWail","Noxious Fumes","Slice"],"picked":"SKIP","floor":14}],"player_experience":1051768,"relics_obtained":[{"floor":7,"key":"Bronze Scales"},{"floor":9,"key":"Art of War"},{"floor":14,"key":"Snake Skull"}],"event_choices":[],"is_beta":false,"boss_relics":[],"items_purged_floors":[4,11],"is_endless":false,"potions_floor_spawned":[5,7,8,12],"killed_by":"Slime Boss","ascension_level":20}}