{"host":"y3h3n3f7seyagppx","time":1609541406,"event":{"mods":["BaseMod","Colored Map","Colored Powertips","DeckTracker","Minty Spire (QoL Compilation)","Random Character Button","Rare Cards Sparkle","Relic Sorter","Relic Stats","StSLib"],"gold_per_floor":[112,112,124,144,164,164,195,195,222,256,266,266,282,2,2,2,2],"floor_reached":16,"playtime":1126,"items_purged":["Strike_R"],"score":224,"play_id":"6ad832ad-6814-4bfb-9374-8ac2d42360e7","local_time":"20210101175006","is_ascension_mode":true,"campfire_choices":[{"data":"Whirlwind","floor":6,"key":"SMITH"},{"data":"Bash","floor":8,"key":"SMITH"},{"data":"Spot Weakness","floor":12,"key":"SMITH"},{"data":"Combust","floor":15,"key":"SMITH"}],"circlet_count":0,"master_deck":["AscendersBane","Strike_R","Strike_R","Strike_R","Strike_R","Defend_R","Defend_R","Defend_R","Defend_R","Bash+1","Spot Weakness+1","Twin Strike","Whirlwind+1","Power Through","Combust+1"],"relics":["Burning Blood","Dream Catcher","Oddly Smooth Stone","MealTicket","Orichalcum","Happy Flower"],"acts_visited":["Exordium"],"potions_floor_usage":[5,7,16,16],"damage_taken":[{"damage":6,"enemies":"Jaw Worm","floor":1,"turns":5},{"damage":7,"enemies":"Cultist","floor":3,"turns":4},{"damage":7,"enemies":"2 Louse","floor":4,"turns":3},{"damage":5,"enemies":"Gremlin Gang","floor":5,"turns":3},{"damage":24,"enemies":"Gremlin Nob","floor":7,"turns":4},{"damage":44,"enemies":"Lagavulin","floor":10,"turns":6},{"damage":0,"enemies":"2 Fungi Beasts","floor":11,"turns":3},{"damage":4,"enemies":"Exordium Thugs","floor":13,"turns":3},{"damage":41,"enemies":"Slime Boss","floor":16,"turns":7}],"seed_played":"-8923838041765865367","potions_obtained":[{"floor":1,"key":"Explosive Potion"},{"floor":4,"key":"Block Potion"},{"floor":11,"key":"Fire Potion"},{"floor":13,"key":"Dexterity Potion"}],"is_trial":false,"path_per_floor":["M","?","M","M","M","R","E","R","T","E","M","R","M","$","R","B"],"character_chosen":"IRONCLAD","items_purchased":["Happy Flower","Combust"],"campfire_rested":0,"item_purchase_floors":[14,14],"current_hp_per_floor":[68,68,67,66,67,67,49,49,49,11,17,17,19,34,34,0,0],"gold":2,"neow_bonus":"RANDOM_COMMON_RELIC","is_daily":false,"chose_seed":false,"campfire_upgraded":4,"win_rate":0.0,"timestamp":1609541406,"path_taken":["M","?","?","M","M","R","E","R","T","E","M","R","M","$","R","BOSS"],"items_purchased_type":["Relic","Card"],"build_version":"2020-12-22","purchased_purges":1,"victory":false,"max_hp_per_floor":[75,75,75,75,75,75,75,75,75,75,75,75,75,75,75,75,75],"relic_stats":{"Dream Catcher":0,"Happy Flower":[2],"counters":[9,38],"MealTicket":15,"Orichalcum":[36],"obtain_stats":[{"Dream Catcher":0,"Happy Flower":14,"Oddly Smooth Stone":7,"MealTicket":9,"Orichalcum":10,"Burning Blood":0},{"Dream Catcher":0,"Happy Flower":8,"Oddly Smooth Stone":5,"MealTicket":5,"Orichalcum":6,"Burning Blood":0},{"Dream Catcher":0,"Happy Flower":31,"Oddly Smooth Stone":19,"MealTicket":19,"Orichalcum":25,"Burning Blood":0}],"Burning Blood":48},"card_choices":[{"not_picked":["Inflame","Armaments"],"picked":"Spot Weakness","floor":1},{"not_picked":["Sword Boomerang","Havoc"],"picked":"Whirlwind","floor":3},{"not_picked":["Rage","Iron Wave","Sword Boomerang"],"picked":"SKIP","floor":4},{"not_picked":["Headbutt","Heavy Blade","Second Wind"],"picked":"SKIP","floor":5},{"not_picked":["Clothesline","Bloodletting","Limit Break"],"picked":"SKIP","floor":7},{"not_picked":["Iron Wave","Second Wind"],"picked":"Power Through","floor":10},{"not_picked":["True Grit","Clothesline","Pommel Strike"],"picked":"SKIP","floor":11},{"not_picked":["Iron Wave","Second Wind","Heavy Blade"],"picked":"SKIP","floor":13}],"player_experience":20296875,"relics_obtained":[{"floor":7,"key":"Oddly Smooth Stone"},{"floor":9,"key":"MealTicket"},{"floor":10,"key":"Orichalcum"}],"event_choices":[{"damage_healed":0,"gold_gain":0,"player_choice":"1 cards matched","damage_taken":0,"max_hp_gain":0,"max_hp_loss":0,"event_name":"Match and Keep!","floor":2,"gold_loss":0,"cards_obtained":["Twin Strike"]}],"is_beta":false,"boss_relics":[],"items_purged_floors":[14],"is_endless":false,"potions_floor_spawned":[1,4,11,13],"killed_by":"Slime Boss","ascension_level":20}}