{"host":"hjkuipvvowcpo8la","time":1609469073,"event":{"mods":["AchievementEnabler","BaseMod","Block Reminder","CapriCore","Colored Map","Colored Powertips","Highlight Path","Minty Spire (QoL Compilation)","Permanent Neow","Quick Restart","Rare Cards Sparkle","StSLib"],"gold_per_floor":[129,216,228,255,283,295,337,365,377,408,420,19,36,55,55,160,160,173,5,23,23,41,75,75,91,137,13,13,13,43,55,55,152,152,164,182,532,532,532,532,560,114,114,124,124,153,153,153,153,153,153,153,18,51,51],"floor_reached":56,"playtime":3138,"items_purged":["Strike_G","Defend_G"],"score":1344,"play_id":"5076e61c-3fac-4b16-9fb4-3f902bb70e80","local_time":"20210101034433","is_ascension_mode":true,"campfire_choices":[{"data":"Endless Agony","floor":6,"key":"SMITH"},{"floor":15,"key":"REST"},{"data":"Noxious Fumes","floor":24,"key":"SMITH"},{"data":"Noxious Fumes","floor":29,"key":"SMITH"},{"floor":32,"key":"REST"},{"data":"Wraith Form v2","floor":40,"key":"SMITH"},{"floor":45,"key":"RECALL"},{"data":"Poisoned Stab","floor":47,"key":"SMITH"},{"data":"Survivor","floor":49,"key":"SMITH"},{"data":"Die Die Die","floor":52,"key":"SMITH"}],"circlet_count":0,"master_deck":["Defend_G","Defend_G","Defend_G","Survivor+1","Neutralize+1","Dagger Throw","Dodge and Roll+1","Endless Agony+1","Die Die Die+1","Deflect+1","Noxious Fumes+1","Prepared+1","Finesse+1","Backflip+1","Backstab","Night Terror+1","Slice+1","Deflect+1","Malaise+1","Dagger Throw","Poisoned Stab+1","Infinite Blades","Noxious Fumes+1","Well Laid Plans+1","PiercingWail+1","Crippling Poison+1","Backflip+1","Phantasmal Killer+1","Wraith Form v2+1","Backflip+1","Adrenaline+1","Dagger Throw+1","Sucker Punch+1","Calculated Gamble+1","Good Instincts+1","Quick Slash+1"],"relics":["Calling Bell","MawBank","Toxic Egg 2","FossilizedHelix","Ice Cream","Pantograph","OrangePellets","Astrolabe","Kunai","Juzu Bracelet","Shuriken","Coffee Dripper","Old Coin","Molten Egg 2","Gambling Chip","Centennial Puzzle","The Courier","Ginger"],"acts_visited":["Exordium","TheCity","TheBeyond","TheEnding"],"potions_floor_usage":[10,16,22,23,37,50,55,55],"damage_taken":[{"damage":0,"enemies":"Small Slimes","floor":1,"turns":5},{"damage":0,"enemies":"2 Louse","floor":4,"turns":3},{"damage":0,"enemies":"Cultist","floor":5,"turns":4},{"damage":38,"enemies":"Gremlin Nob","floor":7,"turns":7},{"damage":0,"enemies":"Lots of Slimes","floor":8,"turns":1},{"damage":5,"enemies":"Large Slime","floor":10,"turns":7},{"damage":0,"enemies":"Exordium Thugs","floor":13,"turns":5},{"damage":3,"enemies":"Lots of Slimes","floor":14,"turns":3},{"damage":9,"enemies":"Slime Boss","floor":16,"turns":11},{"damage":0,"enemies":"Chosen","floor":18,"turns":10},{"damage":8,"enemies":"Shell Parasite","floor":20,"turns":7},{"damage":0,"enemies":"Shelled Parasite and Fungi","floor":22,"turns":8},{"damage":34,"enemies":"Slavers","floor":23,"turns":9},{"damage":0,"enemies":"Chosen and Byrds","floor":25,"turns":8},{"damage":5,"enemies":"Book of Stabbing","floor":30,"turns":7},{"damage":7,"enemies":"Snake Plant","floor":31,"turns":6},{"damage":4,"enemies":"Automaton","floor":33,"turns":10},{"damage":0,"enemies":"Orb Walker","floor":35,"turns":4},{"damage":2,"enemies":"3 Darklings","floor":36,"turns":4},{"damage":0,"enemies":"Mind Bloom Boss Battle","floor":37,"turns":6},{"damage":0,"enemies":"Nemesis","floor":41,"turns":11},{"damage":0,"enemies":"Spire Growth","floor":44,"turns":6},{"damage":0,"enemies":"Giant Head","floor":46,"turns":8},{"damage":9,"enemies":"Time Eater","floor":50,"turns":11},{"damage":8,"enemies":"Shield and Spear","floor":54,"turns":8},{"damage":10,"enemies":"The Heart","floor":55,"turns":14}],"seed_played":"-1470905625200929142","potions_obtained":[{"floor":7,"key":"Swift Potion"},{"floor":8,"key":"LiquidBronze"},{"floor":13,"key":"AttackPotion"},{"floor":14,"key":"Swift Potion"},{"floor":20,"key":"GhostInAJar"},{"floor":21,"key":"Poison Potion"},{"floor":22,"key":"SpeedPotion"},{"floor":23,"key":"Dexterity Potion"},{"floor":33,"key":"LiquidMemories"},{"floor":37,"key":"Fire Potion"},{"floor":46,"key":"Block Potion"}],"is_trial":false,"path_per_floor":["M","?","?","M","M","R","E","M","T","M","?","$","M","M","R","B",null,"M","$","M","?","M","E","R","M","T","$","?","R","E","M","R","B",null,"M","M","?","?","?","R","E","$","T","M","R","E","R","?","R","B",null,"R","$","E","B",null],"character_chosen":"THE_SILENT","items_purchased":["OrangePellets","Noxious Fumes","Prepared+1","Finesse+1","Poisoned Stab","Infinite Blades","Poison Potion","Backflip+1","Gambling Chip","Centennial Puzzle","Dexterity Potion","Calculated Gamble+1","Good Instincts+1"],"campfire_rested":2,"item_purchase_floors":[12,12,12,12,19,19,19,27,42,42,53,53,53],"current_hp_per_floor":[70,59,59,59,59,59,21,21,21,16,16,16,16,13,34,50,70,70,70,62,62,62,28,28,28,28,28,28,28,23,16,37,58,70,70,68,70,70,70,70,70,70,70,70,70,70,70,70,70,61,70,70,70,62,60],"gold":51,"neow_bonus":"BOSS_RELIC","is_daily":false,"chose_seed":false,"campfire_upgraded":7,"win_rate":0.0,"timestamp":1609469073,"path_taken":["M","?","?","?","M","R","E","M","T","?","?","?","M","?","R","BOSS","M","$","M","?","M","E","R","M","T","?","?","R","E","M","R","BOSS","M","M","?","?","?","R","E","$","T","M","R","E","R","?","R","BOSS","R","$","E","BOSS"],"items_purchased_type":["Relic","Card","Card","Card","Card","Card","Potion","Card","Relic","Relic","Potion","Card","Card"],"build_version":"2020-12-22","purchased_purges":2,"victory":true,"max_hp_per_floor":[70,70,70,70,70,70,70,70,70,70,70,70,70,70,70,70,70,70,70,70,70,70,70,70,70,70,70,70,70,70,70,70,70,70,70,70,70,70,70,70,70,70,70,70,70,70,70,70,70,70,70,70,70,70,70],"card_choices":[{"not_picked":["Blade Dance+1","PiercingWail+1"],"picked":"Dagger Throw","floor":1},{"not_picked":["Outmaneuver+1","Bane"],"picked":"Dodge and Roll+1","floor":4},{"not_picked":["Deflect+1","Outmaneuver+1"],"picked":"Endless Agony","floor":5},{"not_picked":["Flechettes","PiercingWail+1"],"picked":"Die Die Die","floor":7},{"not_picked":["Outmaneuver+1","Slice","Flechettes"],"picked":"SKIP","floor":8},{"not_picked":["Flechettes","Expertise+1"],"picked":"Deflect+1","floor":10},{"not_picked":["Flying Knee","Deflect+1"],"picked":"Backflip+1","floor":13},{"not_picked":["Choke","Blade Dance+1"],"picked":"Backstab","floor":14},{"not_picked":["Phantasmal Killer+1","Storm of Steel+1"],"picked":"Night Terror+1","floor":16},{"not_picked":["Flechettes","Backstab"],"picked":"Dagger Throw","floor":18},{"not_picked":["Deflect+1","Riddle With Holes"],"picked":"Noxious Fumes","floor":20},{"not_picked":["Dagger Spray","Flying Knee"],"picked":"Well Laid Plans+1","floor":22},{"not_picked":["Deflect+1","Acrobatics+1"],"picked":"PiercingWail+1","floor":23},{"not_picked":["Prepared+1","Acrobatics+1"],"picked":"Crippling Poison+1","floor":25},{"not_picked":["Caltrops","A Thousand Cuts"],"picked":"Phantasmal Killer+1","floor":30},{"not_picked":["Acrobatics+1","Heel Hook","Cloak And Dagger+1"],"picked":"SKIP","floor":31},{"not_picked":["Die Die Die","Doppelganger+1"],"picked":"Wraith Form v2","floor":33},{"not_picked":["Slice+1","Skewer"],"picked":"Backflip+1","floor":35},{"not_picked":["Choke","Masterful Stab+1","Sucker Punch"],"picked":"SKIP","floor":36},{"not_picked":["All Out Attack","Blade Dance+1"],"picked":"Terror+1","floor":37},{"not_picked":["Deadly Poison+1","Well Laid Plans+1"],"picked":"Adrenaline+1","floor":41},{"not_picked":["Sucker Punch+1","Masterful Stab+1"],"picked":"Dagger Throw+1","floor":44},{"not_picked":["Deflect+1","Flying Knee+1"],"picked":"Sucker Punch+1","floor":46},{"not_picked":["Dagger Spray+1","Dodge and Roll+1"],"picked":"Quick Slash+1","floor":54}],"player_experience":261667,"relics_obtained":[{"floor":0,"key":"MawBank"},{"floor":0,"key":"Toxic Egg 2"},{"floor":0,"key":"FossilizedHelix"},{"floor":7,"key":"Ice Cream"},{"floor":9,"key":"Pantograph"},{"floor":23,"key":"Kunai"},{"floor":26,"key":"Juzu Bracelet"},{"floor":30,"key":"Shuriken"},{"floor":37,"key":"Old Coin"},{"floor":41,"key":"Molten Egg 2"},{"floor":46,"key":"The Courier"},{"floor":54,"key":"Ginger"}],"event_choices":[{"damage_healed":0,"gold_gain":75,"player_choice":"Gather Gold","damage_taken":11,"max_hp_gain":0,"max_hp_loss":0,"event_name":"World of Goop","floor":2,"gold_loss":0},{"cards_removed":["Strike_G"],"damage_healed":0,"gold_gain":0,"player_choice":"Offered Basic","damage_taken":0,"max_hp_gain":0,"max_hp_loss":0,"event_name":"Bonfire Elementals","floor":3,"gold_loss":0},{"damage_healed":0,"gold_gain":0,"player_choice":"Upgraded","damage_taken":0,"max_hp_gain":0,"max_hp_loss":0,"event_name":"Upgrade Shrine","floor":11,"gold_loss":0,"cards_upgraded":["Neutralize"]},{"damage_healed":0,"gold_gain":0,"player_choice":"Got Potions","damage_taken":0,"max_hp_gain":0,"max_hp_loss":0,"event_name":"Lab","floor":21,"gold_loss":0},{"damage_healed":0,"gold_gain":0,"player_choice":"Ignored","damage_taken":0,"max_hp_gain":0,"max_hp_loss":0,"event_name":"NoteForYourself","floor":28,"gold_loss":0},{"damage_healed":0,"gold_gain":0,"player_choice":"Fight","damage_taken":0,"max_hp_gain":0,"max_hp_loss":0,"event_name":"MindBloom","floor":37,"gold_loss":0},{"damage_healed":0,"gold_gain":0,"player_choice":"Ignored","damage_taken":0,"max_hp_gain":0,"max_hp_loss":0,"event_name":"Tomb of Lord Red Mask","floor":38,"gold_loss":0},{"cards_removed":["Terror"],"damage_healed":0,"gold_gain":0,"player_choice":"Removed Skill","damage_taken":0,"max_hp_gain":0,"max_hp_loss":0,"event_name":"Falling","floor":39,"gold_loss":0},{"cards_removed":["Defend_G"],"damage_healed":0,"gold_gain":0,"player_choice":"Purged","damage_taken":0,"max_hp_gain":0,"max_hp_loss":0,"event_name":"Purifier","floor":48,"gold_loss":0}],"is_beta":false,"boss_relics":[{"not_picked":["Snecko Eye","SacredBark"],"picked":"Astrolabe"},{"not_picked":["HoveringKite","Tiny House"],"picked":"Coffee Dripper"}],"items_purged_floors":[12,27],"is_endless":false,"potions_floor_spawned":[7,8,13,14,20,22,23,33,37,46],"ascension_level":1}}