{"host":"2d1gdrpn8mmx8hh1","time":1609485172,"event":{"mods":["AchievementEnabler","BaseMod","Hermit","Minty Spire (QoL Compilation)","Replay The Spire","StSLib"],"gold_per_floor":[109,121,121,121,121,146,71,81,81,81,98,108,125,140,140,235,235,252,269,269,284,301,331,421,438,438,438,451,481,481,512,512,622,622,657,657,682,714,119,167,187,187,187,62,105,105,105,124,124,150],"floor_reached":51,"playtime":5430,"items_purged":["Strike_R","Shame","Spreading Infection"],"score":971,"play_id":"de823373-8e42-4b2d-b7d9-fdc84cdfe3c9","local_time":"20210101011252","is_ascension_mode":false,"campfire_choices":[{"floor":10.0,"key":"REST"},{"floor":15.0,"key":"REST"},{"floor":27.0,"key":"REST"},{"floor":30.0,"key":"REST"},{"floor":32.0,"key":"REST"},{"data":"Body Slam","floor":42,"key":"SMITH"},{"data":"ReplayReversal","floor":47,"key":"SMITH"},{"data":"Iron Wave","floor":49,"key":"SMITH"}],"circlet_count":0,"master_deck":["Strike_R","Strike_R","Strike_R+1","Defend_R","Defend_R+1","Defend_R","Defend_R","Bash","Iron Wave+1","Shrug It Off","ReplayReversal+1","Thunderclap","Barricade","Iron Wave+1","Ghostly","Ghostly","Ghostly","Ghostly","Ghostly","Body Slam+1","Iron Wave+1","Pot Of Greed","Pot Of Greed","Flex+1","Pot Of Greed","Offering","Armaments+1","Dropkick+1","Offering","Inflame","Iron Wave","Body Slam+1","Rupture+1"],"relics":["Black Star","Ring of Misfortune","Ring of Peace","Replay:Bottled Snecko","Replay:Kaleidoscope","Replay:Baseball","Cursed Key","Lantern","Grinning Jar","ReplayTheSpireMod:Ninjato","Simple Rune","Replay:Bandana","Lizard Tail","Gremlin Horn","SlaversCollar","Pantograph","ClockworkSouvenir","Quantum Egg","Pen Nib","Divine Protection","Toxic Egg 2","Eternal Feather"],"acts_visited":["Exordium","TheCity","TheBeyond"],"potions_floor_usage":[37,50,50,50],"damage_taken":[{"damage":2.0,"enemies":"Small Slimes","floor":1.0,"turns":3.0},{"damage":2.0,"enemies":"2 Louse","floor":2.0,"turns":3.0},{"damage":46.0,"enemies":"Lagavulin","floor":6.0,"turns":12.0},{"damage":0.0,"enemies":"Cultist","floor":8.0,"turns":4.0},{"damage":0.0,"enemies":"2 Fungi Beasts","floor":11.0,"turns":4.0},{"damage":7.0,"enemies":"Large Slime","floor":12.0,"turns":8.0},{"damage":0.0,"enemies":"Exordium Thugs","floor":13.0,"turns":7.0},{"damage":0.0,"enemies":"Gremlin Gang","floor":14.0,"turns":6.0},{"damage":16.0,"enemies":"Fading Forest","floor":16.0,"turns":11.0},{"damage":20.0,"enemies":"Spheric Guardian","floor":18.0,"turns":8.0},{"damage":18.0,"enemies":"Chosen","floor":19.0,"turns":8.0},{"damage":25.0,"enemies":"Sentry and Sphere","floor":21.0,"turns":11.0},{"damage":0.0,"enemies":"Snecko","floor":22.0,"turns":6.0},{"damage":2.0,"enemies":"Slavers","floor":23.0,"turns":8.0},{"damage":0.0,"enemies":"Cultist and Chosen","floor":25.0,"turns":7.0},{"damage":0.0,"enemies":"Snake Plant","floor":28.0,"turns":8.0},{"damage":0.0,"enemies":"Book of Stabbing","floor":29.0,"turns":7.0},{"damage":0.0,"enemies":"Replay:Snechameleon","floor":31.0,"turns":9.0},{"damage":0.0,"enemies":"Automaton","floor":33.0,"turns":12.0},{"damage":0,"enemies":"3 Shapes","floor":35,"turns":5},{"damage":0,"enemies":"Orb Walker","floor":37,"turns":5},{"damage":0,"enemies":"3 Darklings","floor":38,"turns":6},{"damage":3,"enemies":"R_Hoarder","floor":40,"turns":8},{"damage":6,"enemies":"Spire Growth","floor":41,"turns":6},{"damage":0,"enemies":"Giant Head","floor":45,"turns":4},{"damage":0,"enemies":"Writhing Mass","floor":48,"turns":4},{"damage":0,"enemies":"Awakened One","floor":50,"turns":7}],"seed_played":"323408239004586382","potions_obtained":[{"floor":1.0,"key":"Swift Potion"},{"floor":13.0,"key":"Fruit Juice"},{"floor":16.0,"key":"Weak Potion"},{"floor":23.0,"key":"PowerPotion"},{"floor":25.0,"key":"SkillPotion"},{"floor":28.0,"key":"ColorlessPotion"},{"floor":29.0,"key":"Swift Potion"},{"floor":33.0,"key":"FearPotion"},{"floor":35,"key":"LiquidMemories"},{"floor":38,"key":"CultistPotion"},{"floor":41,"key":"Strength Potion"}],"is_trial":false,"path_per_floor":["M","M","?","?","?","E","$","M","T","R","M","M","M","M","R","B",null,"M","M","?","M","M","E","?","M","T","R","M","E","R","E","R","B",null,"M","?","M","M","$","E","M","R","T","$","E","?","R","M","R","B",null],"character_chosen":"IRONCLAD","items_purchased":["Offering","ClockworkSouvenir","Venom Potion","AttackPotion","Inflame"],"campfire_rested":5,"item_purchase_floors":[39,39,39,39,39],"current_hp_per_floor":[78,76,76,76,76,30,30,30,30,54,54,47,47,52,77,71,85,65,47,42,17,17,15,3,3,3,15,15,15,27,27,39,39,42,42,42,42,42,42,39,33,33,33,33,33,33,42,42,42,42],"gold":150,"neow_bonus":"BOSS_RELIC","is_daily":false,"chose_seed":false,"campfire_upgraded":3,"win_rate":0.0,"timestamp":1609485172,"path_taken":["M","M","?","?","?","E","$","M","T","R","M","?","M","M","R","BOSS","M","M","?","M","M","E","?","M","T","R","M","E","R","E","R","BOSS","M","?","M","M","$","E","?","R","T","$","E","?","R","M","R","BOSS"],"items_purchased_type":["Card","Relic","Potion","Potion","Card"],"build_version":"2020-12-22","purchased_purges":3,"victory":true,"max_hp_per_floor":[80,80,80,80,80,80,80,80,80,80,80,80,80,85,85,85,85,85,85,42,42,42,42,42,42,42,42,42,42,42,42,42,42,42,42,42,42,42,42,42,42,42,42,42,42,42,42,42,42,42],"card_choices":[{"not_picked":["Burning Pact","Clash","Anger"],"picked":"SKIP","floor":1.0},{"not_picked":["Sever Soul","Anger"],"picked":"Run Through","floor":2.0},{"not_picked":["Clothesline","ReplayTheSpireMod:Stacked"],"picked":"Shrug It Off","floor":6.0},{"not_picked":["Clash","Pummel"],"picked":"ReplayReversal","floor":8.0},{"not_picked":["Intimidate","Warcry","Replay:Undeath\u0027s Touch"],"picked":"SKIP","floor":11.0},{"not_picked":["Dropkick","Headbutt","Combust"],"picked":"SKIP","floor":12.0},{"not_picked":["Shockwave","Pommel Strike"],"picked":"Thunderclap","floor":13.0},{"not_picked":["Seeing Red","Twin Strike","Reaper"],"picked":"SKIP","floor":14.0},{"not_picked":["Reaper","Demon Form"],"picked":"Barricade","floor":16.0},{"not_picked":["Replay:Undeath\u0027s Touch","Headbutt","Rupture"],"picked":"SKIP","floor":18.0},{"not_picked":["Run Through","Power Through+1"],"picked":"Iron Wave+1","floor":19.0},{"not_picked":["ReplayTheSpireMod:Strike From Hell","Dual Wield"],"picked":"Body Slam","floor":21.0},{"not_picked":["Clash","Warcry"],"picked":"Iron Wave+1","floor":22.0},{"not_picked":["Replay:Undeath\u0027s Touch","Burning Pact","Pummel"],"picked":"SKIP","floor":23.0},{"not_picked":["ReplayTheSpireMod:Strike From Hell","Abandon+1","Clothesline"],"picked":"SKIP","floor":25.0},{"not_picked":["Twin Strike","Second Wind","Dark Embrace"],"picked":"SKIP","floor":28.0},{"not_picked":["Carnage+1","Warcry+1"],"picked":"Flex+1","floor":29.0},{"not_picked":["Clothesline+1","Warcry","Blood for Blood"],"picked":"SKIP","floor":31.0},{"not_picked":["Demon Form","Reaper"],"picked":"Offering","floor":33.0},{"not_picked":["True Grit","Infernal Blade"],"picked":"Armaments+1","floor":35},{"not_picked":["Perfected Strike","Pummel","Shockwave"],"picked":"SKIP","floor":37},{"not_picked":["Pummel+1","Reckless Charge"],"picked":"Dropkick+1","floor":38},{"not_picked":["Brutality","Twin Strike+1"],"picked":"Iron Wave","floor":40},{"not_picked":["Iron Wave+1","True Grit+1"],"picked":"Body Slam+1","floor":41},{"not_picked":["ReplayTheSpireMod:Corrosion Curse+1","True Grit+1","Bloodletting+1"],"picked":"SKIP","floor":45},{"not_picked":["Pummel+1","Perfected Strike"],"picked":"Rupture+1","floor":48}],"player_experience":6749,"relics_obtained":[{"floor":3.0,"key":"Ring of Misfortune"},{"floor":3.0,"key":"Ring of Peace"},{"floor":6.0,"key":"Replay:Bottled Snecko"},{"floor":6.0,"key":"Replay:Kaleidoscope"},{"floor":9.0,"key":"Replay:Baseball"},{"floor":23.0,"key":"Lantern"},{"floor":23.0,"key":"Grinning Jar"},{"floor":26.0,"key":"ReplayTheSpireMod:Ninjato"},{"floor":29.0,"key":"Simple Rune"},{"floor":29.0,"key":"Replay:Bandana"},{"floor":31.0,"key":"Lizard Tail"},{"floor":31.0,"key":"Gremlin Horn"},{"floor":40,"key":"Quantum Egg"},{"floor":40,"key":"Pen Nib"},{"floor":43,"key":"Divine Protection"},{"floor":45,"key":"Toxic Egg 2"},{"floor":45,"key":"Eternal Feather"}],"event_choices":[{"cards_removed":["Sickly"],"damage_healed":0.0,"max_hp_gain":0.0,"max_hp_loss":0.0,"gold_gain":0.0,"event_name":"Living Wall","player_choice":"Forget","floor":4.0,"gold_loss":0.0,"damage_taken":0.0},{"cards_removed":["Run Through"],"damage_healed":0.0,"max_hp_gain":0.0,"max_hp_loss":0.0,"gold_gain":0.0,"event_name":"NoteForYourself","player_choice":"Took Card","floor":5.0,"gold_loss":0.0,"damage_taken":0.0,"cards_obtained":["Iron Wave"]},{"damage_healed":0.0,"max_hp_gain":0.0,"max_hp_loss":43.0,"gold_gain":0.0,"event_name":"Ghosts","player_choice":"Became a Ghost","floor":20.0,"gold_loss":0.0,"damage_taken":0.0,"cards_obtained":["Ghostly","Ghostly","Ghostly","Ghostly","Ghostly"]},{"damage_healed":0.0,"max_hp_gain":0.0,"max_hp_loss":0.0,"gold_gain":90.0,"event_name":"Knowing Skull","player_choice":"GOLD ","floor":24.0,"potions_obtained":[],"gold_loss":0.0,"damage_taken":12.0,"cards_obtained":[]},{"damage_healed":0,"gold_gain":0,"player_choice":"Gave Potion","damage_taken":0,"relics_obtained":["Pantograph"],"max_hp_gain":0,"max_hp_loss":0,"event_name":"WeMeetAgain","floor":36,"gold_loss":0},{"cards_removed":["Strike_R"],"damage_healed":0,"gold_gain":0,"player_choice":"Purged","damage_taken":0,"max_hp_gain":0,"max_hp_loss":0,"event_name":"Purifier","floor":46,"gold_loss":0}],"is_beta":false,"boss_relics":[{"not_picked":["Runic Pyramid","Ring of Chaos"],"picked":"Cursed Key"},{"not_picked":["Velvet Choker","Replay:Grab Bag"],"picked":"SlaversCollar"}],"items_purged_floors":[7,39,44],"is_endless":false,"potions_floor_spawned":[1,13,16,23,25,28,29,33,35,38,41,48],"ascension_level":0}}