{"host":"l60rmjjsfi0fipmi","time":1609465742,"event":{"mods":["BaseMod","Colored Map","DeckTracker","Highlight Path","Minty Spire (QoL Compilation)"],"gold_per_floor":[115,115,128,128,128,164,164,115,115,115,130,161,161,185,185,304,304,324,26,26,46,65,65,65,98,98,0,0,0],"floor_reached":28,"playtime":2554,"items_purged":["Strike_P"],"score":269,"play_id":"aa5e5a6b-340d-4da7-99bb-49aeb72f49c4","local_time":"20201231204902","is_ascension_mode":false,"campfire_choices":[{"data":"Vigilance","floor":7,"key":"SMITH"},{"data":"Halt","floor":10,"key":"SMITH"},{"floor":13,"key":"REST"},{"floor":15,"key":"REST"},{"floor":23,"key":"REST"}],"circlet_count":0,"master_deck":["Strike_P","Strike_P","Strike_P","Defend_P","Defend_P","Defend_P","Defend_P","Eruption","Vigilance+1","Scrawl+1","PathToVictory","WindmillStrike","Pain","Indignation","Halt+1","Protect","CarveReality","Tantrum","Establishment","BattleHymn","Shame","FlurryOfBlows+1","Ghostly","Ghostly","Ghostly","Ghostly","Ghostly","FlyingSleeves+1"],"relics":["PureWater","Golden Idol","WarpedTongs","Boot","Oddly Smooth Stone","Shuriken","Cursed Key","Melange","Question Card","Molten Egg 2"],"acts_visited":["Exordium","TheCity"],"potions_floor_usage":[25,28,28],"damage_taken":[{"damage":0,"enemies":"2 Louse","floor":1,"turns":4},{"damage":7,"enemies":"Jaw Worm","floor":3,"turns":4},{"damage":18,"enemies":"3 Sentries","floor":6,"turns":11},{"damage":0,"enemies":"Cultist","floor":11,"turns":2},{"damage":27,"enemies":"Gremlin Nob","floor":12,"turns":3},{"damage":3,"enemies":"Red Slaver","floor":14,"turns":3},{"damage":54,"enemies":"Slime Boss","floor":16,"turns":15},{"damage":12,"enemies":"2 Thieves","floor":18,"turns":5},{"damage":2,"enemies":"Chosen","floor":21,"turns":4},{"damage":17,"enemies":"3 Cultists","floor":22,"turns":4},{"damage":7,"enemies":"Book of Stabbing","floor":25,"turns":4},{"damage":28,"enemies":"Gremlin Leader","floor":28,"turns":2}],"seed_played":"-2359492436632708123","potions_obtained":[{"floor":16,"key":"Swift Potion"},{"floor":21,"key":"ColorlessPotion"},{"floor":22,"key":"AttackPotion"}],"is_trial":false,"path_per_floor":["M","?","M","?","?","E","R","$","T","R","M","E","R","M","R","B",null,"M","$","?","M","M","R","?","E","T","?","E"],"character_chosen":"WATCHER","items_purchased":["Halt","Melange","BattleHymn"],"campfire_rested":3,"item_purchase_floors":[8,19,19],"current_hp_per_floor":[72,72,65,65,65,47,47,47,47,47,47,20,40,37,57,3,67,55,55,55,53,36,56,33,26,26,26,0,0],"gold":0,"neow_bonus":"ONE_RANDOM_RARE_CARD","is_daily":false,"chose_seed":false,"campfire_upgraded":2,"win_rate":0.0,"timestamp":1609465742,"path_taken":["M","?","M","?","?","E","R","$","T","R","?","E","R","M","R","BOSS","M","$","?","M","M","R","?","E","T","?","E"],"items_purchased_type":["Card","Relic","Card"],"build_version":"2020-12-22","purchased_purges":1,"victory":false,"max_hp_per_floor":[72,72,72,67,67,67,67,67,67,67,67,67,67,67,67,67,67,67,67,67,67,67,67,33,33,33,33,33,33],"card_choices":[{"not_picked":["FlurryOfBlows","FlyingSleeves"],"picked":"PathToVictory","floor":1},{"not_picked":["MentalFortress","Crescendo"],"picked":"WindmillStrike","floor":3},{"not_picked":["Weave","Omniscience"],"picked":"Indignation","floor":6},{"not_picked":["Prostrate","FlurryOfBlows"],"picked":"Protect","floor":11},{"not_picked":["Judgement","FollowUp"],"picked":"CarveReality","floor":12},{"not_picked":["Sanctity","CutThroughFate"],"picked":"Tantrum","floor":14},{"not_picked":["DeusExMachina","Scrawl"],"picked":"Establishment","floor":16},{"not_picked":["SignatureMove","Tantrum+1","Swivel+1"],"picked":"SKIP","floor":18},{"not_picked":["Halt+1","BowlingBash","Crescendo","Wallop"],"picked":"SKIP","floor":21},{"not_picked":["DeceiveReality","JustLucky","Crescendo"],"picked":"FlurryOfBlows+1","floor":22},{"not_picked":["Protect+1","WindmillStrike+1","WaveOfTheHand"],"picked":"FlyingSleeves+1","floor":25}],"player_experience":156149,"relics_obtained":[{"floor":6,"key":"Boot"},{"floor":9,"key":"Oddly Smooth Stone"},{"floor":12,"key":"Shuriken"},{"floor":25,"key":"Molten Egg 2"}],"event_choices":[{"damage_healed":0,"gold_gain":0,"player_choice":"Grow","damage_taken":0,"max_hp_gain":0,"max_hp_loss":0,"event_name":"Living Wall","floor":2,"gold_loss":0,"cards_upgraded":["Scrawl"]},{"damage_healed":0,"gold_gain":0,"player_choice":"Lose Max HP","damage_taken":0,"relics_obtained":["Golden Idol"],"max_hp_gain":0,"max_hp_loss":5,"event_name":"Golden Idol","floor":4,"gold_loss":0},{"damage_healed":0,"gold_gain":0,"player_choice":"Rummage","damage_taken":0,"relics_obtained":["WarpedTongs"],"max_hp_gain":0,"max_hp_loss":0,"event_name":"Accursed Blacksmith","floor":5,"gold_loss":0,"cards_obtained":["Pain"]},{"damage_healed":0,"gold_gain":0,"player_choice":"Stole Relic","damage_taken":0,"relics_obtained":["Question Card"],"max_hp_gain":0,"max_hp_loss":0,"event_name":"Addict","floor":20,"gold_loss":0,"cards_obtained":["Shame"]},{"damage_healed":0,"gold_gain":0,"player_choice":"Became a Ghost","damage_taken":0,"max_hp_gain":0,"max_hp_loss":34,"event_name":"Ghosts","floor":24,"gold_loss":0,"cards_obtained":["Ghostly","Ghostly","Ghostly","Ghostly","Ghostly"]},{"damage_healed":0,"gold_gain":0,"player_choice":"Paid Fearfully","damage_taken":0,"max_hp_gain":0,"max_hp_loss":0,"event_name":"Masked Bandits","floor":27,"gold_loss":98}],"is_beta":false,"boss_relics":[{"not_picked":["Busted Crown","Snecko Eye"],"picked":"Cursed Key"}],"items_purged_floors":[19],"is_endless":false,"potions_floor_spawned":[16,21,22],"killed_by":"Gremlin Leader","ascension_level":0}}