{"host":"6h0diz2ap0m56grs","time":1609532774,"event":{"mods":["2.2 Compatiblity","BaseMod","Colored Map","Marisa????????","Minty Spire (QoL Compilation)","Quick Restart","Replay The Spire","Shop Mod","StSLib","The Servant 0.9.4"],"gold_per_floor":[115,127,127,143,154,182,182,182,182,209,238,264,264,295,295,398,698,712,533,448,448,522,556,587,620,620,645,645,645,674,674,674,774,774,787,787,958,985,985,1016,1042,1067,1067,1101,679,55,55,81,81,81],"floor_reached":51,"playtime":2734,"items_purged":[],"score":1665,"play_id":"3a1d2f60-72c4-4f52-94d3-e813831d6f96","local_time":"20210101142614","daily_mods":["SealedDeck","Heirloom","Time Dilation","Flight"],"is_ascension_mode":true,"campfire_choices":[{"data":"Replay:Poison Smokescreen","floor":7,"key":"SMITH"},{"data":"Crippling Poison","floor":8,"key":"SMITH"},{"data":"Catalyst","floor":13,"key":"SMITH"},{"data":"Replay:Poison Smokescreen","floor":15,"key":"SMITH"},{"data":"Noxious Fumes","floor":29,"key":"SMITH"},{"data":"Footwork","floor":32,"key":"SMITH"},{"data":"Draining Mist","floor":47,"key":"SMITH"},{"data":"Sadistic Nature","floor":49,"key":"SMITH"}],"circlet_count":0,"master_deck":["Backflip","Replay:Poison Smokescreen+1","Crippling Poison+1","Eviscerate","Sneak Up","Crippling Poison+1","Replay:Poison Smokescreen+1","Sneak Up","Catalyst+1","Replay:Poison Smokescreen+1","Eviscerate+1","Malaise+1","CurseOfTheBell","Footwork+1","Footwork+1","Noxious Fumes+1","Sadistic Nature+1","Draining Mist+1","Replay:Bag of Tricks+1","Footwork+1","Noxious Fumes+1","Footwork+1","Footwork+1","Dash+1"],"relics":["Snecko Eye","Ring of Chaos","replay:Trail_Library","Ginger","Kunai","Ninja Scroll","The Specimen","PreservedInsect","White Beast Statue","Boot","MerchantsRug","Oddly Smooth Stone","Divine Protection","Replay:Baseball","Replay:Towering Pillar of Hats","Ornamental Fan","ReplayTheSpireMod:Lightbulb","The Courier","FossilizedHelix","Sozu","Philosopher\u0027s Stone","Replay:Drink Me","Golden Egg","Replay:Accelerometer","Garlic","Paper Crane","Bronze Scales","Snake Skull","HornCleat","Blue Doll","Membership Card","ReplayFunnel","Lizard Tail","Snack Pack","Peace Pipe","Eternal Feather"],"acts_visited":["Exordium","TheCity","TheBeyond"],"potions_floor_usage":[50],"damage_taken":[{"damage":0,"enemies":"Small Slimes","floor":1,"turns":2},{"damage":0,"enemies":"Cultist","floor":2,"turns":2},{"damage":0,"enemies":"2 Louse","floor":4,"turns":2},{"damage":0,"enemies":"Looter","floor":5,"turns":2},{"damage":0,"enemies":"Gremlin Nob","floor":6,"turns":3},{"damage":0,"enemies":"Lagavulin","floor":10,"turns":4},{"damage":0,"enemies":"Gremlin Nob","floor":11,"turns":2},{"damage":0,"enemies":"Replay:BlueRogue","floor":12,"turns":2},{"damage":0,"enemies":"3 Sentries","floor":14,"turns":2},{"damage":0,"enemies":"Hexaghost","floor":16,"turns":3},{"damage":2,"enemies":"Chosen","floor":18,"turns":3},{"damage":0,"enemies":"Gremlin Leader","floor":23,"turns":3},{"damage":0,"enemies":"Slavers","floor":24,"turns":3},{"damage":0,"enemies":"Book of Stabbing","floor":25,"turns":3},{"damage":0,"enemies":"Replay:Snechameleon","floor":27,"turns":3},{"damage":0,"enemies":"Gremlin Leader","floor":30,"turns":4},{"damage":0,"enemies":"Champ","floor":33,"turns":5},{"damage":0,"enemies":"3 Darklings","floor":35,"turns":2},{"damage":0,"enemies":"R_Hoarder","floor":40,"turns":3},{"damage":0,"enemies":"Giant Head","floor":41,"turns":4},{"damage":0,"enemies":"R_Hoarder","floor":42,"turns":3},{"damage":0,"enemies":"Reptomancer","floor":44,"turns":3},{"damage":0,"enemies":"R_Hoarder","floor":48,"turns":3},{"damage":0,"enemies":"Awakened One","floor":50,"turns":7}],"seed_played":"2760093786832014787","potions_obtained":[{"floor":2,"key":"Poison Potion"},{"floor":10,"key":"Elixir"},{"floor":11,"key":"Languid Potion"},{"floor":14,"key":"Swift Potion"},{"floor":16,"key":"PowerPotion"},{"floor":23,"key":"EntropicBrew"}],"is_trial":true,"path_per_floor":["M","M","?","M","M","E","R","R","T","E","E","E","R","E","R","B",null,"M","$","?","?","T","E","E","E","T","E","T","R","E","?","R","B",null,"M","?","$","T","?","E","E","E","T","E","$","$","R","E","R","B",null],"character_chosen":"THE_SILENT","items_purchased":["MerchantsRug","EntropicBrew","Sadistic Nature","Footwork","Bronze Scales","Snake Skull","HornCleat","Blue Doll","Membership Card","ReplayFunnel","Noxious Fumes","Footwork","Footwork","Dash","Lizard Tail","Snack Pack","Peace Pipe"],"campfire_rested":0,"item_purchase_floors":[19,19,37,45,45,45,45,45,46,46,46,46,46,46,46,46,46],"current_hp_per_floor":[70,70,70,70,70,70,70,70,70,70,70,70,70,70,70,70,70,68,68,68,68,68,68,68,71,74,74,74,77,77,77,77,77,60,60,60,63,63,66,66,66,69,69,69,72,72,72,72,72,72],"gold":81,"neow_bonus":"","is_daily":false,"chose_seed":false,"campfire_upgraded":8,"win_rate":0.0,"timestamp":1609532774,"path_taken":["M","M","?","?","M","E","R","R","T","E","E","E","R","E","R","BOSS","M","$","?","?","?","E","E","E","T","E","?","R","E","?","R","BOSS","M","?","$","?","?","E","E","E","T","E","?","$","R","E","R","BOSS"],"items_purchased_type":["Relic","Potion","Card","Card","Relic","Relic","Relic","Relic","Relic","Relic","Card","Card","Card","Card","Relic","Relic","Relic"],"build_version":"2020-12-22","purchased_purges":0,"victory":true,"max_hp_per_floor":[70,70,70,70,70,70,70,70,70,70,70,70,70,70,70,70,70,70,70,70,70,70,70,70,73,76,76,76,79,79,79,79,79,60,60,60,63,63,66,66,66,69,69,69,72,72,72,72,72,72],"card_choices":[{"not_picked":["Catalyst","Hidden Blade"],"picked":"Replay:Poison Smokescreen","floor":1},{"not_picked":["PiercingWail","Prepared","Deflect"],"picked":"SKIP","floor":2},{"not_picked":["Cloak And Dagger","Eviscerate","Hidden Blade"],"picked":"SKIP","floor":4},{"not_picked":["Quick Slash","All Out Attack"],"picked":"Sneak Up","floor":5},{"not_picked":["Doppelganger","Quick Slash","Blade Dance"],"picked":"SKIP","floor":6},{"not_picked":["Finisher+1","Dash+1","Slice+1"],"picked":"SKIP","floor":10},{"not_picked":["Deadly Poison","Quick Slash+1"],"picked":"Catalyst","floor":11},{"not_picked":["Prepared","Blade Dance"],"picked":"Replay:Poison Smokescreen","floor":12},{"not_picked":["Endless Agony+1","Riddle With Holes+1","Burst"],"picked":"SKIP","floor":14},{"not_picked":["ReplayTheSpireMod:From All Sides+1","Doppelganger"],"picked":"Malaise","floor":16},{"not_picked":["Cloak And Dagger+1","Underhanded Strike+1","Dagger Spray+1"],"picked":"SKIP","floor":18},{"not_picked":["Blade Dance","Deadly Poison","Dodge and Roll"],"picked":"SKIP","floor":23},{"not_picked":["Atom Bomb+1","Concentrate","Dagger Spray+1"],"picked":"SKIP","floor":24},{"not_picked":["Acrobatics+1","Draining Mist"],"picked":"Footwork+1","floor":25},{"not_picked":["Deadly Poison","Accuracy","Riddle With Holes+1"],"picked":"SKIP","floor":27},{"not_picked":["Prepared","Acrobatics","Deflect"],"picked":"SKIP","floor":30},{"not_picked":["Dagger Spray+1","Bane+1","Prepared"],"picked":"SKIP","floor":35},{"not_picked":["Leg Sweep","Dagger Throw+1","ReplayTheSpireMod:From All Sides+1"],"picked":"SKIP","floor":40},{"not_picked":["Sucker Punch+1","Well Laid Plans+1","Die Die Die+1"],"picked":"SKIP","floor":41},{"not_picked":["Dagger Throw+1","Slice+1"],"picked":"Replay:Bag of Tricks","floor":42},{"not_picked":["Reflex","Finisher+1","Deflect+1"],"picked":"SKIP","floor":44},{"not_picked":["Sucker Punch+1","Backflip","Venomology"],"picked":"SKIP","floor":48}],"player_experience":139197,"relics_obtained":[{"floor":6,"key":"Kunai"},{"floor":9,"key":"Ninja Scroll"},{"floor":10,"key":"Molten Egg 2"},{"floor":11,"key":"The Specimen"},{"floor":12,"key":"PreservedInsect"},{"floor":14,"key":"White Beast Statue"},{"floor":17,"key":"Boot"},{"floor":17,"key":"Replay:Ringing Soul"},{"floor":17,"key":"Old Coin"},{"floor":22,"key":"Divine Protection"},{"floor":23,"key":"Replay:Baseball"},{"floor":24,"key":"Replay:Towering Pillar of Hats"},{"floor":25,"key":"War Paint"},{"floor":26,"key":"Ornamental Fan"},{"floor":27,"key":"ReplayTheSpireMod:Lightbulb"},{"floor":28,"key":"The Courier"},{"floor":30,"key":"FossilizedHelix"},{"floor":38,"key":"Potion Belt"},{"floor":40,"key":"Golden Egg"},{"floor":41,"key":"Replay:Accelerometer"},{"floor":42,"key":"Prayer Wheel"},{"floor":43,"key":"Garlic"},{"floor":44,"key":"Paper Crane"},{"floor":48,"key":"Eternal Feather"}],"event_choices":[{"damage_healed":0,"gold_gain":0,"player_choice":"Upgraded","damage_taken":0,"max_hp_gain":0,"max_hp_loss":0,"event_name":"Upgrade Shrine","floor":3,"gold_loss":0,"cards_upgraded":["Replay:Poison Smokescreen"]},{"damage_healed":0,"gold_gain":0,"player_choice":"Obtained Relic","damage_taken":0,"relics_obtained":["Oddly Smooth Stone"],"max_hp_gain":0,"max_hp_loss":0,"event_name":"Addict","floor":20,"gold_loss":85},{"cards_removed":["Poisoned Stab"],"damage_healed":0,"gold_gain":0,"player_choice":"Elegance","damage_taken":0,"max_hp_gain":0,"max_hp_loss":0,"event_name":"Back to Basics","floor":21,"gold_loss":0},{"damage_healed":0,"gold_gain":0,"player_choice":"Ignored","damage_taken":0,"max_hp_gain":0,"max_hp_loss":0,"event_name":"The Mausoleum","floor":31,"gold_loss":0},{"damage_healed":0,"gold_gain":0,"player_choice":"Upgraded","damage_taken":0,"max_hp_gain":0,"max_hp_loss":0,"event_name":"Upgrade Shrine","floor":36,"gold_loss":0,"cards_upgraded":["Crippling Poison"]},{"damage_healed":0,"gold_gain":0,"player_choice":"Memory 1","damage_taken":0,"max_hp_gain":0,"max_hp_loss":0,"event_name":"SensoryStone","floor":39,"gold_loss":0}],"is_beta":false,"boss_relics":[{"not_picked":["Replay:Ancient Bell","Kintsugi"],"picked":"Calling Bell"},{"not_picked":["HoveringKite","Honey Jar"],"picked":"Replay:Grab Bag"},{"not_picked":["ReplayTheSpireMod:DimensionalGlitch","Fusion Hammer"],"picked":"Sozu"},{"not_picked":["Replay:Bronze Core","ChewingGum"],"picked":"Philosopher\u0027s Stone"},{"not_picked":["Snecko Heart","SacredBark"],"picked":"Replay:Drink Me"},{"not_picked":["Empty Cage","Runic Pyramid"],"picked":"WristBlade"}],"items_purged_floors":[],"is_endless":false,"potions_floor_spawned":[2,10,11,14,16,18,23,24,25,27,30,33,35,40,41,42,44,48],"ascension_level":1}}