{"host":"dspt33cocqddda7q","time":1609496516,"event":{"mods":["Act Like it!","BaseMod","Downfall","Gensokyo","Hallownest","Koishi","LagranYue(¿≠∏Ò¿ °§‘¬)","Marisa£®ÏF”Í°°ƒß¿Ì…≥£©","Minty Spire (QoL Compilation)","Pale of the Ancients","Reimu£®≤©¿ˆ¡È√Œ£©","Remilia£®¿Ÿ√◊¿Ú—«£©","Replay The Spire","StSLib","The Administrix","The Construct","The Cursed","The Gatherer","The Servant 0.9.4","Waifu the Spire","Youmu£®ªÍ∆«—˝√Œ£©","Yuri Mod","Yuyuko","vexMod"],"gold_per_floor":[144,189,234,279,324,414,414,459,459,504,679,679,769,200,200,500,500,500,500,500],"floor_reached":18,"playtime":1887,"items_purged":["ReplayTheSpireMod:Splinters"],"score":199,"play_id":"5fe1622c-b8b1-453c-b025-297337e43d41","local_time":"20210101192156","daily_mods":["Cursed Run","downfall:Jewelcrafting","Midas"],"is_ascension_mode":false,"metric_token":1557,"campfire_choices":[],"circlet_count":0,"master_deck":["Gatherer:Centralize","Gatherer:FlowerWhip","Guardian:ExploitGems","Guardian:ExploitGems","Gatherer:Frenzy","Gatherer:RottenStipe","Gatherer:FlowerShield","Gatherer:BambuSword","Gatherer:SmartManeuver","Gatherer:GlowingPlant","Gatherer:Shadow","Gatherer:Light","Gatherer:OddSpoils","Gatherer:RottenStipe","Doubt","Gatherer:FragileHammer","Gatherer:Photoscythe","Gatherer:EnergyBasket","Guardian:Gem_Cyan","Guardian:Gem_Synthetic","Gensokyo:AllTheWorldsEvil","Gatherer:ScrollOfPurity","Gatherer:AcidicSpray","Gatherer:HeartToFruit","Gatherer:ScentOfRosmari","Gatherer:Enchant","Gatherer:RottenStipe","Gatherer:WoolGloves","Gatherer:CollectorsShot","Gatherer:ScrollOfPurity","Gatherer:GatherMaterial","Gatherer:TacticalStrike"],"relics":["Cursed Key","Darkstone Periapt","Du-Vu Doll","Guardian:PickAxe","LagranYue:RandomDrawCardRelic","vexMod:PlasmaPancake","Toy Ornithopter","Centennial Puzzle","ReplayTheSpireMod:Lightbulb","Replay:Wax Seal","Pandora\u0027s Box"],"acts_visited":["Exordium","Hallownest:CityofTears"],"potions_floor_usage":[6,6,13,16],"damage_taken":[{"damage":6,"enemies":"Cultist","floor":1,"turns":3},{"damage":10,"enemies":"Small Slimes","floor":2,"turns":3},{"damage":1,"enemies":"2 Louse","floor":3,"turns":2},{"damage":0,"enemies":"Blue Slaver","floor":4,"turns":3},{"damage":6,"enemies":"Exordium Wildlife","floor":5,"turns":3},{"damage":22,"enemies":"Lagavulin","floor":6,"turns":4},{"damage":0,"enemies":"3 Louse","floor":8,"turns":1},{"damage":2,"enemies":"Exordium Thugs","floor":10,"turns":3},{"damage":4,"enemies":"Gremlin Nob","floor":13,"turns":2},{"damage":43,"enemies":"Fading Forest","floor":16,"turns":11},{"damage":0,"enemies":"Hallownest:2_Mistakes","floor":18,"turns":1}],"seed_played":"-2495295926900846280","potions_obtained":[{"floor":1,"key":"hexamod:EctoCoolerPotion"},{"floor":4,"key":"Fire Potion"},{"floor":5,"key":"Fire Potion"},{"floor":8,"key":"Swift Potion"},{"floor":13,"key":"Dexterity Potion"},{"floor":16,"key":"CultistPotion"}],"is_trial":false,"path_per_floor":["M","M","M","M","M","E","R","M","T","M","?","R","E","$","R","B",null,"M"],"character_chosen":"THE_GATHERER","items_purchased":["Gatherer:Photoscythe","Gatherer:EnergyBasket","ReplayTheSpireMod:Lightbulb","Replay:Wax Seal"],"campfire_rested":0,"item_purchase_floors":[14,14,14,14],"current_hp_per_floor":[66,56,55,55,49,33,33,33,39,37,43,43,44,44,44,20,96,96,96,96],"gold":500,"neow_bonus":"","is_daily":true,"chose_seed":false,"campfire_upgraded":0,"win_rate":0.0,"timestamp":1609496516,"path_taken":["M","M","?","M","M","E","R","M","T","M","?","R","E","$","R","BOSS","M"],"items_purchased_type":["Card","Card","Relic","Relic"],"build_version":"2020-12-22","purchased_purges":1,"victory":false,"max_hp_per_floor":[72,72,72,72,72,78,78,78,84,84,90,90,90,90,90,96,96,96,96,96],"card_choices":[{"not_picked":["Gatherer:BalancedGrowth","Gatherer:Snatch"],"picked":"Gatherer:Frenzy","floor":1},{"not_picked":["Gatherer:ScrollOfWall","Gatherer:CollectorsShot"],"picked":"Gatherer:RottenStipe","floor":2},{"not_picked":["Gatherer:Herbalism","Gatherer:Liquidism"],"picked":"Gatherer:FlowerShield","floor":3},{"not_picked":["Gatherer:EnergyBasket","Gatherer:FeelingFine"],"picked":"Gatherer:BambuSword","floor":4},{"not_picked":["Gatherer:SaveValuables","Gatherer:FlowerFalling"],"picked":"Gatherer:SmartManeuver","floor":5},{"not_picked":["Gatherer:FlowerShield","Gatherer:SealedBomb"],"picked":"Gatherer:GlowingPlant","floor":6},{"not_picked":["Gatherer:FlowerFalling","Gatherer:MiningStrike"],"picked":"Gatherer:OddSpoils","floor":8},{"not_picked":["Gatherer:BigPouch","Gatherer:CollectorsShot"],"picked":"Gatherer:RottenStipe","floor":10},{"not_picked":["Gatherer:FlowerShield","Gatherer:Examine"],"picked":"Gatherer:FragileHammer","floor":13},{"not_picked":["Gatherer:Bulldoze","Gatherer:BomberForm"],"picked":"Gatherer:ScrollOfPurity","floor":16}],"player_experience":263262,"relics_obtained":[{"floor":6,"key":"vexMod:PlasmaPancake"},{"floor":9,"key":"Toy Ornithopter"},{"floor":13,"key":"Centennial Puzzle"}],"event_choices":[{"damage_healed":0,"gold_gain":175,"player_choice":"AGREE","damage_taken":0,"max_hp_gain":0,"max_hp_loss":0,"event_name":"Liars Game","floor":11,"gold_loss":0,"cards_obtained":["Doubt"]}],"is_beta":false,"boss_relics":[{"not_picked":["Snecko Eye","Runic Pyramid"],"picked":"Pandora\u0027s Box"}],"items_purged_floors":[14],"is_endless":false,"potions_floor_spawned":[1,4,5,8,13,16],"killed_by":"Hallownest:2_Mistakes","ascension_level":0}}