{"host":"2ryabvayt7pqghlx","time":1609482919,"event":{"mods":["AchievementEnabler","BaseMod","Colored Map","Hermit","Highlight Path","Minty Spire (QoL Compilation)","Rare Cards Sparkle","Relic Stats","StSLib","SuperFastMode"],"gold_per_floor":[113,188,188,36,36,54,69,69,69,85,106,144,144,168,168,287,287,287],"floor_reached":17,"playtime":1820,"items_purged":[],"score":257,"play_id":"2c8fee9d-ba68-4b07-9f2b-e8f0817aa35a","local_time":"20210101013519","daily_mods":["SealedDeck","Hoarder","Vintage","Heirloom","Uncertain Future"],"is_ascension_mode":false,"campfire_choices":[{"floor":8,"key":"REST"},{"data":"Reinforced Body","floor":13,"key":"PURGE"},{"data":"Steam","floor":15,"key":"PURGE"}],"circlet_count":0,"master_deck":["Reinforced Body","Reinforced Body","Turbo","Turbo","Turbo","Tempest","Tempest","Tempest","Go for the Eyes","Go for the Eyes","Go for the Eyes","Scrape","Scrape","Scrape","Steam Power","Steam Power","Steam Power","Chill","Chill","Chill","Steam","Steam","Steam Power","Steam Power","Steam Power","Aggregate","Aggregate","Aggregate"],"relics":["Cracked Core","Peace Pipe","Gambling Chip","Membership Card","Golden Idol","Anchor","Toy Ornithopter","Torii","Thread and Needle","Pantograph","Question Card","Pear","Busted Crown"],"acts_visited":["Exordium","TheCity"],"potions_floor_usage":[12,16],"damage_taken":[{"damage":0,"enemies":"Cultist","floor":1,"turns":3},{"damage":0,"enemies":"Small Slimes","floor":6,"turns":1},{"damage":0,"enemies":"2 Louse","floor":7,"turns":1},{"damage":0,"enemies":"Looter","floor":10,"turns":1},{"damage":0,"enemies":"Exordium Wildlife","floor":11,"turns":1},{"damage":0,"enemies":"Gremlin Nob","floor":12,"turns":2},{"damage":0,"enemies":"2 Fungi Beasts","floor":14,"turns":1},{"damage":23,"enemies":"The Guardian","floor":16,"turns":6}],"seed_played":"7129850945732793692","potions_obtained":[{"floor":1,"key":"SkillPotion"},{"floor":7,"key":"Fire Potion"},{"floor":11,"key":"FocusPotion"}],"is_trial":true,"path_per_floor":["M","?","?","$","?","M","M","R","T","M","M","E","R","M","R","B",null],"character_chosen":"DEFECT","items_purchased":["Membership Card"],"campfire_rested":1,"item_purchase_floors":[4],"current_hp_per_floor":[75,64,69,69,49,49,49,73,73,73,73,78,78,88,88,72,90,90],"gold":287,"neow_bonus":"","is_daily":false,"chose_seed":false,"campfire_upgraded":0,"win_rate":0.0,"timestamp":1609482919,"path_taken":["M","?","?","$","?","M","M","R","T","M","M","E","R","M","R","BOSS"],"items_purchased_type":["Relic"],"build_version":"2020-12-22","purchased_purges":0,"victory":false,"max_hp_per_floor":[75,75,80,80,80,80,80,80,80,80,80,80,80,90,90,90,90,90],"relic_stats":{"Peace Pipe":2,"Busted Crown":0,"Torii":6,"counters":[8,16],"Golden Idol":51,"Gambling Chip":[10],"Pantograph":2,"Question Card":1,"obtain_stats":[{"Pear":14,"Torii":9,"Golden Idol":5,"Thread and Needle":10,"Question Card":12,"Peace Pipe":0,"Anchor":6,"Busted Crown":17,"Gambling Chip":1,"Pantograph":11,"Membership Card":4,"Cracked Core":0,"Toy Ornithopter":7},{"Pear":7,"Torii":3,"Golden Idol":1,"Thread and Needle":4,"Question Card":6,"Peace Pipe":0,"Anchor":2,"Busted Crown":8,"Gambling Chip":1,"Pantograph":5,"Membership Card":1,"Cracked Core":0,"Toy Ornithopter":3},{"Pear":10,"Torii":5,"Golden Idol":3,"Thread and Needle":6,"Question Card":9,"Peace Pipe":0,"Anchor":4,"Busted Crown":16,"Gambling Chip":3,"Pantograph":7,"Membership Card":3,"Cracked Core":0,"Toy Ornithopter":5}],"Toy Ornithopter":10},"card_choices":[{"not_picked":["Static Discharge","Streamline","Lockon"],"picked":"SKIP","floor":12}],"player_experience":131233,"relics_obtained":[{"floor":1,"key":"Gambling Chip"},{"floor":6,"key":"Anchor"},{"floor":7,"key":"Toy Ornithopter"},{"floor":9,"key":"Torii"},{"floor":10,"key":"Thread and Needle"},{"floor":11,"key":"Pantograph"},{"floor":12,"key":"Question Card"},{"floor":14,"key":"Pear"}],"event_choices":[{"damage_healed":0,"gold_gain":75,"player_choice":"Gather Gold","damage_taken":11,"max_hp_gain":0,"max_hp_loss":0,"event_name":"World of Goop","floor":2,"gold_loss":0},{"damage_healed":0,"gold_gain":0,"player_choice":"Donut","damage_taken":0,"max_hp_gain":5,"max_hp_loss":0,"event_name":"Big Fish","floor":3,"gold_loss":0},{"damage_healed":0,"gold_gain":0,"player_choice":"Take Damage","damage_taken":20,"relics_obtained":["Golden Idol"],"max_hp_gain":0,"max_hp_loss":0,"event_name":"Golden Idol","floor":5,"gold_loss":0}],"is_beta":false,"boss_relics":[{"not_picked":["Astrolabe","Sozu"],"picked":"Busted Crown"}],"items_purged_floors":[],"is_endless":false,"potions_floor_spawned":[1,7,11,12,14],"ascension_level":0}}