{"host":"52m1o8iwwagurbjs","time":1609507764,"event":{"mods":["AchievementEnabler","BaseMod","Bestiary","Colored Powertips","GifTheSpireLib","Minty Spire (QoL Compilation)","Quick Restart","RNG Fix","Relic Stats","StSLib"],"gold_per_floor":[119,130,140,140,156,156,39,39,62,62,80,113,124,124,124],"floor_reached":14,"playtime":318,"items_purged":["Strike_G"],"score":184,"play_id":"89598ca6-a96b-4795-a935-ed6e1ffdf995","local_time":"20210101082924","is_ascension_mode":true,"campfire_choices":[{"data":"Neutralize","floor":6.0,"key":"SMITH"},{"data":"Deadly Poison","floor":8.0,"key":"SMITH"},{"data":"Cloak And Dagger","floor":10.0,"key":"SMITH"}],"circlet_count":0,"master_deck":["AscendersBane","Strike_G","Strike_G","Strike_G","Strike_G","Defend_G","Defend_G","Defend_G","Defend_G","Defend_G","Survivor","Neutralize+1","Underhanded Strike","Quick Slash","Cloak And Dagger+1","Deadly Poison+1","Leg Sweep","Bouncing Flask","Cloak And Dagger","Bane"],"relics":["Ring of the Snake","NeowsBlessing","Juzu Bracelet","Ornamental Fan"],"acts_visited":["Exordium"],"potions_floor_usage":[13,14],"damage_taken":[{"damage":0.0,"enemies":"Small Slimes","floor":1.0,"turns":1.0},{"damage":0.0,"enemies":"Cultist","floor":2.0,"turns":1.0},{"damage":0.0,"enemies":"Jaw Worm","floor":3.0,"turns":1.0},{"damage":17.0,"enemies":"Exordium Thugs","floor":5.0,"turns":5.0},{"damage":8.0,"enemies":"Exordium Wildlife","floor":11.0,"turns":4.0},{"damage":21.0,"enemies":"Gremlin Nob","floor":12.0,"turns":4.0},{"damage":3,"enemies":"Large Slime","floor":13,"turns":6},{"damage":10,"enemies":"3 Sentries","floor":14,"turns":2}],"seed_played":"-807427133634167448","potions_obtained":[{"floor":1.0,"key":"CultistPotion"},{"floor":12.0,"key":"GhostInAJar"}],"is_trial":false,"path_per_floor":["M","M","M","?","M","R","$","R","T","R","M","E","M","E"],"character_chosen":"THE_SILENT","items_purchased":["Leg Sweep"],"campfire_rested":0,"item_purchase_floors":[7],"current_hp_per_floor":[59,59,59,54,37,37,37,37,37,37,29,8,5,0,0],"gold":124,"neow_bonus":"THREE_ENEMY_KILL","is_daily":false,"chose_seed":false,"campfire_upgraded":3,"win_rate":0.0,"timestamp":1609507764,"path_taken":["M","M","M","?","M","R","$","R","T","R","M","E","M","E"],"items_purchased_type":["Card"],"build_version":"2020-12-22","purchased_purges":1,"victory":false,"max_hp_per_floor":[66,66,66,66,66,66,66,66,66,66,66,66,66,66,66],"relic_stats":{"counters":[8,24],"Ornamental Fan":[4],"Juzu Bracelet":0,"obtain_stats":[{"NeowsBlessing":0,"Ornamental Fan":12,"Juzu Bracelet":9,"Ring of the Snake":0},{"NeowsBlessing":0,"Ornamental Fan":6,"Juzu Bracelet":4,"Ring of the Snake":0},{"NeowsBlessing":0,"Ornamental Fan":16,"Juzu Bracelet":8,"Ring of the Snake":0}],"Ring of the Snake":[16]},"card_choices":[{"not_picked":["Outmaneuver","Backflip"],"picked":"Underhanded Strike","floor":1.0},{"not_picked":["Blade Dance","Deflect"],"picked":"Quick Slash","floor":2.0},{"not_picked":["Flying Knee","Dodge and Roll"],"picked":"Cloak And Dagger","floor":3.0},{"not_picked":["Bane","Blade Dance"],"picked":"Deadly Poison","floor":5.0},{"not_picked":["Glass Knife","Catalyst"],"picked":"Bouncing Flask","floor":11.0},{"not_picked":["Caltrops","Escape Plan"],"picked":"Cloak And Dagger","floor":12.0},{"not_picked":["Heel Hook","Predator"],"picked":"Bane","floor":13}],"player_experience":1077058,"relics_obtained":[{"floor":9.0,"key":"Juzu Bracelet"},{"floor":12.0,"key":"Ornamental Fan"}],"event_choices":[{"damage_healed":0.0,"max_hp_gain":0.0,"max_hp_loss":0.0,"gold_gain":0.0,"event_name":"Scrap Ooze","player_choice":"Fled","floor":4.0,"gold_loss":0.0,"damage_taken":5.0}],"is_beta":false,"boss_relics":[],"items_purged_floors":[7],"is_endless":false,"potions_floor_spawned":[1,12],"killed_by":"3 Sentries","ascension_level":20}}