{"host":"q8niu1x2pgv94o1d","time":1609524899,"event":{"mods":["AchievementEnabler","BaseMod","Colored Map","Colored Powertips","Minty Spire (QoL Compilation)","StSLib"],"gold_per_floor":[119,131,131,131,26,26,59,69,95,115,115,115,158,181,181,279,279,295,295,295,295,311,346,358,295,378,404,46,77,77,102,102,198,198,214,52,52,73,73,113,129,129,129,169,184,184,204,537,537,537,537],"floor_reached":50,"playtime":7622,"items_purged":["Strike_G","Strike_G"],"score":1321,"play_id":"5a37170d-20a3-4094-a52c-2265996c8e98","local_time":"20210101191459","is_ascension_mode":true,"campfire_choices":[{"data":"Blade Dance","floor":6,"key":"SMITH"},{"data":"Neutralize","floor":12,"key":"SMITH"},{"data":"Burst","floor":15,"key":"SMITH"},{"floor":24,"key":"REST"},{"floor":30,"key":"REST"},{"floor":32,"key":"REST"},{"floor":42,"key":"REST"},{"floor":49,"key":"RECALL"}],"circlet_count":0,"master_deck":["AscendersBane","Strike_G","Strike_G","Defend_G","Defend_G","Defend_G","Defend_G","Defend_G","Survivor","Neutralize+1","Blade Dance+1","Deadly Poison+1","Cloak And Dagger","Crippling Poison+1","Deadly Poison","Burst+1","After Image","Deadly Poison+1","Terror+1","PiercingWail+1","Catalyst","Deflect+1","After Image","Acrobatics","Dark Shackles","Sucker Punch+1","Calculated Gamble","Acrobatics"],"relics":["Ring of the Snake","NeowsBlessing","Snake Skull","Letter Opener","PreservedInsect","Black Star","Potion Belt","MawBank","War Paint","White Beast Statue","Toolbox","Nunchaku","Singing Bowl","Fusion Hammer","DollysMirror","Tough Bandages","Regal Pillow","Calipers","HornCleat","Lantern"],"acts_visited":["Exordium","TheCity","TheBeyond"],"potions_floor_usage":[16,16,18,29,31,33,33,35,44,50,50,50],"damage_taken":[{"damage":0.0,"enemies":"2 Louse","floor":1.0,"turns":1.0},{"damage":0.0,"enemies":"Small Slimes","floor":2.0,"turns":1.0},{"damage":0,"enemies":"Gremlin Nob","floor":7,"turns":1},{"damage":2,"enemies":"Jaw Worm","floor":8,"turns":3},{"damage":6,"enemies":"3 Louse","floor":10,"turns":3},{"damage":8,"enemies":"3 Sentries","floor":13,"turns":8},{"damage":2,"enemies":"Large Slime","floor":14,"turns":5},{"damage":28,"enemies":"Slime Boss","floor":16,"turns":7},{"damage":4,"enemies":"Chosen","floor":18,"turns":5},{"damage":0,"enemies":"3 Byrds","floor":22,"turns":4},{"damage":30,"enemies":"Gremlin Leader","floor":23,"turns":4},{"damage":36,"enemies":"Shelled Parasite and Fungi","floor":27,"turns":5},{"damage":0,"enemies":"Slavers","floor":29,"turns":2},{"damage":8,"enemies":"Snecko","floor":31,"turns":4},{"damage":22,"enemies":"Automaton","floor":33,"turns":8},{"damage":12,"enemies":"Orb Walker","floor":35,"turns":4},{"damage":0,"enemies":"3 Shapes","floor":38,"turns":4},{"damage":4,"enemies":"Giant Head","floor":40,"turns":7},{"damage":5,"enemies":"Sphere and 2 Shapes","floor":41,"turns":5},{"damage":0,"enemies":"Reptomancer","floor":44,"turns":5},{"damage":0,"enemies":"Transient","floor":45,"turns":6},{"damage":2,"enemies":"Jaw Worm Horde","floor":47,"turns":5},{"damage":79,"enemies":"Time Eater","floor":50,"turns":10}],"seed_played":"8963070915563162783","potions_obtained":[{"floor":2.0,"key":"Poison Potion"},{"floor":14,"key":"DuplicationPotion"},{"floor":16,"key":"Swift Potion"},{"floor":22,"key":"FairyPotion"},{"floor":27,"key":"Weak Potion"},{"floor":29,"key":"SpeedPotion"},{"floor":31,"key":"CunningPotion"},{"floor":33,"key":"Dexterity Potion"},{"floor":35,"key":"GhostInAJar"},{"floor":38,"key":"Strength Potion"},{"floor":40,"key":"Ancient Potion"},{"floor":44,"key":"FearPotion"},{"floor":45,"key":"BlessingOfTheForge"},{"floor":47,"key":"SteroidPotion"}],"is_trial":false,"path_per_floor":["M","M","?","?","$","R","E","M","T","M","?","R","E","M","R","B",null,"M","?","?","?","M","E","R","?","T","M","$","E","R","M","R","B",null,"M","$","?","M","?","E","M","R","T","E","M","?","M","?","R","B"],"character_chosen":"THE_SILENT","items_purchased":["Cloak And Dagger","ColorlessPotion","Toolbox","Swift Potion","DollysMirror"],"campfire_rested":4,"item_purchase_floors":[5,28,28,28,36],"current_hp_per_floor":[59,59,59,48,48,48,48,46,46,40,40,40,32,30,30,2,46,42,42,42,42,42,12,30,30,30,18,18,18,36,30,48,28,55,45,45,45,45,42,38,35,70,70,70,72,72,70,70,70,0,0],"gold":537,"neow_bonus":"THREE_ENEMY_KILL","is_daily":false,"chose_seed":false,"campfire_upgraded":3,"win_rate":0.0,"timestamp":1609524899,"path_taken":["M","M","?","?","$","R","E","M","T","M","?","R","E","M","R","BOSS","M","?","?","?","M","E","R","?","T","M","$","E","R","M","R","BOSS","M","$","?","M","?","E","M","R","T","E","M","?","M","?","R","BOSS"],"items_purchased_type":["Card","Potion","Relic","Potion","Relic"],"build_version":"2020-12-22","purchased_purges":2,"victory":false,"max_hp_per_floor":[66,66,66,66,66,66,66,66,66,66,60,60,60,60,60,60,60,60,60,60,60,60,60,60,60,60,60,60,60,60,62,62,64,64,66,66,66,66,68,68,70,70,70,70,72,72,72,72,72,72,72],"card_choices":[{"not_picked":["Flying Knee","Prepared"],"picked":"Blade Dance","floor":1.0},{"not_picked":["Slice","Underhanded Strike"],"picked":"Deadly Poison","floor":2.0},{"not_picked":["Endless Agony","Dodge and Roll"],"picked":"Crippling Poison","floor":7},{"not_picked":["Acrobatics","Predator","Reflex"],"picked":"SKIP","floor":8},{"not_picked":["Dodge and Roll","Endless Agony","Well Laid Plans"],"picked":"SKIP","floor":10},{"not_picked":["Leg Sweep","Quick Slash"],"picked":"Deadly Poison","floor":13},{"not_picked":["Dagger Spray","Endless Agony"],"picked":"Burst","floor":14},{"not_picked":["A Thousand Cuts","Burst"],"picked":"After Image","floor":16},{"not_picked":["Flying Knee","All Out Attack"],"picked":"Deadly Poison+1","floor":18},{"not_picked":["Choke","Prepared"],"picked":"Terror+1","floor":22},{"not_picked":["Dagger Throw","Wraith Form v2"],"picked":"PiercingWail","floor":23},{"not_picked":["Poisoned Stab","Distraction"],"picked":"Catalyst","floor":27},{"not_picked":["Crippling Poison+1","Acrobatics"],"picked":"Deflect+1","floor":29},{"not_picked":["Heel Hook","Expertise","Quick Slash"],"picked":"Singing Bowl","floor":31},{"not_picked":["Die Die Die","Storm of Steel","Glass Knife"],"picked":"Singing Bowl","floor":33},{"not_picked":["Bane","Underhanded Strike","Slice"],"picked":"Singing Bowl","floor":35},{"not_picked":["Terror","Prepared"],"picked":"Acrobatics","floor":38},{"not_picked":["Deep Breath","HandOfGreed","Good Instincts"],"picked":"Singing Bowl","floor":39},{"not_picked":["Forethought","HandOfGreed"],"picked":"Dark Shackles","floor":39},{"not_picked":["Blade Dance","Bane+1"],"picked":"Sucker Punch+1","floor":40},{"not_picked":["Deflect","Blade Dance","Expertise+1"],"picked":"Singing Bowl","floor":41},{"not_picked":["All Out Attack+1","Dodge and Roll"],"picked":"Calculated Gamble","floor":44},{"not_picked":["Deadly Poison","Slice","Sucker Punch+1"],"picked":"Singing Bowl","floor":45},{"not_picked":["Leg Sweep","Deflect+1"],"picked":"Acrobatics","floor":47}],"player_experience":1724972,"relics_obtained":[{"floor":7,"key":"Letter Opener"},{"floor":13,"key":"PreservedInsect"},{"floor":23,"key":"MawBank"},{"floor":23,"key":"War Paint"},{"floor":26,"key":"White Beast Statue"},{"floor":29,"key":"Nunchaku"},{"floor":29,"key":"Singing Bowl"},{"floor":40,"key":"Tough Bandages"},{"floor":40,"key":"Regal Pillow"},{"floor":43,"key":"Calipers"},{"floor":44,"key":"HornCleat"},{"floor":44,"key":"Lantern"}],"event_choices":[{"damage_healed":0,"gold_gain":0,"player_choice":"Grow","damage_taken":0,"max_hp_gain":0,"max_hp_loss":0,"event_name":"Living Wall","floor":3,"gold_loss":0,"cards_upgraded":["Deadly Poison"]},{"damage_healed":0,"gold_gain":0,"player_choice":"Success","damage_taken":11,"relics_obtained":["Snake Skull"],"max_hp_gain":0,"max_hp_loss":0,"event_name":"Scrap Ooze","floor":4,"gold_loss":0},{"damage_healed":0,"gold_gain":0,"player_choice":"Lose Max HP","damage_taken":0,"relics_obtained":["Golden Idol"],"max_hp_gain":0,"max_hp_loss":6,"event_name":"Golden Idol","floor":11,"gold_loss":0},{"damage_healed":0,"gold_gain":0,"player_choice":"Opened","damage_taken":0,"relics_obtained":["Potion Belt"],"max_hp_gain":0,"max_hp_loss":0,"event_name":"The Mausoleum","floor":19,"gold_loss":0,"cards_obtained":["Writhe"]},{"damage_healed":0,"gold_gain":0,"player_choice":"Ignored","damage_taken":0,"max_hp_gain":0,"max_hp_loss":0,"event_name":"Vampires","floor":20,"gold_loss":0},{"damage_healed":0,"gold_gain":0,"player_choice":"Ignored","damage_taken":0,"max_hp_gain":0,"max_hp_loss":0,"event_name":"Cursed Tome","floor":21,"gold_loss":0},{"cards_removed":["Writhe"],"damage_healed":0,"gold_gain":0,"player_choice":"Gave Gold","damage_taken":0,"max_hp_gain":0,"max_hp_loss":0,"event_name":"Beggar","floor":25,"gold_loss":75},{"cards_removed":["Strike_G"],"damage_healed":0,"gold_gain":0,"player_choice":"Removed Attack","damage_taken":0,"max_hp_gain":0,"max_hp_loss":0,"event_name":"Falling","floor":37,"gold_loss":0},{"damage_healed":0,"gold_gain":0,"player_choice":"Memory 2","damage_taken":5,"max_hp_gain":0,"max_hp_loss":0,"event_name":"SensoryStone","floor":39,"gold_loss":0},{"damage_healed":0,"gold_gain":0,"player_choice":"Ignored","damage_taken":0,"max_hp_gain":0,"max_hp_loss":0,"event_name":"Mysterious Sphere","floor":46,"gold_loss":0},{"damage_healed":0,"gold_gain":333,"player_choice":"Gave Idol","damage_taken":0,"max_hp_gain":0,"max_hp_loss":0,"event_name":"The Moai Head","floor":48,"relics_lost":["Golden Idol"],"gold_loss":0}],"is_beta":false,"boss_relics":[{"not_picked":["Sozu","Ring of the Serpent"],"picked":"Black Star"},{"not_picked":["Tiny House","WristBlade"],"picked":"Fusion Hammer"}],"items_purged_floors":[5,28],"is_endless":false,"potions_floor_spawned":[2,14,16,22,27,29,31,33,35,38,40,41,44,45,47],"killed_by":"Time Eater","ascension_level":20}}