{"host":"nx6ib2o6hmd449ys","time":1609496031,"event":{"mods":["2.2 Compatiblity","Abigail Mod","Act Like it!","Arknights The Spire","Aspiration","BaseMod","Better Silent Start","Better Third Choice","BetterRewards","CCEM","CapriCore","Chen","Conjunction","Conspire","Downfall","Ekko, The boy who shattered time","Eldritch Tears","Elementarium","Energized Spire","Fireblade Mod","Friendly Minions","Gensokyo","GifTheSpireLib","GungeonMod","Halation","Hallownest","HornydragonMod","Hubris","Infinite Spire","Jedi Mod","Koishi","KomeijiMod","LagranYue(???·?)","Marisa????????","Menagerie","Mimic Mod","Minty Spire (QoL Compilation)","MostiFishMod","Quick Restart","Rare Cards Sparkle","RatMod","Reimu??????","Remilia??????","Replay The Spire","RumiaBox-????????","Shop Mod","Small Relic Pack","Spicy Shops","Spikes Relics","StSLib","Stuff the Spire","TestMod","The Administrix","The Bladedancer","The Blue Laboratory","The Caster","The Clintock","The Dragon Tamer","The Exalted","The Factory","The Jungle","The Marked","The Runesmith","TheWitcher","Thrall Mod","Wandering Minibosses","Yakumo Yukari mod","Yuri Mod","Yuyuko","[IsaacMod]????","noobMod","sanctuary","vexMod","??????REMEMod"],"gold_per_floor":[24,116,127,31,43,78,78,111,126,51,68,68,80,95,110,212,212,62,82,82,93,81,98,130,130,140,140,156,190,190,220,238,339,339,339,350,362,362,362,397,397,397,447,481,492,519,519,600,613,613,613,645,218,218,220],"floor_reached":56,"playtime":5521,"items_purged":["SnafuTest:CurseBurningStake","SnafuTest:CurseBurningStake"],"score":1883,"play_id":"b3674033-b053-4ce1-8d9f-06ee5bff6dc4","local_time":"20210101111351","is_ascension_mode":true,"campfire_choices":[{"floor":1,"key":"RECALL"},{"floor":10,"key":"REST"},{"data":"Guardian:VentSteam","floor":27,"key":"SMITH"},{"data":"Guardian:Harden","floor":35,"key":"SMITH"},{"data":"Guardian:TwinSlam","floor":42,"key":"SMITH"},{"data":"Guardian:Reroute","floor":47,"key":"SMITH"},{"data":"Guardian:RefractedBeam+2","floor":54,"key":"SMITH"}],"circlet_count":0,"master_deck":["Guardian:Strike_Guardian","Guardian:Strike_Guardian","Guardian:Defend_Guardian","Guardian:Defend_Guardian+1","Guardian:CurlUp","Guardian:TwinSlam+1","Guardian:CrystalBeam","Guardian:WalkerClaw","Guardian:DonusPower","Replay:Bootleg Shield Generator","Guardian:ShieldCharger+1","Guardian:Emergency","ReplayTheSpireMod:Splinters","Guardian:Incinerate+1","Guardian:Reroute+1","StuffTheSpire:ReptileScales","Predator","jedi:acidrain","Guardian:Harden+1","Guardian:RevengeProtocol","Guardian:RefractedBeam+3","Guardian:VentSteam+1","Guardian:BronzeOrb+1","Guardian:StasisStrike","Guardian:Gem_Cyan","Guardian:Harden+1","Guardian:Gem_Fragmented","Guardian:ShieldSpikes+1","Guardian:PiercingHide+1","Guardian:MultiBeam+1","Metamorphosis","MostiFishMod:KingOfFree","Deep Breath","REME_FirmDetermination"],"relics":["Guardian:ModeShifter","HushsDoor","DaveBox","testmod-TestBox","ice","REME_ComplimentaryCards","SteamSale","BirthdayGift-Tetrahedron","testmod-ThousandKnives","LagranYue:RandomDrawCardRelic","ReplayTheSpireMod:CursedCoin","DemoMod:GnawedKey","SnailShell","jedi:heavyjacket","infinitespire:Golems Mask","CCEMRelics:GrindingGear","ReplayFunnel","Oddly Smooth Stone","Guardian:StasisUpgradeRelic","DemoMod:AgedBell","DemoMod:GlassGuonStoneRelic","ats:Originium","BookOfRevelations","PlanX","downfall:HeartBlessingBlue","CosmicIsotope","GuppysTail","downfall:HeartBlessingRed","downfall:HeartBlessingGreen","SynthV:C4","Lee\u0027s Waffle","HornCleat","PreservedInsect","testmod-BatchProcessingSystem","AnarchistCookbook","Replay:Mystery Machine","ShadowXiaoBlade","Cauldron","EasyGame_NEW","StuffTheSpire:Tea","Unceasing Top","StuffTheSpire:Expresso","StuffTheSpire:Experiment12","MiniBlackHole","PreservedInsect","War Paint","Runesmith:AutoHammer","Mirror","ReplayTheSpireMod:ShopPack"],"acts_visited":["Gensokyo:Gensokyo","TheCity","TheBeyond","TheEnding"],"potions_floor_usage":[],"damage_taken":[{"damage":2,"enemies":"Gensokyo:Gryphon","floor":2,"turns":2},{"damage":3,"enemies":"Gensokyo:3_Fairies","floor":3,"turns":2},{"damage":7,"enemies":"downfall:FleeingMerchant","floor":4,"turns":4},{"damage":2,"enemies":"Gensokyo:Python","floor":5,"turns":2},{"damage":4,"enemies":"Gensokyo:Aya","floor":6,"turns":3},{"damage":4,"enemies":"Gensokyo:5_Fairies","floor":9,"turns":3},{"damage":2,"enemies":"Gensokyo:Gryphon_and_Rabbit","floor":11,"turns":2},{"damage":2,"enemies":"Gensokyo:3_Kodama","floor":13,"turns":2},{"damage":4,"enemies":"Gensokyo:5_Fairies","floor":14,"turns":3},{"damage":2,"enemies":"Gensokyo:2_Rabbits","floor":15,"turns":2},{"damage":4,"enemies":"downfall:Defect","floor":16,"turns":3},{"damage":4,"enemies":"conspire:FuzzyDice","floor":19,"turns":3},{"damage":2,"enemies":"Shell Parasite","floor":21,"turns":2},{"damage":6,"enemies":"downfall:FleeingMerchant","floor":22,"turns":4},{"damage":2,"enemies":"Snake Plant","floor":23,"turns":2},{"damage":4,"enemies":"Chosen and Byrds","floor":24,"turns":3},{"damage":4,"enemies":"Chosen and Byrds","floor":26,"turns":3},{"damage":2,"enemies":"Cultist and Chosen","floor":28,"turns":2},{"damage":0,"enemies":"Book of Stabbing","floor":29,"turns":1},{"damage":2,"enemies":"conspire:SneckoGhost","floor":31,"turns":2},{"damage":1,"enemies":"Shelled Parasite and Fungi","floor":32,"turns":1},{"damage":4,"enemies":"downfall:Silent","floor":33,"turns":3},{"damage":2,"enemies":"3 Darklings","floor":36,"turns":2},{"damage":0,"enemies":"Orb Walker","floor":37,"turns":1},{"damage":2,"enemies":"Nemesis","floor":40,"turns":2},{"damage":2,"enemies":"2 Orb Walkers","floor":43,"turns":2},{"damage":2,"enemies":"R_Hoarder","floor":44,"turns":2},{"damage":0,"enemies":"4 Shapes","floor":45,"turns":2},{"damage":0,"enemies":"Reptomancer","floor":46,"turns":2},{"damage":0,"enemies":"Sphere and 2 Shapes","floor":49,"turns":2},{"damage":0,"enemies":"downfall:Watcher","floor":50,"turns":3},{"damage":0,"enemies":"downfall:CharBossMerchant","floor":52,"turns":2},{"damage":0,"enemies":"downfall:NeowBoss","floor":55,"turns":9}],"seed_played":"-1542377480315074658","potions_obtained":[{"floor":5,"key":"blueLaboratory:SavagePotion"},{"floor":11,"key":"FearPotion"},{"floor":13,"key":"Block Potion"},{"floor":21,"key":"Guardian:DefensiveModePotion"}],"is_trial":false,"path_per_floor":["R","M","M","$","M","E","T","?","M","R","M","?","M","M","M","B",null,"R","M","?","M","$","M","MIM","AVR","M","R","M","E","?","E","M","B",null,"R","M","M","?","AVR","E","T","R","?","E","M","E","R","?","M","B",null,"E","$","R","B",null],"character_chosen":"GUARDIAN","items_purchased":["ReplayTheSpireMod:CursedCoin","DemoMod:GnawedKey","SnailShell","jedi:heavyjacket","CCEMRelics:GrindingGear","ReplayFunnel","Oddly Smooth Stone","Guardian:StasisUpgradeRelic","Replay:Bootleg Shield Generator","GuppysTail","Lee\u0027s Waffle","War Paint","Runesmith:AutoHammer","Mirror","ReplayTheSpireMod:ShopPack","Metamorphosis"],"campfire_rested":1,"item_purchase_floors":[0,0,0,0,0,0,0,0,4,17,22,53,53,53,53,53],"current_hp_per_floor":[44,42,39,32,30,26,26,26,22,59,57,57,55,51,49,45,80,80,76,61,59,87,85,81,81,77,77,75,75,75,73,72,68,87,87,85,85,65,65,63,63,63,61,59,59,59,59,44,44,44,87,87,87,87,87],"gold":220,"neow_bonus":"","is_daily":false,"chose_seed":false,"campfire_upgraded":5,"win_rate":0.0,"timestamp":1609496031,"path_taken":["R","M","M","$","M","E","T","?","?","R","M","?","?","?","M","BOSS","R","M","?","?","$","?","MIM","AVR","M","R","M","E","?","E","M","BOSS","R","M","M","?","AVR","E","T","R","?","E","M","E","R","?","M","BOSS","E","$","R","BOSS"],"items_purchased_type":["Relic","Relic","Relic","Relic","Relic","Relic","Relic","Relic","Card","Relic","Relic","Relic","Relic","Relic","Relic","Card"],"build_version":"2020-12-13","purchased_purges":2,"victory":true,"max_hp_per_floor":[80,80,80,80,80,80,80,80,80,90,90,90,90,90,90,90,80,80,80,80,80,87,87,87,87,87,87,87,87,87,87,87,87,87,87,87,87,87,87,87,87,87,87,87,87,87,87,87,87,87,87,87,87,87,87],"card_choices":[{"not_picked":["Guardian:PrimingBeam","Guardian:ExploitGems"],"picked":"Guardian:WalkerClaw","floor":2},{"not_picked":["Guardian:GuardianWhirl","Guardian:TemporalStrike"],"picked":"Guardian:Gem_Red","floor":3},{"not_picked":["Guardian:SpikerProtocol","Guardian:Gem_Purple"],"picked":"Guardian:DonusPower","floor":4},{"not_picked":["Guardian:TemporalStrike","Guardian:Gem_Cyan"],"picked":"Guardian:ShieldCharger","floor":5},{"not_picked":["Guardian:PrismaticBarrier","Guardian:ExploitGems"],"picked":"Guardian:Emergency","floor":6},{"not_picked":["Guardian:TemporalStrike","Guardian:Suspension"],"picked":"Guardian:Incinerate","floor":8},{"not_picked":["Guardian:Reroute","Guardian:Gem_Green"],"picked":"Guardian:Gem_Lightblue","floor":9},{"not_picked":["Guardian:Clone","Guardian:StasisField"],"picked":"Guardian:Reroute","floor":11},{"not_picked":["Guardian:Recover","Guardian:ShieldCharger"],"picked":"Guardian:Gem_White","floor":13},{"not_picked":["Guardian:GuardianWhirl","Guardian:Gem_Green"],"picked":"Guardian:Harden","floor":14},{"not_picked":["Guardian:Emergency","Guardian:Incinerate"],"picked":"Guardian:Gem_Lightblue","floor":15},{"not_picked":["Guardian:Gem_Synthetic","Guardian:ConstructionForm"],"picked":"Guardian:RevengeProtocol","floor":16},{"not_picked":["Guardian:ShieldCharger","Guardian:PiercingHide"],"picked":"Guardian:RefractedBeam+1","floor":19},{"not_picked":["Guardian:Planning","Guardian:Incinerate","Guardian:Harden"],"picked":"SKIP","floor":21},{"not_picked":["Guardian:ArmoredProtocol","Guardian:ShieldCharger+1","Guardian:TimeBomb"],"picked":"SKIP","floor":22},{"not_picked":["Guardian:Planning","Guardian:VentSteam+1"],"picked":"Guardian:Gem_Blue","floor":23},{"not_picked":["Guardian:GuardianWhirl","Guardian:Gem_Crimson"],"picked":"Guardian:Gem_White","floor":24},{"not_picked":["Guardian:SpikerProtocol","Guardian:TimeCapacitor+1"],"picked":"Guardian:VentSteam","floor":26},{"not_picked":["Guardian:Gem_Lightblue","Guardian:Planning"],"picked":"Guardian:BronzeOrb+1","floor":28},{"not_picked":["Guardian:MultiBeam","Guardian:Harden"],"picked":"Guardian:Gem_Crimson","floor":29},{"not_picked":["Guardian:WalkerClaw","Guardian:Gem_Red"],"picked":"Guardian:Gem_Orange","floor":31},{"not_picked":["Guardian:Gem_Cyan","Guardian:DecasProtection"],"picked":"Guardian:Gem_Lightblue","floor":32},{"not_picked":["Guardian:Gem_Synthetic","Guardian:RevengeProtocol"],"picked":"Guardian:StasisStrike","floor":33},{"not_picked":["Guardian:DecasProtection+1","Guardian:Incinerate+1","Guardian:SpikerProtocol"],"picked":"SKIP","floor":36},{"not_picked":["Guardian:GuardianWhirl","Guardian:Gem_Green"],"picked":"Guardian:Gem_Cyan","floor":37},{"not_picked":["Guardian:Incinerate+1","Guardian:RevengeProtocol","Guardian:TemporalShield"],"picked":"SKIP","floor":40},{"not_picked":["Guardian:Gem_Fragmented","Guardian:SpikerProtocol+1"],"picked":"Guardian:Harden+1","floor":44},{"not_picked":["Guardian:PiercingHide+1","Guardian:VentSteam+1"],"picked":"Guardian:Gem_Fragmented","floor":45},{"not_picked":["Guardian:Gem_Green","Guardian:Incinerate"],"picked":"Guardian:ShieldSpikes+1","floor":46},{"not_picked":["Guardian:DonusPower+1","Guardian:TemporalShield+1"],"picked":"Guardian:PiercingHide+1","floor":49},{"not_picked":["Guardian:VentSteam","Guardian:Gem_Orange"],"picked":"Guardian:MultiBeam+1","floor":52},{"not_picked":["REME_AllRoundStrike","Feint"],"picked":"MostiFishMod:KingOfFree","floor":53},{"not_picked":["testmod-HandmadeProducts","hubris:Insight"],"picked":"Deep Breath","floor":53},{"not_picked":["testmod-HandmadeProducts","Madness"],"picked":"REME_FirmDetermination","floor":53}],"player_experience":472744,"relics_obtained":[{"floor":6,"key":"ats:Originium"},{"floor":6,"key":"BookOfRevelations"},{"floor":8,"key":"PlanX"},{"floor":24,"key":"HornCleat"},{"floor":29,"key":"ats:Originium"},{"floor":29,"key":"AnarchistCookbook"},{"floor":31,"key":"ats:Originium"},{"floor":31,"key":"Replay:Mystery Machine"},{"floor":40,"key":"StuffTheSpire:Tea"},{"floor":41,"key":"Unceasing Top"},{"floor":43,"key":"StuffTheSpire:Expresso"},{"floor":44,"key":"StuffTheSpire:Experiment12"},{"floor":46,"key":"MiniBlackHole"},{"floor":52,"key":"PreservedInsect"}],"event_choices":[{"damage_healed":0,"gold_gain":0,"player_choice":"Upgraded","damage_taken":0,"max_hp_gain":0,"max_hp_loss":0,"event_name":"Upgrade Shrine","floor":30,"gold_loss":0,"cards_upgraded":["Guardian:RefractedBeam"]},{"damage_healed":0,"gold_gain":0,"player_choice":"Fight","damage_taken":0,"max_hp_gain":0,"max_hp_loss":0,"event_name":"Mysterious Sphere","floor":43,"gold_loss":0}],"is_beta":false,"boss_relics":[{"not_picked":["vexMod:BigBerry","aspiration:RandomNobGenerator"],"picked":"CosmicIsotope"},{"not_picked":[]},{"not_picked":["aspiration:RunicSpoon","relicPack:ShieldShield"],"picked":"ShadowXiaoBlade"},{"not_picked":[]}],"items_purged_floors":[22,22],"is_endless":false,"potions_floor_spawned":[5,11,13,14,16,21,23,26,28,31,32,40,44,45,49],"ascension_level":3}}