{"host":"axuns55dzq466eei","time":1609511176,"event":{"mods":["BaseMod","Colored Map","Keyboard Shortcuts","Minty Spire (QoL Compilation)","StSLib","SuperFastMode"],"gold_per_floor":[115,115,132,148,19,51,63,87,126,138,167,179,209,221,233,324,336,305,330,355,417,116,116,116],"floor_reached":23,"playtime":512,"items_purged":["Strike_G","Strike_G"],"score":486,"play_id":"ef15275c-4bcd-493b-b8d2-86948a645ad3","local_time":"20210101232616","is_ascension_mode":true,"campfire_choices":[{"data":"Acrobatics","floor":7.0,"key":"SMITH"},{"data":"Tactician","floor":10.0,"key":"SMITH"},{"data":"Terror","floor":12.0,"key":"SMITH"},{"data":"Dagger Throw","floor":15.0,"key":"SMITH"}],"circlet_count":0,"master_deck":["AscendersBane","Strike_G","Strike_G","Defend_G","Defend_G","Defend_G","Defend_G","Defend_G","Survivor","Neutralize","Dagger Throw+1","Tactician+1","Acrobatics+1","Underhanded Strike","Die Die Die","Terror+1","After Image","Dagger Spray+1","Acrobatics","Purity"],"relics":["Ring of the Snake","MawBank","Snake Skull","Bottled Lightning","SlaversCollar"],"acts_visited":["Exordium","TheCity"],"potions_floor_usage":[23,23,23,23],"damage_taken":[{"damage":3.0,"enemies":"Jaw Worm","floor":1.0,"turns":5.0},{"damage":3.0,"enemies":"Cultist","floor":3.0,"turns":4.0},{"damage":2.0,"enemies":"Small Slimes","floor":4.0,"turns":4.0},{"damage":24.0,"enemies":"Gremlin Nob","floor":6.0,"turns":4.0},{"damage":3.0,"enemies":"Red Slaver","floor":8.0,"turns":4.0},{"damage":4.0,"enemies":"3 Louse","floor":11.0,"turns":2.0},{"damage":0.0,"enemies":"Gremlin Gang","floor":13.0,"turns":2.0},{"damage":0.0,"enemies":"Hexaghost","floor":16.0,"turns":7.0},{"damage":12.0,"enemies":"2 Thieves","floor":18.0,"turns":5.0},{"damage":11.0,"enemies":"Chosen","floor":19.0,"turns":4.0},{"damage":13.0,"enemies":"3 Cultists","floor":20.0,"turns":5.0},{"damage":19,"enemies":"Book of Stabbing","floor":23,"turns":5}],"seed_played":"2450301007670608041","potions_obtained":[{"floor":2.0,"key":"BlessingOfTheForge"},{"floor":2.0,"key":"Explosive Potion"},{"floor":6.0,"key":"ColorlessPotion"},{"floor":13.0,"key":"Explosive Potion"},{"floor":19.0,"key":"Weak Potion"}],"is_trial":false,"path_per_floor":["M","?","M","M","$","E","R","M","T","R","M","R","M","T","R","B",null,"M","M","M","?","$","E"],"character_chosen":"THE_SILENT","items_purchased":["Underhanded Strike","EntropicBrew","Purity"],"campfire_rested":0,"item_purchase_floors":[5,22,22],"current_hp_per_floor":[56,56,53,51,51,27,27,24,24,24,20,20,20,20,20,20,55,43,32,19,19,19,0,0],"gold":116,"neow_bonus":"REMOVE_CARD","is_daily":false,"chose_seed":false,"campfire_upgraded":4,"win_rate":0.0,"timestamp":1609511176,"path_taken":["M","?","?","M","$","E","R","M","T","R","M","R","M","?","R","BOSS","M","M","M","?","$","E"],"items_purchased_type":["Card","Potion","Card"],"build_version":"2020-12-22","purchased_purges":2,"victory":false,"max_hp_per_floor":[66,66,66,66,66,66,66,66,66,66,66,66,66,66,66,66,66,66,66,66,66,66,66,66],"card_choices":[{"not_picked":["Backflip","Bane"],"picked":"Dagger Throw","floor":1.0},{"not_picked":["Blur","Quick Slash"],"picked":"Tactician","floor":3.0},{"not_picked":["Dash","Blade Dance"],"picked":"Acrobatics","floor":4.0},{"not_picked":["Envenom","Outmaneuver"],"picked":"Die Die Die","floor":6.0},{"not_picked":["Deflect","Dodge and Roll"],"picked":"Terror","floor":8.0},{"not_picked":["Outmaneuver","Dagger Throw","Deflect"],"picked":"SKIP","floor":11.0},{"not_picked":["Accuracy","Skewer","Poisoned Stab"],"picked":"SKIP","floor":13.0},{"not_picked":["Adrenaline","Malaise"],"picked":"After Image","floor":16.0},{"not_picked":["Dagger Spray","PiercingWail","Quick Slash"],"picked":"SKIP","floor":18.0},{"not_picked":["Caltrops+1","Outmaneuver"],"picked":"Dagger Spray+1","floor":19.0},{"not_picked":["PiercingWail","Bane"],"picked":"Acrobatics","floor":20.0}],"player_experience":1051256,"relics_obtained":[{"floor":6.0,"key":"MawBank"},{"floor":9.0,"key":"Snake Skull"},{"floor":14.0,"key":"Bottled Lightning"}],"event_choices":[{"damage_healed":0.0,"max_hp_gain":0.0,"max_hp_loss":0.0,"gold_gain":0.0,"event_name":"Lab","player_choice":"Got Potions","floor":2.0,"gold_loss":0.0,"damage_taken":0.0},{"damage_healed":0.0,"max_hp_gain":0.0,"max_hp_loss":0.0,"gold_gain":100.0,"event_name":"The Joust","player_choice":"Bet on Murderer","floor":21.0,"gold_loss":50.0,"damage_taken":0.0}],"is_beta":false,"boss_relics":[{"not_picked":["Velvet Choker","Calling Bell"],"picked":"SlaversCollar"}],"items_purged_floors":[5,22],"is_endless":false,"potions_floor_spawned":[6,8,13,19],"killed_by":"Book of Stabbing","ascension_level":20}}