{"host":"minbhrtlkaoly5f0","time":1609496229,"event":{"mods":["Act Like it!","BaseMod","Colored Map","Minty Spire (QoL Compilation)","Quick Restart","StSLib"],"gold_per_floor":[109,58,77,77,95,95,95,109,133,133,153,170,186,4,4,104,104,122,122,142,142,153,183,198,198,198],"floor_reached":25,"playtime":816,"items_purged":["Zap"],"score":217,"play_id":"1a482af4-a0e9-4a8b-abe6-7dbd9176162f","local_time":"20210101181709","is_ascension_mode":false,"campfire_choices":[{"data":"Chaos","floor":6,"key":"SMITH"},{"data":"Barrage","floor":10,"key":"SMITH"},{"data":"Chill","floor":15,"key":"SMITH"}],"circlet_count":0,"master_deck":["Strike_B+1","Strike_B+1","Strike_B+1","Strike_B+1","Defend_B+1","Defend_B+1","Defend_B+1","Defend_B+1","Dualcast+1","Chaos+1","Cold Snap","Ball Lightning","Sweeping Beam","Barrage+1","Redo","Chill+1","Lockon","Loop","Electrodynamics","Barrage+1","Loop","Creative AI"],"relics":["Sozu","Anchor","Orichalcum","Nuclear Battery","Darkstone Periapt","Molten Egg 2"],"acts_visited":["Exordium","TheCity"],"potions_floor_usage":[],"damage_taken":[{"damage":0,"enemies":"2 Louse","floor":1,"turns":2},{"damage":0,"enemies":"Cultist","floor":3,"turns":3},{"damage":0,"enemies":"Jaw Worm","floor":5,"turns":2},{"damage":0,"enemies":"2 Fungi Beasts","floor":8,"turns":3},{"damage":3,"enemies":"3 Louse","floor":11,"turns":2},{"damage":5,"enemies":"Exordium Thugs","floor":12,"turns":2},{"damage":0,"enemies":"2 Fungi Beasts","floor":13,"turns":3},{"damage":27,"enemies":"Slime Boss","floor":16,"turns":9},{"damage":9,"enemies":"Shell Parasite","floor":18,"turns":4},{"damage":0,"enemies":"Spheric Guardian","floor":20,"turns":3},{"damage":10,"enemies":"Cultist and Chosen","floor":22,"turns":5},{"damage":29,"enemies":"Book of Stabbing","floor":23,"turns":5},{"damage":2,"enemies":"Chosen and Byrds","floor":24,"turns":5},{"damage":28,"enemies":"Snake Plant","floor":25,"turns":4}],"seed_played":"6527763457459679647","potions_obtained":[],"is_trial":false,"path_per_floor":["M","$","M","?","M","R","?","M","T","R","M","M","M","$","R","B",null,"M","?","M","?","M","E","M","M"],"character_chosen":"DEFECT","items_purchased":["Cold Snap","Conserve Battery","Loop"],"campfire_rested":0,"item_purchase_floors":[2,14,14],"current_hp_per_floor":[75,75,75,50,50,50,50,50,50,50,47,42,42,42,42,15,75,66,66,66,66,56,27,25,0,0],"gold":198,"neow_bonus":"BOSS_RELIC","is_daily":false,"chose_seed":false,"campfire_upgraded":3,"win_rate":0.0,"timestamp":1609496229,"path_taken":["M","$","M","?","M","R","?","M","T","R","?","M","M","?","R","BOSS","M","?","?","?","M","E","M","M"],"items_purchased_type":["Card","Card","Card"],"build_version":"2020-12-22","purchased_purges":1,"victory":false,"max_hp_per_floor":[75,75,75,75,75,75,75,75,75,75,75,75,75,75,75,75,75,75,75,75,75,75,75,75,75,75],"card_choices":[{"not_picked":["Streamline","Gash"],"picked":"Chaos","floor":1},{"not_picked":["Lockon","Rebound"],"picked":"Ball Lightning","floor":3},{"not_picked":["Beam Cell","Go for the Eyes"],"picked":"Sweeping Beam","floor":5},{"not_picked":["Stack","Cold Snap"],"picked":"Barrage","floor":8},{"not_picked":["Rip and Tear","Coolheaded"],"picked":"Redo","floor":11},{"not_picked":["White Noise","Barrage"],"picked":"Chill","floor":12},{"not_picked":["Ball Lightning","Rebound"],"picked":"Lockon","floor":13},{"not_picked":["Amplify","Buffer"],"picked":"Electrodynamics","floor":16},{"not_picked":["Steam","Skim"],"picked":"Barrage+1","floor":18},{"not_picked":["Sweeping Beam","Steam Power","Self Repair"],"picked":"SKIP","floor":20},{"not_picked":["Melter","Redo","Double Energy"],"picked":"SKIP","floor":22},{"not_picked":["Rebound+1","Conserve Battery"],"picked":"Loop","floor":23},{"not_picked":["Stack+1","Steam"],"picked":"Creative AI","floor":24}],"player_experience":5846,"relics_obtained":[{"floor":9,"key":"Orichalcum"},{"floor":23,"key":"Molten Egg 2"}],"event_choices":[{"damage_healed":0,"gold_gain":0,"player_choice":"Success","damage_taken":25,"relics_obtained":["Anchor"],"max_hp_gain":0,"max_hp_loss":0,"event_name":"Scrap Ooze","floor":4,"gold_loss":0},{"damage_healed":0,"gold_gain":0,"player_choice":"Upgraded","damage_taken":0,"max_hp_gain":0,"max_hp_loss":0,"event_name":"Upgrade Shrine","floor":7,"gold_loss":0,"cards_upgraded":["Dualcast"]},{"cards_removed":["Conserve Battery"],"damage_healed":0,"gold_gain":0,"player_choice":"Gave Card","damage_taken":0,"relics_obtained":["Darkstone Periapt"],"max_hp_gain":0,"max_hp_loss":0,"event_name":"WeMeetAgain","floor":19,"gold_loss":0},{"damage_healed":0,"gold_gain":0,"player_choice":"Simplicity","damage_taken":0,"max_hp_gain":0,"max_hp_loss":0,"event_name":"Back to Basics","floor":21,"gold_loss":0,"cards_upgraded":["Strike_B","Strike_B","Strike_B","Strike_B","Defend_B","Defend_B","Defend_B","Defend_B"]}],"is_beta":false,"boss_relics":[{"not_picked":["Empty Cage","Philosopher\u0027s Stone"],"picked":"Nuclear Battery"}],"items_purged_floors":[14],"is_endless":false,"potions_floor_spawned":[8,11,12,20,23,24],"killed_by":"Snake Plant","ascension_level":0}}