{"host":"omv42op7s93bjjql","time":1609525913,"event":{"mods":["BaseMod","Colored Map","Colored Powertips","DeckTracker","Keyboard Shortcuts","Minty Spire (QoL Compilation)","StSLib","SuperFastMode"],"gold_per_floor":[110,35,35,110,110,137,137,147,201,213,232,258,258,273,273,351,351,371,385,4,4,4,4,4,4],"floor_reached":24,"playtime":788,"items_purged":["All Out Attack"],"score":458,"play_id":"1502083b-a046-4b34-960c-3adb2724cfbc","local_time":"20210102033153","is_ascension_mode":true,"campfire_choices":[{"data":"Cloak And Dagger","floor":7,"key":"SMITH"},{"floor":13,"key":"REST"},{"data":"Footwork","floor":15,"key":"SMITH"},{"data":"A Thousand Cuts","floor":23,"key":"SMITH"}],"circlet_count":0,"master_deck":["AscendersBane","Survivor","Neutralize","Cloak And Dagger+1","Underhanded Strike","Leg Sweep","Skewer","Dagger Throw","Infinite Blades","Footwork+1","A Thousand Cuts+1","Infinite Blades","Phantasmal Killer","Doppelganger","Adrenaline","Skewer","Dagger Throw","Terror","Footwork","Accuracy"],"relics":["Ring of the Snake","NeowsBlessing","Pantograph","Lantern","Strawberry","Pandora\u0027s Box","TwistedFunnel"],"acts_visited":["Exordium","TheCity"],"potions_floor_usage":[12,16,24,24],"damage_taken":[{"damage":0,"enemies":"Jaw Worm","floor":1,"turns":1},{"damage":0,"enemies":"Lagavulin","floor":6,"turns":1},{"damage":0,"enemies":"Small Slimes","floor":8,"turns":1},{"damage":2,"enemies":"2 Louse","floor":10,"turns":4},{"damage":18,"enemies":"Lots of Slimes","floor":11,"turns":6},{"damage":13,"enemies":"3 Sentries","floor":12,"turns":6},{"damage":8,"enemies":"3 Louse","floor":14,"turns":4},{"damage":26,"enemies":"Hexaghost","floor":16,"turns":12},{"damage":17,"enemies":"Shell Parasite","floor":18,"turns":5},{"damage":14,"enemies":"Spheric Guardian","floor":19,"turns":4},{"damage":34,"enemies":"Slavers","floor":24,"turns":4}],"seed_played":"530553157273844481","potions_obtained":[{"floor":6,"key":"Strength Potion"},{"floor":8,"key":"Strength Potion"},{"floor":16,"key":"LiquidBronze"}],"is_trial":false,"path_per_floor":["M","?","$","?","?","E","R","M","T","M","M","E","R","M","R","B",null,"M","M","$","?","?","R","E"],"character_chosen":"THE_SILENT","items_purchased":["TwistedFunnel","Accuracy","SteroidPotion"],"campfire_rested":1,"item_purchase_floors":[20,20,20],"current_hp_per_floor":[59,59,59,48,41,41,41,41,41,39,21,15,36,28,28,27,62,45,31,31,31,31,31,0,0],"gold":4,"neow_bonus":"THREE_ENEMY_KILL","is_daily":false,"chose_seed":false,"campfire_upgraded":3,"win_rate":0.0,"timestamp":1609525913,"path_taken":["M","?","$","?","?","E","R","M","T","M","M","E","R","M","R","BOSS","M","M","$","?","?","R","E"],"items_purchased_type":["Relic","Card","Potion"],"build_version":"2020-12-22","purchased_purges":1,"victory":false,"max_hp_per_floor":[66,66,66,66,66,66,66,66,66,66,66,73,73,73,73,73,73,73,73,73,73,73,73,73,73],"card_choices":[{"not_picked":["Outmaneuver","Riddle With Holes"],"picked":"Cloak And Dagger","floor":1},{"not_picked":["Blur","Poisoned Stab"],"picked":"Underhanded Strike","floor":6},{"not_picked":["Sucker Punch","Deadly Poison"],"picked":"Leg Sweep","floor":8},{"not_picked":["Backstab","Masterful Stab"],"picked":"Skewer","floor":10},{"not_picked":["PiercingWail","Sucker Punch"],"picked":"Dagger Throw","floor":11},{"not_picked":["Predator","Eviscerate"],"picked":"Infinite Blades","floor":12},{"not_picked":["Masterful Stab","Choke"],"picked":"Footwork","floor":14},{"not_picked":["Adrenaline","Glass Knife"],"picked":"A Thousand Cuts","floor":16},{"not_picked":["Bouncing Flask","Flying Knee"],"picked":"Footwork","floor":18},{"not_picked":["Bouncing Flask","Dagger Throw","Deadly Poison"],"picked":"SKIP","floor":19}],"player_experience":840409,"relics_obtained":[{"floor":6,"key":"Pantograph"},{"floor":9,"key":"Lantern"},{"floor":12,"key":"Strawberry"}],"event_choices":[{"cards_removed":["Strike_G"],"damage_healed":0,"gold_gain":0,"player_choice":"Card Removal","damage_taken":0,"max_hp_gain":0,"max_hp_loss":0,"event_name":"The Cleric","floor":2,"gold_loss":75},{"damage_healed":0,"gold_gain":75,"player_choice":"Gather Gold","damage_taken":11,"max_hp_gain":0,"max_hp_loss":0,"event_name":"World of Goop","floor":4,"gold_loss":0},{"cards_removed":["Strike_G"],"damage_healed":0,"gold_gain":0,"player_choice":"Card Removal","damage_taken":7,"max_hp_gain":0,"max_hp_loss":0,"event_name":"Golden Wing","floor":5,"gold_loss":0},{"damage_healed":0,"gold_gain":0,"player_choice":"Ignored","damage_taken":0,"max_hp_gain":0,"max_hp_loss":0,"event_name":"Vampires","floor":21,"gold_loss":0},{"damage_healed":0,"gold_gain":0,"player_choice":"Ignored","damage_taken":0,"max_hp_gain":0,"max_hp_loss":0,"event_name":"Ghosts","floor":22,"gold_loss":0}],"is_beta":false,"boss_relics":[{"not_picked":["Runic Pyramid","HoveringKite"],"picked":"Pandora\u0027s Box"}],"items_purged_floors":[20],"is_endless":false,"potions_floor_spawned":[6,8,16],"killed_by":"Slavers","ascension_level":20}}