{"host":"pfy6u49v5s5r680p","time":1609478322,"event":{"mods":["BaseMod","Colored Map","DeckTracker","Highlight Path","Keyboard Shortcuts","Minty Spire (QoL Compilation)","Permanent Neow","Quick Restart","StSLib","SuperFastMode","everything is the same but u backflip on backflip"],"gold_per_floor":[116,133,58,77,77,77,88,88,88,88,108,122,146,146,146,247,247,263,274,285,50,85,85,85,85,85,85,95,140,140,176,176,272,272,307,323,323,342,342,342,342],"floor_reached":40,"playtime":1583,"items_purged":["Strike_R"],"score":516,"play_id":"1a2d8691-0fc2-424b-8344-c18e9643a574","local_time":"20210101141842","is_ascension_mode":true,"campfire_choices":[{"data":"Metallicize","floor":6.0,"key":"SMITH"},{"data":"Reaper","floor":8.0,"key":"SMITH"},{"data":"Shockwave","floor":10.0,"key":"SMITH"},{"data":"Armaments","floor":15.0,"key":"SMITH"},{"data":"Body Slam","floor":23.0,"key":"SMITH"},{"data":"Body Slam","floor":25.0,"key":"SMITH"},{"data":"Dual Wield","floor":27.0,"key":"SMITH"},{"data":"Entrench","floor":30.0,"key":"SMITH"},{"data":"Metallicize","floor":32.0,"key":"SMITH"}],"circlet_count":0,"master_deck":["Defend_R","Defend_R","Defend_R+1","Defend_R","Bash","Reaper+1","Blood for Blood+1","Metallicize+1","Shockwave+1","Body Slam+1","Armaments+1","Brutality","Shrug It Off+1","Body Slam+1","Dual Wield+1","HandOfGreed","Metallicize+1","Infernal Blade","Thunderclap+1","Entrench+1","Shrug It Off","Exhume","Rupture"],"relics":["Burning Blood","Ornamental Fan","Vajra","Mark of Pain","Potion Belt","Empty Cage"],"acts_visited":["Exordium","TheCity","TheBeyond"],"potions_floor_usage":[40],"damage_taken":[{"damage":19.0,"enemies":"Small Slimes","floor":1.0,"turns":5.0},{"damage":15.0,"enemies":"Jaw Worm","floor":2.0,"turns":5.0},{"damage":6.0,"enemies":"Cultist","floor":4.0,"turns":4.0},{"damage":29.0,"enemies":"Lots of Slimes","floor":7.0,"turns":4.0},{"damage":9.0,"enemies":"Large Slime","floor":11.0,"turns":4.0},{"damage":12.0,"enemies":"2 Fungi Beasts","floor":12.0,"turns":4.0},{"damage":36.0,"enemies":"The Guardian","floor":16.0,"turns":11.0},{"damage":27.0,"enemies":"Spheric Guardian","floor":18.0,"turns":4.0},{"damage":17.0,"enemies":"3 Byrds","floor":19.0,"turns":7.0},{"damage":10.0,"enemies":"Snake Plant","floor":20.0,"turns":5.0},{"damage":10.0,"enemies":"Centurion and Healer","floor":22.0,"turns":6.0},{"damage":5.0,"enemies":"Cultist and Chosen","floor":28.0,"turns":6.0},{"damage":10.0,"enemies":"Snecko","floor":29.0,"turns":5.0},{"damage":21.0,"enemies":"3 Cultists","floor":31.0,"turns":4.0},{"damage":50.0,"enemies":"Automaton","floor":33.0,"turns":9.0},{"damage":34.0,"enemies":"3 Darklings","floor":35.0,"turns":5.0},{"damage":25.0,"enemies":"Orb Walker","floor":36.0,"turns":7.0},{"damage":12.0,"enemies":"3 Darklings","floor":38.0,"turns":6.0},{"damage":76,"enemies":"Reptomancer","floor":40,"turns":6}],"seed_played":"2110027664382615274","potions_obtained":[{"floor":4.0,"key":"FearPotion"},{"floor":7.0,"key":"Swift Potion"},{"floor":11.0,"key":"ColorlessPotion"},{"floor":16.0,"key":"FearPotion"},{"floor":28.0,"key":"PowerPotion"},{"floor":29.0,"key":"Weak Potion"},{"floor":38.0,"key":"Strength Potion"}],"is_trial":false,"path_per_floor":["M","M","$","M","?","R","M","R","T","R","M","M","T","?","R","B",null,"M","M","M","$","M","R","?","R","T","R","M","M","R","M","R","B",null,"M","M","?","M","?","E"],"character_chosen":"IRONCLAD","items_purchased":["Dual Wield","HandOfGreed"],"campfire_rested":0,"item_purchase_floors":[21,21],"current_hp_per_floor":[63,54,54,60,44,44,41,41,41,41,45,49,49,49,49,28,67,46,50,46,46,60,60,60,60,60,60,61,57,57,59,59,33,68,61,51,51,80,76,0,0],"gold":342,"neow_bonus":"ONE_RANDOM_RARE_CARD","is_daily":false,"chose_seed":false,"campfire_upgraded":9,"win_rate":0.0,"timestamp":1609478322,"path_taken":["M","M","$","M","?","R","M","R","T","R","M","M","?","?","R","BOSS","M","M","M","$","M","R","?","R","T","R","?","M","R","M","R","BOSS","M","M","?","M","?","E"],"items_purchased_type":["Card","Card"],"build_version":"2020-12-22","purchased_purges":1,"victory":false,"max_hp_per_floor":[80,80,80,80,80,80,80,80,80,80,80,80,80,80,80,80,80,80,80,80,80,80,80,80,80,80,80,80,80,80,80,80,80,80,80,80,80,80,76,76,76],"card_choices":[{"not_picked":["Warcry","Intimidate","Sword Boomerang"],"picked":"SKIP","floor":1.0},{"not_picked":["Reckless Charge","Hemokinesis"],"picked":"Blood for Blood","floor":2.0},{"not_picked":["Inflame","Disarm"],"picked":"Metallicize","floor":4.0},{"not_picked":["Twin Strike","Intimidate"],"picked":"Shockwave","floor":7.0},{"not_picked":["Perfected Strike","Wild Strike"],"picked":"Body Slam","floor":11.0},{"not_picked":["Pummel","Warcry"],"picked":"Armaments","floor":12.0},{"not_picked":["Feed","Bludgeon"],"picked":"Brutality","floor":16.0},{"not_picked":["Warcry+1","Cleave"],"picked":"Shrug It Off+1","floor":18.0},{"not_picked":["Havoc+1","Sever Soul"],"picked":"Body Slam","floor":19.0},{"not_picked":["Rampage+1","Twin Strike+1"],"picked":"Dark Embrace+1","floor":20.0},{"not_picked":["Burning Pact+1","Thunderclap"],"picked":"Metallicize","floor":22.0},{"not_picked":["Armaments","Rage"],"picked":"Thunderclap+1","floor":28.0},{"not_picked":["Clothesline+1","Twin Strike+1"],"picked":"Entrench","floor":29.0},{"not_picked":["Heavy Blade","Havoc"],"picked":"Shrug It Off","floor":31.0},{"not_picked":["Corruption","Fiend Fire"],"picked":"Exhume","floor":33.0},{"not_picked":["Clothesline","Flex+1"],"picked":"Rupture","floor":35.0},{"not_picked":["Headbutt+1","Seeing Red+1","Twin Strike"],"picked":"SKIP","floor":36.0},{"not_picked":["Headbutt+1","Pummel+1","Anger"],"picked":"SKIP","floor":38.0}],"player_experience":80797,"relics_obtained":[{"floor":9.0,"key":"Ornamental Fan"},{"floor":13.0,"key":"Vajra"},{"floor":26.0,"key":"Potion Belt"}],"event_choices":[{"damage_healed":0.0,"max_hp_gain":0.0,"max_hp_loss":0.0,"gold_gain":0.0,"event_name":"Shining Light","player_choice":"Entered Light","floor":5.0,"gold_loss":0.0,"damage_taken":16.0,"cards_upgraded":["Defend_R","Blood for Blood"]},{"cards_removed":["Strike_R"],"damage_healed":0.0,"max_hp_gain":0.0,"max_hp_loss":0.0,"gold_gain":0.0,"event_name":"Bonfire Elementals","player_choice":"Offered Basic","floor":14.0,"gold_loss":0.0,"damage_taken":0.0},{"damage_healed":0.0,"max_hp_gain":0.0,"max_hp_loss":0.0,"gold_gain":0.0,"cards_transformed":["Strike_R"],"event_name":"Transmorgrifier","player_choice":"Transformed","floor":24.0,"gold_loss":0.0,"damage_taken":0.0,"cards_obtained":["Infernal Blade"]},{"cards_removed":["Dark Embrace"],"damage_healed":0.0,"max_hp_gain":0.0,"max_hp_loss":0.0,"gold_gain":0.0,"event_name":"Falling","player_choice":"Removed Power","floor":37.0,"gold_loss":0.0,"damage_taken":0.0},{"damage_healed":0.0,"max_hp_gain":0.0,"max_hp_loss":4.0,"gold_gain":0.0,"event_name":"Winding Halls","player_choice":"Max HP","floor":39.0,"gold_loss":0.0,"damage_taken":0.0}],"is_beta":false,"boss_relics":[{"not_picked":["Fusion Hammer","Cursed Key"],"picked":"Mark of Pain"},{"not_picked":["Philosopher\u0027s Stone","SacredBark"],"picked":"Empty Cage"}],"items_purged_floors":[3],"is_endless":false,"potions_floor_spawned":[4,7,11,16,20,28,29,38],"killed_by":"Reptomancer","ascension_level":7}}