{"host":"yer03dsd277nstsn","time":1609539647,"event":{"mods":["BaseMod","Colored Powertips","Minty Spire (QoL Compilation)"],"gold_per_floor":[115,130,144,155,167,167,196,196,266,295,309,309,321,336,336,436,436,446,446,462,481,64,64,64],"floor_reached":23,"playtime":1456,"items_purged":["Decay"],"score":304,"play_id":"bdba8b0b-b199-438d-8925-5008639df8a2","local_time":"20210101162047","is_ascension_mode":true,"campfire_choices":[{"data":"Zap","floor":6,"key":"SMITH"},{"floor":15,"key":"REST"}],"circlet_count":0,"master_deck":["Strike_B","Strike_B","Strike_B","Defend_B","Defend_B","Defend_B","Defend_B","Zap+1","Dualcast","Cold Snap","Hologram","Glacier","Blizzard","Cold Snap+1","Defragment","Cold Snap+1","Machine Learning","Glacier+1","Cold Snap+1","Coolheaded"],"relics":["Cracked Core","Mango","Molten Egg 2","Pocketwatch","Black Star","MealTicket","Gambling Chip"],"acts_visited":["Exordium","TheCity"],"potions_floor_usage":[23,23,23],"damage_taken":[{"damage":4,"enemies":"2 Louse","floor":1,"turns":3},{"damage":0,"enemies":"Cultist","floor":2,"turns":3},{"damage":0,"enemies":"Small Slimes","floor":3,"turns":2},{"damage":7,"enemies":"Red Slaver","floor":4,"turns":4},{"damage":5,"enemies":"Looter","floor":5,"turns":3},{"damage":14,"enemies":"Lagavulin","floor":7,"turns":6},{"damage":21,"enemies":"Gremlin Nob","floor":10,"turns":6},{"damage":4,"enemies":"3 Louse","floor":11,"turns":3},{"damage":1,"enemies":"Red Slaver","floor":13,"turns":3},{"damage":0,"enemies":"2 Fungi Beasts","floor":14,"turns":2},{"damage":22,"enemies":"Hexaghost","floor":16,"turns":11},{"damage":18,"enemies":"Shell Parasite","floor":18,"turns":8},{"damage":27,"enemies":"2 Thieves","floor":20,"turns":4},{"damage":14,"enemies":"Centurion and Healer","floor":21,"turns":9},{"damage":32,"enemies":"Gremlin Leader","floor":23,"turns":8}],"seed_played":"4851713029561429042","potions_obtained":[{"floor":1,"key":"ColorlessPotion"},{"floor":2,"key":"Dexterity Potion"},{"floor":4,"key":"ColorlessPotion"}],"is_trial":false,"path_per_floor":["M","M","M","M","M","R","E","?","T","E","M","?","M","M","R","B",null,"M","?","M","M","$","E"],"character_chosen":"DEFECT","items_purchased":["Gambling Chip","Coolheaded"],"campfire_rested":1,"item_purchase_floors":[22,22],"current_hp_per_floor":[64,64,64,57,52,52,52,45,45,24,20,20,19,19,45,23,73,55,55,28,14,29,0,0],"gold":64,"neow_bonus":"RANDOM_COLORLESS","is_daily":false,"chose_seed":false,"campfire_upgraded":1,"win_rate":0.0,"timestamp":1609539647,"path_taken":["M","M","M","M","M","R","E","?","T","E","M","?","M","?","R","BOSS","M","?","?","M","$","E"],"items_purchased_type":["Relic","Card"],"build_version":"2020-12-22","purchased_purges":1,"victory":false,"max_hp_per_floor":[75,75,75,75,75,75,89,89,89,89,89,89,89,89,89,89,89,89,89,89,89,89,89,89],"card_choices":[{"not_picked":["Flash of Steel","Good Instincts"],"picked":"Dramatic Entrance","floor":0},{"not_picked":["Darkness","Storm"],"picked":"Cold Snap","floor":1},{"not_picked":["Steam","Hello World"],"picked":"Hologram","floor":2},{"not_picked":["Barrage","Turbo"],"picked":"Glacier","floor":3},{"not_picked":["Redo","Go for the Eyes","Turbo"],"picked":"SKIP","floor":4},{"not_picked":["Consume","Conserve Battery"],"picked":"Blizzard","floor":5},{"not_picked":["Barrage","Multi-Cast","Auto Shields"],"picked":"SKIP","floor":7},{"not_picked":["Tempest","Reinforced Body"],"picked":"Cold Snap+1","floor":10},{"not_picked":["Stack","Barrage+1"],"picked":"Defragment","floor":11},{"not_picked":["Hologram","Reprogram"],"picked":"Cold Snap+1","floor":13},{"not_picked":["Redo","BootSequence","Lockon+1"],"picked":"SKIP","floor":14},{"not_picked":["Amplify","Seek"],"picked":"Machine Learning","floor":16},{"not_picked":["Aggregate","Go for the Eyes+1","Leap"],"picked":"SKIP","floor":18},{"not_picked":["Beam Cell+1","BootSequence"],"picked":"Glacier+1","floor":20},{"not_picked":["Lockon+1","Electrodynamics"],"picked":"Cold Snap+1","floor":21}],"player_experience":420199,"relics_obtained":[{"floor":7,"key":"Mango"},{"floor":9,"key":"Molten Egg 2"},{"floor":10,"key":"Pocketwatch"}],"event_choices":[{"cards_removed":["Strike_B"],"damage_healed":0,"gold_gain":0,"player_choice":"Card Removal","damage_taken":7,"max_hp_gain":0,"max_hp_loss":0,"event_name":"Golden Wing","floor":8,"gold_loss":0},{"damage_healed":0,"gold_gain":0,"player_choice":"Cursed","damage_taken":0,"max_hp_gain":0,"max_hp_loss":0,"event_name":"Wheel of Change","floor":12,"gold_loss":0,"cards_obtained":["Decay"]},{"cards_removed":["Dramatic Entrance"],"damage_healed":0,"gold_gain":0,"player_choice":"Gave Card","damage_taken":0,"relics_obtained":["MealTicket"],"max_hp_gain":0,"max_hp_loss":0,"event_name":"WeMeetAgain","floor":19,"gold_loss":0}],"is_beta":false,"boss_relics":[{"not_picked":["Ectoplasm","Philosopher\u0027s Stone"],"picked":"Black Star"}],"items_purged_floors":[22],"is_endless":false,"potions_floor_spawned":[1,2,4,11,13,16,20],"killed_by":"Gremlin Leader","ascension_level":7}}