{"host":"y7sd46uq4xlni546","time":1609497101,"event":{"mods":["AchievementEnabler","BaseMod","Colored Map","Colored Powertips","Curses Come First","Filter the Spire","Minty Spire (QoL Compilation)","Quick Restart","Random Character Button","Rare Cards Sparkle","StSLib"],"gold_per_floor":[110,110,110,87,99,127,145,179,250,283,99,115,115,115,115,211,211,221,28,40,40,57,84,96,108,120,132,171,196,226,238,250,360,372,394,406,438,232,232,267,267,292,339,339,352,386,386,404,404,404],"floor_reached":51,"playtime":2774,"items_purged":[],"score":1153,"play_id":"1cbf21a7-e544-441d-9b13-6129d5a13ad4","local_time":"20210101113141","is_ascension_mode":true,"campfire_choices":[{"floor":13.0,"key":"REST"},{"data":"Armaments","floor":15.0,"key":"SMITH"},{"data":"Berserk","floor":24,"key":"SMITH"},{"data":"Juggernaut","floor":27,"key":"SMITH"},{"data":"Panache","floor":32,"key":"SMITH"},{"data":"True Grit","floor":41,"key":"SMITH"},{"floor":44,"key":"REST"},{"data":"Feel No Pain","floor":47,"key":"SMITH"},{"data":"Madness","floor":49,"key":"SMITH"}],"circlet_count":0,"master_deck":["Strike_R","Strike_R","Strike_R","Defend_R","Defend_R","Bash","Shrug It Off","True Grit+1","Flex+1","Juggernaut+1","Feel No Pain+1","Armaments+1","Panache+1","Shrug It Off","Berserk+1","Cleave","Flame Barrier+1","Power Through","Metallicize+1","Warcry","Bludgeon","Combust+1","Perfected Strike+1","Body Slam+1","Spot Weakness","Madness+1","Madness+1","Uppercut+1","Metallicize+1","Fire Breathing+1","Thunderclap+1"],"relics":["Black Star","Incense Burner","Strawberry","PreservedInsect","Boot","Letter Opener","Eternal Feather","Mummified Hand","Busted Crown","Lee\u0027s Waffle","Paper Frog","MawBank","Singing Bowl","Frozen Egg 2","Orichalcum","Dead Branch","Astrolabe","Oddly Smooth Stone","HornCleat","Pantograph","Akabeko","Dream Catcher","War Paint","Gremlin Horn","MealTicket"],"acts_visited":["Exordium","TheCity","TheBeyond"],"potions_floor_usage":[22,28,30,33,48,50,50],"damage_taken":[{"damage":0.0,"enemies":"2 Louse","floor":1.0,"turns":3.0},{"damage":1.0,"enemies":"Small Slimes","floor":5.0,"turns":3.0},{"damage":26.0,"enemies":"Gremlin Nob","floor":6.0,"turns":5.0},{"damage":6.0,"enemies":"Jaw Worm","floor":7.0,"turns":5.0},{"damage":27.0,"enemies":"3 Sentries","floor":8.0,"turns":10.0},{"damage":16.0,"enemies":"Gremlin Nob","floor":10.0,"turns":3.0},{"damage":0.0,"enemies":"Gremlin Gang","floor":12.0,"turns":2.0},{"damage":40.0,"enemies":"Hexaghost","floor":16.0,"turns":9.0},{"damage":11.0,"enemies":"Chosen","floor":18.0,"turns":4.0},{"damage":15.0,"enemies":"2 Thieves","floor":20.0,"turns":3.0},{"damage":23,"enemies":"3 Cultists","floor":22,"turns":5},{"damage":1,"enemies":"Gremlin Leader","floor":23,"turns":5},{"damage":0,"enemies":"Book of Stabbing","floor":28,"turns":4},{"damage":0,"enemies":"Snecko","floor":29,"turns":4},{"damage":5,"enemies":"Centurion and Healer","floor":30,"turns":6},{"damage":13,"enemies":"Automaton","floor":33,"turns":7},{"damage":20,"enemies":"3 Shapes","floor":35,"turns":3},{"damage":2,"enemies":"3 Darklings","floor":37,"turns":3},{"damage":0,"enemies":"Reptomancer","floor":40,"turns":4},{"damage":18,"enemies":"Nemesis","floor":42,"turns":5},{"damage":15,"enemies":"Spire Growth","floor":45,"turns":4},{"damage":16,"enemies":"Reptomancer","floor":46,"turns":6},{"damage":3,"enemies":"Transient","floor":48,"turns":5},{"damage":58,"enemies":"Donu and Deca","floor":50,"turns":8}],"seed_played":"-6659169660228915138","potions_obtained":[{"floor":1.0,"key":"Block Potion"},{"floor":8.0,"key":"PowerPotion"},{"floor":10.0,"key":"Weak Potion"},{"floor":12.0,"key":"SpeedPotion"},{"floor":14.0,"key":"AttackPotion"},{"floor":14.0,"key":"Fruit Juice"},{"floor":14.0,"key":"EssenceOfSteel"},{"floor":20.0,"key":"AttackPotion"},{"floor":28,"key":"Dexterity Potion"},{"floor":30,"key":"ColorlessPotion"},{"floor":35,"key":"BloodPotion"},{"floor":45,"key":"AttackPotion"}],"is_trial":false,"path_per_floor":["M","?","?","$","M","E","M","E","T","E","$","M","R","?","R","B",null,"M","$","M","$","M","E","R","T","T","R","E","M","M","?","R","B",null,"M","?","M","$","?","E","R","E","T","R","M","E","R","M","R","B",null],"character_chosen":"IRONCLAD","items_purchased":["True Grit","Panache","Lee\u0027s Waffle","Cleave","Metallicize+1","Oddly Smooth Stone"],"campfire_rested":2,"item_purchase_floors":[4,11,19,19,38,38],"current_hp_per_floor":[72,65,70,70,69,50,44,17,17,1,1,1,37,42,51,11,76,65,104,89,89,66,65,77,77,77,89,89,91,88,88,100,87,103,83,69,67,67,67,69,84,68,68,112,99,83,101,100,116,81],"gold":404,"neow_bonus":"BOSS_RELIC","is_daily":false,"chose_seed":false,"campfire_upgraded":7,"win_rate":0.0,"timestamp":1609497101,"path_taken":["M","?","?","$","?","E","M","E","T","E","$","?","R","?","R","BOSS","M","?","M","$","?","E","R","?","T","R","E","M","M","?","R","BOSS","M","?","M","$","?","E","R","E","T","R","M","E","R","M","R","BOSS"],"items_purchased_type":["Card","Card","Relic","Card","Card","Relic"],"build_version":"2020-12-22","purchased_purges":0,"victory":true,"max_hp_per_floor":[80,80,85,85,85,92,92,92,92,92,92,92,92,97,97,97,97,97,104,104,104,104,104,104,104,104,104,104,106,108,108,108,108,108,108,108,108,108,108,110,110,112,112,112,114,114,114,116,116,116],"card_choices":[{"not_picked":["Iron Wave","Wild Strike"],"picked":"Shrug It Off","floor":1.0},{"not_picked":["Feel No Pain","Anger"],"picked":"Flex","floor":5.0},{"not_picked":["Hemokinesis","Body Slam"],"picked":"Juggernaut","floor":6.0},{"not_picked":["Reckless Charge","Iron Wave","Feel No Pain"],"picked":"SKIP","floor":7.0},{"not_picked":["Warcry","Hemokinesis"],"picked":"Feel No Pain","floor":8.0},{"not_picked":["Heavy Blade","Iron Wave"],"picked":"Armaments","floor":10.0},{"not_picked":["Evolve","Heavy Blade"],"picked":"Shrug It Off","floor":12.0},{"not_picked":["Fiend Fire","Limit Break"],"picked":"Berserk","floor":16.0},{"not_picked":["Pommel Strike"],"picked":"SKIP","floor":18.0},{"not_picked":[],"picked":"Flame Barrier+1","floor":20.0},{"not_picked":[],"picked":"Power Through","floor":22},{"not_picked":[],"picked":"Metallicize+1","floor":23},{"not_picked":[],"picked":"Warcry","floor":28},{"not_picked":["Sword Boomerang+1"],"picked":"Singing Bowl","floor":29},{"not_picked":["Heavy Blade"],"picked":"Singing Bowl","floor":30},{"not_picked":[],"picked":"Bludgeon","floor":33},{"not_picked":[],"picked":"Spot Weakness","floor":35},{"not_picked":[],"picked":"Uppercut+1","floor":37},{"not_picked":["Bloodletting"],"picked":"Singing Bowl","floor":40},{"not_picked":["Flex"],"picked":"Singing Bowl","floor":42},{"not_picked":[],"picked":"Fire Breathing+1","floor":44},{"not_picked":["Pommel Strike"],"picked":"Singing Bowl","floor":45},{"not_picked":[],"picked":"Thunderclap+1","floor":46},{"not_picked":["Evolve+1"],"picked":"Singing Bowl","floor":48}],"player_experience":555598,"relics_obtained":[{"floor":6.0,"key":"Incense Burner"},{"floor":6.0,"key":"Strawberry"},{"floor":8.0,"key":"PreservedInsect"},{"floor":8.0,"key":"Boot"},{"floor":9.0,"key":"Letter Opener"},{"floor":10.0,"key":"Eternal Feather"},{"floor":10.0,"key":"Mummified Hand"},{"floor":23,"key":"Paper Frog"},{"floor":23,"key":"MawBank"},{"floor":25,"key":"Singing Bowl"},{"floor":26,"key":"Frozen Egg 2"},{"floor":28,"key":"Orichalcum"},{"floor":28,"key":"Dead Branch"},{"floor":40,"key":"HornCleat"},{"floor":40,"key":"Pantograph"},{"floor":42,"key":"Akabeko"},{"floor":42,"key":"Dream Catcher"},{"floor":43,"key":"War Paint"},{"floor":46,"key":"Gremlin Horn"},{"floor":46,"key":"MealTicket"}],"event_choices":[{"cards_removed":["Defend_R"],"damage_healed":0.0,"max_hp_gain":0.0,"max_hp_loss":0.0,"gold_gain":0.0,"event_name":"Golden Wing","player_choice":"Card Removal","floor":2.0,"gold_loss":0.0,"damage_taken":7.0},{"damage_healed":0.0,"max_hp_gain":5.0,"max_hp_loss":0.0,"gold_gain":0.0,"event_name":"Big Fish","player_choice":"Donut","floor":3.0,"gold_loss":0.0,"damage_taken":0.0},{"damage_healed":0.0,"max_hp_gain":0.0,"max_hp_loss":0.0,"gold_gain":0.0,"event_name":"Lab","player_choice":"Got Potions","floor":14.0,"gold_loss":0.0,"damage_taken":0.0},{"damage_healed":0,"gold_gain":0,"player_choice":"Ignored","damage_taken":0,"max_hp_gain":0,"max_hp_loss":0,"event_name":"Ghosts","floor":31,"gold_loss":0},{"damage_healed":0,"gold_gain":0,"player_choice":"Embrace Madness","damage_taken":14,"max_hp_gain":0,"max_hp_loss":0,"event_name":"Winding Halls","floor":36,"gold_loss":0,"cards_obtained":["Madness","Madness"]},{"damage_healed":0,"gold_gain":0,"player_choice":"Ignored","damage_taken":0,"max_hp_gain":0,"max_hp_loss":0,"event_name":"Mysterious Sphere","floor":39,"gold_loss":0}],"is_beta":false,"boss_relics":[{"not_picked":["Runic Cube","Philosopher\u0027s Stone"],"picked":"Busted Crown"},{"not_picked":["Snecko Eye","Cursed Key"],"picked":"Astrolabe"}],"items_purged_floors":[],"is_endless":false,"potions_floor_spawned":[1,8,10,12,20,28,30,35,45],"ascension_level":6}}