{"host":"owox7x4ngjt9htcc","time":1609488950,"event":{"mods":["BaseMod","Colored Map","DeckTracker","Keyboard Shortcuts","Minty Spire (QoL Compilation)","SuperFastMode"],"gold_per_floor":[114,129,144,159,174,204,204,234,234,236,266,266,296,21,21,121,121,136,136,136,151,1,31,31,61,61,91,106,136,68,83,83,183,183,198,198,213,228,50,50,80,80,80,110,110,140,155,170,170,170],"floor_reached":51,"playtime":5526,"items_purged":["Doppelganger","Corpse Explosion"],"score":991,"play_id":"eae89dd6-161e-477b-a49e-e0aea3fa8448","local_time":"20210101171550","daily_mods":["Shiny","ControlledChaos","Elite Swarm"],"is_ascension_mode":false,"campfire_choices":[{"data":"After Image","floor":7.0,"key":"SMITH"},{"data":"Bullet Time","floor":12.0,"key":"SMITH"},{"data":"Blade Dance","floor":15.0,"key":"SMITH"},{"data":"After Image","floor":24.0,"key":"SMITH"},{"data":"Envenom","floor":32.0,"key":"SMITH"},{"floor":40.0,"key":"REST"},{"floor":42.0,"key":"REST"},{"floor":49.0,"key":"REST"}],"circlet_count":0,"master_deck":["Venomology","Malaise+1","Phantasmal Killer","Die Die Die","Adrenaline","Envenom","Burst","Wraith Form v2","Tools of the Trade","Night Terror","Unload","After Image+1","Bullet Time+1","Storm of Steel","Glass Knife","A Thousand Cuts","Grand Finale","Setup","Accuracy","Footwork","Blade Dance+1","Blur","A Thousand Cuts","Blade Dance+1","A Thousand Cuts","Backflip","After Image+1","Blade Dance","Shame","Blade Dance","Acrobatics","Envenom+1","PiercingWail+1","Bullet Time","Infinite Blades","Bullet Time","Accuracy","Blade Dance+1","Escape Plan+1","Accuracy","Infinite Blades","Bullet Time","Blade Dance"],"relics":["Ring of the Snake","Frozen Eye","Prayer Wheel","PreservedInsect","Orichalcum","Odd Mushroom","Snake Skull","Strawberry","War Paint","Pen Nib","Bag of Preparation","Singing Bowl","Happy Flower","White Beast Statue","Question Card","Shuriken","SacredBark","Potion Belt","Lizard Tail","Gremlin Horn","HornCleat","TungstenRod"],"acts_visited":["Exordium","TheCity","TheBeyond"],"potions_floor_usage":[50,50,50,50],"damage_taken":[{"damage":0.0,"enemies":"Cultist","floor":1.0,"turns":3.0},{"damage":2.0,"enemies":"Small Slimes","floor":2.0,"turns":3.0},{"damage":6.0,"enemies":"2 Louse","floor":3.0,"turns":2.0},{"damage":12.0,"enemies":"Blue Slaver","floor":4.0,"turns":2.0},{"damage":11.0,"enemies":"Exordium Wildlife","floor":5.0,"turns":2.0},{"damage":6.0,"enemies":"3 Sentries","floor":6.0,"turns":4.0},{"damage":0.0,"enemies":"Lagavulin","floor":8.0,"turns":5.0},{"damage":6.0,"enemies":"The Mushroom Lair","floor":10.0,"turns":3.0},{"damage":5.0,"enemies":"Gremlin Nob","floor":11.0,"turns":3.0},{"damage":2.0,"enemies":"3 Sentries","floor":13.0,"turns":3.0},{"damage":1.0,"enemies":"Hexaghost","floor":16.0,"turns":7.0},{"damage":0.0,"enemies":"Chosen","floor":18.0,"turns":4.0},{"damage":1.0,"enemies":"3 Byrds","floor":21.0,"turns":3.0},{"damage":19.0,"enemies":"Gremlin Leader","floor":23.0,"turns":5.0},{"damage":1.0,"enemies":"Book of Stabbing","floor":25.0,"turns":4.0},{"damage":0.0,"enemies":"Gremlin Leader","floor":27.0,"turns":2.0},{"damage":4.0,"enemies":"Centurion and Healer","floor":28.0,"turns":4.0},{"damage":1.0,"enemies":"Book of Stabbing","floor":29.0,"turns":6.0},{"damage":0.0,"enemies":"3 Cultists","floor":31.0,"turns":5.0},{"damage":8.0,"enemies":"Automaton","floor":33.0,"turns":4.0},{"damage":0.0,"enemies":"3 Darklings","floor":35.0,"turns":3.0},{"damage":14.0,"enemies":"3 Shapes","floor":37.0,"turns":5.0},{"damage":37.0,"enemies":"Spire Growth","floor":38.0,"turns":5.0},{"damage":45.0,"enemies":"Nemesis","floor":41.0,"turns":5.0},{"damage":5.0,"enemies":"Reptomancer","floor":44.0,"turns":4.0},{"damage":9.0,"enemies":"Giant Head","floor":46.0,"turns":5.0},{"damage":22.0,"enemies":"Maw","floor":47.0,"turns":6.0},{"damage":6.0,"enemies":"2 Orb Walkers","floor":48.0,"turns":4.0},{"damage":47,"enemies":"Awakened One","floor":50,"turns":9}],"seed_played":"-2495295926900846280","potions_obtained":[{"floor":2.0,"key":"Explosive Potion"},{"floor":11.0,"key":"SneckoOil"},{"floor":25.0,"key":"FearPotion"},{"floor":27.0,"key":"FairyPotion"},{"floor":29.0,"key":"EssenceOfSteel"},{"floor":41.0,"key":"GamblersBrew"},{"floor":44.0,"key":"Fruit Juice"},{"floor":46.0,"key":"SpeedPotion"},{"floor":48.0,"key":"SkillPotion"}],"is_trial":false,"path_per_floor":["M","M","M","M","M","E","R","E","T","?","E","R","E","$","R","B",null,"M","?","?","M","$","E","R","E","T","E","M","E","$","M","R","B",null,"M","?","M","M","$","R","E","R","T","E","$","E","M","?","R","B",null],"character_chosen":"THE_SILENT","items_purchased":["War Paint","Backflip","Bag of Preparation","Infinite Blades","Infinite Blades"],"campfire_rested":3,"item_purchase_floors":[14,14,22,30,39],"current_hp_per_floor":[70,68,62,50,39,33,33,33,33,27,22,22,27,27,27,26,77,77,77,77,76,76,57,57,58,58,60,58,57,57,61,61,53,87,89,89,77,40,40,67,22,49,49,56,56,49,29,25,57,10],"gold":170,"neow_bonus":"","is_daily":true,"chose_seed":false,"campfire_upgraded":5,"win_rate":0.0,"timestamp":1609488950,"path_taken":["M","M","M","?","M","E","R","E","T","?","E","R","E","$","R","BOSS","M","?","?","M","$","E","R","E","T","E","M","E","?","M","R","BOSS","M","?","?","M","$","R","E","R","T","E","$","E","M","?","R","BOSS"],"items_purchased_type":["Relic","Card","Relic","Card","Card"],"build_version":"2020-12-22","purchased_purges":2,"victory":true,"max_hp_per_floor":[70,70,70,70,70,70,70,70,70,70,70,70,77,77,77,77,77,77,77,77,77,77,77,77,79,79,81,83,83,83,87,87,87,87,89,89,91,91,91,91,91,91,91,103,103,105,107,109,109,109],"card_choices":[{"not_picked":["Dagger Spray","Underhanded Strike"],"picked":"Setup","floor":1.0},{"not_picked":["Bouncing Flask","Dodge and Roll"],"picked":"Accuracy","floor":2.0},{"not_picked":["Flechettes","Bane"],"picked":"Footwork","floor":3.0},{"not_picked":["Prepared","Catalyst"],"picked":"Blade Dance","floor":4.0},{"not_picked":["Sucker Punch","Underhanded Strike"],"picked":"Blur","floor":5.0},{"not_picked":["Envenom","Corpse Explosion"],"picked":"A Thousand Cuts","floor":6.0},{"not_picked":["Wraith Form v2","Unload","Venomology"],"picked":"SKIP","floor":8.0},{"not_picked":["Dash","Dagger Throw"],"picked":"Blade Dance","floor":10.0},{"not_picked":["Wraith Form v2","Doppelganger","Phantasmal Killer"],"picked":"SKIP","floor":11.0},{"not_picked":["Venomology","Glass Knife"],"picked":"A Thousand Cuts","floor":13.0},{"not_picked":["Phantasmal Killer","Night Terror"],"picked":"After Image","floor":16.0},{"not_picked":["Expertise","Reflex"],"picked":"Blade Dance","floor":18.0},{"not_picked":["Crippling Poison","Slice","Bane"],"picked":"SKIP","floor":18.0},{"not_picked":["Quick Slash","Bane+1"],"picked":"Blade Dance","floor":21.0},{"not_picked":["Deflect+1","All Out Attack"],"picked":"Acrobatics","floor":21.0},{"not_picked":["Corpse Explosion","Malaise"],"picked":"Envenom","floor":23.0},{"not_picked":["Unload","Burst","Envenom"],"picked":"Singing Bowl","floor":25.0},{"not_picked":["Venomology","Doppelganger","Grand Finale"],"picked":"Singing Bowl","floor":27.0},{"not_picked":["Dodge and Roll","Endless Agony","Sucker Punch"],"picked":"PiercingWail+1","floor":28.0},{"not_picked":["Flying Knee","Blade Dance","Quick Slash","Choke+1"],"picked":"Singing Bowl","floor":28.0},{"not_picked":["Tools of the Trade","Malaise","Phantasmal Killer"],"picked":"Bullet Time","floor":29.0},{"not_picked":["Dash","Deadly Poison+1","Prepared","Bane"],"picked":"Singing Bowl","floor":31.0},{"not_picked":["Outmaneuver+1","Slice+1","Dagger Throw","Choke"],"picked":"Singing Bowl","floor":31.0},{"not_picked":["Grand Finale","Venomology","Adrenaline"],"picked":"Bullet Time","floor":33.0},{"not_picked":["Dodge and Roll+1","Slice","Flying Knee+1"],"picked":"Accuracy","floor":35.0},{"not_picked":["Tools of the Trade","PiercingWail","Eviscerate","Prepared+1"],"picked":"Singing Bowl","floor":35.0},{"not_picked":["Underhanded Strike","PiercingWail+1","Dagger Spray","Poisoned Stab"],"picked":"Singing Bowl","floor":37.0},{"not_picked":["Poisoned Stab+1","Dagger Spray+1","Catalyst+1"],"picked":"Blade Dance+1","floor":37.0},{"not_picked":["Bane+1","Blur","Flechettes+1"],"picked":"Escape Plan+1","floor":38.0},{"not_picked":["Slice","Tools of the Trade","Outmaneuver+1"],"picked":"Accuracy","floor":38.0},{"not_picked":["Tools of the Trade","A Thousand Cuts","Adrenaline"],"picked":"Bullet Time","floor":41.0},{"not_picked":["Storm of Steel","Malaise","Venomology","Bullet Time"],"picked":"Singing Bowl","floor":44.0},{"not_picked":["Wraith Form v2","Glass Knife","Venomology","Burst"],"picked":"Singing Bowl","floor":46.0},{"not_picked":["Bane+1","Leg Sweep+1","Well Laid Plans+1","Noxious Fumes"],"picked":"Singing Bowl","floor":47.0},{"not_picked":["Flying Knee","Prepared+1","Deflect+1"],"picked":"Blade Dance","floor":47.0},{"not_picked":["Poisoned Stab","Prepared","Reflex+1","Footwork"],"picked":"Singing Bowl","floor":48.0}],"player_experience":863493,"relics_obtained":[{"floor":6.0,"key":"Prayer Wheel"},{"floor":8.0,"key":"PreservedInsect"},{"floor":9.0,"key":"Orichalcum"},{"floor":10.0,"key":"Odd Mushroom"},{"floor":11.0,"key":"Snake Skull"},{"floor":13.0,"key":"Strawberry"},{"floor":23.0,"key":"Singing Bowl"},{"floor":25.0,"key":"Happy Flower"},{"floor":26.0,"key":"White Beast Statue"},{"floor":27.0,"key":"Question Card"},{"floor":29.0,"key":"Shuriken"},{"floor":41.0,"key":"Potion Belt"},{"floor":43.0,"key":"Lizard Tail"},{"floor":44.0,"key":"Gremlin Horn"},{"floor":46.0,"key":"HornCleat"},{"floor":48.0,"key":"TungstenRod"}],"event_choices":[{"damage_healed":0.0,"max_hp_gain":0.0,"max_hp_loss":0.0,"gold_gain":0.0,"event_name":"Mushrooms","player_choice":"Fought Mushrooms","floor":10.0,"gold_loss":0.0,"damage_taken":0.0},{"damage_healed":0.0,"max_hp_gain":0.0,"max_hp_loss":0.0,"gold_gain":0.0,"event_name":"Cursed Tome","player_choice":"Ignored","floor":19.0,"gold_loss":0.0,"damage_taken":0.0},{"damage_healed":0.0,"max_hp_gain":0.0,"max_hp_loss":0.0,"gold_gain":0.0,"event_name":"Addict","player_choice":"Stole Relic","floor":20.0,"gold_loss":0.0,"damage_taken":0.0,"relics_obtained":["Pen Nib"],"cards_obtained":["Shame"]},{"damage_healed":0.0,"max_hp_gain":0.0,"max_hp_loss":0.0,"gold_gain":0.0,"event_name":"The Woman in Blue","player_choice":"Bought 0 Potions","floor":36.0,"gold_loss":0.0,"damage_taken":0.0},{"damage_healed":0.0,"max_hp_gain":0.0,"max_hp_loss":0.0,"gold_gain":0.0,"event_name":"Mysterious Sphere","player_choice":"Fight","floor":48.0,"gold_loss":0.0,"damage_taken":0.0}],"is_beta":false,"boss_relics":[{"not_picked":["Snecko Eye","Velvet Choker","Coffee Dripper"]},{"not_picked":["Sozu","Empty Cage"],"picked":"SacredBark"}],"items_purged_floors":[14,39],"is_endless":false,"potions_floor_spawned":[2,6,11,16,25,27,28,29,31,33,35,37,38,41,44,46,47,48],"ascension_level":0}}