{"host":"4w8ocelhatf0iefc","time":1609507296,"event":{"mods":["AchievementEnabler","Act Like it!","Aspiration","BaseMod","Colored Map","Colored Powertips","Downfall","GifTheSpireLib","Hubris","Minty Spire (QoL Compilation)","Replay The Spire","StSLib","The Cursed","vexMod"],"gold_per_floor":[115,115,135,310,324,350,350,378,378,398,398,398,22,41,41,143,143,156,171,71,71,71],"floor_reached":21,"playtime":647,"items_purged":["Strike_P","vexMod:UltimateCard"],"score":217,"play_id":"0974a4c0-553f-4250-9b67-f560c8437db0","local_time":"20210101212136","is_ascension_mode":true,"campfire_choices":[{"data":"1","floor":12.0,"key":"LIFT"},{"floor":15.0,"key":"REST"}],"circlet_count":0,"master_deck":["Strike_P","Defend_P","Eruption+1","Vigilance","EmptyBody","CutThroughFate","Consecrate","ConjureBlade","PathToVictory","Conclude","Vengeance","MasterReality","CurseOfTheBell","vexMod:UltimateCard","BattleHymn"],"relics":["PureWater","aspiration:Nostalgia","m_SlimeRing","Girya","TeardropLocket","Dream Catcher","Ornamental Fan","Guardian:GemstoneGun","Replay:Grab Bag","vexMod:TanglingVine","Cursed Key","Calling Bell","Kintsugi","Bag of Marbles","Replay:WaspNest","hubris:GlazedTorus"],"acts_visited":["Exordium","TheCity"],"potions_floor_usage":[16,21],"damage_taken":[{"damage":2.0,"enemies":"2 Louse","floor":1.0,"turns":2.0},{"damage":0.0,"enemies":"Jaw Worm","floor":3.0,"turns":3.0},{"damage":0.0,"enemies":"Cultist","floor":5.0,"turns":2.0},{"damage":14.0,"enemies":"Gremlin Nob","floor":6.0,"turns":3.0},{"damage":17.0,"enemies":"Replay:BlueRogue","floor":8.0,"turns":4.0},{"damage":5.0,"enemies":"Blue Slaver","floor":10.0,"turns":4.0},{"damage":0.0,"enemies":"Exordium Wildlife","floor":14.0,"turns":1.0},{"damage":36,"enemies":"Hexaghost","floor":16,"turns":6},{"damage":31,"enemies":"Spheric Guardian","floor":18,"turns":3},{"damage":24,"enemies":"2 Thieves","floor":19,"turns":3},{"damage":17,"enemies":"Snake Plant","floor":21,"turns":2}],"seed_played":"8885867257040965159","potions_obtained":[{"floor":3.0,"key":"Toxic Potion"},{"floor":8.0,"key":"Fire Potion"},{"floor":16,"key":"Languid Potion"},{"floor":19,"key":"Strength Potion"}],"is_trial":false,"path_per_floor":["M","?","M","?","M","E","?","E","T","M","?","R","$","M","R","B",null,"M","M","$","M"],"character_chosen":"WATCHER","items_purchased":["Guardian:GemstoneGun"],"campfire_rested":1,"item_purchase_floors":[13],"current_hp_per_floor":[70,70,70,70,70,56,56,39,39,34,34,34,34,34,55,19,72,41,17,17,0,0],"gold":71,"neow_bonus":"NOSTALGIA","is_daily":false,"chose_seed":false,"campfire_upgraded":0,"win_rate":0.0,"timestamp":1609507296,"path_taken":["M","?","M","?","M","E","?","E","T","?","?","R","?","M","R","BOSS","M","M","$","M"],"items_purchased_type":["Relic"],"build_version":"2020-12-22","purchased_purges":2,"victory":false,"max_hp_per_floor":[72,72,72,72,72,72,72,72,72,72,72,72,72,72,72,72,72,72,72,72,72,72],"card_choices":[{"not_picked":["ThirdEye","CutThroughFate"],"picked":"EmptyBody","floor":1.0},{"not_picked":["Deadly Poison","ClearTheMind"],"picked":"CutThroughFate","floor":3.0},{"not_picked":["Backstab","CutThroughFate"],"picked":"Consecrate","floor":5.0},{"not_picked":["EmptyBody","Bane","Replay:BluntJabs"],"picked":"SKIP","floor":6.0},{"not_picked":["Bouncing Flask","Prostrate"],"picked":"ConjureBlade","floor":8.0},{"not_picked":["EmptyFist","Replay:AtTheReady"],"picked":"PathToVictory","floor":10.0},{"not_picked":["InnerPeace","SandsOfTime"],"picked":"Conclude","floor":14.0},{"not_picked":["Deadly Poison","WreathOfFlame"],"picked":"Vengeance","floor":15.0},{"not_picked":["Brilliance","Vault"],"picked":"MasterReality","floor":16},{"not_picked":["Protect+1","Replay:Battleflow"],"picked":"BattleHymn","floor":18},{"not_picked":["Replay:AtTheReady","Weave","Swivel"],"picked":"SKIP","floor":19}],"player_experience":535684,"relics_obtained":[{"floor":6.0,"key":"Girya"},{"floor":8.0,"key":"Dream Catcher"},{"floor":9.0,"key":"Ornamental Fan"},{"floor":17,"key":"Bag of Marbles"},{"floor":17,"key":"Replay:WaspNest"},{"floor":17,"key":"hubris:GlazedTorus"}],"event_choices":[{"damage_healed":0.0,"max_hp_gain":0.0,"max_hp_loss":0.0,"gold_gain":175.0,"event_name":"Liars Game","player_choice":"AGREE","floor":4.0,"gold_loss":0.0,"damage_taken":0.0,"cards_obtained":["Doubt"]},{"damage_healed":0.0,"max_hp_gain":0.0,"max_hp_loss":0.0,"gold_gain":0.0,"event_name":"WeMeetAgain","player_choice":"Gave Potion","floor":7.0,"gold_loss":0.0,"damage_taken":0.0,"relics_obtained":["TeardropLocket"]},{"cards_removed":["Doubt"],"damage_healed":0.0,"max_hp_gain":0.0,"max_hp_loss":0.0,"gold_gain":0.0,"event_name":"Living Wall","player_choice":"Forget","floor":11.0,"gold_loss":0.0,"damage_taken":0.0}],"is_beta":false,"boss_relics":[{"not_picked":["Replay:Wanted Poster","ChewingGum"],"picked":"Replay:Grab Bag"},{"not_picked":["Busted Crown","Fusion Hammer"],"picked":"vexMod:TanglingVine"},{"not_picked":["vexMod:FluxCapacitor","hubris:CrackedHourglass"],"picked":"Cursed Key"},{"not_picked":["Pandora\u0027s Box","hubris:BlackHole"],"picked":"Calling Bell"},{"not_picked":["aspiration:SilentSkillbook","Snecko Eye"],"picked":"Kintsugi"}],"items_purged_floors":[13,20],"is_endless":false,"potions_floor_spawned":[3,8,16,19],"killed_by":"Snake Plant","ascension_level":3}}