{"host":"yiit85oc4oi3nqs8","time":1609519094,"event":{"mods":["AchievementEnabler","BaseMod","Better Third Choice","Block Reminder","DeckTracker","Highlight Path","Keyboard Shortcuts","Minty Spire (QoL Compilation)","MonsterHotkey","Quick Restart","Random Character Button","Relic Stats","StSLib"],"gold_per_floor":[115,40,40,53,53,53,53,82,82,82,82,82,82,82,82,92,92,92,106,106,106,124,124,81,81,81,81,158,158,170,185,185,201,220,234,234,234],"floor_reached":36,"playtime":1009,"items_purged":[],"score":670,"play_id":"c9288d8d-45b4-4097-803a-c27c157cf425","local_time":"20210102013814","is_ascension_mode":true,"campfire_choices":[{"data":"Dark Embrace","floor":6.0,"key":"SMITH"},{"data":"Sword Boomerang","floor":7.0,"key":"SMITH"},{"data":"Bash","floor":11.0,"key":"SMITH"},{"data":"Defend_R","floor":12.0,"key":"SMITH"},{"data":"Fire Breathing","floor":20.0,"key":"SMITH"},{"data":"Defend_R","floor":21.0,"key":"SMITH"},{"data":"Metallicize","floor":25.0,"key":"SMITH"},{"data":"Juggernaut","floor":26.0,"key":"SMITH"},{"data":"Defend_R","floor":27.0,"key":"SMITH"}],"circlet_count":0,"master_deck":["AscendersBane","Strike_R","Strike_R","Strike_R","Defend_R+1","Defend_R","Defend_R+1","Defend_R+1","Bash+1","Dark Embrace+1","Sword Boomerang+1","Fire Breathing+1","Fire Breathing+1","Juggernaut+1","Metallicize+1","Reaper","Fire Breathing","Rupture","Corruption"],"relics":["Burning Blood","Champion Belt","Pen Nib","Mummified Hand","Ancient Tea Set","SlaversCollar","Nloth\u0027s Gift"],"acts_visited":["Exordium","TheCity"],"potions_floor_usage":[34,36],"damage_taken":[{"damage":0.0,"enemies":"Small Slimes","floor":1.0,"turns":1.0},{"damage":0.0,"enemies":"Jaw Worm","floor":4.0,"turns":1.0},{"damage":0.0,"enemies":"Gremlin Nob","floor":8.0,"turns":1.0},{"damage":0.0,"enemies":"Cultist","floor":16.0,"turns":3.0},{"damage":7.0,"enemies":"Exordium Wildlife","floor":19.0,"turns":5.0},{"damage":29.0,"enemies":"Gremlin Gang","floor":22.0,"turns":4.0},{"damage":0.0,"enemies":"Slime Boss","floor":28.0,"turns":5.0},{"damage":24.0,"enemies":"Shell Parasite","floor":30.0,"turns":6.0},{"damage":5.0,"enemies":"Chosen","floor":31.0,"turns":3.0},{"damage":51.0,"enemies":"3 Cultists","floor":33.0,"turns":5.0},{"damage":33,"enemies":"Snake Plant","floor":34,"turns":6},{"damage":16,"enemies":"Centurion and Healer","floor":35,"turns":7},{"damage":20,"enemies":"Slavers","floor":36,"turns":1}],"seed_played":"4057575337655311311","potions_obtained":[{"floor":1.0,"key":"LiquidMemories"},{"floor":4.0,"key":"FearPotion"},{"floor":22.0,"key":"Fruit Juice"},{"floor":28.0,"key":"Strength Potion"},{"floor":34,"key":"Ancient Potion"},{"floor":35,"key":"Explosive Potion"}],"is_trial":false,"path_per_floor":["M","?","?","M","T","R","R","E","?","E","R","R","T","T","T","M","$","?","M","R","R","M","$","?","R","R","R","B",null,"M","M","?","M","M","M","E"],"character_chosen":"IRONCLAD","items_purchased":["Metallicize"],"campfire_rested":0,"item_purchase_floors":[24],"current_hp_per_floor":[74,74,67,73,73,73,73,75,75,75,75,75,75,75,75,75,75,75,74,74,74,56,56,56,56,56,56,62,76,58,59,59,35,12,8,0,0],"gold":234,"neow_bonus":"THREE_ENEMY_KILL","is_daily":false,"chose_seed":false,"campfire_upgraded":9,"win_rate":0.0,"timestamp":1609519094,"path_taken":["M","?","?","M","?","R","R","E","?","E","R","R","T","T","T","?","$","?","M","R","R","M","?","?","R","R","R","BOSS","M","M","?","?","?","M","E"],"items_purchased_type":["Card"],"build_version":"2020-12-22","purchased_purges":0,"victory":false,"max_hp_per_floor":[75,75,75,75,75,75,75,75,75,75,75,75,75,75,75,75,75,75,75,75,75,80,80,80,80,80,80,80,80,80,80,80,80,80,80,80,80],"relic_stats":{"counters":[13,48],"Mummified Hand":[56],"Pen Nib":[6],"Nloth\u0027s Gift":1,"Champion Belt":[12],"obtain_stats":[{"SlaversCollar":29,"NeowsBlessing":0,"Mummified Hand":13,"Pen Nib":8,"Nloth\u0027s Gift":32,"Champion Belt":5,"Ancient Tea Set":14,"Burning Blood":0},{"SlaversCollar":7,"NeowsBlessing":0,"Mummified Hand":3,"Pen Nib":3,"Nloth\u0027s Gift":9,"Champion Belt":2,"Ancient Tea Set":3,"Burning Blood":0},{"SlaversCollar":20,"NeowsBlessing":0,"Mummified Hand":3,"Pen Nib":3,"Nloth\u0027s Gift":29,"Champion Belt":2,"Ancient Tea Set":3,"Burning Blood":0}],"Burning Blood":62},"card_choices":[{"not_picked":["Bloodletting","Perfected Strike"],"picked":"Dark Embrace","floor":1.0},{"not_picked":["Infernal Blade","Perfected Strike"],"picked":"Sword Boomerang","floor":4.0},{"not_picked":["Clothesline","Warcry"],"picked":"Fire Breathing","floor":8.0},{"not_picked":["Dropkick","Shockwave"],"picked":"Fire Breathing","floor":16.0},{"not_picked":["Body Slam","Flex","True Grit"],"picked":"SKIP","floor":19.0},{"not_picked":["Hemokinesis","Flex"],"picked":"Juggernaut","floor":22.0},{"not_picked":["Juggernaut","Bludgeon"],"picked":"Reaper","floor":28.0},{"not_picked":["Perfected Strike","Rage"],"picked":"Fire Breathing","floor":30.0},{"not_picked":["Evolve+1","Flex"],"picked":"Rupture","floor":31.0},{"not_picked":["Reckless Charge","True Grit","Clothesline"],"picked":"SKIP","floor":33.0},{"not_picked":["Pummel","Flame Barrier"],"picked":"Corruption","floor":34},{"not_picked":["Sword Boomerang","Seeing Red","Body Slam"],"picked":"SKIP","floor":35}],"player_experience":428794,"relics_obtained":[{"floor":5.0,"key":"Champion Belt"},{"floor":8.0,"key":"Pen Nib"},{"floor":13.0,"key":"Mummified Hand"},{"floor":14.0,"key":"Ancient Tea Set"}],"event_choices":[{"cards_removed":["Strike_R"],"damage_healed":0.0,"max_hp_gain":0.0,"max_hp_loss":0.0,"gold_gain":0.0,"event_name":"The Cleric","player_choice":"Card Removal","floor":2.0,"gold_loss":75.0,"damage_taken":0.0},{"cards_removed":["Strike_R"],"damage_healed":0.0,"max_hp_gain":0.0,"max_hp_loss":0.0,"gold_gain":0.0,"event_name":"Golden Wing","player_choice":"Card Removal","floor":3.0,"gold_loss":0.0,"damage_taken":7.0},{"damage_healed":0.0,"max_hp_gain":0.0,"max_hp_loss":0.0,"gold_gain":0.0,"event_name":"Accursed Blacksmith","player_choice":"Forge","floor":9.0,"gold_loss":0.0,"damage_taken":0.0,"cards_upgraded":["Fire Breathing"]},{"damage_healed":0.0,"max_hp_gain":0.0,"max_hp_loss":0.0,"gold_gain":0.0,"event_name":"N\u0027loth","player_choice":"Traded Relic","floor":32.0,"relics_lost":["NeowsBlessing"],"gold_loss":0.0,"damage_taken":0.0,"relics_obtained":["Nloth\u0027s Gift"]}],"is_beta":false,"boss_relics":[{"not_picked":["Busted Crown","Empty Cage"],"picked":"SlaversCollar"}],"items_purged_floors":[],"is_endless":false,"potions_floor_spawned":[1,4,22,28,30,34,35],"killed_by":"Slavers","ascension_level":20}}