{"host":"ltca6yxwulbhza25","time":1609505250,"event":{"mods":["Astrologer","BaseMod","ChefMod","Colored Map","Colored Powertips","Minty Spire (QoL Compilation)","Quick Restart","Robot Space Explorer","StSLib","The Blue Laboratory","The Cursed"],"gold_per_floor":[110,121,121,75,90,115,115],"floor_reached":6,"playtime":580,"items_purged":[],"score":46,"play_id":"5fac48f1-0a70-488b-8844-562d65cdb5db","local_time":"20210101204730","is_ascension_mode":false,"campfire_choices":[],"circlet_count":0,"master_deck":["astrologer:Strike","astrologer:Strike","astrologer:Strike","astrologer:Strike","astrologer:Defend","astrologer:Defend","astrologer:Defend","astrologer:Defend","astrologer:NorthStar","astrologer:TheFool","astrologer:Still","astrologer:FadingStar","astrologer:MeteorShower","astrologer:Opposition"],"relics":["astrologer:SkyMirror","SsserpentHead","Frozen Egg 2"],"acts_visited":["Exordium"],"potions_floor_usage":[6],"damage_taken":[{"damage":4,"enemies":"Cultist","floor":1,"turns":4},{"damage":0,"enemies":"Small Slimes","floor":2,"turns":4},{"damage":2,"enemies":"Jaw Worm","floor":5,"turns":3},{"damage":40,"enemies":"3 Sentries","floor":6,"turns":16}],"seed_played":"-9051687242291378128","potions_obtained":[{"floor":5,"key":"SteroidPotion"}],"is_trial":false,"path_per_floor":["M","M","?","$","M","E"],"character_chosen":"ASTROLOGER","items_purchased":["astrologer:MeteorShower"],"campfire_rested":0,"item_purchase_floors":[4],"current_hp_per_floor":[73,73,73,73,71,31,31],"gold":115,"neow_bonus":"TEN_PERCENT_HP_BONUS","is_daily":false,"chose_seed":false,"campfire_upgraded":0,"win_rate":0.0,"timestamp":1609505250,"path_taken":["M","M","?","$","M","E"],"items_purchased_type":["Card"],"build_version":"2020-12-22","purchased_purges":0,"victory":false,"max_hp_per_floor":[77,77,77,77,77,77,77],"card_choices":[{"not_picked":["astrologer:SpaceDust","astrologer:SolarFlare"],"picked":"astrologer:Still","floor":1},{"not_picked":["astrologer:Stardust","astrologer:TheDevil"],"picked":"astrologer:FadingStar","floor":2},{"not_picked":["astrologer:Moonlight","astrologer:SpaceDust"],"picked":"astrologer:Opposition","floor":5}],"player_experience":23575,"relics_obtained":[{"floor":6,"key":"Frozen Egg 2"}],"event_choices":[{"damage_healed":0,"gold_gain":0,"player_choice":"Trade","damage_taken":0,"relics_obtained":["SsserpentHead"],"max_hp_gain":0,"max_hp_loss":0,"event_name":"FaceTrader","floor":3,"gold_loss":0}],"is_beta":false,"boss_relics":[],"items_purged_floors":[],"is_endless":false,"potions_floor_spawned":[5],"killed_by":"3 Sentries","ascension_level":0}}