{"host":"ilxricga2547gmyy","time":1609500158,"event":{"mods":["AchievementEnabler","BaseMod","Minty Spire (QoL Compilation)","Quick Restart","StSLib"],"gold_per_floor":[117,129,148,161,174,204,221,246,270,290,308,334,334,294,294,294,294],"floor_reached":16,"playtime":491,"items_purged":[],"score":214,"play_id":"19a95755-ef77-4d03-8311-6a1ba655278d","local_time":"20210101122238","is_ascension_mode":true,"campfire_choices":[{"floor":15.0,"key":"REST"}],"circlet_count":0,"master_deck":["AscendersBane","Strike_R","Strike_R","Strike_R","Strike_R","Strike_R","Defend_R","Defend_R","Defend_R","Defend_R","Bash","Cleave","Twin Strike","Pummel","Pommel Strike","Clash","Shockwave","Battle Trance","Flame Barrier","Uppercut","Burning Pact","Burning Pact"],"relics":["Burning Blood","Meat on the Bone","Akabeko","MealTicket","Strawberry","Golden Idol"],"acts_visited":["Exordium"],"potions_floor_usage":[16,16],"damage_taken":[{"damage":11.0,"enemies":"Cultist","floor":1.0,"turns":4.0},{"damage":7.0,"enemies":"Jaw Worm","floor":2.0,"turns":3.0},{"damage":20.0,"enemies":"Small Slimes","floor":3.0,"turns":3.0},{"damage":8.0,"enemies":"Red Slaver","floor":4.0,"turns":3.0},{"damage":13.0,"enemies":"3 Louse","floor":5.0,"turns":2.0},{"damage":30.0,"enemies":"Lagavulin","floor":6.0,"turns":5.0},{"damage":2.0,"enemies":"Exordium Thugs","floor":7.0,"turns":4.0},{"damage":15.0,"enemies":"3 Sentries","floor":8.0,"turns":5.0},{"damage":0.0,"enemies":"Looter","floor":10.0,"turns":1.0},{"damage":0.0,"enemies":"Blue Slaver","floor":11.0,"turns":2.0},{"damage":26.0,"enemies":"Lagavulin","floor":12.0,"turns":6.0},{"damage":63,"enemies":"Slime Boss","floor":16,"turns":8}],"seed_played":"-7535319321919610797","potions_obtained":[{"floor":5.0,"key":"FearPotion"},{"floor":6.0,"key":"SpeedPotion"},{"floor":7.0,"key":"SteroidPotion"},{"floor":8.0,"key":"GamblersBrew"},{"floor":10.0,"key":"LiquidBronze"},{"floor":11.0,"key":"Block Potion"},{"floor":14.0,"key":"SpeedPotion"},{"floor":14.0,"key":"PowerPotion"}],"is_trial":false,"path_per_floor":["M","M","M","M","M","E","M","E","T","M","M","E","?","?","R","B"],"character_chosen":"IRONCLAD","items_purchased":[],"campfire_rested":1,"item_purchase_floors":[],"current_hp_per_floor":[75,74,60,58,51,27,43,46,46,52,58,57,34,34,62,0,0],"gold":294,"neow_bonus":"TEN_PERCENT_HP_BONUS","is_daily":false,"chose_seed":false,"campfire_upgraded":0,"win_rate":0.0,"timestamp":1609500158,"path_taken":["M","M","M","M","?","E","M","E","T","M","M","E","?","?","R","BOSS"],"items_purchased_type":[],"build_version":"2020-12-22","purchased_purges":0,"victory":false,"max_hp_per_floor":[88,88,88,88,88,88,88,88,88,88,88,95,95,95,95,95,95],"card_choices":[{"not_picked":["Clothesline","Anger"],"picked":"Cleave","floor":1.0},{"not_picked":["Exhume","Iron Wave"],"picked":"Twin Strike","floor":2.0},{"not_picked":["Thunderclap","Sword Boomerang"],"picked":"Pummel","floor":3.0},{"not_picked":["Dark Embrace","Twin Strike"],"picked":"Pommel Strike","floor":4.0},{"not_picked":["Cleave","Combust"],"picked":"Clash","floor":5.0},{"not_picked":["Heavy Blade","Flex"],"picked":"Shockwave","floor":6.0},{"not_picked":["Carnage","Blood for Blood"],"picked":"Battle Trance","floor":7.0},{"not_picked":["Pummel","Warcry"],"picked":"Flame Barrier","floor":8.0},{"not_picked":["Warcry","Entrench"],"picked":"Uppercut","floor":10.0},{"not_picked":["Warcry","Uppercut"],"picked":"Burning Pact","floor":11.0},{"not_picked":["True Grit","Ghostly Armor"],"picked":"Burning Pact","floor":12.0}],"player_experience":271402,"relics_obtained":[{"floor":6.0,"key":"Meat on the Bone"},{"floor":8.0,"key":"Akabeko"},{"floor":9.0,"key":"MealTicket"},{"floor":12.0,"key":"Strawberry"}],"event_choices":[{"damage_healed":0.0,"max_hp_gain":0.0,"max_hp_loss":0.0,"gold_gain":0.0,"event_name":"Golden Idol","player_choice":"Take Damage","floor":13.0,"gold_loss":0.0,"damage_taken":23.0,"relics_obtained":["Golden Idol"]},{"damage_healed":0.0,"max_hp_gain":0.0,"max_hp_loss":0.0,"gold_gain":0.0,"event_name":"The Woman in Blue","player_choice":"Bought 3 Potions","floor":14.0,"gold_loss":0.0,"damage_taken":0.0}],"is_beta":false,"boss_relics":[],"items_purged_floors":[],"is_endless":false,"potions_floor_spawned":[5,6,7,8,10,11],"killed_by":"Slime Boss","ascension_level":10}}