{"host":"vfg9szunmpjwj08o","time":1609540383,"event":{"mods":["Act Like it!","BaseMod","Challenge The Spire","Colored Map","Colored Powertips","Minty Spire (QoL Compilation)","StSLib","Waifu the Spire"],"gold_per_floor":[359,373,373,24,39,68,68,87,87,87,119,136,136,46,46,142,142,82,56,56,6,6,6,6],"floor_reached":23,"playtime":914,"items_purged":["Strike_B"],"score":392,"play_id":"4a176fb5-537b-4769-9536-273c5a7e7715","local_time":"20210101233303","is_ascension_mode":true,"campfire_choices":[{"data":"Zap","floor":7,"key":"SMITH"},{"data":"Dualcast","floor":10,"key":"SMITH"},{"data":"Defragment","floor":15,"key":"SMITH"}],"circlet_count":0,"master_deck":["AscendersBane","Strike_B","Strike_B","Strike_B","Defend_B","Defend_B","Defend_B","Defend_B","Zap+1","Dualcast+1","Defragment+1","Self Repair","Scrape","Bandage Up","Coolheaded","Reinforced Body","Defragment","Creative AI","Gash","Self Repair","Seek","Glacier","Go for the Eyes","Skim"],"relics":["Cracked Core","Kunai","StoneCalendar","WingedGreaves","Golden Idol","Ectoplasm"],"acts_visited":["Exordium","TheCity"],"potions_floor_usage":[6,23,23],"damage_taken":[{"damage":13,"enemies":"Small Slimes","floor":1,"turns":4},{"damage":11,"enemies":"Jaw Worm","floor":2,"turns":4},{"damage":6,"enemies":"Cultist","floor":5,"turns":3},{"damage":10,"enemies":"3 Sentries","floor":6,"turns":7},{"damage":16,"enemies":"3 Louse","floor":8,"turns":3},{"damage":6,"enemies":"Lagavulin","floor":11,"turns":7},{"damage":3,"enemies":"Blue Slaver","floor":12,"turns":4},{"damage":36,"enemies":"The Guardian","floor":16,"turns":9},{"damage":33,"enemies":"2 Thieves","floor":18,"turns":3},{"damage":9,"enemies":"Spheric Guardian","floor":20,"turns":4},{"damage":17,"enemies":"Snake Plant","floor":22,"turns":7},{"damage":49,"enemies":"Slavers","floor":23,"turns":6}],"seed_played":"7352752997297243227","potions_obtained":[{"floor":1,"key":"ColorlessPotion"},{"floor":6,"key":"SpeedPotion"},{"floor":16,"key":"SpeedPotion"},{"floor":20,"key":"EssenceOfSteel"},{"floor":22,"key":"PowerPotion"}],"is_trial":false,"path_per_floor":["M","M","?","$","M","E","R","M","T","R","E","M","?","$","R","B",null,"M","$","M","?","M","E"],"character_chosen":"DEFECT","items_purchased":["Self Repair","Scrape","Bandage Up","Gash","Self Repair","Go for the Eyes"],"campfire_rested":0,"item_purchase_floors":[4,4,4,14,14,19],"current_hp_per_floor":[51,40,40,40,45,41,41,29,29,29,34,42,42,42,42,24,54,25,25,34,34,35,0,0],"gold":6,"neow_bonus":"TWO_FIFTY_GOLD","is_daily":false,"chose_seed":false,"campfire_upgraded":3,"win_rate":0.0,"timestamp":1609540383,"path_taken":["M","M","?","$","M","E","R","M","T","R","E","M","?","$","R","BOSS","M","$","M","?","M","E"],"items_purchased_type":["Card","Card","Card","Card","Card","Card"],"build_version":"2020-12-22","purchased_purges":1,"victory":false,"max_hp_per_floor":[71,71,71,71,71,71,71,71,71,71,71,71,64,64,64,64,64,64,64,64,64,64,64,64],"card_choices":[{"not_picked":["Consume","Sweeping Beam","Streamline"],"picked":"SKIP","floor":1},{"not_picked":["FTL","Turbo"],"picked":"Defragment","floor":2},{"not_picked":["Melter","Conserve Battery"],"picked":"Coolheaded","floor":5},{"not_picked":["Steam Power","Beam Cell"],"picked":"Reinforced Body","floor":6},{"not_picked":["Go for the Eyes","Streamline"],"picked":"Defragment","floor":8},{"not_picked":["Fusion","Conserve Battery"],"picked":"Creative AI","floor":11},{"not_picked":["Stack","Consume","Steam"],"picked":"SKIP","floor":12},{"not_picked":["Rainbow","Multi-Cast"],"picked":"Seek","floor":16},{"not_picked":["Coolheaded","Tempest"],"picked":"Glacier","floor":18},{"not_picked":["Steam","Ball Lightning"],"picked":"Skim","floor":20},{"not_picked":["Go for the Eyes+1","Steam","Streamline"],"picked":"SKIP","floor":22}],"player_experience":1028712,"relics_obtained":[{"floor":6,"key":"Kunai"},{"floor":9,"key":"StoneCalendar"},{"floor":11,"key":"WingedGreaves"}],"event_choices":[{"cards_removed":["Regret"],"damage_healed":0,"gold_gain":0,"player_choice":"Forget","damage_taken":0,"max_hp_gain":0,"max_hp_loss":0,"event_name":"Living Wall","floor":3,"gold_loss":0},{"damage_healed":0,"gold_gain":0,"player_choice":"Lose Max HP","damage_taken":0,"relics_obtained":["Golden Idol"],"max_hp_gain":0,"max_hp_loss":7,"event_name":"Golden Idol","floor":13,"gold_loss":0},{"damage_healed":0,"gold_gain":100,"player_choice":"Bet on Murderer","damage_taken":0,"max_hp_gain":0,"max_hp_loss":0,"event_name":"The Joust","floor":21,"gold_loss":50}],"is_beta":false,"boss_relics":[{"not_picked":["Philosopher\u0027s Stone","Nuclear Battery"],"picked":"Ectoplasm"}],"items_purged_floors":[4],"is_endless":false,"potions_floor_spawned":[1,6,16,20,22],"killed_by":"Slavers","ascension_level":19}}