{"host":"wy23tj84iquxuyyu","time":1609485802,"event":{"mods":["Aspiration","BaseMod","Better Note","Colored Map","Fireblade Mod","Hermit","Marked Mod","Minty Spire (QoL Compilation)","Random Character Button","Rare Cards Sparkle","Relic Stats","Replay The Spire","Retaliation","Shade Mod","Spicy Shops","StSLib","The Cursed","The Death Knight","The Necromancer","Trackpad"],"gold_per_floor":[117,172,190,38,106,106,124,165,165,193,229,244,282,305,305,417,417,437,453,453,469,469,469,487,198,249,269,269,269,297,222,222,325,325,339,339,356,384,83,83,121,146,146,176,196,25,44,44,44,50],"floor_reached":51,"playtime":3306,"items_purged":["Shade:Strike_Shade"],"score":1096,"play_id":"dd8e78f5-02f5-416b-8344-fd2ec48bf41a","local_time":"20210101022322","is_ascension_mode":false,"campfire_choices":[{"floor":6.0,"key":"REST"},{"data":"Shade:SkeletonArmy","floor":15,"key":"SMITH"},{"floor":23,"key":"REST"},{"floor":29,"key":"REST"},{"data":"Shade:SkeletonArmy","floor":32,"key":"SMITH"},{"floor":40,"key":"REST"},{"floor":49,"key":"REST"}],"circlet_count":0,"master_deck":["Shade:Strike_Shade","Shade:Strike_Shade","Shade:Defend_Shade","Shade:Defend_Shade","Shade:Defend_Shade","Shade:Defend_Shade","Shade:AnimateDead","Shade:CarefulCut","Shade:FleshToFlesh","Shade:CommandSoldier","Shade:FingerOfDeath","Shade:FreshBones","Shade:FreshBones","Shade:SkeletonArmy+1","Shade:Patience","Shade:Bonestorm","Shade:FreshBones","Shade:FleshToFlesh","Shade:PressTheAttack","Shade:SkeletonArmy+1","Shade:Trample","Shade:Bonestorm","Specialist+1","Shade:CommandSoldier","Thinking Ahead","Enlightenment+1","Master of Strategy","Shade:StitchTogether+1","Shade:Bonestorm+1","Shade:FreshBones","Shade:Coordination+1","Shade:AblativeArmor+1","Shade:AuraOfUnlife+1","Shade:SanguineRitual+1","Shade:Putrefaction+1","Shade:GraveStillness+1","Shade:GraveStillness","Shade:Frenzy+1","Shade:Frenzy+1","Shade:AuraOfUnlife+1","Pride"],"relics":["Shade:YorickSkull","ReplayTheSpireMod:Shallot","Replay:Bandana","aspiration:Lifesprig","Frozen Egg 2","Replay:Rubber Ducky","Gambling Chip","Honey Jar","BargainBundle","ReplayTheSpireMod:ShopPack","Akabeko","MutagenicStrength","Replay:Bottled Steam","Fusion Hammer","Regal Pillow","Orrery","Mummified Hand","Question Card","aspiration:KaomsHeart"],"acts_visited":["Exordium","TheCity","TheBeyond"],"potions_floor_usage":[8,16,16,18,19,33,44,44,50,50,50],"damage_taken":[{"damage":0.0,"enemies":"Small Slimes","floor":1.0,"turns":4.0},{"damage":0.0,"enemies":"2 Louse","floor":3.0,"turns":2.0},{"damage":0.0,"enemies":"Jaw Worm","floor":7.0,"turns":3.0},{"damage":0,"enemies":"3 Sentries","floor":8,"turns":5},{"damage":0,"enemies":"Large Slime","floor":10,"turns":5},{"damage":0,"enemies":"Replay:BlueRogue","floor":11,"turns":4},{"damage":0,"enemies":"Lots of Slimes","floor":12,"turns":3},{"damage":0,"enemies":"3 Sentries","floor":13,"turns":8},{"damage":0,"enemies":"Exordium Thugs","floor":14,"turns":3},{"damage":17,"enemies":"Fading Forest","floor":16,"turns":11},{"damage":0,"enemies":"Shell Parasite","floor":18,"turns":3},{"damage":19,"enemies":"2 Thieves","floor":19,"turns":3},{"damage":16,"enemies":"Shelled Parasite and Fungi","floor":21,"turns":6},{"damage":7,"enemies":"Snake Plant","floor":24,"turns":3},{"damage":0,"enemies":"Sentry and Sphere","floor":27,"turns":3},{"damage":1,"enemies":"Replay:Snechameleon","floor":30,"turns":3},{"damage":2,"enemies":"Pondfish","floor":33,"turns":6},{"damage":6,"enemies":"3 Darklings","floor":35,"turns":2},{"damage":0,"enemies":"3 Shapes","floor":37,"turns":2},{"damage":0,"enemies":"Writhing Mass","floor":38,"turns":3},{"damage":0,"enemies":"Giant Head","floor":41,"turns":5},{"damage":0,"enemies":"Transient","floor":42,"turns":5},{"damage":2,"enemies":"Jaw Worm Horde","floor":44,"turns":2},{"damage":0,"enemies":"3 Darklings","floor":45,"turns":2},{"damage":0,"enemies":"4 Shapes","floor":47,"turns":2},{"damage":59,"enemies":"Time Eater","floor":50,"turns":7}],"seed_played":"-8240285786296140310","potions_obtained":[{"floor":1.0,"key":"Explosive Potion"},{"floor":2.0,"key":"Cursed Concoction"},{"floor":13,"key":"AttackPotion"},{"floor":14,"key":"Fire Potion"},{"floor":16,"key":"Energy Potion"},{"floor":20,"key":"Swift Potion"},{"floor":20,"key":"Languid Potion"},{"floor":20,"key":"LiquidBronze"},{"floor":27,"key":"GamblersBrew"},{"floor":30,"key":"Fire Potion"},{"floor":33,"key":"EssenceOfSteel"},{"floor":41,"key":"EssenceOfSteel"}],"is_trial":false,"path_per_floor":["M","?","M","$","?","R","M","E","T","M","E","M","E","M","R","B",null,"M","M","?","M","?","R","M","$","T","M","?","R","E","?","R","B",null,"M","?","M","M","$","R","E","M","T","M","M","$","M","$","R","B",null],"character_chosen":"SHADE","items_purchased":["Replay:Bandana","BargainBundle","Shade:Bonestorm","Specialist+1","Shade:CommandSoldier","Fire Potion","ReplayTheSpireMod:ShopPack","Block Potion","Shade:StitchTogether+1","Shade:AuraOfUnlife+1","Regal Pillow","Orrery","Shade:AuraOfUnlife+1","aspiration:KaomsHeart","aspiration:KMNothing","aspiration:KMNothing","aspiration:KMNothing","aspiration:KMNothing","aspiration:KMNothing","aspiration:KMNothing"],"campfire_rested":5,"item_purchase_floors":[4,25,25,25,25,25,25,25,25,39,39,39,46,46,48,48,48,48,48,48],"current_hp_per_floor":[71,43,43,43,43,64,64,64,64,64,64,64,64,64,64,57,71,71,52,52,36,36,57,50,50,50,50,50,71,70,70,70,68,71,65,65,65,65,65,71,71,71,71,69,69,169,169,169,171,112],"gold":50,"neow_bonus":"TEN_PERCENT_HP_BONUS","is_daily":false,"chose_seed":false,"campfire_upgraded":2,"win_rate":0.0,"timestamp":1609485802,"path_taken":["M","?","M","$","?","R","M","E","T","M","E","M","E","M","R","BOSS","M","M","?","M","?","R","M","$","T","?","?","R","E","?","R","BOSS","M","?","M","M","$","R","E","?","T","M","M","$","M","$","R","BOSS"],"items_purchased_type":["Relic","Relic","Card","Card","Card","Potion","Relic","Potion","Card","Card","Relic","Relic","Card","Relic","Relic","Relic","Relic","Relic","Relic","Relic"],"build_version":"2020-12-22","purchased_purges":1,"victory":true,"max_hp_per_floor":[71,71,71,71,71,71,71,71,71,71,71,71,71,71,71,71,71,71,71,71,71,71,71,71,71,71,71,71,71,71,71,71,71,71,71,71,71,71,71,71,71,71,71,71,71,171,171,171,171,171],"relic_stats":{"Regal Pillow":0,"counters":[26,105],"Mummified Hand":[18],"Gambling Chip":[38],"Question Card":3,"obtain_stats":[{"aspiration:Lifesprig":8,"BargainBundle":25,"Regal Pillow":39,"Shade:YorickSkull":0,"Frozen Egg 2":9,"Question Card":43,"Akabeko":26,"Replay:Rubber Ducky":11,"Replay:Bandana":4,"ReplayTheSpireMod:Shallot":2,"Mummified Hand":41,"Gambling Chip":13,"MutagenicStrength":28,"Honey Jar":17,"Orrery":39,"aspiration:KaomsHeart":46,"Fusion Hammer":34,"ReplayTheSpireMod:ShopPack":25,"Replay:Bottled Steam":30},{"aspiration:Lifesprig":4,"BargainBundle":14,"Regal Pillow":20,"Shade:YorickSkull":0,"Frozen Egg 2":4,"Question Card":22,"Akabeko":14,"Replay:Rubber Ducky":6,"Replay:Bandana":2,"ReplayTheSpireMod:Shallot":1,"Mummified Hand":21,"Gambling Chip":8,"MutagenicStrength":15,"Honey Jar":10,"Orrery":20,"aspiration:KaomsHeart":24,"Fusion Hammer":17,"ReplayTheSpireMod:ShopPack":14,"Replay:Bottled Steam":16},{"aspiration:Lifesprig":14,"BargainBundle":63,"Regal Pillow":82,"Shade:YorickSkull":0,"Frozen Egg 2":14,"Question Card":92,"Akabeko":63,"Replay:Rubber Ducky":23,"Replay:Bandana":6,"ReplayTheSpireMod:Shallot":4,"Mummified Hand":87,"Gambling Chip":34,"MutagenicStrength":66,"Honey Jar":48,"Orrery":82,"aspiration:KaomsHeart":96,"Fusion Hammer":75,"ReplayTheSpireMod:ShopPack":63,"Replay:Bottled Steam":69}]},"card_choices":[{"not_picked":["Shade:GreyBargain","Shade:WallOfFlesh"],"picked":"Shade:FleshToFlesh","floor":1.0},{"not_picked":["Shade:Frenzy","Shade:ClawBack"],"picked":"Shade:CommandSoldier","floor":2.0},{"not_picked":["Shade:CoffinDance","Shade:WallOfFlesh"],"picked":"Shade:FingerOfDeath","floor":3.0},{"not_picked":["Shade:CallWraith","Shade:Premonition"],"picked":"Shade:FreshBones","floor":7.0},{"not_picked":["Shade:GreyBargain","Shade:BoneShards"],"picked":"Shade:FreshBones","floor":8},{"not_picked":["Shade:FeralStrike","Shade:ExtraLimbs"],"picked":"Shade:SkeletonArmy","floor":10},{"not_picked":["Shade:Awaken","Shade:AncientSpear"],"picked":"Shade:Patience","floor":11},{"not_picked":["Shade:SpontaneousRitual","Shade:FleshLikeOak","Shade:RavenousHorde"],"picked":"SKIP","floor":12},{"not_picked":["Shade:Frenzy","Shade:ClawBack"],"picked":"Shade:Bonestorm","floor":13},{"not_picked":["Shade:Bonestorm","Shade:OminousRitual"],"picked":"Shade:FreshBones","floor":14},{"not_picked":["Shade:CoffinDance","Shade:FuneraryArmor","Shade:SpectralStrikes+1"],"picked":"Shade:FleshToFlesh","floor":18},{"not_picked":["Shade:FreshBones","Shade:FingerOfDeath","Shade:Asphyxiate"],"picked":"Shade:PressTheAttack","floor":19},{"not_picked":["Shade:Consume","Shade:Brains","Shade:Frenzy+1"],"picked":"Shade:SkeletonArmy","floor":21},{"not_picked":["Shade:Awaken+1","Shade:RitualOffering","Shade:Excise"],"picked":"Shade:Trample","floor":24},{"not_picked":["Transmutation","Crow Ritual","Secret Weapon"],"picked":"Thinking Ahead","floor":25},{"not_picked":["Panache","PanicButton","Impatience"],"picked":"Enlightenment","floor":25},{"not_picked":["ReplayTheSpireMod:Trickstab","Midas Touch","Secret Weapon"],"picked":"Master of Strategy","floor":25},{"not_picked":["Shade:WallOfFlesh","Shade:Brains","Shade:FingerOfDeath"],"picked":"Shade:Bonestorm+1","floor":27},{"not_picked":["Shade:Haruspicy","Shade:Tombstone","Shade:Frenzy"],"picked":"Shade:FreshBones","floor":30},{"not_picked":["Shade:DarkOfNight","Shade:OfferingToTheBeyond+1","Shade:LichForm+1"],"picked":"Shade:Coordination+1","floor":33},{"not_picked":["Shade:AncientSpear+1","Shade:Brains+1","Shade:SensePrey"],"picked":"Shade:AblativeArmor+1","floor":35},{"not_picked":["Shade:CallWraith+1","Shade:CommandSoldier","Shade:FeralStrike+1","Shade:WallOfFlesh+1"],"picked":"SKIP","floor":37},{"not_picked":["Shade:CallWraith+1","Shade:CommandSoldier","Shade:FeralStrike+1","Shade:WallOfFlesh+1"],"picked":"SKIP","floor":37},{"not_picked":["Shade:SpontaneousRitual","Shade:Asphyxiate+1","Shade:FeralStrike+1","Shade:WallOfFlesh"],"picked":"SKIP","floor":38},{"not_picked":["Shade:SensePrey","Shade:TouchOfTheGrave+1","Shade:ClawBack"],"picked":"Shade:SanguineRitual+1","floor":39},{"not_picked":["Shade:FeralStrike","Shade:ScuttlingHand","Shade:AblativeArmor"],"picked":"Shade:Putrefaction+1","floor":39},{"not_picked":["Shade:FleshOffering+1","Shade:FeralStrike+1","Shade:ScuttlingHand"],"picked":"Shade:GraveStillness+1","floor":39},{"not_picked":["Shade:LyeBath","Shade:Brains+1","Shade:Frenzy"],"picked":"Shade:GraveStillness","floor":39},{"not_picked":["Shade:SpontaneousRitual","Shade:ExtraLimbs+1","Shade:GreyBargain+1"],"picked":"Shade:Frenzy+1","floor":39},{"not_picked":["Shade:StitchTogether+1","Shade:SensePrey+1","Shade:Awaken+1","Shade:FuneraryJewels+1"],"picked":"SKIP","floor":41},{"not_picked":["Shade:ExtraLimbs+1","Shade:FeralStrike","Shade:SkeletonHug","Shade:ClawBack"],"picked":"SKIP","floor":42},{"not_picked":["Shade:FeralStrike+1","Shade:AncientSpear","Shade:SanguineRitual+1","Shade:LoseControl"],"picked":"Shade:Frenzy+1","floor":44},{"not_picked":["Shade:Premonition+1","Shade:Asphyxiate","Shade:CloudOfShrapnel","Shade:Patience","Shade:GreyBargain"],"picked":"SKIP","floor":45},{"not_picked":["Shade:Haruspicy+1","Shade:FreshBones","Shade:Brains+1","Shade:WallOfFlesh","Shade:SpontaneousRitual+1"],"picked":"SKIP","floor":47}],"player_experience":866212,"relics_obtained":[{"floor":2.0,"key":"ReplayTheSpireMod:Shallot"},{"floor":8,"key":"aspiration:Lifesprig"},{"floor":9,"key":"Frozen Egg 2"},{"floor":11,"key":"Replay:Rubber Ducky"},{"floor":13,"key":"Gambling Chip"},{"floor":26,"key":"Akabeko"},{"floor":30,"key":"Replay:Bottled Steam"},{"floor":41,"key":"Mummified Hand"},{"floor":43,"key":"Question Card"}],"event_choices":[{"damage_healed":0.0,"max_hp_gain":0.0,"max_hp_loss":0.0,"gold_gain":68.0,"event_name":"Golden Wing","player_choice":"Gained Gold","floor":5.0,"gold_loss":0.0,"damage_taken":0.0},{"damage_healed":0,"gold_gain":0,"player_choice":"Got Potions","damage_taken":0,"max_hp_gain":0,"max_hp_loss":0,"event_name":"Lab","floor":20,"gold_loss":0},{"cards_removed":["Shade:SkeletonArmy"],"damage_healed":0,"gold_gain":0,"player_choice":"Give","damage_taken":0,"max_hp_gain":0,"max_hp_loss":0,"event_name":"betterNote:BetterNote","floor":22,"gold_loss":0,"cards_obtained":["TheCursedMod:OutForBlood"]},{"damage_healed":0,"gold_gain":0,"player_choice":"Inject Mutagens","damage_taken":0,"relics_obtained":["MutagenicStrength"],"max_hp_gain":0,"max_hp_loss":0,"event_name":"Drug Dealer","floor":28,"gold_loss":0},{"cards_removed":["Shade:Strike_Shade"],"damage_healed":0,"gold_gain":0,"player_choice":"Gave Gold","damage_taken":0,"max_hp_gain":0,"max_hp_loss":0,"event_name":"Beggar","floor":31,"gold_loss":75},{"damage_healed":0,"gold_gain":0,"player_choice":"Upgraded","damage_taken":0,"max_hp_gain":0,"max_hp_loss":0,"event_name":"Upgrade Shrine","floor":36,"gold_loss":0,"cards_upgraded":["Enlightenment"]}],"is_beta":false,"boss_relics":[{"not_picked":["Replay:Ancient Bell","Abe\u0027s Treasure"],"picked":"Honey Jar"},{"not_picked":["aspiration:PoetsPen_weak","Replay:Grab Bag"],"picked":"Fusion Hammer"}],"items_purged_floors":[25],"is_endless":false,"potions_floor_spawned":[1,13,14,16,27,30,33,37,41,42],"ascension_level":0}}