{"host":"jjunaul04msmo6r1","time":1609542765,"event":{"mods":["BaseMod","Better Third Choice","Booster Modes","Colored Map","Downfall","Minty Spire (QoL Compilation)","Relic Stats","StSLib","UnlockEverythingMod","everything is the same but u backflip on backflip"],"gold_per_floor":[99,113,131,148,248,258,258,287,303,303,303,213,213,227,242,242,242,242],"floor_reached":16,"playtime":1454,"items_purged":["champ:Strike"],"score":148,"play_id":"bbae90f7-639c-4525-bf83-63e6b8c21f3a","local_time":"20210101161245","is_ascension_mode":true,"campfire_choices":[{"data":"champ:Taunt","floor":1,"key":"SMITH"}],"circlet_count":0,"master_deck":["champ:Strike","champ:Defend","champ:Defend","champ:Execute","champ:Taunt+1","champ:GutPunch","champ:RisingSlash","champ:ArenaPreparation","champ:RapidStrikes+1","champ:RageSigil","champ:TornadoPunch","champ:Improvising","champ:RisingSlash","champ:DefensiveStyle"],"relics":["champ:ChampionCrown","Unceasing Top","downfall:BrokenWingStatue"],"acts_visited":["Exordium"],"potions_floor_usage":[5,8,12,16],"damage_taken":[{"damage":5,"enemies":"2 Louse","floor":2,"turns":2},{"damage":9,"enemies":"Small Slimes","floor":3,"turns":2},{"damage":9,"enemies":"Cultist","floor":4,"turns":3},{"damage":71,"enemies":"downfall:Heads","floor":5,"turns":6},{"damage":19,"enemies":"Exordium Wildlife","floor":6,"turns":3},{"damage":20,"enemies":"Gremlin Nob","floor":8,"turns":3},{"damage":15,"enemies":"3 Louse","floor":9,"turns":2},{"damage":34,"enemies":"downfall:FleeingMerchant","floor":12,"turns":4},{"damage":15,"enemies":"Large Slime","floor":14,"turns":2},{"damage":15,"enemies":"Gremlin Gang","floor":15,"turns":3},{"damage":18,"enemies":"downfall:Defect","floor":16,"turns":4}],"seed_played":"-1795234374679647897","potions_obtained":[{"floor":2,"key":"Guardian:BlockOnCardUsePotion"},{"floor":3,"key":"ColorlessPotion"},{"floor":4,"key":"SpeedPotion"},{"floor":6,"key":"Fire Potion"},{"floor":9,"key":"SneckoOil"}],"is_trial":false,"path_per_floor":["R","M","M","M","?","M","T","E","M","?","?","$","?","M","M","B"],"character_chosen":"THE_CHAMP","items_purchased":[],"campfire_rested":0,"item_purchase_floors":[],"current_hp_per_floor":[90,90,86,82,25,21,21,21,21,21,21,16,16,16,16,0,0,0],"gold":242,"neow_bonus":"TRANSFORM_CARD","is_daily":false,"chose_seed":false,"campfire_upgraded":1,"win_rate":0.0,"timestamp":1609542765,"path_taken":["R","M","M","M","?","M","T","E","M","?","?","$","?","M","M","BOSS"],"items_purchased_type":[],"build_version":"2020-12-22","purchased_purges":1,"victory":false,"max_hp_per_floor":[90,90,90,90,90,90,90,90,90,90,90,90,90,90,90,90,90,90],"relic_stats":{"counters":[11,34],"obtain_stats":[{"downfall:BrokenWingStatue":11,"champ:ChampionCrown":0,"Unceasing Top":8},{"downfall:BrokenWingStatue":7,"champ:ChampionCrown":0,"Unceasing Top":6},{"downfall:BrokenWingStatue":21,"champ:ChampionCrown":0,"Unceasing Top":19}],"Unceasing Top":[1]},"card_choices":[{"not_picked":["champ:RageSigil","champ:EnGarde"],"picked":"champ:RisingSlash","floor":2},{"not_picked":["champ:FlashCut","champ:GladiatorsShout","champ:PreciseThrust"],"picked":"SKIP","floor":3},{"not_picked":["champ:ShieldSigil","champ:Backstep"],"picked":"champ:ArenaPreparation","floor":4},{"not_picked":["champ:ArenaPreparation","champ:Backstep"],"picked":"champ:RapidStrikes","floor":5},{"not_picked":["champ:DancingMaster","champ:ViciousMockery"],"picked":"champ:TornadoPunch","floor":6},{"not_picked":["champ:TornadoPunch","champ:BladeFlurry"],"picked":"champ:Improvising","floor":8},{"not_picked":["champ:FocusedGladiator","champ:TornadoPunch"],"picked":"champ:RisingSlash","floor":9},{"not_picked":["champ:RageSigil","champ:FalseCounter","champ:BladeFlurry"],"picked":"SKIP","floor":12},{"not_picked":["champ:Aggression","champ:Balance","champ:EnGarde"],"picked":"SKIP","floor":14},{"not_picked":["champ:SwordSigil","champ:BladeFlurry"],"picked":"champ:DefensiveStyle","floor":15}],"player_experience":453948,"relics_obtained":[{"floor":8,"key":"Unceasing Top"}],"event_choices":[{"cards_removed":["champ:Defend"],"damage_healed":0,"gold_gain":0,"player_choice":"Card Removal","damage_taken":0,"max_hp_gain":0,"max_hp_loss":0,"event_name":"The Cleric","floor":10,"gold_loss":0}],"is_beta":false,"boss_relics":[],"items_purged_floors":[12],"is_endless":false,"potions_floor_spawned":[2,3,4,6,9],"killed_by":"downfall:Defect","ascension_level":3}}