{"host":"2lrkmsuh7nz013qb","time":1609493680,"event":{"mods":["BaseMod","Colored Map","DeckTracker","Minty Spire (QoL Compilation)","SuperFastMode","everything is the same but u backflip on backflip"],"gold_per_floor":[112,112,37,37,50,50,66,66,91,101,101,26,42,42,42,114,114,131,149,149,165,0,0,17,17,65,65,82,82,82],"floor_reached":29,"playtime":632,"items_purged":["Strike_G"],"score":430,"play_id":"2633e5fa-7007-4144-8e31-5c70c29f0767","local_time":"20210101183440","is_ascension_mode":true,"campfire_choices":[{"data":"Neutralize","floor":6,"key":"SMITH"},{"data":"Catalyst","floor":15,"key":"SMITH"},{"data":"Blur","floor":23,"key":"SMITH"},{"data":"Survivor","floor":25,"key":"SMITH"}],"circlet_count":0,"master_deck":["AscendersBane","Strike_G","Strike_G","Strike_G","Defend_G","Defend_G","Defend_G","Defend_G","Defend_G","Survivor+1","Neutralize+1","Deadly Poison+1","Heel Hook","Catalyst+1","Footwork+1","Blur+1","Reflex+1","Tactician"],"relics":["Ring of the Snake","Bag of Marbles","Ornamental Fan","Sozu","Tiny Chest","Strawberry"],"acts_visited":["Exordium","TheCity"],"potions_floor_usage":[18],"damage_taken":[{"damage":1,"enemies":"Cultist","floor":1,"turns":3},{"damage":0,"enemies":"Jaw Worm","floor":5,"turns":4},{"damage":0,"enemies":"2 Louse","floor":7,"turns":3},{"damage":0,"enemies":"Looter","floor":10,"turns":3},{"damage":20,"enemies":"Exordium Wildlife","floor":13,"turns":7},{"damage":2,"enemies":"Hexaghost","floor":16,"turns":8},{"damage":6,"enemies":"2 Thieves","floor":18,"turns":5},{"damage":1,"enemies":"Chosen","floor":19,"turns":3},{"damage":3,"enemies":"Snake Plant","floor":21,"turns":5},{"damage":0,"enemies":"Centurion and Healer","floor":24,"turns":8},{"damage":33,"enemies":"Sentry and Sphere","floor":28,"turns":9},{"damage":34,"enemies":"3 Cultists","floor":29,"turns":5}],"seed_played":"-3828389144058106148","potions_obtained":[{"floor":1,"key":"Explosive Potion"},{"floor":10,"key":"LiquidBronze"},{"floor":16,"key":"Dexterity Potion"}],"is_trial":false,"path_per_floor":["M","?","$","?","M","R","M","$","T","M","?","?","M","$","R","B",null,"M","M","?","M","?","R","M","R","T","?","M","M"],"character_chosen":"THE_SILENT","items_purchased":[],"campfire_rested":0,"item_purchase_floors":[],"current_hp_per_floor":[58,63,63,63,63,63,63,63,63,63,52,52,32,32,32,30,61,55,54,54,51,51,51,51,51,51,58,25,0,0],"gold":82,"neow_bonus":"THREE_CARDS","is_daily":false,"chose_seed":false,"campfire_upgraded":4,"win_rate":0.0,"timestamp":1609493680,"path_taken":["M","?","$","?","?","R","M","?","T","?","?","?","M","?","R","BOSS","M","M","?","M","?","R","M","R","T","?","?","M"],"items_purchased_type":[],"build_version":"2020-12-22","purchased_purges":1,"victory":false,"max_hp_per_floor":[66,71,71,71,71,71,71,71,71,71,71,71,71,71,71,71,71,71,71,71,71,71,71,71,71,71,78,78,78,78],"card_choices":[{"not_picked":["Deflect","Prepared"],"picked":"Deadly Poison","floor":0},{"not_picked":["Finisher","Bane","Eviscerate"],"picked":"SKIP","floor":1},{"not_picked":["Dodge and Roll","Underhanded Strike","Sucker Punch"],"picked":"SKIP","floor":5},{"not_picked":["Outmaneuver","Caltrops"],"picked":"Heel Hook","floor":7},{"not_picked":["Blade Dance","Expertise"],"picked":"Catalyst","floor":10},{"not_picked":["PiercingWail","Poisoned Stab","Flying Knee"],"picked":"SKIP","floor":13},{"not_picked":["Cloak And Dagger","All Out Attack","Distraction"],"picked":"SKIP","floor":18},{"not_picked":["Prepared","Poisoned Stab"],"picked":"Footwork+1","floor":19},{"not_picked":["Dodge and Roll","Setup"],"picked":"Reflex+1","floor":21},{"not_picked":["Poisoned Stab+1","Flying Knee","Infinite Blades"],"picked":"SKIP","floor":24},{"not_picked":["Bullet Time","Backflip"],"picked":"Tactician","floor":28}],"player_experience":720254,"relics_obtained":[{"floor":9,"key":"Bag of Marbles"},{"floor":26,"key":"Tiny Chest"}],"event_choices":[{"damage_healed":0,"gold_gain":0,"player_choice":"Donut","damage_taken":0,"max_hp_gain":5,"max_hp_loss":0,"event_name":"Big Fish","floor":2,"gold_loss":0},{"damage_healed":0,"gold_gain":0,"player_choice":"Upgraded","damage_taken":0,"max_hp_gain":0,"max_hp_loss":0,"event_name":"Upgrade Shrine","floor":4,"gold_loss":0,"cards_upgraded":["Deadly Poison"]},{"damage_healed":0,"gold_gain":0,"player_choice":"Success","damage_taken":11,"relics_obtained":["Ornamental Fan"],"max_hp_gain":0,"max_hp_loss":0,"event_name":"Scrap Ooze","floor":11,"gold_loss":0},{"cards_removed":["Strike_G"],"damage_healed":0,"gold_gain":0,"player_choice":"Card Removal","damage_taken":0,"max_hp_gain":0,"max_hp_loss":0,"event_name":"The Cleric","floor":12,"gold_loss":75},{"damage_healed":0,"gold_gain":0,"player_choice":"Read","damage_taken":0,"max_hp_gain":0,"max_hp_loss":0,"event_name":"The Library","floor":20,"gold_loss":0,"cards_obtained":["Blur"]},{"damage_healed":0,"gold_gain":0,"player_choice":"Paid Fearfully","damage_taken":0,"max_hp_gain":0,"max_hp_loss":0,"event_name":"Masked Bandits","floor":22,"gold_loss":165},{"damage_healed":0,"gold_gain":0,"player_choice":"Gave Potion","damage_taken":0,"relics_obtained":["Strawberry"],"max_hp_gain":0,"max_hp_loss":0,"event_name":"WeMeetAgain","floor":27,"gold_loss":0}],"is_beta":false,"boss_relics":[{"not_picked":["Runic Pyramid","Philosopher\u0027s Stone"],"picked":"Sozu"}],"items_purged_floors":[3],"is_endless":false,"potions_floor_spawned":[1,10,16,21,24],"killed_by":"3 Cultists","ascension_level":20}}