{"host":"oigynbtg272c19pw","time":1609507310,"event":{"mods":["BaseMod","Colored Map","Minty Spire (QoL Compilation)","Relic Stats","StSLib"],"gold_per_floor":[119,119,137,151,50,80,80,140,163,175,244,313,369,401,413,502,514,566,628,653,665,722,734,808,820,880,951,1013,1050,1062,1130,1142,1263,1275,1328,1350,1362,1374,1429,1441,1510,702,725,725,786,799,842,842,842,842,842,842,842,32,66,66,66],"floor_reached":56,"playtime":5466,"items_purged":["Strike_P","FlurryOfBlows"],"score":2240,"play_id":"745cda6d-0cf2-472e-b593-8388c791a91a","local_time":"20210101142150","is_ascension_mode":true,"campfire_choices":[{"data":"Wish","floor":7.0,"key":"SMITH"},{"floor":15.0,"key":"REST"},{"floor":23.0,"key":"REST"},{"data":"WheelKick","floor":25.0,"key":"SMITH"},{"data":"Wallop","floor":30.0,"key":"SMITH"},{"floor":32.0,"key":"REST"},{"data":"DevaForm","floor":44.0,"key":"SMITH"},{"floor":49.0,"key":"RECALL"},{"data":"SpiritShield","floor":53.0,"key":"SMITH"}],"circlet_count":0,"master_deck":["AscendersBane","Eruption","Vigilance","Pray","EmptyMind","Wish+1","WheelKick","DeusExMachina","Conclude","Vengeance","MentalFortress","Ragnarok+1","EmptyFist","BowlingBash+1","Protect+1","InnerPeace","WheelKick+1","Wallop+1","ThirdEye","SandsOfTime","DevaForm+1","SpiritShield+1","Tantrum","Establishment","DevaForm","BowlingBash","ThirdEye","CrushJoints","SandsOfTime","WheelKick+1","Fasting2","TalkToTheHand","Collect","Wireheading","TalkToTheHand","Omniscience"],"relics":["PureWater","Torii","Pen Nib","Odd Mushroom","MawBank","TeardropLocket","Regal Pillow","Centennial Puzzle","Snecko Eye","Bird Faced Urn","Blood Vial","Gremlin Horn","Happy Flower","Bag of Preparation","Pandora\u0027s Box","Calipers","Damaru","Toy Ornithopter","TheAbacus","Bronze Scales","Mummified Hand","Lantern","Strange Spoon","Mercury Hourglass"],"acts_visited":["Exordium","TheCity","TheBeyond","TheEnding"],"potions_floor_usage":[56],"damage_taken":[{"damage":3.0,"enemies":"Jaw Worm","floor":1.0,"turns":3.0},{"damage":8.0,"enemies":"2 Louse","floor":3.0,"turns":2.0},{"damage":2.0,"enemies":"Small Slimes","floor":4.0,"turns":3.0},{"damage":15.0,"enemies":"Lagavulin","floor":6.0,"turns":5.0},{"damage":1.0,"enemies":"The Mushroom Lair","floor":8.0,"turns":4.0},{"damage":8.0,"enemies":"Gremlin Nob","floor":11.0,"turns":3.0},{"damage":1.0,"enemies":"Gremlin Nob","floor":12.0,"turns":3.0},{"damage":1.0,"enemies":"2 Fungi Beasts","floor":13.0,"turns":2.0},{"damage":2.0,"enemies":"Lots of Slimes","floor":14.0,"turns":3.0},{"damage":0.0,"enemies":"Slime Boss","floor":16.0,"turns":6.0},{"damage":1.0,"enemies":"Spheric Guardian","floor":18.0,"turns":3.0},{"damage":19.0,"enemies":"Shell Parasite","floor":19.0,"turns":4.0},{"damage":0.0,"enemies":"3 Cultists","floor":20.0,"turns":2.0},{"damage":15.0,"enemies":"Shelled Parasite and Fungi","floor":22.0,"turns":3.0},{"damage":0.0,"enemies":"Gremlin Leader","floor":24.0,"turns":3.0},{"damage":23.0,"enemies":"Book of Stabbing","floor":27.0,"turns":4.0},{"damage":6.0,"enemies":"Snake Plant","floor":28.0,"turns":3.0},{"damage":15.0,"enemies":"Slavers","floor":29.0,"turns":3.0},{"damage":0.0,"enemies":"Gremlin Leader","floor":31.0,"turns":3.0},{"damage":27.0,"enemies":"Champ","floor":33.0,"turns":9.0},{"damage":0.0,"enemies":"3 Shapes","floor":35.0,"turns":5.0},{"damage":0.0,"enemies":"3 Darklings","floor":36.0,"turns":2.0},{"damage":11.0,"enemies":"Jaw Worm Horde","floor":39.0,"turns":3.0},{"damage":10.0,"enemies":"Giant Head","floor":41.0,"turns":5.0},{"damage":29.0,"enemies":"Nemesis","floor":45.0,"turns":3.0},{"damage":11.0,"enemies":"Writhing Mass","floor":46.0,"turns":5.0},{"damage":0.0,"enemies":"Sphere and 2 Shapes","floor":47.0,"turns":3.0},{"damage":48.0,"enemies":"Time Eater","floor":50.0,"turns":7.0},{"damage":11.0,"enemies":"Donu and Deca","floor":51.0,"turns":5.0},{"damage":0.0,"enemies":"Shield and Spear","floor":55.0,"turns":3.0},{"damage":113,"enemies":"The Heart","floor":56,"turns":5}],"seed_played":"6675454564748823217","potions_obtained":[{"floor":4.0,"key":"SpeedPotion"},{"floor":6.0,"key":"LiquidMemories"},{"floor":8.0,"key":"PowerPotion"},{"floor":11.0,"key":"SteroidPotion"},{"floor":12.0,"key":"DistilledChaos"},{"floor":19.0,"key":"DuplicationPotion"},{"floor":24.0,"key":"Swift Potion"},{"floor":27.0,"key":"LiquidBronze"},{"floor":28.0,"key":"BottledMiracle"},{"floor":29.0,"key":"FearPotion"},{"floor":47.0,"key":"Energy Potion"},{"floor":55.0,"key":"AttackPotion"}],"is_trial":false,"path_per_floor":["M","?","M","M","$","E","R","?","T","?","E","?","M","M","R","B",null,"M","M","M","?","M","R","E","R","T","E","M","E","R","E","R","B",null,"M","M","?","?","M","?","E","$","T","R","E","M","M","?","R","B","B",null,"R","$","E","B"],"character_chosen":"WATCHER","items_purchased":["FlurryOfBlows","TalkToTheHand","Damaru","Toy Ornithopter","Collect","TheAbacus","Wireheading","Mummified Hand","Lantern","TalkToTheHand","SpeedPotion","LiquidMemories","Strange Spoon"],"campfire_rested":3,"item_purchase_floors":[5,42,42,42,42,42,42,54,54,54,54,54,54],"current_hp_per_floor":[58,58,50,48,48,33,33,32,32,14,6,5,4,2,37,37,60,59,40,40,40,25,60,60,60,60,41,37,24,24,28,63,41,61,68,68,68,68,61,61,60,60,60,60,39,38,48,48,48,14,27,56,56,56,65,0,0],"gold":66,"neow_bonus":"ONE_RARE_RELIC","is_daily":false,"chose_seed":false,"campfire_upgraded":5,"win_rate":0.0,"timestamp":1609507310,"path_taken":["M","?","M","M","$","E","R","?","T","?","E","?","M","M","R","BOSS","M","M","M","?","?","R","E","R","T","E","?","E","R","E","R","BOSS","M","M","?","?","?","?","E","$","T","R","E","M","M","?","R","BOSS","BOSS","R","$","E","BOSS"],"items_purchased_type":["Card","Card","Relic","Relic","Card","Relic","Card","Relic","Relic","Card","Potion","Potion","Relic"],"build_version":"2020-12-13","purchased_purges":2,"victory":false,"max_hp_per_floor":[68,68,68,68,68,68,68,68,68,68,68,68,68,68,68,68,68,68,68,68,68,68,68,68,68,68,68,68,68,68,68,68,68,68,68,68,68,68,68,68,68,68,68,68,68,68,68,65,65,65,65,65,65,65,65,65,65],"relic_stats":{"Regal Pillow":45,"Torii":39,"Gremlin Horn":[12,13],"Happy Flower":[19],"counters":[31,117],"Pen Nib":[25],"Bag of Preparation":[22],"MawBank":396,"Mercury Hourglass":[15],"Blood Vial":26,"Strange Spoon":[8],"Centennial Puzzle":[50],"TheAbacus":[18],"Mummified Hand":[17],"Bird Faced Urn":[79],"Bronze Scales":[105],"Snecko Eye":[180,171,170,182],"Pandora\u0027s Box":["Tantrum","Establishment","DevaForm","BowlingBash","ThirdEye","CrushJoints","JustLucky"],"obtain_stats":[{"Regal Pillow":11,"Lantern":54,"Calipers":41,"Torii":0,"Gremlin Horn":27,"Happy Flower":29,"Damaru":42,"Pen Nib":6,"Bag of Preparation":31,"TeardropLocket":10,"Odd Mushroom":8,"MawBank":9,"Mercury Hourglass":55,"Blood Vial":26,"Strange Spoon":54,"Centennial Puzzle":12,"TheAbacus":42,"Mummified Hand":54,"Bird Faced Urn":24,"Bronze Scales":45,"Snecko Eye":17,"Pandora\u0027s Box":34,"PureWater":0,"Toy Ornithopter":42},{"Regal Pillow":6,"Lantern":29,"Calipers":24,"Torii":0,"Gremlin Horn":16,"Happy Flower":18,"Damaru":24,"Pen Nib":4,"Bag of Preparation":19,"TeardropLocket":5,"Odd Mushroom":5,"MawBank":5,"Mercury Hourglass":30,"Blood Vial":15,"Strange Spoon":29,"Centennial Puzzle":7,"TheAbacus":24,"Mummified Hand":29,"Bird Faced Urn":15,"Bronze Scales":25,"Snecko Eye":10,"Pandora\u0027s Box":20,"PureWater":0,"Toy Ornithopter":24},{"Regal Pillow":20,"Lantern":109,"Calipers":86,"Torii":0,"Gremlin Horn":53,"Happy Flower":59,"Damaru":86,"Pen Nib":13,"Bag of Preparation":62,"TeardropLocket":17,"Odd Mushroom":17,"MawBank":17,"Mercury Hourglass":112,"Blood Vial":49,"Strange Spoon":109,"Centennial Puzzle":23,"TheAbacus":86,"Mummified Hand":109,"Bird Faced Urn":49,"Bronze Scales":89,"Snecko Eye":34,"Pandora\u0027s Box":71,"PureWater":0,"Toy Ornithopter":86}],"Toy Ornithopter":13},"card_choices":[{"not_picked":["CrushJoints","FollowUp"],"picked":"Pray","floor":1.0},{"not_picked":["FlurryOfBlows","Prostrate"],"picked":"ReachHeaven","floor":3.0},{"not_picked":["Nirvana","MentalFortress"],"picked":"EmptyMind","floor":4.0},{"not_picked":["ThirdEye","Perseverance"],"picked":"Wish","floor":6.0},{"not_picked":["EmptyBody","Consecrate"],"picked":"WheelKick","floor":8.0},{"not_picked":["SandsOfTime","Weave"],"picked":"DeusExMachina","floor":11.0},{"not_picked":["Nirvana","Study"],"picked":"Conclude","floor":12.0},{"not_picked":["ReachHeaven","FlurryOfBlows"],"picked":"Vengeance","floor":13.0},{"not_picked":["ThirdEye","FlyingSleeves"],"picked":"MentalFortress","floor":14.0},{"not_picked":["Vault","Alpha"],"picked":"Ragnarok","floor":16.0},{"not_picked":["FollowUp","FlyingSleeves"],"picked":"EmptyFist","floor":18.0},{"not_picked":["Establishment","CrushJoints"],"picked":"BowlingBash+1","floor":19.0},{"not_picked":["FlyingSleeves","CutThroughFate"],"picked":"Protect+1","floor":20.0},{"not_picked":["CutThroughFate","Indignation"],"picked":"InnerPeace","floor":22.0},{"not_picked":["JustLucky","DeceiveReality"],"picked":"WheelKick","floor":24.0},{"not_picked":["FollowUp","EmptyBody"],"picked":"Wallop","floor":27.0},{"not_picked":["Consecrate","CarveReality"],"picked":"ThirdEye","floor":28.0},{"not_picked":["MentalFortress","Judgement"],"picked":"SandsOfTime","floor":29.0},{"not_picked":["Weave","Protect"],"picked":"DevaForm","floor":31.0},{"not_picked":["Blasphemy","Brilliance"],"picked":"SpiritShield","floor":33.0},{"not_picked":["FlyingSleeves","BattleHymn","Crescendo"],"picked":"SKIP","floor":35.0},{"not_picked":["ForeignInfluence","Crescendo","Pray"],"picked":"SKIP","floor":36.0},{"not_picked":["JustLucky","EmptyFist"],"picked":"WheelKick+1","floor":39.0},{"not_picked":["CrushJoints","Nirvana"],"picked":"Fasting2","floor":41.0},{"not_picked":["CarveReality","CrushJoints+1","Evaluate"],"picked":"SKIP","floor":45.0},{"not_picked":["FlyingSleeves+1","WindmillStrike","CutThroughFate"],"picked":"SKIP","floor":46.0},{"not_picked":["Pray","Consecrate+1","Evaluate+1"],"picked":"SKIP","floor":47.0},{"not_picked":["Study","FearNoEvil+1"],"picked":"Omniscience","floor":55.0}],"player_experience":1318803,"relics_obtained":[{"floor":6.0,"key":"Pen Nib"},{"floor":8.0,"key":"Odd Mushroom"},{"floor":9.0,"key":"MawBank"},{"floor":11.0,"key":"Regal Pillow"},{"floor":12.0,"key":"Centennial Puzzle"},{"floor":24.0,"key":"Bird Faced Urn"},{"floor":26.0,"key":"Blood Vial"},{"floor":27.0,"key":"Gremlin Horn"},{"floor":29.0,"key":"Happy Flower"},{"floor":31.0,"key":"Bag of Preparation"},{"floor":41.0,"key":"Calipers"},{"floor":45.0,"key":"Bronze Scales"},{"floor":55.0,"key":"Mercury Hourglass"}],"event_choices":[{"cards_removed":["Pain"],"damage_healed":0.0,"max_hp_gain":0.0,"max_hp_loss":0.0,"gold_gain":0.0,"event_name":"Living Wall","player_choice":"Forget","floor":2.0,"gold_loss":0.0,"damage_taken":0.0},{"damage_healed":0.0,"max_hp_gain":0.0,"max_hp_loss":0.0,"gold_gain":0.0,"event_name":"Mushrooms","player_choice":"Fought Mushrooms","floor":8.0,"gold_loss":0.0,"damage_taken":0.0},{"damage_healed":0.0,"max_hp_gain":0.0,"max_hp_loss":0.0,"gold_gain":0.0,"event_name":"Scrap Ooze","player_choice":"Success","floor":10.0,"gold_loss":0.0,"damage_taken":18.0,"relics_obtained":["TeardropLocket"]},{"damage_healed":0.0,"max_hp_gain":0.0,"max_hp_loss":0.0,"gold_gain":30.0,"event_name":"Dead Adventurer","player_choice":"Searched \u00272\u0027 times","floor":12.0,"gold_loss":0.0,"damage_taken":0.0},{"damage_healed":0.0,"max_hp_gain":0.0,"max_hp_loss":0.0,"gold_gain":0.0,"event_name":"Accursed Blacksmith","player_choice":"Forge","floor":21.0,"gold_loss":0.0,"damage_taken":0.0,"cards_upgraded":["Ragnarok"]},{"damage_healed":0.0,"max_hp_gain":0.0,"max_hp_loss":0.0,"gold_gain":0.0,"event_name":"Tomb of Lord Red Mask","player_choice":"Ignored","floor":37.0,"gold_loss":0.0,"damage_taken":0.0},{"damage_healed":0.0,"max_hp_gain":0.0,"max_hp_loss":0.0,"gold_gain":0.0,"cards_transformed":["JustLucky"],"event_name":"Transmorgrifier","player_choice":"Transformed","floor":38.0,"gold_loss":0.0,"damage_taken":0.0,"cards_obtained":["SandsOfTime"]},{"cards_removed":["ReachHeaven"],"damage_healed":0.0,"max_hp_gain":0.0,"max_hp_loss":0.0,"gold_gain":0.0,"event_name":"Falling","player_choice":"Removed Attack","floor":40.0,"gold_loss":0.0,"damage_taken":0.0},{"damage_healed":0.0,"max_hp_gain":0.0,"max_hp_loss":3.0,"gold_gain":0.0,"event_name":"Winding Halls","player_choice":"Max HP","floor":48.0,"gold_loss":0.0,"damage_taken":0.0}],"is_beta":false,"boss_relics":[{"not_picked":["Philosopher\u0027s Stone","Velvet Choker"],"picked":"Snecko Eye"},{"not_picked":["Fusion Hammer","SacredBark"],"picked":"Pandora\u0027s Box"}],"items_purged_floors":[5,42],"is_endless":false,"potions_floor_spawned":[4,6,8,11,12,19,24,27,28,29,31,35,39,47,55],"killed_by":"The Heart","ascension_level":20}}