{"host":"cbu6enf2xtq4r7r3","time":1609518116,"event":{"mods":["2.2 Compatiblity","AlwaysNeverKeys","BaseMod","Better Altar","Better Match","Better Note","Better Sensory Stone","Better Skull","Better Third Choice","Colored Map","Colored Powertips","Defuse TimeMaze Blight","Emptier Cage","Minty Spire (QoL Compilation)","Permanent Neow","Quick Restart","Random Character Button","Relic Sorter","Reorder Act Four","Shop Mod","StSLib"],"gold_per_floor":[113,126,146,73,85,85,112,112,112,138,138,171,171,201,201,201,201],"floor_reached":16,"playtime":443,"items_purged":[],"score":161,"play_id":"c7fd0d98-3c85-4a27-98f8-7dca27e67c76","local_time":"20210101172156","is_ascension_mode":true,"campfire_choices":[{"data":"Zap","floor":6,"key":"SMITH"},{"data":"Rip and Tear","floor":8,"key":"SMITH"},{"data":"Steam","floor":11,"key":"SMITH"},{"floor":15,"key":"REST"}],"circlet_count":0,"master_deck":["Strike_B","Strike_B","Strike_B","Strike_B","Defend_B","Defend_B","Defend_B","Defend_B","Zap+1","Dualcast","Rip and Tear+1","Ball Lightning","Rip and Tear+1","Cold Snap","Steam+1","Genetic Algorithm+1"],"relics":["Cracked Core","MealTicket","Emotion Chip","Turnip","WingedGreaves","PreservedInsect","Toxic Egg 2"],"acts_visited":["Exordium"],"potions_floor_usage":[3,16],"damage_taken":[{"damage":1,"enemies":"Jaw Worm","floor":1,"turns":3},{"damage":0,"enemies":"Cultist","floor":2,"turns":2},{"damage":0,"enemies":"Small Slimes","floor":3,"turns":2},{"damage":1,"enemies":"Exordium Wildlife","floor":5,"turns":3},{"damage":8,"enemies":"Gremlin Nob","floor":7,"turns":3},{"damage":24,"enemies":"Lagavulin","floor":10,"turns":4},{"damage":8,"enemies":"3 Sentries","floor":12,"turns":5},{"damage":16,"enemies":"Lagavulin","floor":14,"turns":4},{"damage":55,"enemies":"The Guardian","floor":16,"turns":9}],"seed_played":"-7269073827659264098","potions_obtained":[{"floor":1,"key":"Explosive Potion"},{"floor":3,"key":"Regen Potion"},{"floor":5,"key":"SpeedPotion"},{"floor":12,"key":"BlessingOfTheForge"}],"is_trial":false,"path_per_floor":["M","M","M","$","M","R","E","R","T","E","R","E","?","E","R","B"],"character_chosen":"DEFECT","items_purchased":["Rip and Tear"],"campfire_rested":1,"item_purchase_floors":[4],"current_hp_per_floor":[74,74,74,75,74,74,66,66,66,42,42,34,34,18,40,0,0],"gold":201,"neow_bonus":"RANDOM_COMMON_RELIC","is_daily":false,"chose_seed":false,"campfire_upgraded":3,"win_rate":0.0,"timestamp":1609518116,"path_taken":["M","M","M","$","M","R","E","R","T","E","R","E","?","E","R","BOSS"],"items_purchased_type":["Card"],"build_version":"2020-12-22","purchased_purges":0,"victory":false,"max_hp_per_floor":[75,75,75,75,75,75,75,75,75,75,75,75,75,75,75,75,75],"card_choices":[{"not_picked":["Rebound","White Noise"],"picked":"Rip and Tear","floor":1},{"not_picked":["Redo","Rebound"],"picked":"Ball Lightning","floor":2},{"not_picked":["Conserve Battery","Compile Driver","Force Field"],"picked":"SKIP","floor":3},{"not_picked":["Skim","Sweeping Beam","Doom and Gloom"],"picked":"SKIP","floor":5},{"not_picked":["Thunder Strike","Heatsinks"],"picked":"Cold Snap","floor":7},{"not_picked":["Multi-Cast","Reprogram"],"picked":"Steam","floor":10},{"not_picked":["Hologram","Doom and Gloom","Rebound"],"picked":"SKIP","floor":12},{"not_picked":["Compile Driver","Sunder"],"picked":"Genetic Algorithm+1","floor":14}],"player_experience":62531,"relics_obtained":[{"floor":7,"key":"Emotion Chip"},{"floor":9,"key":"Turnip"},{"floor":10,"key":"WingedGreaves"},{"floor":12,"key":"PreservedInsect"},{"floor":14,"key":"Toxic Egg 2"}],"event_choices":[{"damage_healed":0,"gold_gain":0,"player_choice":"Upgraded","damage_taken":0,"max_hp_gain":0,"max_hp_loss":0,"event_name":"Upgrade Shrine","floor":13,"gold_loss":0,"cards_upgraded":["Rip and Tear"]}],"is_beta":false,"boss_relics":[],"items_purged_floors":[],"is_endless":false,"potions_floor_spawned":[1,3,5,12],"killed_by":"The Guardian","ascension_level":1}}