{"host":"k9ktbd3ums043v5c","time":1609503762,"event":{"mods":["BaseMod","GifTheSpireLib","Googly Eyes","KinomotoSakuraMod(木之本樱)","Lobotomy","LobotomyExtend","Luminous","Marisa（F雨　魔理沙）","Minty Spire (QoL Compilation)","SIMod","StSLib","SuperFastMode","The Gatherer","Yuyuko","【功能Mod】聪明的最终Boss"],"gold_per_floor":[116,116,131,306,306,306,318,117,142,142,161,187,18,28,28,133,133,133,133,143,143,104,104,118,118,118,118,137,147,161,161,161,263,263,277,288,43,63,63,63,63,63,87,87,101,101,128,145,145,145],"floor_reached":51,"playtime":3683,"items_purged":["Doubt","SilentOrchestra"],"score":800,"play_id":"be16c77a-c1b9-4377-815f-fbd20680166e","local_time":"20210101202242","is_ascension_mode":false,"campfire_choices":[],"circlet_count":0,"master_deck":["SpecialBullet","SpecialBullet","SpecialBullet","SpecialBullet","SpecialBullet","SpecialBullet","SpecialBullet","SpecialBullet","InformationCode","CentralCode","WelfareCode","OldLady","FrostShard+1","QueenOfHatred","SolemnVow+1","ScreamingWedge","Galaxy","Dark Shackles","Mercenary","WristCuter","Scorched","Metamorphosis","Ecstasy","ExtractionCode","Twilight","Adoration","DespairKnight","RedShoes","Horn","HereticApostle","ControlCode","RedEyes","Regret_ego+1","TT2Protocol","DisciplinaryCode","CENSORED_ego","ScreamingWedge","FourthMatchFlame","LifeForTheDareDevil","Ecstasy","Impatience","Mimicry","TrainingCode","TodaysExpression+1","CrimsonScar+1","CherryBlossom","WhiteNight","SecurityCode","BearPaw+1","Deep Breath","DaCapo","FourthMatchFlame","BodiesMountain"],"relics":["CogitoBucket","LetterFromLob","Potion Belt","Orichalcum","ResearcherNote","Coffee Dripper","Dream Catcher","HellTrain","SacredBark","Toolbox","AdjustmentMirror","AtMidnight","Bronze Scales","Boot"],"acts_visited":[],"potions_floor_usage":[0,16,24],"damage_taken":[{"damage":6,"enemies":"Cultist","floor":1,"turns":3},{"damage":5,"enemies":"2 Louse","floor":3,"turns":2},{"damage":15,"enemies":"2 Louse","floor":5,"turns":6},{"damage":7,"enemies":"Small Slimes","floor":7,"turns":3},{"damage":5,"enemies":"Blue Slaver","floor":11,"turns":5},{"damage":43,"enemies":"3 Sentries","floor":12,"turns":7},{"damage":0,"enemies":"Large Slime","floor":14,"turns":2},{"damage":24,"enemies":"Slime Boss","floor":16,"turns":9},{"damage":14,"enemies":"2 Thieves","floor":20,"turns":3},{"damage":0,"enemies":"3 Byrds","floor":24,"turns":5},{"damage":10,"enemies":"Cultist and Chosen","floor":28,"turns":5},{"damage":28,"enemies":"Snecko","floor":29,"turns":5},{"damage":7,"enemies":"Centurion and Healer","floor":30,"turns":8},{"damage":2,"enemies":"Collector","floor":33,"turns":2},{"damage":14,"enemies":"3 Shapes","floor":35,"turns":2},{"damage":13,"enemies":"3 Darklings","floor":36,"turns":2},{"damage":32,"enemies":"Writhing Mass","floor":38,"turns":4},{"damage":0,"enemies":"Jaw Worm Horde","floor":45,"turns":1},{"damage":6,"enemies":"Giant Head","floor":47,"turns":2},{"damage":0,"enemies":"Maw","floor":48,"turns":3},{"damage":6,"enemies":"Awakened One","floor":50,"turns":4},{"damage":56,"enemies":"Malkuth","floor":51,"turns":4},{"damage":20,"enemies":"Hod","floor":51,"turns":2}],"seed_played":"-6648444291834130982","potions_obtained":[{"floor":0,"key":"Swift Potion"},{"floor":0,"key":"Fruit Juice"},{"floor":0,"key":"SkillPotion"},{"floor":1,"key":"Weak Potion"},{"floor":3,"key":"SpeedPotion"},{"floor":33,"key":"AttackPotion"},{"floor":48,"key":"Fire Potion"}],"is_trial":false,"path_per_floor":["M","?","M","?","?","R","M","$","T","R","M","E","$","M","R","B",null,"M","?","M","?","$","R","M","R","T","R","M","M","M","?","R","B",null,"M","M","$","M","?","R","?","R","T","R","M","?","E","M","R","B",null],"character_chosen":"Angela","items_purchased":["Galaxy","Dark Shackles","Metamorphosis","Heaven","Toolbox"],"campfire_rested":0,"item_purchase_floors":[8,8,13,22,37],"current_hp_per_floor":[69,74,69,69,54,54,59,59,59,59,60,26,26,32,32,14,80,80,80,66,66,66,66,72,72,72,72,72,44,46,46,46,44,80,66,59,59,33,33,33,33,33,33,33,80,80,80,80,80,84],"gold":145,"neow_bonus":"THREE_SMALL_POTIONS","is_daily":false,"chose_seed":false,"campfire_upgraded":0,"win_rate":0.0,"timestamp":1609503762,"path_taken":["M","?","M","?","?","R","M","?","T","R","M","E","$","M","R","BOSS","M","?","M","?","$","R","M","R","T","R","?","M","M","?","R","BOSS","M","?","$","M","?","R","?","R","T","R","M","?","E","M","R","BOSS"],"items_purchased_type":["Card","Card","Card","Card","Relic"],"build_version":"2020-12-22","purchased_purges":2,"victory":true,"max_hp_per_floor":[75,80,80,80,80,80,80,80,80,80,80,80,80,80,80,80,80,80,80,80,80,80,80,80,80,80,80,80,80,80,80,80,80,80,80,80,80,80,80,80,80,80,80,80,80,80,80,84,84,84],"card_choices":[{"not_picked":["MeatLantern","UniverseFragment"],"picked":"OldLady","floor":1},{"not_picked":["WristCuter"],"picked":"FrostShard","floor":1},{"not_picked":["WhitesApple","Alriune"],"picked":"QueenOfHatred","floor":3},{"not_picked":["Regret_ego"],"picked":"SolemnVow","floor":3},{"not_picked":["Horn"],"picked":"ScreamingWedge","floor":7},{"not_picked":["PunishingBird","CherryBlossoms"],"picked":"Mercenary","floor":11},{"not_picked":["Hypocrisy"],"picked":"Lantern","floor":11},{"not_picked":["Beak"],"picked":"WristCuter","floor":12},{"not_picked":["HappyTeddy","UniverseFragment"],"picked":"Scorched","floor":12},{"not_picked":["Beak"],"picked":"Ecstasy","floor":14},{"not_picked":["GoldRush"],"picked":"Twilight","floor":16},{"not_picked":["Pinks"],"picked":"Adoration","floor":16},{"not_picked":["DreamingCurrent","RedShoes"],"picked":"DespairKnight","floor":16},{"not_picked":["Beak"],"picked":"CUTE","floor":20},{"not_picked":["SpiderBud","ShyLook"],"picked":"RedShoes","floor":20},{"not_picked":["Soda+1"],"picked":"RedEyes","floor":24},{"not_picked":["TodaysExpression"],"picked":"Regret_ego+1","floor":24},{"not_picked":["TodaysExpression"],"picked":"CENSORED_ego","floor":28},{"not_picked":["Lantern"],"picked":"ScreamingWedge","floor":29},{"not_picked":["CUTE"],"picked":"FourthMatchFlame","floor":29},{"not_picked":["Loneliness"],"picked":"LifeForTheDareDevil","floor":30},{"not_picked":["Noise","Discord"],"picked":"SKIP","floor":30},{"not_picked":["CENSORED_ego"],"picked":"Mimicry","floor":33},{"not_picked":["SwordSharpenedByTears+1"],"picked":"TodaysExpression+1","floor":35},{"not_picked":["Tough"],"picked":"CrimsonScar+1","floor":36},{"not_picked":["MHz","Bloodbath"],"picked":"SilentOrchestra","floor":36},{"not_picked":["Lantern"],"picked":"CherryBlossom","floor":38},{"not_picked":["OSAHOGD","Porccubus"],"picked":"WhiteNight","floor":38},{"not_picked":["BloodyDesire"],"picked":"BearPaw+1","floor":45},{"not_picked":["Flash of Steel"],"picked":"Deep Breath","floor":46},{"not_picked":["FourthMatchFlame"],"picked":"DaCapo","floor":47},{"not_picked":["Lantern","Reverberation"],"picked":"FourthMatchFlame","floor":48},{"not_picked":["BlackSwan","Variant"],"picked":"BodiesMountain","floor":48}],"player_experience":49232,"relics_obtained":[{"floor":1,"key":"LetterFromLob"},{"floor":9,"key":"Potion Belt"},{"floor":12,"key":"Orichalcum"},{"floor":26,"key":"Dream Catcher"},{"floor":38,"key":"AtMidnight"},{"floor":43,"key":"Bronze Scales"},{"floor":47,"key":"Boot"}],"event_choices":[{"damage_healed":0,"gold_gain":0,"player_choice":"Donut","damage_taken":0,"max_hp_gain":5,"max_hp_loss":0,"event_name":"Big Fish","floor":2,"gold_loss":0},{"damage_healed":0,"gold_gain":175,"player_choice":"AGREE","damage_taken":0,"max_hp_gain":0,"max_hp_loss":0,"event_name":"Liars Game","floor":4,"gold_loss":0,"cards_obtained":["Doubt"]},{"cards_removed":["Lantern"],"damage_healed":0,"gold_gain":0,"player_choice":"Elegance","damage_taken":0,"max_hp_gain":0,"max_hp_loss":0,"event_name":"Back to Basics","floor":19,"gold_loss":0},{"damage_healed":0,"gold_gain":0,"cards_transformed":["CUTE"],"player_choice":"Transformed","damage_taken":0,"max_hp_gain":0,"max_hp_loss":0,"event_name":"Transmorgrifier","floor":21,"gold_loss":0,"cards_obtained":["Horn"]},{"damage_healed":0,"gold_gain":0,"player_choice":"2 cards matched","damage_taken":0,"max_hp_gain":0,"max_hp_loss":0,"event_name":"Match and Keep!","floor":31,"gold_loss":0,"cards_obtained":["Ecstasy","Impatience"]},{"damage_healed":0,"gold_gain":0,"player_choice":"Ignored","damage_taken":0,"max_hp_gain":0,"max_hp_loss":0,"event_name":"The Moai Head","floor":39,"gold_loss":0},{"damage_healed":0,"gold_gain":0,"player_choice":"Memory 1","damage_taken":0,"max_hp_gain":0,"max_hp_loss":0,"event_name":"SensoryStone","floor":46,"gold_loss":0}],"is_beta":false,"boss_relics":[{"not_picked":["Empty Cage","Busted Crown"],"picked":"Coffee Dripper"},{"not_picked":["Runic Dome","Calling Bell"],"picked":"SacredBark"}],"items_purged_floors":[8,37],"is_endless":false,"potions_floor_spawned":[1,3,33,48],"ascension_level":0}}