{"host":"a0d98l75j0h1o085","time":1609545253,"event":{"mods":["AlwaysNeverKeys","BaseMod","Downfall","Highlight Path","Minty Spire (QoL Compilation)","StSLib"],"gold_per_floor":[99,115,115,107,133,233,258,258,279,299,299,312,344,368,388,388,388,388],"floor_reached":16,"playtime":1931,"items_purged":[],"score":114,"play_id":"6c345e40-5bdd-4b3a-89e1-0a2cf16cd152","local_time":"20210101235413","is_ascension_mode":true,"campfire_choices":[{"data":"hexamod:Float","floor":1,"key":"SMITH"},{"data":"hexamod:EmpoweredFlame","floor":8,"key":"SMITH"},{"data":"hexamod:Hexaguard","floor":11,"key":"SMITH"}],"circlet_count":0,"master_deck":["hexamod:Strike","hexamod:Strike","hexamod:Strike","hexamod:Strike","hexamod:Defend","hexamod:Defend","hexamod:Defend","hexamod:Defend","hexamod:Sear","hexamod:Float+1","hexamod:EmpoweredFlame+1","hexamod:SecondSeal","hexamod:FlamesFromBeyond","hexamod:Hexaguard+1","hexamod:FourthSeal","hexamod:HexaLevel","hexamod:FlamesFromBeyond"],"relics":["hexamod:SpiritBrand","Unceasing Top","hexamod:SoulOfChaos"],"acts_visited":["Exordium"],"potions_floor_usage":[13,15,16,16,16],"damage_taken":[{"damage":0,"enemies":"Cultist","floor":2,"turns":3},{"damage":0,"enemies":"2 Louse","floor":5,"turns":2},{"damage":0,"enemies":"Small Slimes","floor":9,"turns":3},{"damage":6,"enemies":"Exordium Thugs","floor":10,"turns":4},{"damage":2,"enemies":"3 Louse","floor":12,"turns":3},{"damage":20,"enemies":"3 Sentries","floor":13,"turns":10},{"damage":0,"enemies":"2 Fungi Beasts","floor":14,"turns":4},{"damage":0,"enemies":"Lots of Slimes","floor":15,"turns":4},{"damage":51,"enemies":"downfall:Defect","floor":16,"turns":6}],"seed_played":"-1414981694065322864","potions_obtained":[{"floor":5,"key":"ColorlessPotion"},{"floor":12,"key":"Explosive Potion"},{"floor":13,"key":"Swift Potion"},{"floor":14,"key":"LiquidMemories"},{"floor":15,"key":"Regen Potion"}],"is_trial":false,"path_per_floor":["R","M","?","?","M","?","T","R","M","M","R","M","E","M","M","B"],"character_chosen":"THE_SPIRIT","items_purchased":[],"campfire_rested":0,"item_purchase_floors":[],"current_hp_per_floor":[63,63,68,68,68,68,68,68,68,62,62,60,40,40,40,0,0,0],"gold":388,"neow_bonus":"ONE_RARE_RELIC","is_daily":false,"chose_seed":false,"campfire_upgraded":3,"win_rate":0.0,"timestamp":1609545253,"path_taken":["R","M","?","?","M","?","T","R","M","?","R","M","E","M","M","BOSS"],"items_purchased_type":[],"build_version":"2020-12-22","purchased_purges":0,"victory":false,"max_hp_per_floor":[63,63,68,68,68,68,68,68,68,68,68,68,68,68,68,68,68,68],"card_choices":[{"not_picked":["hexamod:AdvancingGuard","hexamod:RetreatToShadows"],"picked":"hexamod:EmpoweredFlame","floor":2},{"not_picked":["hexamod:GhostShield","hexamod:ThermalTransfer"],"picked":"hexamod:FlamesFromBeyond","floor":5},{"not_picked":["hexamod:AdvancingGuard","hexamod:GhostShield","hexamod:BurningTouch"],"picked":"SKIP","floor":9},{"not_picked":["hexamod:ShieldOfDarkness","hexamod:EtherealExpedition"],"picked":"hexamod:Hexaguard","floor":10},{"not_picked":["hexamod:ShieldOfDarkness","hexamod:SpectralAdrenaline","hexamod:CatchUp"],"picked":"SKIP","floor":12},{"not_picked":["hexamod:BurningTouch","hexamod:SkipABeat"],"picked":"hexamod:FourthSeal","floor":13},{"not_picked":["hexamod:FourthSeal","hexamod:EmpoweredFlame"],"picked":"hexamod:HexaLevel","floor":14},{"not_picked":["hexamod:GhostShield","hexamod:AdvancingGuard"],"picked":"hexamod:FlamesFromBeyond","floor":15}],"player_experience":820796,"relics_obtained":[{"floor":13,"key":"hexamod:SoulOfChaos"}],"event_choices":[{"damage_healed":0,"gold_gain":0,"player_choice":"Donut","damage_taken":0,"max_hp_gain":5,"max_hp_loss":0,"event_name":"Big Fish","floor":3,"gold_loss":0}],"is_beta":false,"boss_relics":[],"items_purged_floors":[],"is_endless":false,"potions_floor_spawned":[5,12,13,15],"killed_by":"downfall:Defect","ascension_level":2}}