{"host":"r2dt74mso9cj0h27","time":1609506213,"event":{"mods":["BaseMod","BetterRewards","Custom Start","Minty Spire (QoL Compilation)","StSLib"],"gold_per_floor":[119,194,208,508,508,533,548,575,575,594,46,46,64,93,93,196,196,216,216,126,140,140,140,45,75,98,127,100,100,132,142,142,246,246,256,256,35,35,35,64,78,115,115,149,168,205,225,245,245,245,245,245,17,44,44,44],"floor_reached":55,"playtime":2344,"items_purged":[],"score":1292,"play_id":"9fd4ab92-bd16-46db-8b67-12048eef12d3","local_time":"20210101080333","is_ascension_mode":true,"campfire_choices":[{"data":"Mayhem","floor":12,"key":"SMITH"},{"data":"Seeing Red","floor":15,"key":"SMITH"},{"data":"Corruption","floor":23,"key":"SMITH"},{"data":"J.A.X.","floor":29,"key":"SMITH"},{"data":"Evolve","floor":32,"key":"SMITH"},{"floor":49,"key":"RECALL"},{"data":"Barricade","floor":52,"key":"SMITH"}],"circlet_count":0,"master_deck":["Strike_R","Strike_R","Strike_R+1","Strike_R","Defend_R","Defend_R","Bash+1","Flex","Metallicize","Thunderclap","Battle Trance","Rampage","Reaper","Havoc","Mayhem+1","Inflame","Seeing Red+1","Corruption+1","Evolve+1","J.A.X.+1","Sentinel+1","Flash of Steel","Anger+1","Anger+1","Flex","Disarm","Bludgeon+1","Spot Weakness+1","Clash","Flex","Finesse","Madness","Madness","Cleave+1","Barricade+1","Second Wind","Battle Trance","Feel No Pain","Flex+1","Ghostly Armor+1","Panache","Inflame"],"relics":["Burning Blood","Gremlin Horn","Mercury Hourglass","Old Coin","Question Card","Ancient Tea Set","Dead Branch","Chemical X","MealTicket","Eternal Feather","Busted Crown","Pear","Mummified Hand","Bag of Preparation","Black Star","Whetstone","Akabeko","Bronze Scales","CeramicFish","Molten Egg 2","Paper Frog","Letter Opener","Dream Catcher","Pen Nib","White Beast Statue","Boot","Orichalcum"],"acts_visited":["Exordium","TheCity","TheBeyond","TheEnding"],"potions_floor_usage":[6,6,8,8,21,27,30,45,54,54,54,55],"damage_taken":[{"damage":2,"enemies":"Jaw Worm","floor":1,"turns":3},{"damage":0,"enemies":"2 Louse","floor":3,"turns":2},{"damage":23,"enemies":"Gremlin Nob","floor":6,"turns":4},{"damage":0,"enemies":"Small Slimes","floor":7,"turns":2},{"damage":0,"enemies":"Lagavulin","floor":8,"turns":5},{"damage":21,"enemies":"Red Slaver","floor":10,"turns":3},{"damage":0,"enemies":"Lots of Slimes","floor":13,"turns":1},{"damage":10,"enemies":"3 Sentries","floor":14,"turns":5},{"damage":27,"enemies":"Hexaghost","floor":16,"turns":7},{"damage":17,"enemies":"3 Byrds","floor":18,"turns":3},{"damage":11,"enemies":"Chosen","floor":21,"turns":3},{"damage":3,"enemies":"Slavers","floor":25,"turns":3},{"damage":13,"enemies":"Gremlin Leader","floor":27,"turns":3},{"damage":22,"enemies":"Book of Stabbing","floor":30,"turns":4},{"damage":0,"enemies":"Centurion and Healer","floor":31,"turns":2},{"damage":20,"enemies":"Automaton","floor":33,"turns":3},{"damage":25,"enemies":"3 Darklings","floor":35,"turns":5},{"damage":24,"enemies":"Reptomancer","floor":40,"turns":4},{"damage":3,"enemies":"3 Shapes","floor":41,"turns":3},{"damage":16,"enemies":"Giant Head","floor":42,"turns":4},{"damage":24,"enemies":"Reptomancer","floor":44,"turns":3},{"damage":0,"enemies":"3 Darklings","floor":45,"turns":2},{"damage":22,"enemies":"Giant Head","floor":46,"turns":6},{"damage":3,"enemies":"Spire Growth","floor":47,"turns":3},{"damage":4,"enemies":"Maw","floor":48,"turns":5},{"damage":35,"enemies":"Time Eater","floor":50,"turns":7},{"damage":7,"enemies":"Shield and Spear","floor":54,"turns":2},{"damage":89,"enemies":"The Heart","floor":55,"turns":3}],"seed_played":"-1569629929637856415","potions_obtained":[{"floor":1,"key":"Weak Potion"},{"floor":3,"key":"BloodPotion"},{"floor":6,"key":"Block Potion"},{"floor":7,"key":"HeartOfIron"},{"floor":18,"key":"LiquidMemories"},{"floor":25,"key":"DistilledChaos"},{"floor":27,"key":"PowerPotion"},{"floor":44,"key":"DistilledChaos"},{"floor":46,"key":"Swift Potion"},{"floor":47,"key":"SteroidPotion"},{"floor":48,"key":"AttackPotion"},{"floor":54,"key":"AttackPotion"}],"is_trial":false,"path_per_floor":["M","?","M","?","?","E","M","E","T","M","$","R","M","E","R","B",null,"M","?","?","M","?","R","$","E","T","E","$","R","E","M","R","B",null,"M","?","$","?","?","E","M","E","T","E","M","E","M","M","R","B",null,"R","$","E","B"],"character_chosen":"IRONCLAD","items_purchased":["Gremlin Horn","Mercury Hourglass","Flex","Mayhem","Chemical X","MealTicket","Inflame","Flash of Steel","Flex","Whetstone","Clash","Flex","Panache","Inflame"],"campfire_rested":0,"item_purchase_floors":[0,0,0,11,11,11,11,24,28,37,37,37,53,53],"current_hp_per_floor":[61,50,56,44,44,43,49,55,55,46,46,46,52,66,75,58,80,69,69,69,79,71,80,80,90,90,83,90,90,74,80,90,89,90,80,80,90,90,79,72,75,76,76,58,64,64,67,78,90,61,90,90,90,89,0,0],"gold":44,"neow_bonus":"","is_daily":false,"chose_seed":false,"campfire_upgraded":6,"win_rate":0.0,"timestamp":1609506213,"path_taken":["M","?","M","?","?","E","?","E","T","?","$","R","M","E","R","BOSS","M","?","?","?","?","R","$","E","T","E","?","R","E","M","R","BOSS","M","?","$","?","?","E","M","E","T","E","M","E","M","M","R","BOSS","R","$","E","BOSS"],"items_purchased_type":["Relic","Relic","Card","Card","Relic","Relic","Card","Card","Card","Relic","Card","Card","Card","Card"],"build_version":"2020-12-22","purchased_purges":0,"victory":false,"max_hp_per_floor":[80,80,80,80,80,80,80,80,80,80,80,80,80,80,80,80,80,80,80,80,80,80,80,80,90,90,90,90,90,90,90,90,90,90,90,90,90,90,90,90,90,90,90,90,90,90,90,90,90,90,90,90,90,90,90,90],"card_choices":[{"not_picked":["Battle Trance","Sword Boomerang"],"picked":"Metallicize","floor":1},{"not_picked":["Carnage","Uppercut"],"picked":"Thunderclap","floor":3},{"not_picked":["Flex","Havoc"],"picked":"Rampage","floor":6},{"not_picked":["Wild Strike","Headbutt","Dual Wield","Ghostly Armor"],"picked":"SKIP","floor":7},{"not_picked":["Wild Strike","Thunderclap","Evolve"],"picked":"Reaper","floor":8},{"not_picked":["Wild Strike","Shrug It Off","Flame Barrier"],"picked":"Havoc","floor":10},{"not_picked":["Havoc","Rage","Thunderclap"],"picked":"Clash","floor":13},{"not_picked":["Evolve","Shockwave","Sentinel"],"picked":"Seeing Red","floor":14},{"not_picked":["Juggernaut","Brutality","Impervious"],"picked":"Corruption","floor":16},{"not_picked":["Uppercut"],"picked":"Evolve","floor":18},{"not_picked":["Iron Wave+1"],"picked":"Sentinel+1","floor":21},{"not_picked":["Pummel"],"picked":"Anger+1","floor":25},{"not_picked":["Pummel"],"picked":"Anger+1","floor":27},{"not_picked":["Flex"],"picked":"Disarm","floor":30},{"not_picked":["Wild Strike","Hemokinesis"],"picked":"SKIP","floor":31},{"not_picked":["Reaper"],"picked":"Bludgeon","floor":33},{"not_picked":["Anger+1"],"picked":"Spot Weakness+1","floor":35},{"not_picked":["Deep Breath"],"picked":"Finesse","floor":38},{"not_picked":["Clothesline"],"picked":"Cleave+1","floor":40},{"not_picked":["True Grit","Wild Strike"],"picked":"SKIP","floor":41},{"not_picked":["Carnage+1"],"picked":"Barricade","floor":42},{"not_picked":["Cleave+1"],"picked":"Second Wind","floor":44},{"not_picked":["Fire Breathing"],"picked":"Battle Trance","floor":45},{"not_picked":["Iron Wave+1"],"picked":"Feel No Pain","floor":46},{"not_picked":["Thunderclap+1"],"picked":"Flex+1","floor":47},{"not_picked":["Shrug It Off"],"picked":"Ghostly Armor+1","floor":48},{"not_picked":["Sword Boomerang+1","Bloodletting"],"picked":"SKIP","floor":54}],"player_experience":1273742,"relics_obtained":[{"floor":6,"key":"Question Card"},{"floor":8,"key":"Ancient Tea Set"},{"floor":9,"key":"Dead Branch"},{"floor":14,"key":"Eternal Feather"},{"floor":25,"key":"Pear"},{"floor":27,"key":"Mummified Hand"},{"floor":30,"key":"Bag of Preparation"},{"floor":40,"key":"Akabeko"},{"floor":40,"key":"Bronze Scales"},{"floor":42,"key":"CeramicFish"},{"floor":42,"key":"Molten Egg 2"},{"floor":43,"key":"Paper Frog"},{"floor":44,"key":"Letter Opener"},{"floor":44,"key":"Dream Catcher"},{"floor":46,"key":"Pen Nib"},{"floor":46,"key":"White Beast Statue"},{"floor":54,"key":"Boot"},{"floor":54,"key":"Orichalcum"}],"event_choices":[{"damage_healed":0,"gold_gain":75,"player_choice":"Gather Gold","damage_taken":11,"max_hp_gain":0,"max_hp_loss":0,"event_name":"World of Goop","floor":2,"gold_loss":0},{"damage_healed":0,"gold_gain":0,"player_choice":"Success","damage_taken":12,"relics_obtained":["Old Coin"],"max_hp_gain":0,"max_hp_loss":0,"event_name":"Scrap Ooze","floor":4,"gold_loss":0},{"cards_removed":["Defend_R"],"damage_healed":0,"gold_gain":0,"player_choice":"Took Card","damage_taken":0,"max_hp_gain":0,"max_hp_loss":0,"event_name":"NoteForYourself","floor":5,"gold_loss":0,"cards_obtained":["Battle Trance"]},{"damage_healed":0,"gold_gain":0,"player_choice":"Obtain J.A.X.","damage_taken":0,"max_hp_gain":0,"max_hp_loss":0,"event_name":"Drug Dealer","floor":19,"gold_loss":0,"cards_obtained":["J.A.X."]},{"cards_removed":["Defend_R"],"damage_healed":0,"gold_gain":0,"player_choice":"Upgrade and Remove","damage_taken":0,"max_hp_gain":0,"max_hp_loss":0,"event_name":"Designer","floor":20,"gold_loss":90,"cards_upgraded":["Bash"]},{"damage_healed":0,"gold_gain":0,"player_choice":"Damaged","damage_taken":8,"max_hp_gain":0,"max_hp_loss":0,"event_name":"Wheel of Change","floor":22,"gold_loss":0},{"cards_removed":["Clash"],"damage_healed":0,"gold_gain":0,"player_choice":"Removed Attack","damage_taken":0,"max_hp_gain":0,"max_hp_loss":0,"event_name":"Falling","floor":36,"gold_loss":0},{"damage_healed":0,"gold_gain":0,"player_choice":"Memory 1","damage_taken":0,"max_hp_gain":0,"max_hp_loss":0,"event_name":"SensoryStone","floor":38,"gold_loss":0},{"damage_healed":0,"gold_gain":0,"player_choice":"Embrace Madness","damage_taken":11,"max_hp_gain":0,"max_hp_loss":0,"event_name":"Winding Halls","floor":39,"gold_loss":0,"cards_obtained":["Madness","Madness"]}],"is_beta":false,"boss_relics":[{"not_picked":["Pandora\u0027s Box","Empty Cage"],"picked":"Busted Crown"},{"not_picked":["SlaversCollar","Black Blood"],"picked":"Black Star"}],"items_purged_floors":[],"is_endless":false,"potions_floor_spawned":[1,3,6,7,18,25,27,44,46,47,48,54],"killed_by":"The Heart","ascension_level":1}}