{"host":"le69utka9ynaq64d","time":1609468258,"event":{"mods":["AchievementEnabler","Aspiration","BaseMod","Block Reminder","Conspire","Energized Spire","GifTheSpireLib","Halation","Hubris","Minty Spire (QoL Compilation)","Permanent Neow","Quick Restart","Replay The Spire","RiskOfSpire","StSLib","Stuff the Spire","The Forsaken","Trackpad","Uncapped","vexMod"],"gold_per_floor":[113,75,75,75,85,85,97,107,107,107,126,126,157,152,152,255,255,273,260,279,53,53,53],"floor_reached":22,"playtime":1294,"items_purged":[],"score":188,"play_id":"e4bd5298-4c0a-4482-a990-283a39de64a1","local_time":"20201231213058","is_ascension_mode":false,"campfire_choices":[{"data":"Dual Wield","floor":6.0,"key":"SMITH"},{"data":"Anger","floor":10.0,"key":"SMITH"},{"data":"Spot Weakness","floor":12.0,"key":"SMITH"},{"floor":15.0,"key":"REST"}],"circlet_count":0,"master_deck":["Strike_R","Strike_R","Strike_R","Strike_R","Strike_R","Defend_R","Defend_R","Defend_R","Defend_R","Bash","Spot Weakness+1","Dual Wield+1","Anger+1","Demon Form","Demonic Infusion","Entrench+1","Replay:Bootleg Shield Generator"],"relics":["Burning Blood","Bottled Flame","hubris:ChampionShield","riskOfSpire:RustyKey","conspire:SlowCooker","riskOfSpire:ShieldGenerator","Replay:Rubber Ducky"],"acts_visited":["Exordium","TheCity"],"potions_floor_usage":[20],"damage_taken":[{"damage":13.0,"enemies":"2 Louse","floor":1.0,"turns":4.0},{"damage":11.0,"enemies":"Jaw Worm","floor":5.0,"turns":5.0},{"damage":4.0,"enemies":"Cultist","floor":7.0,"turns":4.0},{"damage":0.0,"enemies":"Gremlin Gang","floor":8.0,"turns":6.0},{"damage":9.0,"enemies":"Blue Slaver","floor":11.0,"turns":3.0},{"damage":36.0,"enemies":"3 Sentries","floor":13.0,"turns":5.0},{"damage":5.0,"enemies":"Large Slime","floor":14.0,"turns":4.0},{"damage":26.0,"enemies":"Slime Boss","floor":16.0,"turns":8.0},{"damage":22.0,"enemies":"Shell Parasite","floor":18.0,"turns":4.0},{"damage":13.0,"enemies":"3 Byrds","floor":19.0,"turns":5.0},{"damage":48,"enemies":"Centurion and Healer","floor":20,"turns":5},{"damage":15,"enemies":"Chosen and Byrds","floor":22,"turns":1}],"seed_played":"-4545560508135962569","potions_obtained":[{"floor":1.0,"key":"Death Potion"},{"floor":8.0,"key":"Adrenaline Potion"},{"floor":16.0,"key":"Explosive Potion"}],"is_trial":true,"path_per_floor":["M","$","?","?","M","R","M","M","T","R","M","R","E","M","R","B",null,"M","M","M","$","M"],"character_chosen":"IRONCLAD","items_purchased":["Dual Wield","Replay:Rubber Ducky","Replay:Bootleg Shield Generator"],"campfire_rested":1,"item_purchase_floors":[2,21,21],"current_hp_per_floor":[73,73,73,73,68,68,70,76,76,76,73,73,43,44,68,48,80,64,57,15,15,0,0],"gold":53,"neow_bonus":"","is_daily":false,"chose_seed":false,"campfire_upgraded":3,"win_rate":0.0,"timestamp":1609468258,"path_taken":["M","$","?","?","?","R","M","M","T","R","M","R","E","M","R","BOSS","M","M","?","$","M"],"items_purchased_type":["Card","Relic","Card"],"build_version":"2020-12-22","purchased_purges":0,"victory":false,"max_hp_per_floor":[80,80,80,80,80,80,80,80,80,80,80,80,80,80,80,80,80,80,80,80,80,80,80],"card_choices":[{"not_picked":["Dark Embrace","Cleave"],"picked":"Spot Weakness","floor":1.0},{"not_picked":["Evolve","StuffTheSpire:Incineration","hubris:ReadiedAction"],"picked":"SKIP","floor":5.0},{"not_picked":["Dark Embrace","Clash"],"picked":"Anger","floor":7.0},{"not_picked":["Run Through","StuffTheSpire:RockThrow","Pummel"],"picked":"SKIP","floor":8.0},{"not_picked":["StuffTheSpire:BloodClot","Pommel Strike","Twin Strike"],"picked":"SKIP","floor":11.0},{"not_picked":["StuffTheSpire:Slingshot","Heavy Blade"],"picked":"Demon Form","floor":13.0},{"not_picked":["hubris:StunningStrike","Berserk"],"picked":"Demonic Infusion","floor":16.0},{"not_picked":["StuffTheSpire:Resist+1","True Grit+1","Life Link"],"picked":"SKIP","floor":18.0},{"not_picked":["Pommel Strike","ReplayTheSpireMod:Strike From Hell"],"picked":"Entrench+1","floor":20}],"player_experience":387532,"relics_obtained":[{"floor":9.0,"key":"Bottled Flame"},{"floor":13.0,"key":"hubris:ChampionShield"},{"floor":13.0,"key":"riskOfSpire:BlastShower"},{"floor":14.0,"key":"riskOfSpire:RustyKey"},{"floor":19.0,"key":"riskOfSpire:ShieldGenerator"}],"event_choices":[{"damage_healed":0.0,"max_hp_gain":0.0,"max_hp_loss":0.0,"gold_gain":0.0,"event_name":"The Cleric","player_choice":"Leave","floor":3.0,"gold_loss":0.0,"damage_taken":0.0},{"damage_healed":0.0,"max_hp_gain":0.0,"max_hp_loss":0.0,"gold_gain":0.0,"event_name":"Purifier","player_choice":"Ignored","floor":4.0,"gold_loss":0.0,"damage_taken":0.0}],"is_beta":false,"boss_relics":[{"not_picked":["Replay:Wanted Poster","SlaversCollar"],"picked":"conspire:SlowCooker"}],"items_purged_floors":[],"is_endless":true,"potions_floor_spawned":[1,8,16],"killed_by":"Chosen and Byrds","ascension_level":0}}