{"host":"hg4d4z00zcdsq8kr","time":1609475225,"event":{"mods":["BaseMod","Downfall","Hubris","Infinite Spire","Minty Spire (QoL Compilation)","Replay The Spire","StSLib","The Bug Knight","The Cursed"],"gold_per_floor":[113,128,141,141,15,44,44,44,44,60,90,75,85,120,120,219,219,236,236,536,555,555,581,581,606,655,655,22,22,33,49,49,148,148,167,167,167,177,177,177,77,77,100,128,138,138,152,152,152,152,152],"floor_reached":50,"playtime":3193,"items_purged":["Strike_G","Strike_G","Strike_G"],"score":678,"play_id":"b149f4df-4092-426c-9861-01a2540a5b20","local_time":"20210101072705","is_ascension_mode":false,"campfire_choices":[{"floor":8,"key":"REST"},{"floor":15,"key":"REST"},{"floor":24,"key":"REST"},{"floor":27,"key":"REST"},{"floor":29,"key":"REST"},{"data":"infinitespire:Neurotoxin","floor":32,"key":"SMITH"},{"floor":40,"key":"REST"},{"data":"Burst","floor":42,"key":"SMITH"},{"floor":49,"key":"REST"}],"circlet_count":0,"master_deck":["Strike_G","Strike_G","Defend_G","Defend_G+1","Defend_G","Defend_G","Defend_G","Survivor","Neutralize","Backflip","Prepared","Deflect","Acrobatics","Hallucinations","Eviscerate","Bouncing Flask","Bouncing Flask","infinitespire:Neurotoxin+1","PiercingWail","Burst+1","Poison Darts","Injury","ReplayTheSpireMod:IOU","hubris:Disease","Replay:Poison Smokescreen+1","Setup+1","Quick Slash","infinitespire:NeuralNetwork","Reflex+1","hubris:Counter","Dagger Throw","Calculated Gamble+1","Atom Bomb","ReplayTheSpireMod:Uncanny Aura+1","Crippling Poison+1"],"relics":["Ring of the Snake","ReplayTheSpireMod:Ring of Exchange","infinitespire:PuzzleCube","Mango","Gremlin Horn","Replay:Ancient Bell","ReplayTheSpireMod:TigerMarble","Toxic Egg 2","Incense Burner","hubris:CrystalStatue","Old Coin","hubris:Towel","Orichalcum","Kunai","Omamori","Anchor","HornCleat","Calling Bell","infinitespire:Lucky Rock","Mummified Hand","Peace Pipe","hubris:ScarierMask","infinitespire:Beetle Shell","HollowMod:PaleOreRelic","Gremlin Food"],"acts_visited":["Exordium","TheCity","TheBeyond"],"potions_floor_usage":[11,11,12,14,16,25,31,31,33,44,50,50],"damage_taken":[{"damage":0,"enemies":"2 Louse","floor":1,"turns":3},{"damage":0,"enemies":"Small Slimes","floor":2,"turns":3},{"damage":2,"enemies":"Jaw Worm","floor":3,"turns":5},{"damage":27,"enemies":"3 Sentries","floor":6,"turns":9},{"damage":10,"enemies":"Blue Slaver","floor":10,"turns":5},{"damage":14,"enemies":"Lagavulin","floor":11,"turns":5},{"damage":3,"enemies":"Exordium Thugs","floor":12,"turns":4},{"damage":12,"enemies":"Looter","floor":13,"turns":3},{"damage":18,"enemies":"Gremlin Nob","floor":14,"turns":4},{"damage":7,"enemies":"Hexaghost","floor":16,"turns":7},{"damage":33,"enemies":"3 Byrds","floor":18,"turns":5},{"damage":6,"enemies":"Spheric Guardian","floor":21,"turns":4},{"damage":8,"enemies":"HollowMod:Nosk","floor":23,"turns":5},{"damage":22,"enemies":"Nightmare","floor":25,"turns":7},{"damage":0,"enemies":"Centurion and Healer","floor":30,"turns":7},{"damage":2,"enemies":"Snake Plant","floor":31,"turns":3},{"damage":10,"enemies":"hubris:MusketHawk","floor":33,"turns":6},{"damage":13,"enemies":"Orb Walker","floor":35,"turns":4},{"damage":8,"enemies":"3 Darklings","floor":38,"turns":5},{"damage":0,"enemies":"R_Hoarder","floor":44,"turns":4},{"damage":0,"enemies":"Sphere and 2 Shapes","floor":45,"turns":4},{"damage":6,"enemies":"Spire Growth","floor":47,"turns":2},{"damage":81,"enemies":"Donu and Deca","floor":50,"turns":8}],"seed_played":"1958818217871703297","potions_obtained":[{"floor":1,"key":"Death Potion"},{"floor":3,"key":"Languid Potion"},{"floor":10,"key":"sneckomod:MuddlingPotion"},{"floor":12,"key":"Milkshake"},{"floor":14,"key":"FearPotion"},{"floor":21,"key":"FearPotion"},{"floor":30,"key":"Swift Potion"},{"floor":38,"key":"Energy Potion"},{"floor":45,"key":"SpeedPotion"},{"floor":47,"key":"FearPotion"}],"is_trial":false,"path_per_floor":["M","M","M","?","$","E","$","R","T","M","E","M","M","E","R","B",null,"M","?","T","M","?","E","R","NM","T","R","$","R","M","M","R","B",null,"M","AVR","?","M","?","R","$","R","T","E","M","?","M","?","R","B"],"character_chosen":"THE_SILENT","items_purchased":["Eviscerate","Bouncing Flask","hubris:Counter","Anchor","HornCleat","Ancient Potion","Fire Potion"],"campfire_rested":7,"item_purchase_floors":[5,5,28,28,28,28,28],"current_hp_per_floor":[70,70,68,68,68,41,41,62,62,52,52,49,37,19,44,37,84,51,51,51,45,45,37,62,40,40,65,65,84,84,82,82,72,84,71,71,71,63,63,80,80,80,80,80,80,75,69,69,80,0,0],"gold":152,"neow_bonus":"THREE_CARDS","is_daily":false,"chose_seed":false,"campfire_upgraded":2,"win_rate":0.0,"timestamp":1609475225,"path_taken":["M","M","M","?","$","E","$","R","T","M","E","M","M","E","R","BOSS","M","?","?","M","?","E","R","NM","T","R","$","R","M","M","R","BOSS","M","AVR","?","M","?","R","$","R","T","E","?","?","M","?","R","BOSS"],"items_purchased_type":["Card","Card","Card","Relic","Relic","Potion","Potion"],"build_version":"2020-12-22","purchased_purges":3,"victory":false,"max_hp_per_floor":[70,70,70,70,70,70,70,70,70,70,84,84,84,84,84,84,84,84,84,84,84,84,84,84,84,84,84,84,84,84,84,84,84,84,84,84,80,80,80,80,80,80,80,80,80,80,80,80,80,80,80],"card_choices":[{"not_picked":["Flying Knee","Sucker Punch"],"picked":"Backflip","floor":0},{"not_picked":["Sucker Punch","Dodge and Roll"],"picked":"Prepared","floor":1},{"not_picked":["Prepared","Flying Knee"],"picked":"Deflect","floor":2},{"not_picked":["Hidden Blade","Leg Sweep"],"picked":"Acrobatics","floor":3},{"not_picked":["Dodge and Roll","Flechettes"],"picked":"infinitespire:Neurotoxin","floor":6},{"not_picked":["Dodge and Roll","Acrobatics"],"picked":"PiercingWail","floor":10},{"not_picked":["Predator","Accuracy","Dodge and Roll"],"picked":"SKIP","floor":11},{"not_picked":["Accuracy","Choke","Predator"],"picked":"SKIP","floor":12},{"not_picked":["Dagger Throw","Deflect"],"picked":"Burst","floor":13},{"not_picked":["Accuracy","PiercingWail","Eviscerate"],"picked":"SKIP","floor":14},{"not_picked":["Grand Finale","After Image"],"picked":"Poison Darts","floor":16},{"not_picked":["ReplayTheSpireMod:IOU","Writhe"],"picked":"Injury","floor":17},{"not_picked":["Parasite","hubris:Sloth"],"picked":"ReplayTheSpireMod:IOU","floor":17},{"not_picked":["Delirium","hubris:Gluttony"],"picked":"hubris:Disease","floor":17},{"not_picked":["Sneak Up+1","hubris:SlightOfHand+1"],"picked":"Replay:Poison Smokescreen+1","floor":18},{"not_picked":["Poisoned Stab+1","Terror+1"],"picked":"Setup+1","floor":21},{"not_picked":["Flying Knee","Blur+1"],"picked":"Quick Slash","floor":23},{"not_picked":["infinitespire:Punishment","infinitespire:FinalStrike"],"picked":"infinitespire:NeuralNetwork","floor":25},{"not_picked":["hubris:Sniper+1","ReplayTheSpireMod:Shiv Toss+1"],"picked":"Reflex+1","floor":25},{"not_picked":["Sucker Punch","Deadly Poison+1"],"picked":"Dagger Throw","floor":30},{"not_picked":["Outmaneuver+1","Finisher"],"picked":"Calculated Gamble+1","floor":31},{"not_picked":["Wraith Form v2","Tools of the Trade"],"picked":"Atom Bomb","floor":33},{"not_picked":["Backflip+1","All Out Attack+1","hubris:SlightOfHand+1"],"picked":"SKIP","floor":35},{"not_picked":["hubris:Counter","ReplayTheSpireMod:Speed Training+1","ReplayTheSpireMod:Shiv Toss+1"],"picked":"SKIP","floor":38},{"not_picked":["Quick Slash+1","ReplayTheSpireMod:Tripwire+1","Blade Dance+1"],"picked":"SKIP","floor":44},{"not_picked":["Hidden Blade+1","Terror+1","Flying Knee+1"],"picked":"SKIP","floor":45},{"not_picked":["Replay:SS_forest_5+1","ReplayTheSpireMod:Brewmster"],"picked":"ReplayTheSpireMod:Uncanny Aura+1","floor":46},{"not_picked":["Backflip+1","hubris:SlightOfHand+1"],"picked":"Crippling Poison+1","floor":47}],"player_experience":670983,"relics_obtained":[{"floor":4,"key":"ReplayTheSpireMod:Ring of Exchange"},{"floor":6,"key":"infinitespire:PuzzleCube"},{"floor":11,"key":"Mango"},{"floor":14,"key":"Gremlin Horn"},{"floor":20,"key":"Old Coin"},{"floor":23,"key":"Orichalcum"},{"floor":25,"key":"Kunai"},{"floor":26,"key":"Omamori"},{"floor":34,"key":"infinitespire:Lucky Rock"},{"floor":34,"key":"Mummified Hand"},{"floor":34,"key":"Peace Pipe"},{"floor":43,"key":"HollowMod:PaleOreRelic"},{"floor":44,"key":"Gremlin Food"}],"event_choices":[{"damage_healed":0,"gold_gain":0,"player_choice":"Max HP","damage_taken":0,"max_hp_gain":0,"max_hp_loss":4,"event_name":"Winding Halls","floor":37,"gold_loss":0},{"damage_healed":0,"gold_gain":0,"player_choice":"Memory 2","damage_taken":5,"max_hp_gain":0,"max_hp_loss":0,"event_name":"SensoryStone","floor":46,"gold_loss":0},{"damage_healed":0,"gold_gain":0,"player_choice":"Ignored","damage_taken":0,"max_hp_gain":0,"max_hp_loss":0,"event_name":"Mysterious Sphere","floor":48,"gold_loss":0}],"is_beta":false,"boss_relics":[{"not_picked":["Philosopher\u0027s Stone","Busted Crown"],"picked":"Replay:Ancient Bell"},{"not_picked":["Regal Pillow","Bag of Marbles"],"picked":"ReplayTheSpireMod:TigerMarble"},{"not_picked":["hubris:SphereOfDissonance","HollowMod:StagPassRelic"],"picked":"Toxic Egg 2"},{"not_picked":["hubris:Spice","Pocketwatch"],"picked":"Incense Burner"},{"not_picked":["Replay:Wanted Poster","hubris:Stopwatch"],"picked":"Calling Bell"}],"items_purged_floors":[28,36,41],"is_endless":true,"potions_floor_spawned":[1,3,10,12,14,21,30,38,45,47],"killed_by":"Donu and Deca","ascension_level":0}}