{"host":"chv1qanoipyt46jc","time":1609520523,"event":{"mods":["2.2 Compatiblity","AchievementEnabler","BaseMod","BetterRewards","CapriCore","Card Filter","Evolution","Gold Saver","Grow up Mod","Minty Spire (QoL Compilation)","Rare Cards Sparkle","Relic Filter","Remove Card Discount Mod","Reorder Act Four","StSLib"],"gold_per_floor":[672,672,692,692,710,710,730,758,758,758,787,787,802,814,814,911,911,923,940,966,981,1031,1031,1058,1058,1113,1138,1138,1151,1151,1162,1162,1265,1265,1277,1290,1300,1317,1317,1317,1317,1313,1386,1400,1434,1446,1446,1465,1465,1465,1465,1463,1463,1498,1498],"floor_reached":56,"playtime":2170,"items_purged":["Defend_R","Twin Strike","Twin Strike","Defend_R","Defend_R","Strike_R","Twin Strike","Defend_R","Twin Strike","Bash","Inflame","Inflame+1","Dramatic Entrance"],"score":1656,"play_id":"7ff54fc8-42a9-4b36-8747-6f293708fb9e","local_time":"20210101110203","is_ascension_mode":false,"campfire_choices":[{"data":"Dark Embrace","floor":6,"key":"SMITH"},{"data":"Armaments","floor":10,"key":"SMITH"},{"data":"Armaments","floor":12,"key":"SMITH"},{"data":"Searing Blow","floor":15,"key":"SMITH"},{"data":"Searing Blow+1","floor":23,"key":"SMITH"},{"data":"Searing Blow+2","floor":25,"key":"SMITH"},{"floor":28,"key":"RECALL"},{"data":"Searing Blow+3","floor":32,"key":"SMITH"},{"data":"Searing Blow+4","floor":40,"key":"SMITH"},{"data":"Searing Blow+5","floor":41,"key":"SMITH"},{"data":"Searing Blow+6","floor":47,"key":"SMITH"},{"data":"Searing Blow+7","floor":49,"key":"SMITH"},{"data":"Searing Blow+8","floor":53,"key":"SMITH"}],"circlet_count":0,"master_deck":["Seeing Red+1","Armaments+1","Searing Blow+9","Pommel Strike","Dark Embrace+1","Pommel Strike","Armaments+1","Seeing Red+1","Seeing Red","Seeing Red"],"relics":["Burning Blood","EVO:Axolotl","Charon\u0027s Ashes","Medical Kit","Unceasing Top","Lizard Tail","Gremlin Horn","WingedGreaves","Red Mask","War Paint","Thread and Needle","SlaversCollar","Pear","InkBottle","Centennial Puzzle"],"acts_visited":["Exordium","TheCity","TheBeyond","TheEnding"],"potions_floor_usage":[8,21,55,55,55],"damage_taken":[{"damage":1,"enemies":"Jaw Worm","floor":1,"turns":3},{"damage":4,"enemies":"2 Louse","floor":3,"turns":4},{"damage":1,"enemies":"Cultist","floor":5,"turns":4},{"damage":0,"enemies":"Exordium Wildlife","floor":7,"turns":3},{"damage":23,"enemies":"Gremlin Nob","floor":8,"turns":4},{"damage":4,"enemies":"3 Sentries","floor":11,"turns":4},{"damage":0,"enemies":"Lots of Slimes","floor":13,"turns":1},{"damage":0,"enemies":"Exordium Thugs","floor":14,"turns":3},{"damage":19,"enemies":"The Guardian","floor":16,"turns":8},{"damage":10,"enemies":"2 Thieves","floor":18,"turns":3},{"damage":0,"enemies":"Spheric Guardian","floor":19,"turns":3},{"damage":29,"enemies":"Masked Bandits","floor":20,"turns":3},{"damage":33,"enemies":"Snake Plant","floor":21,"turns":4},{"damage":8,"enemies":"Gremlin Leader","floor":24,"turns":5},{"damage":29,"enemies":"Book of Stabbing","floor":27,"turns":4},{"damage":10,"enemies":"Shelled Parasite and Fungi","floor":29,"turns":3},{"damage":3,"enemies":"Centurion and Healer","floor":31,"turns":3},{"damage":21,"enemies":"Collector","floor":33,"turns":6},{"damage":0,"enemies":"Orb Walker","floor":35,"turns":3},{"damage":5,"enemies":"3 Shapes","floor":36,"turns":2},{"damage":0,"enemies":"Jaw Worm Horde","floor":37,"turns":2},{"damage":2,"enemies":"3 Darklings","floor":38,"turns":3},{"damage":3,"enemies":"Spire Growth","floor":44,"turns":3},{"damage":0,"enemies":"Reptomancer","floor":45,"turns":2},{"damage":0,"enemies":"Transient","floor":46,"turns":5},{"damage":0,"enemies":"3 Darklings","floor":48,"turns":1},{"damage":12,"enemies":"Donu and Deca","floor":50,"turns":3},{"damage":0,"enemies":"Shield and Spear","floor":54,"turns":1},{"damage":88,"enemies":"The Heart","floor":55,"turns":5}],"seed_played":"-8148554411631305048","potions_obtained":[{"floor":1,"key":"Fire Potion"},{"floor":5,"key":"AttackPotion"},{"floor":8,"key":"Fruit Juice"},{"floor":14,"key":"EssenceOfSteel"},{"floor":27,"key":"AttackPotion"},{"floor":46,"key":"LiquidBronze"}],"is_trial":false,"path_per_floor":["M","$","M","$","M","R","M","E","T","R","E","R","M","M","R","B",null,"M","M","?","M","?","R","E","R","T","E","R","M","?","M","R","B",null,"M","M","M","M","?","R","R","$","T","M","E","M","R","M","R","B",null,"$","R","E","B",null],"character_chosen":"IRONCLAD","items_purchased":["Charon\u0027s Ashes","Seeing Red","Medical Kit","Armaments","Searing Blow","Pommel Strike","Unceasing Top","Dark Embrace","Pommel Strike","Armaments"],"campfire_rested":0,"item_purchase_floors":[0,0,0,0,0,0,0,0,0,0],"current_hp_per_floor":[57,67,79,89,104,114,130,128,138,148,160,170,186,202,212,209,265,271,285,272,255,265,275,283,293,303,290,300,306,316,329,339,334,435,445,455,465,475,485,495,505,515,535,545,555,565,575,585,595,599,615,625,635,645,573],"gold":1498,"neow_bonus":"","is_daily":false,"chose_seed":false,"campfire_upgraded":12,"win_rate":0.0,"timestamp":1609520523,"path_taken":["M","$","M","$","M","R","M","E","T","R","E","R","M","M","R","BOSS","M","M","?","M","?","R","E","R","T","E","R","?","?","M","R","BOSS","M","M","M","?","?","R","R","$","T","M","E","M","R","M","R","BOSS","$","R","E","BOSS"],"items_purchased_type":["Relic","Card","Relic","Card","Card","Card","Relic","Card","Card","Card"],"build_version":"2020-12-22","purchased_purges":13,"victory":true,"max_hp_per_floor":[100,110,120,130,140,150,160,175,185,195,205,215,225,235,245,255,265,275,285,295,305,315,325,335,345,355,365,375,385,395,405,415,425,435,445,455,465,475,485,495,505,515,535,545,555,565,575,585,595,605,615,625,635,645,655],"card_choices":[{"not_picked":["Shrug It Off","Anger","Inflame"],"picked":"SKIP","floor":1},{"not_picked":["Dark Embrace","Pommel Strike","Carnage"],"picked":"SKIP","floor":3},{"not_picked":["Dark Embrace","Anger"],"picked":"Inflame","floor":5},{"not_picked":["Bludgeon","Pummel","Shrug It Off"],"picked":"SKIP","floor":7},{"not_picked":["Pommel Strike","Pummel","Iron Wave"],"picked":"SKIP","floor":8},{"not_picked":["Carnage","Feed","Armaments"],"picked":"SKIP","floor":11},{"not_picked":["Armaments","Anger","Shrug It Off"],"picked":"SKIP","floor":13},{"not_picked":["Iron Wave","Searing Blow"],"picked":"Seeing Red","floor":14},{"not_picked":["Anger","Carnage+1","Pommel Strike"],"picked":"SKIP","floor":18},{"not_picked":["Pommel Strike","Burning Pact"],"picked":"Inflame+1","floor":19},{"not_picked":["Shrug It Off","Pummel","Armaments"],"picked":"SKIP","floor":21},{"not_picked":["Burning Pact","Pommel Strike+1","Armaments"],"picked":"SKIP","floor":24},{"not_picked":["Inflame","Shrug It Off","Anger"],"picked":"SKIP","floor":27},{"not_picked":["Iron Wave+1","Bludgeon","Armaments"],"picked":"SKIP","floor":29},{"not_picked":["Carnage","Searing Blow","Shrug It Off+1"],"picked":"SKIP","floor":31},{"not_picked":["Carnage+1","Anger+1","Shrug It Off+1"],"picked":"SKIP","floor":35},{"not_picked":["Armaments","Shrug It Off"],"picked":"Seeing Red","floor":36},{"not_picked":["Inflame","Feed","Bloodletting+1"],"picked":"SKIP","floor":37},{"not_picked":["Iron Wave+1","Inflame","Searing Blow+1"],"picked":"SKIP","floor":38},{"not_picked":["Sadistic Nature","Madness"],"picked":"Dramatic Entrance","floor":39},{"not_picked":["Pommel Strike+1","Armaments+1","Seeing Red"],"picked":"SKIP","floor":44},{"not_picked":["Shrug It Off+1","Anger+1"],"picked":"Seeing Red","floor":45},{"not_picked":["Carnage+1","Iron Wave","Armaments+1"],"picked":"SKIP","floor":46},{"not_picked":["Burning Pact+1","Shrug It Off+1","Anger+1"],"picked":"SKIP","floor":48},{"not_picked":["Pommel Strike","Armaments","Pummel"],"picked":"SKIP","floor":54}],"player_experience":274659,"relics_obtained":[{"floor":8,"key":"Lizard Tail"},{"floor":9,"key":"Gremlin Horn"},{"floor":11,"key":"WingedGreaves"},{"floor":20,"key":"Red Mask"},{"floor":24,"key":"War Paint"},{"floor":27,"key":"Thread and Needle"},{"floor":43,"key":"Pear"},{"floor":45,"key":"InkBottle"},{"floor":54,"key":"Centennial Puzzle"}],"event_choices":[{"damage_healed":0,"gold_gain":0,"player_choice":"Fought Bandits","damage_taken":0,"max_hp_gain":0,"max_hp_loss":0,"event_name":"Masked Bandits","floor":20,"gold_loss":0},{"damage_healed":0,"gold_gain":100,"player_choice":"Bet on Murderer","damage_taken":0,"max_hp_gain":0,"max_hp_loss":0,"event_name":"The Joust","floor":22,"gold_loss":50},{"damage_healed":0,"gold_gain":0,"player_choice":"Ignored","damage_taken":0,"max_hp_gain":0,"max_hp_loss":0,"event_name":"NoteForYourself","floor":30,"gold_loss":0},{"damage_healed":0,"gold_gain":0,"player_choice":"Memory 1","damage_taken":0,"max_hp_gain":0,"max_hp_loss":0,"event_name":"SensoryStone","floor":39,"gold_loss":0}],"is_beta":false,"boss_relics":[{"not_picked":["Cursed Key","Empty Cage","Mark of Pain"]},{"not_picked":["Busted Crown","Calling Bell"],"picked":"SlaversCollar"}],"items_purged_floors":[0,0,0,0,0,0,0,0,0,0,42,42,52],"is_endless":false,"potions_floor_spawned":[1,5,8,14,16,18,20,27,29,31,38,44,45,46],"ascension_level":0}}