{"host":"ua79u05djyvy8kaj","time":1609502817,"event":{"mods":["AchievementEnabler","Act Like it!","BaseMod","CapriCore","Colored Powertips","Decade(王小明)","Friendly Minions","Gensokyo","Hallownest","Hermit","Highlight Path","HololiveMod","KinomotoSakuraMod(木之本樱)","Koishi","Marisa（F雨　魔理沙）","Minty Spire (QoL Compilation)","Prisma Mod","Quick Restart","Reimu（博丽灵梦）","Remilia（蕾米莉亚）","Replay The Spire","Shop Mod","StSLib","The Administrix","The Cursed","The Immortal","The Servant 0.9.4","WarShipGirlsR/战舰少女R mod","Youmu（魂魄妖梦）","Yuyuko"],"gold_per_floor":[110,124,124,124,141,141,141,141,141,151,151,171,18,33,33,33,33],"floor_reached":16,"playtime":455,"items_purged":[],"score":92,"play_id":"6d62f813-14cf-4abd-abd6-8219afc54738","local_time":"20210101200657","is_ascension_mode":false,"campfire_choices":[{"data":"Bash","floor":6,"key":"SMITH"},{"data":"Cleave","floor":8,"key":"SMITH"},{"data":"Fire Breathing","floor":11,"key":"SMITH"},{"data":"Defend_R","floor":15,"key":"SMITH"}],"circlet_count":0,"master_deck":["Strike_R","Strike_R","Strike_R","Strike_R","Defend_R+1","Defend_R","Defend_R","Defend_R","Bash+1","Cleave+1","Thunderclap","Fire Breathing+1"],"relics":["Burning Blood","NeowsBlessing","Gremlin Horn","Mastiff:ReiMu"],"acts_visited":["Exordium"],"potions_floor_usage":[14,16],"damage_taken":[{"damage":0,"enemies":"Small Slimes","floor":1,"turns":1},{"damage":0,"enemies":"2 Louse","floor":2,"turns":1},{"damage":0,"enemies":"Jaw Worm","floor":5,"turns":1},{"damage":14,"enemies":"Blue Slaver","floor":10,"turns":4},{"damage":0,"enemies":"Gremlin Gang","floor":12,"turns":2},{"damage":7,"enemies":"Exordium Wildlife","floor":14,"turns":4},{"damage":66,"enemies":"The Guardian","floor":16,"turns":14}],"seed_played":"1486557784529513591","potions_obtained":[{"floor":5,"key":"DuplicationPotion"},{"floor":10,"key":"SpeedPotion"}],"is_trial":false,"path_per_floor":["M","M","?","?","M","R","?","R","T","M","R","M","$","M","R","B"],"character_chosen":"IRONCLAD","items_purchased":["Mastiff:ReiMu"],"campfire_rested":0,"item_purchase_floors":[13],"current_hp_per_floor":[80,80,73,73,79,79,79,79,79,71,71,77,77,76,76,10,10],"gold":33,"neow_bonus":"THREE_ENEMY_KILL","is_daily":false,"chose_seed":false,"campfire_upgraded":4,"win_rate":0.0,"timestamp":1609502817,"path_taken":["M","M","?","?","M","R","?","R","T","?","R","M","$","M","R","BOSS"],"items_purchased_type":["Relic"],"build_version":"2020-12-22","purchased_purges":0,"victory":false,"max_hp_per_floor":[80,80,80,80,80,80,80,80,80,80,80,80,80,80,80,80,80],"card_choices":[{"not_picked":["Wild Strike","Shockwave"],"picked":"Cleave","floor":1},{"not_picked":["Warcry","Twin Strike"],"picked":"Thunderclap","floor":2},{"not_picked":["Run Through","Heavy Blade","Offering"],"picked":"SKIP","floor":5},{"not_picked":["Anger","ReplayReversal"],"picked":"Fire Breathing","floor":10},{"not_picked":["True Grit","Warcry","Iron Wave"],"picked":"SKIP","floor":12},{"not_picked":["Replay:Undeath\u0027s Touch","Shockwave","Infernal Blade"],"picked":"SKIP","floor":14}],"player_experience":206871,"relics_obtained":[{"floor":9,"key":"Gremlin Horn"}],"event_choices":[{"cards_removed":["Strike_R"],"damage_healed":0,"gold_gain":0,"player_choice":"Card Removal","damage_taken":7,"max_hp_gain":0,"max_hp_loss":0,"event_name":"Golden Wing","floor":3,"gold_loss":0}],"is_beta":false,"boss_relics":[],"items_purged_floors":[],"is_endless":false,"potions_floor_spawned":[5,10],"killed_by":"The Guardian","ascension_level":0}}