{"host":"p7j7o00jacnw7qzt","time":1609487232,"event":{"mods":["BaseMod","Colored Map","Colored Powertips","DeckTracker","Highlight Path","Minty Spire (QoL Compilation)","Relic Stats"],"gold_per_floor":[109,109,109,126,126,126,142,173,198,40,40,40,40,65,65,141,141,154,79,79,79,54,86,109,109,109,141,416,1,1,29,29,106,106,122,38,38,38,55,89,39,52,52,123,123,123,139,139,139,139,139,139],"floor_reached":51,"playtime":1877,"items_purged":["Unload","Regret","Dagger Throw","Blade Dance"],"score":1487,"play_id":"8b6c53ff-b1c8-42a1-8a4e-a1628aa330d1","local_time":"20210101024712","is_ascension_mode":true,"campfire_choices":[{"data":"Predator","floor":6.0,"key":"SMITH"},{"data":"Footwork","floor":11.0,"key":"SMITH"},{"data":"Caltrops","floor":13.0,"key":"SMITH"},{"data":"Immolate","floor":15.0,"key":"SMITH"},{"data":"Omniscience","floor":25.0,"key":"SMITH"},{"data":"Calculated Gamble","floor":30.0,"key":"SMITH"},{"data":"Terror","floor":32.0,"key":"SMITH"},{"floor":49.0,"key":"RECALL"}],"circlet_count":0,"master_deck":["AscendersBane","Survivor","Neutralize","Footwork+1","Predator+1","Backstab","Terror+1","Immolate+1","Omniscience+1","Envenom","Calculated Gamble+1","Die Die Die","Malaise","Backflip","Necronomicurse","Flash of Steel+1","Apotheosis","Well Laid Plans+1","Mayhem+1","Shrug It Off","Fasting2+1"],"relics":["Ring of the Snake","Mango","Juzu Bracelet","Pen Nib","PrismaticShard","Tiny Chest","Pandora\u0027s Box","Necronomicon","The Courier","Frozen Egg 2","Molten Egg 2","Meat on the Bone","Omamori","Smiling Mask","Fusion Hammer","Snake Skull","HornCleat","Mummified Hand"],"acts_visited":["Exordium","TheCity","TheBeyond"],"potions_floor_usage":[],"damage_taken":[{"damage":9.0,"enemies":"Small Slimes","floor":1.0,"turns":6.0},{"damage":0.0,"enemies":"Cultist","floor":4.0,"turns":4.0},{"damage":0.0,"enemies":"Jaw Worm","floor":7.0,"turns":3.0},{"damage":17.0,"enemies":"Lagavulin","floor":8.0,"turns":9.0},{"damage":20.0,"enemies":"3 Sentries","floor":14.0,"turns":8.0},{"damage":8.0,"enemies":"Hexaghost","floor":16.0,"turns":7.0},{"damage":0.0,"enemies":"Chosen","floor":18.0,"turns":5.0},{"damage":0.0,"enemies":"Slavers","floor":23.0,"turns":1.0},{"damage":10.0,"enemies":"Book of Stabbing","floor":27.0,"turns":2.0},{"damage":5.0,"enemies":"Gremlin Leader","floor":31.0,"turns":2.0},{"damage":27.0,"enemies":"Collector","floor":33.0,"turns":5.0},{"damage":3.0,"enemies":"3 Shapes","floor":35.0,"turns":1.0},{"damage":3.0,"enemies":"Orb Walker","floor":39.0,"turns":2.0},{"damage":16.0,"enemies":"Giant Head","floor":40.0,"turns":5.0},{"damage":24.0,"enemies":"Writhing Mass","floor":42.0,"turns":3.0},{"damage":22.0,"enemies":"4 Shapes","floor":47.0,"turns":2.0},{"damage":2.0,"enemies":"Time Eater","floor":50.0,"turns":5.0},{"damage":64,"enemies":"Awakened One","floor":51,"turns":7}],"seed_played":"8712927972033071356","potions_obtained":[{"floor":1.0,"key":"SpeedPotion"},{"floor":7.0,"key":"PowerPotion"},{"floor":14.0,"key":"BlessingOfTheForge"},{"floor":16.0,"key":"ColorlessPotion"},{"floor":23.0,"key":"SteroidPotion"},{"floor":27.0,"key":"BlessingOfTheForge"},{"floor":39.0,"key":"Fire Potion"},{"floor":47.0,"key":"Weak Potion"}],"is_trial":false,"path_per_floor":["M","?","?","M","?","R","M","E","T","$","R","?","R","E","R","B",null,"M","$","?","?","$","E","T","R","T","E","?","$","R","E","R","B",null,"M","$","?","?","M","E","$","M","T","T","?","?","M","?","R","B","B"],"character_chosen":"THE_SILENT","items_purchased":["PrismaticShard","Blade Dance","Meat on the Bone","Omamori","Well Laid Plans+1"],"campfire_rested":0,"item_purchase_floors":[10,22,29,29,36],"current_hp_per_floor":[49,49,49,49,49,49,49,32,32,32,32,32,32,12,12,4,61,61,61,61,40,40,40,40,40,40,30,30,30,30,37,37,22,66,63,63,53,53,50,46,46,34,34,34,34,34,24,66,66,64,0,0],"gold":139,"neow_bonus":"ONE_RARE_RELIC","is_daily":false,"chose_seed":false,"campfire_upgraded":7,"win_rate":0.0,"timestamp":1609487232,"path_taken":["M","?","?","M","?","R","M","E","T","$","R","?","R","E","R","BOSS","M","?","?","?","$","E","?","R","T","E","?","$","R","E","R","BOSS","M","$","?","?","M","E","$","M","T","?","?","?","M","?","R","BOSS","BOSS"],"items_purchased_type":["Relic","Card","Relic","Relic","Card"],"build_version":"2020-12-22","purchased_purges":4,"victory":false,"max_hp_per_floor":[80,80,80,80,80,80,80,80,80,80,80,80,80,80,80,80,80,80,80,80,80,80,80,80,80,80,80,80,80,80,80,80,80,80,80,80,80,80,80,80,80,80,80,80,80,80,80,66,66,66,66,66],"relic_stats":{"counters":[18,77],"Mummified Hand":[20],"Tiny Chest":2,"Pandora\u0027s Box":["Unload","Envenom","Calculated Gamble","Die Die Die","Malaise","Backflip","Dagger Throw"],"Pen Nib":[14],"Snake Skull":[37],"Juzu Bracelet":4,"Necronomicon":[25],"Smiling Mask":120,"obtain_stats":[{"Mango":0,"Pen Nib":9,"The Courier":23,"Snake Skull":40,"Juzu Bracelet":8,"Omamori":29,"Frozen Egg 2":26,"PrismaticShard":10,"Smiling Mask":31,"HornCleat":43,"Mummified Hand":44,"Tiny Chest":14,"Pandora\u0027s Box":17,"Molten Egg 2":27,"Fusion Hammer":34,"Necronomicon":21,"Ring of the Snake":0,"Meat on the Bone":29},{"Mango":0,"Pen Nib":4,"The Courier":8,"Snake Skull":14,"Juzu Bracelet":4,"Omamori":9,"Frozen Egg 2":8,"PrismaticShard":4,"Smiling Mask":10,"HornCleat":15,"Mummified Hand":15,"Tiny Chest":5,"Pandora\u0027s Box":6,"Molten Egg 2":9,"Fusion Hammer":11,"Necronomicon":7,"Ring of the Snake":0,"Meat on the Bone":9},{"Mango":0,"Pen Nib":22,"The Courier":43,"Snake Skull":60,"Juzu Bracelet":22,"Omamori":45,"Frozen Egg 2":43,"PrismaticShard":22,"Smiling Mask":47,"HornCleat":63,"Mummified Hand":63,"Tiny Chest":30,"Pandora\u0027s Box":37,"Molten Egg 2":45,"Fusion Hammer":52,"Necronomicon":42,"Ring of the Snake":0,"Meat on the Bone":45}],"Ring of the Snake":[36],"Meat on the Bone":60},"card_choices":[{"not_picked":["Blur","Prepared"],"picked":"Footwork","floor":1.0},{"not_picked":["Dagger Throw","Choke"],"picked":"Backstab","floor":4.0},{"not_picked":["Deflect","Deadly Poison","Dodge and Roll"],"picked":"SKIP","floor":7.0},{"not_picked":["Dagger Throw","Cloak And Dagger"],"picked":"Terror","floor":8.0},{"not_picked":["Uppercut","Rupture"],"picked":"Immolate","floor":14.0},{"not_picked":["Thinking Ahead","Secret Technique"],"picked":"Omniscience","floor":16.0},{"not_picked":["Hologram","Vengeance","ThirdEye"],"picked":"SKIP","floor":18.0},{"not_picked":["Meditate","Beam Cell","Worship+1"],"picked":"SKIP","floor":23.0},{"not_picked":["CutThroughFate+1","ThirdEye","Perfected Strike+1"],"picked":"SKIP","floor":27.0},{"not_picked":["Seeing Red","Wireheading+1"],"picked":"Flash of Steel+1","floor":31.0},{"not_picked":["Establishment+1","Glass Knife+1"],"picked":"Apotheosis","floor":33.0},{"not_picked":["Pummel+1","SignatureMove+1","Stack"],"picked":"SKIP","floor":35.0},{"not_picked":["Forethought","Jack Of All Trades"],"picked":"Mayhem+1","floor":37.0},{"not_picked":["Evaluate+1","Poisoned Stab+1","CrushJoints+1"],"picked":"SKIP","floor":39.0},{"not_picked":["Evaluate+1","Poisoned Stab+1","CrushJoints+1"],"picked":"SKIP","floor":39.0},{"not_picked":["Dagger Throw+1","Cloak And Dagger"],"picked":"Shrug It Off","floor":40.0},{"not_picked":["JustLucky+1","Wild Strike+1"],"picked":"Fasting2+1","floor":42.0},{"not_picked":["PanicButton","Poisoned Stab+1","Sucker Punch+1"],"picked":"SKIP","floor":47.0}],"player_experience":903372,"relics_obtained":[{"floor":8.0,"key":"Juzu Bracelet"},{"floor":9.0,"key":"Pen Nib"},{"floor":14.0,"key":"Tiny Chest"},{"floor":21.0,"key":"Necronomicon"},{"floor":23.0,"key":"The Courier"},{"floor":26.0,"key":"Frozen Egg 2"},{"floor":27.0,"key":"Molten Egg 2"},{"floor":31.0,"key":"Smiling Mask"},{"floor":40.0,"key":"Snake Skull"},{"floor":43.0,"key":"HornCleat"},{"floor":44.0,"key":"Mummified Hand"}],"event_choices":[{"damage_healed":0.0,"max_hp_gain":0.0,"max_hp_loss":0.0,"gold_gain":0.0,"event_name":"Liars Game","player_choice":"Ignored","floor":2.0,"gold_loss":0.0,"damage_taken":0.0},{"damage_healed":0.0,"max_hp_gain":0.0,"max_hp_loss":0.0,"gold_gain":0.0,"cards_transformed":["Strike_G"],"event_name":"Living Wall","player_choice":"Change","floor":3.0,"gold_loss":0.0,"damage_taken":0.0,"cards_obtained":["Predator"]},{"damage_healed":0.0,"max_hp_gain":0.0,"max_hp_loss":0.0,"gold_gain":0.0,"cards_transformed":["Strike_G"],"event_name":"Transmorgrifier","player_choice":"Transformed","floor":5.0,"gold_loss":0.0,"damage_taken":0.0,"cards_obtained":["Caltrops"]},{"cards_removed":["Strike_G"],"damage_healed":0.0,"max_hp_gain":0.0,"max_hp_loss":0.0,"gold_gain":0.0,"event_name":"Bonfire Elementals","player_choice":"Offered Basic","floor":12.0,"gold_loss":0.0,"damage_taken":0.0},{"damage_healed":0.0,"max_hp_gain":0.0,"max_hp_loss":0.0,"gold_gain":0.0,"event_name":"The Mausoleum","player_choice":"Ignored","floor":20.0,"gold_loss":0.0,"damage_taken":0.0},{"damage_healed":0.0,"max_hp_gain":0.0,"max_hp_loss":0.0,"gold_gain":0.0,"event_name":"Cursed Tome","player_choice":"Obtained Book","floor":21.0,"gold_loss":0.0,"damage_taken":21.0},{"damage_healed":0.0,"max_hp_gain":0.0,"max_hp_loss":0.0,"gold_gain":275.0,"event_name":"Golden Shrine","player_choice":"Desecrate","floor":28.0,"gold_loss":0.0,"damage_taken":0.0,"cards_obtained":["Regret"]},{"damage_healed":0.0,"max_hp_gain":0.0,"max_hp_loss":0.0,"gold_gain":0.0,"event_name":"SensoryStone","player_choice":"Memory 3","floor":37.0,"gold_loss":0.0,"damage_taken":10.0},{"cards_removed":["Caltrops"],"damage_healed":0.0,"max_hp_gain":0.0,"max_hp_loss":0.0,"gold_gain":0.0,"event_name":"Falling","player_choice":"Removed Power","floor":38.0,"gold_loss":0.0,"damage_taken":0.0},{"damage_healed":0.0,"max_hp_gain":0.0,"max_hp_loss":0.0,"gold_gain":0.0,"event_name":"Tomb of Lord Red Mask","player_choice":"Ignored","floor":45.0,"gold_loss":0.0,"damage_taken":0.0},{"damage_healed":0.0,"max_hp_gain":0.0,"max_hp_loss":0.0,"gold_gain":0.0,"event_name":"Transmorgrifier","player_choice":"Ignored","floor":46.0,"gold_loss":0.0,"damage_taken":0.0},{"damage_healed":66.0,"max_hp_gain":0.0,"max_hp_loss":14.0,"gold_gain":0.0,"event_name":"The Moai Head","player_choice":"Heal","floor":48.0,"gold_loss":0.0,"damage_taken":0.0}],"is_beta":false,"boss_relics":[{"not_picked":["Black Star","SacredBark"],"picked":"Pandora\u0027s Box"},{"not_picked":["Sozu","Philosopher\u0027s Stone"],"picked":"Fusion Hammer"}],"items_purged_floors":[19,29,36,41],"is_endless":false,"potions_floor_spawned":[1,7,14,16,23,27,39,47],"killed_by":"Awakened One","ascension_level":20}}