{"host":"odz7g4gpgch153rb","time":1609522963,"event":{"mods":["AchievementEnabler","BaseMod","Better Match","Better Third Choice","BetterRewards","GifTheSpireLib","Infinite Spire","Jedi Mod","Minty Spire (QoL Compilation)","Quick Restart","Replay The Spire","Spikes Relics","StSLib","Stuff the Spire","The Blue Laboratory","Trackpad"],"gold_per_floor":[110,110,28,28,28,28,28,28,51,70,18,52,78,95,95,200,200,210,105,105,105,117,117,225,225,274,288,304,304,123,123,123,223,223,235,252,80,80,80,196,196,216,216,216,216],"floor_reached":44,"playtime":3678,"items_purged":["Strike_P","Defend_P","Strike_P"],"score":1000,"play_id":"5e638de7-b360-4f12-bb58-835b8297a518","local_time":"20210101124243","is_ascension_mode":true,"campfire_choices":[{"data":"LikeWater","floor":6,"key":"SMITH"},{"floor":8,"key":"REST"},{"floor":15,"key":"RECALL"},{"data":"ConjureBlade","floor":23,"key":"SMITH"},{"data":"StuffTheSpire:Vigor","floor":25,"key":"SMITH"},{"data":"LikeWater","floor":32,"key":"SMITH"},{"data":"StuffTheSpire:Ambrosia","floor":41,"key":"SMITH"}],"circlet_count":0,"master_deck":["AscendersBane","Strike_P","Strike_P","Defend_P","Defend_P","Defend_P","Vigilance","Protect","LikeWater+1","SashWhip","SignatureMove","MasterReality+1","DeceiveReality","BattleHymn","SashWhip","ConjureBlade+1","StuffTheSpire:Vigor+1","Judgement+1","StuffTheSpire:Ambrosia+1","LikeWater+1","Alpha+1","Apotheosis+1","DeceiveReality+1"],"relics":["PureWater","BicycleWheel","RoseTintedShades","TungstenRod","Bird Faced Urn","StuffTheSpire:TintedRock","Odd Mushroom","Black Star","StuffTheSpire:Expresso","Bag of Marbles","Toxic Egg 2","Pen Nib","Coffee Dripper","StuffTheSpire:NeowsTribute","Potion Belt","Replay:Towering Pillar of Hats","Rawhide"],"acts_visited":["Exordium","TheCity","TheBeyond"],"potions_floor_usage":[33,33,33,36],"damage_taken":[{"damage":2,"enemies":"Small Slimes","floor":1,"turns":5},{"damage":0,"enemies":"Jaw Worm","floor":10,"turns":3},{"damage":0,"enemies":"Replay:BlueRogue","floor":12,"turns":6},{"damage":6,"enemies":"The Mushroom Lair","floor":13,"turns":4},{"damage":3,"enemies":"infinitespire:Voidling","floor":14,"turns":5},{"damage":12,"enemies":"Hexaghost","floor":16,"turns":9},{"damage":7,"enemies":"3 Byrds","floor":18,"turns":8},{"damage":4,"enemies":"Spheric Guardian","floor":22,"turns":7},{"damage":7,"enemies":"Book of Stabbing","floor":24,"turns":7},{"damage":8,"enemies":"Shelled Parasite and Fungi","floor":27,"turns":5},{"damage":0,"enemies":"Sentry and Sphere","floor":28,"turns":3},{"damage":44,"enemies":"Collector","floor":33,"turns":10},{"damage":13,"enemies":"3 Darklings","floor":35,"turns":5},{"damage":3,"enemies":"Orb Walker","floor":36,"turns":6},{"damage":63,"enemies":"Reptomancer","floor":40,"turns":6},{"damage":18,"enemies":"4 Shapes","floor":42,"turns":6},{"damage":21,"enemies":"Transient","floor":44,"turns":2}],"seed_played":"-4044785067928429431","potions_obtained":[{"floor":14,"key":"Swift Potion"},{"floor":28,"key":"DuplicationPotion"},{"floor":33,"key":"Fruit Juice"},{"floor":35,"key":"Energy Potion"},{"floor":42,"key":"Dexterity Potion"}],"is_trial":false,"path_per_floor":["M","?","$","?","$","R","$","R","T","M","$","E","?","M","R","B",null,"M","?","AVR","?","M","R","E","R","T","M","M","?","$","?","R","B",null,"M","M","$","?","AVR","E","R","M","T","M"],"character_chosen":"WATCHER","items_purchased":["BicycleWheel","RoseTintedShades","Protect","LikeWater","SashWhip","DeceiveReality","SashWhip","LikeWater","Apotheosis+1"],"campfire_rested":1,"item_purchase_floors":[0,0,0,0,0,3,11,30,37],"current_hp_per_floor":[23,23,23,23,23,23,23,44,44,46,46,52,52,55,55,49,66,65,65,65,65,67,67,66,66,66,64,68,68,68,56,56,26,69,63,69,69,69,69,17,17,9,9,0,0],"gold":216,"neow_bonus":"","is_daily":false,"chose_seed":false,"campfire_upgraded":5,"win_rate":0.0,"timestamp":1609522963,"path_taken":["M","?","$","?","?","R","$","R","T","?","$","E","?","M","R","BOSS","M","?","AVR","?","M","R","E","R","T","M","M","?","?","?","R","BOSS","M","M","$","?","AVR","E","R","M","T","M"],"items_purchased_type":["Relic","Relic","Card","Card","Card","Card","Card","Card","Card"],"build_version":"2020-12-22","purchased_purges":3,"victory":false,"max_hp_per_floor":[72,72,72,72,72,72,72,72,72,72,72,72,72,72,72,72,72,72,72,72,72,72,72,72,72,72,72,72,72,72,77,77,83,83,84,85,85,81,81,82,82,84,84,86,86],"card_choices":[{"not_picked":["ClearTheMind","Vengeance"],"picked":"SignatureMove","floor":1},{"not_picked":["Evaluate","BowlingBash"],"picked":"BattleHymn","floor":10},{"not_picked":["Replay:AtTheReady","EmptyMind","ForeignInfluence"],"picked":"SKIP","floor":12},{"not_picked":["ForeignInfluence","FlyingSleeves","ThirdEye"],"picked":"SKIP","floor":14},{"not_picked":["Blasphemy","SpiritShield"],"picked":"ConjureBlade","floor":16},{"not_picked":["FollowUp","EmptyFist","Halt"],"picked":"SKIP","floor":18},{"not_picked":["FollowUp","Evaluate","WindmillStrike"],"picked":"SKIP","floor":22},{"not_picked":["SashWhip","Indignation+1"],"picked":"Judgement+1","floor":24},{"not_picked":["CutThroughFate+1","Replay:ManipulateFuture+1","Replay:Battleflow+1"],"picked":"SKIP","floor":27},{"not_picked":["Replay:Battleflow+1","Prostrate+1","DeusExMachina+1"],"picked":"SKIP","floor":28},{"not_picked":["StuffTheSpire:Vigor","StuffTheSpire:Rapture"],"picked":"StuffTheSpire:Ambrosia","floor":29},{"not_picked":["Ragnarok","jedi:nirvanicrebirth+1"],"picked":"Alpha+1","floor":33},{"not_picked":["Wireheading","EmptyFist","ThirdEye+1"],"picked":"SKIP","floor":35},{"not_picked":["Replay:Vibes+1","CarveReality","Replay:AtTheReady+1"],"picked":"SKIP","floor":36},{"not_picked":["Tantrum+1","Crescendo+1","Prostrate+1"],"picked":"SKIP","floor":40},{"not_picked":["Replay:AtTheReady+1","PathToVictory+1"],"picked":"DeceiveReality+1","floor":42}],"player_experience":980525,"relics_obtained":[{"floor":9,"key":"Nunchaku"},{"floor":12,"key":"StuffTheSpire:TintedRock"},{"floor":13,"key":"Odd Mushroom"},{"floor":24,"key":"Bag of Marbles"},{"floor":24,"key":"Toxic Egg 2"},{"floor":26,"key":"Pen Nib"},{"floor":40,"key":"Potion Belt"},{"floor":40,"key":"Replay:Towering Pillar of Hats"},{"floor":43,"key":"Rawhide"}],"event_choices":[{"damage_healed":0,"gold_gain":0,"player_choice":"Fought Mushrooms","damage_taken":0,"max_hp_gain":0,"max_hp_loss":0,"event_name":"Mushrooms","floor":13,"gold_loss":0},{"damage_healed":0,"gold_gain":0,"player_choice":"Shed Blood","damage_taken":18,"max_hp_gain":5,"max_hp_loss":0,"event_name":"Forgotten Altar","floor":31,"gold_loss":0},{"damage_healed":0,"gold_gain":0,"player_choice":"Max HP","damage_taken":0,"max_hp_gain":0,"max_hp_loss":4,"event_name":"Winding Halls","floor":38,"gold_loss":0}],"is_beta":false,"boss_relics":[{"not_picked":["Sozu","StuffTheSpire:RunicHypercube"],"picked":"Black Star"},{"not_picked":["Abe\u0027s Treasure","Snecko Eye"],"picked":"Coffee Dripper"}],"items_purged_floors":[0,20,30],"is_endless":false,"potions_floor_spawned":[1,14,28,33,35,42],"killed_by":"Transient","ascension_level":12}}