{"host":"April","time":1609497925,"event":{"mods":["BaseMod","Minty Spire (QoL Compilation)"],"gold_per_floor":[359,10,10,10,22,51,51,84,110,110,144,144,1,20,20,121,121,136,155,155,70,70,70,96,115,140,140,165,165,198,214,214,214,214],"floor_reached":33,"playtime":1543,"items_purged":[],"score":361,"play_id":"fdf80ea4-4ca0-4a51-be89-47c72fce67ea","local_time":"20210101024525","is_ascension_mode":true,"campfire_choices":[{"floor":7.0,"key":"REST"},{"floor":10.0,"key":"REST"},{"data":"Zap","floor":15.0,"key":"SMITH"},{"data":"Sunder","floor":23.0,"key":"SMITH"},{"data":"FTL","floor":27.0,"key":"SMITH"},{"data":"Biased Cognition","floor":32,"key":"SMITH"}],"circlet_count":0,"master_deck":["Strike_B","Strike_B","Strike_B","Strike_B","Defend_B","Defend_B","Defend_B","Defend_B+1","Zap+1","Dualcast+1","Genetic Algorithm","Ball Lightning","Undo","Rip and Tear","Cold Snap","Static Discharge","Sunder+1","Rebound","Electrodynamics","Cold Snap+1","Writhe","Biased Cognition+1","FTL+1","BootSequence","Compile Driver","Auto Shields"],"relics":["Cracked Core","Sundial","Centennial Puzzle","Toy Ornithopter","Akabeko","Turnip","Oddly Smooth Stone","Juzu Bracelet","Philosopher\u0027s Stone","Thread and Needle","Gremlin Horn","Cables","PreservedInsect","Bottled Lightning","Omamori"],"acts_visited":["Exordium","TheCity"],"potions_floor_usage":[33],"damage_taken":[{"damage":2.0,"enemies":"2 Louse","floor":1.0,"turns":3.0},{"damage":0.0,"enemies":"Small Slimes","floor":5.0,"turns":3.0},{"damage":28.0,"enemies":"Gremlin Nob","floor":6.0,"turns":4.0},{"damage":12.0,"enemies":"3 Sentries","floor":8.0,"turns":6.0},{"damage":8.0,"enemies":"Lagavulin","floor":11.0,"turns":6.0},{"damage":0.0,"enemies":"Jaw Worm","floor":14.0,"turns":1.0},{"damage":2.0,"enemies":"Hexaghost","floor":16.0,"turns":9.0},{"damage":7.0,"enemies":"Shell Parasite","floor":18.0,"turns":5.0},{"damage":0.0,"enemies":"3 Byrds","floor":19.0,"turns":2.0},{"damage":13.0,"enemies":"Book of Stabbing","floor":24.0,"turns":6.0},{"damage":0.0,"enemies":"Centurion and Healer","floor":25.0,"turns":4.0},{"damage":0.0,"enemies":"Slavers","floor":28.0,"turns":4.0},{"damage":3,"enemies":"Book of Stabbing","floor":30,"turns":4},{"damage":11,"enemies":"Sentry and Sphere","floor":31,"turns":4},{"damage":65,"enemies":"Champ","floor":33,"turns":14}],"seed_played":"1822644270494352553","potions_obtained":[{"floor":6.0,"key":"SneckoOil"},{"floor":8.0,"key":"Dexterity Potion"},{"floor":16.0,"key":"Weak Potion"},{"floor":18.0,"key":"FearPotion"},{"floor":28,"key":"GamblersBrew"}],"is_trial":false,"path_per_floor":["M","$","?","?","M","E","R","E","T","R","E","?","$","M","R","B",null,"M","M","?","?","?","R","E","M","T","R","E","$","E","M","R","B"],"character_chosen":"DEFECT","items_purchased":["Sundial","Ball Lightning","Undo","Juzu Bracelet"],"campfire_rested":2,"item_purchase_floors":[2,2,2,13],"current_hp_per_floor":[52,52,37,37,37,9,31,19,19,41,33,15,15,15,15,23,75,68,68,68,68,68,68,60,60,60,60,65,65,62,51,51,0,0],"gold":214,"neow_bonus":"TWO_FIFTY_GOLD","is_daily":false,"chose_seed":false,"campfire_upgraded":4,"win_rate":0.0,"timestamp":1609497925,"path_taken":["M","$","?","?","M","E","R","E","T","R","E","?","$","M","R","BOSS","M","M","?","?","?","R","E","M","T","R","E","$","E","M","R","BOSS"],"items_purchased_type":["Relic","Card","Card","Relic"],"build_version":"2020-12-18","purchased_purges":0,"victory":false,"max_hp_per_floor":[75,75,75,75,75,75,75,75,75,75,75,75,75,75,75,75,75,75,75,75,75,75,75,75,75,75,75,75,75,75,75,75,75,75],"card_choices":[{"not_picked":["Cold Snap","Steam Power"],"picked":"Genetic Algorithm","floor":1.0},{"not_picked":["Turbo","Redo"],"picked":"Rip and Tear","floor":5.0},{"not_picked":["Storm","Conserve Battery"],"picked":"Cold Snap","floor":6.0},{"not_picked":["Go for the Eyes","FTL"],"picked":"Static Discharge","floor":8.0},{"not_picked":["Ball Lightning","Fusion"],"picked":"Sunder","floor":11.0},{"not_picked":["Hologram","Beam Cell"],"picked":"Rebound","floor":14.0},{"not_picked":["Multi-Cast","Amplify"],"picked":"Electrodynamics","floor":16.0},{"not_picked":["Steam Power","Conserve Battery"],"picked":"Cold Snap+1","floor":18.0},{"not_picked":["Reprogram","Go for the Eyes+1","Rip and Tear"],"picked":"SKIP","floor":19.0},{"not_picked":["Stack","Rebound"],"picked":"Biased Cognition","floor":24.0},{"not_picked":["Turbo","Streamline+1"],"picked":"FTL","floor":25.0},{"not_picked":["Barrage","Cold Snap"],"picked":"BootSequence","floor":28},{"not_picked":["All For One","Go for the Eyes"],"picked":"Compile Driver","floor":30},{"not_picked":["BootSequence","Barrage"],"picked":"Auto Shields","floor":31}],"player_experience":2546348,"relics_obtained":[{"floor":6.0,"key":"Centennial Puzzle"},{"floor":8.0,"key":"Toy Ornithopter"},{"floor":9.0,"key":"Akabeko"},{"floor":11.0,"key":"Turnip"},{"floor":24.0,"key":"Cables"},{"floor":26.0,"key":"PreservedInsect"},{"floor":28,"key":"Bottled Lightning"},{"floor":30,"key":"Omamori"}],"event_choices":[{"damage_healed":0.0,"max_hp_gain":0.0,"max_hp_loss":0.0,"gold_gain":0.0,"event_name":"Shining Light","player_choice":"Entered Light","floor":3.0,"gold_loss":0.0,"damage_taken":15.0,"cards_upgraded":["Dualcast","Defend_B"]},{"damage_healed":0.0,"max_hp_gain":0.0,"max_hp_loss":0.0,"gold_gain":0.0,"event_name":"Liars Game","player_choice":"Ignored","floor":4.0,"gold_loss":0.0,"damage_taken":0.0},{"damage_healed":0.0,"max_hp_gain":0.0,"max_hp_loss":0.0,"gold_gain":0.0,"event_name":"Scrap Ooze","player_choice":"Success","floor":12.0,"gold_loss":0.0,"damage_taken":18.0,"relics_obtained":["Oddly Smooth Stone"]},{"damage_healed":0.0,"max_hp_gain":0.0,"max_hp_loss":0.0,"gold_gain":0.0,"event_name":"Beggar","player_choice":"Ignored","floor":20.0,"gold_loss":0.0,"damage_taken":0.0},{"damage_healed":0.0,"max_hp_gain":0.0,"max_hp_loss":0.0,"gold_gain":0.0,"event_name":"Addict","player_choice":"Obtained Relic","floor":21.0,"gold_loss":85.0,"damage_taken":0.0,"relics_obtained":["Thread and Needle"]},{"damage_healed":0.0,"max_hp_gain":0.0,"max_hp_loss":0.0,"gold_gain":0.0,"event_name":"The Mausoleum","player_choice":"Opened","floor":22.0,"gold_loss":0.0,"damage_taken":0.0,"relics_obtained":["Gremlin Horn"],"cards_obtained":["Writhe"]}],"is_beta":true,"boss_relics":[{"not_picked":["Busted Crown","FrozenCore"],"picked":"Philosopher\u0027s Stone"}],"items_purged_floors":[],"is_endless":false,"potions_floor_spawned":[6,8,16,18,28],"killed_by":"Champ","ascension_level":1}}