{"host":"sav7uxregyirlf69","time":1609511157,"event":{"mods":["AchievementEnabler","BaseMod","Colored Map","DeckTracker","Keyboard Shortcuts","Minty Spire (QoL Compilation)","READ ME - Guardian Mod","StSLib","SuperFastMode"],"gold_per_floor":[13,13,188,204,129,156,156,169,169,180,180,45,45,73,73,176,176,188,205,655,668,166,192,192,212,212,212,212,82,102,117,117,214,214,228,228,228],"floor_reached":36,"playtime":653,"items_purged":["Doubt"],"score":492,"play_id":"87bc4e01-3d31-4286-b4b6-2476e338c751","local_time":"20210101232557","is_ascension_mode":false,"campfire_choices":[{"data":"Corruption","floor":7,"key":"SMITH"},{"data":"Bash","floor":11,"key":"SMITH"},{"data":"Dark Embrace","floor":15,"key":"SMITH"},{"data":"Evolve","floor":24,"key":"SMITH"},{"data":"Dual Wield","floor":28,"key":"SMITH"},{"data":"Berserk","floor":32,"key":"SMITH"}],"circlet_count":0,"master_deck":["Strike_R","Strike_R","Strike_R","Strike_R","Strike_R","Defend_R","Defend_R","Defend_R","Defend_R","Bash+1","Pommel Strike","Perfected Strike+1","Shrug It Off","Corruption+1","Wild Strike","Wild Strike","Dark Embrace+1","Seeing Red","Dual Wield+1","Berserk+1","Disarm","True Grit+1","Pommel Strike+1","Evolve+1","Perfected Strike+1","Pommel Strike+1","Flame Barrier","Exhume","Wild Strike+1","Wild Strike+1","Wild Strike+1","Juggernaut","Power Through"],"relics":["Burning Blood","Prayer Wheel","The Courier","Shuriken","Boot","Snecko Eye","DollysMirror","Happy Flower","Molten Egg 2","Letter Opener","Nunchaku","Singing Bowl","Runic Pyramid"],"acts_visited":["Exordium","TheCity","TheBeyond"],"potions_floor_usage":[16,33],"damage_taken":[{"damage":10,"enemies":"Small Slimes","floor":1,"turns":4},{"damage":6,"enemies":"Jaw Worm","floor":4,"turns":2},{"damage":49,"enemies":"Lagavulin","floor":6,"turns":7},{"damage":6,"enemies":"2 Louse","floor":8,"turns":3},{"damage":2,"enemies":"Large Slime","floor":10,"turns":5},{"damage":16,"enemies":"Gremlin Nob","floor":14,"turns":4},{"damage":16,"enemies":"Slime Boss","floor":16,"turns":9},{"damage":0,"enemies":"Spheric Guardian","floor":18,"turns":3},{"damage":3,"enemies":"2 Thieves","floor":19,"turns":3},{"damage":4,"enemies":"Shelled Parasite and Fungi","floor":21,"turns":3},{"damage":3,"enemies":"Book of Stabbing","floor":23,"turns":3},{"damage":6,"enemies":"Cultist and Chosen","floor":25,"turns":3},{"damage":2,"enemies":"3 Cultists","floor":30,"turns":3},{"damage":8,"enemies":"Centurion and Healer","floor":31,"turns":3},{"damage":0,"enemies":"Collector","floor":33,"turns":3},{"damage":0,"enemies":"Orb Walker","floor":35,"turns":1},{"damage":90,"enemies":"3 Darklings","floor":36,"turns":7}],"seed_played":"2631480843564332322","potions_obtained":[{"floor":8,"key":"GamblersBrew"},{"floor":14,"key":"EssenceOfSteel"},{"floor":16,"key":"LiquidBronze"},{"floor":21,"key":"Ancient Potion"},{"floor":30,"key":"FearPotion"},{"floor":33,"key":"AttackPotion"}],"is_trial":false,"path_per_floor":["M","?","?","M","$","E","R","M","T","M","R","$","?","E","R","B",null,"M","M","?","M","$","E","R","M","T","T","R","$","M","M","R","B",null,"M","M"],"character_chosen":"IRONCLAD","items_purchased":["Wild Strike","Dark Embrace","Seeing Red","Evolve","DollysMirror","Happy Flower","Molten Egg 2","Exhume"],"campfire_rested":0,"item_purchase_floors":[12,12,12,22,22,22,22,29],"current_hp_per_floor":[76,76,76,76,76,33,33,33,33,37,37,37,42,32,32,22,85,85,85,39,41,41,44,44,44,44,44,44,44,50,48,48,54,87,89,0,0],"gold":228,"neow_bonus":"ONE_RARE_RELIC","is_daily":false,"chose_seed":false,"campfire_upgraded":6,"win_rate":0.0,"timestamp":1609511157,"path_taken":["M","?","?","M","$","E","R","M","T","M","R","?","?","E","R","BOSS","M","M","?","?","$","E","R","M","T","?","R","?","M","?","R","BOSS","M","M"],"items_purchased_type":["Card","Card","Card","Card","Relic","Relic","Relic","Card"],"build_version":"2020-12-22","purchased_purges":1,"victory":false,"max_hp_per_floor":[80,80,80,80,80,80,80,80,80,80,80,80,85,85,85,85,85,85,85,85,85,85,85,85,85,85,85,85,85,87,87,87,87,87,89,89,89],"card_choices":[{"not_picked":["Clash","Heavy Blade"],"picked":"Pommel Strike","floor":1},{"not_picked":["Iron Wave","Warcry"],"picked":"Perfected Strike","floor":1},{"not_picked":["Warcry","Thunderclap"],"picked":"Shrug It Off","floor":4},{"not_picked":["Anger","True Grit","Iron Wave"],"picked":"SKIP","floor":4},{"not_picked":["Hemokinesis","Body Slam"],"picked":"Corruption","floor":6},{"not_picked":["Bloodletting","Clothesline","Infernal Blade"],"picked":"SKIP","floor":8},{"not_picked":["Entrench","Warcry","Cleave"],"picked":"SKIP","floor":8},{"not_picked":["Heavy Blade","Fiend Fire"],"picked":"Wild Strike","floor":10},{"not_picked":["Heavy Blade","Armaments","Inflame"],"picked":"SKIP","floor":10},{"not_picked":["Thunderclap","Second Wind"],"picked":"Dual Wield","floor":14},{"not_picked":["Barricade","Immolate"],"picked":"Berserk","floor":16},{"not_picked":["Sword Boomerang","Clothesline"],"picked":"Disarm","floor":18},{"not_picked":["Thunderclap+1","Flex+1"],"picked":"True Grit+1","floor":18},{"not_picked":["Clash","Blood for Blood","Anger"],"picked":"SKIP","floor":19},{"not_picked":["Clash+1","Heavy Blade","Headbutt"],"picked":"SKIP","floor":19},{"not_picked":["Armaments","Body Slam+1"],"picked":"Pommel Strike+1","floor":21},{"not_picked":["Carnage","Fire Breathing","Headbutt"],"picked":"SKIP","floor":21},{"not_picked":["Whirlwind+1","Cleave+1"],"picked":"Pommel Strike+1","floor":23},{"not_picked":["Wild Strike+1","Ghostly Armor"],"picked":"Flame Barrier","floor":25},{"not_picked":["Spot Weakness","Cleave+1","Havoc"],"picked":"SKIP","floor":25},{"not_picked":["Fiend Fire+1","Warcry"],"picked":"Wild Strike+1","floor":30},{"not_picked":["Anger+1","Intimidate+1","Cleave+1"],"picked":"Singing Bowl","floor":30},{"not_picked":["Rupture","Inflame"],"picked":"Wild Strike+1","floor":31},{"not_picked":["Flex","Searing Blow+1"],"picked":"Wild Strike+1","floor":31},{"not_picked":["Berserk","Immolate+1"],"picked":"Juggernaut","floor":33},{"not_picked":["True Grit+1","Blood for Blood+1"],"picked":"Power Through","floor":35},{"not_picked":["Armaments","Heavy Blade+1","Flex+1"],"picked":"Singing Bowl","floor":35}],"player_experience":1101508,"relics_obtained":[{"floor":6,"key":"The Courier"},{"floor":9,"key":"Shuriken"},{"floor":14,"key":"Boot"},{"floor":23,"key":"Letter Opener"},{"floor":26,"key":"Nunchaku"},{"floor":27,"key":"Singing Bowl"}],"event_choices":[{"damage_healed":0,"gold_gain":0,"player_choice":"Grow","damage_taken":0,"max_hp_gain":0,"max_hp_loss":0,"event_name":"Living Wall","floor":2,"gold_loss":0,"cards_upgraded":["Perfected Strike"]},{"damage_healed":0,"gold_gain":175,"player_choice":"AGREE","damage_taken":0,"max_hp_gain":0,"max_hp_loss":0,"event_name":"Liars Game","floor":3,"gold_loss":0,"cards_obtained":["Doubt"]},{"damage_healed":0,"gold_gain":0,"player_choice":"Donut","damage_taken":0,"max_hp_gain":5,"max_hp_loss":0,"event_name":"Big Fish","floor":13,"gold_loss":0},{"damage_healed":0,"gold_gain":450,"player_choice":"GOLD GOLD GOLD GOLD GOLD ","damage_taken":46,"max_hp_gain":0,"max_hp_loss":0,"event_name":"Knowing Skull","floor":20,"potions_obtained":[],"gold_loss":0,"cards_obtained":[]}],"is_beta":false,"boss_relics":[{"not_picked":["Black Star","Velvet Choker"],"picked":"Snecko Eye"},{"not_picked":["Empty Cage","SacredBark"],"picked":"Runic Pyramid"}],"items_purged_floors":[5],"is_endless":false,"potions_floor_spawned":[8,14,16,21,30,31,33],"killed_by":"3 Darklings","ascension_level":0}}