{"host":"rmsq46plbpwfbxcc","time":1609519751,"event":{"mods":["AchievementEnabler","BaseMod","Colored Map","Colored Powertips","DeckTracker","KOR Keyword Fix","Minty Spire (QoL Compilation)","Permanent Neow","Quick Restart","SuperFastMode"],"gold_per_floor":[110,122,72,85,99,99,114,114,137,151,51,86,86,86,86,158,158,129,179,179,14,26,26,26,52,103,103,103,131,148,180,180,255,255,267,267,267,59,84,84,100,100,127,94,0,34,34,61,61,61,61],"floor_reached":52,"playtime":1791,"items_purged":["Strike_G","Strike_G"],"score":1874,"play_id":"5f222727-6377-4c8f-827f-de76683d87f5","local_time":"20210102014911","is_ascension_mode":true,"campfire_choices":[{"data":"Blade Dance","floor":6.0,"key":"SMITH"},{"data":"Neutralize","floor":8.0,"key":"SMITH"},{"data":"Cloak And Dagger","floor":15.0,"key":"SMITH"},{"data":"After Image","floor":23.0,"key":"SMITH"},{"data":"Infinite Blades","floor":27.0,"key":"SMITH"},{"floor":32.0,"key":"REST"},{"data":"Footwork","floor":40.0,"key":"SMITH"},{"data":"Cloak And Dagger","floor":42.0,"key":"SMITH"},{"floor":49.0,"key":"DIG"}],"circlet_count":0,"master_deck":["AscendersBane","Strike_G","Defend_G","Survivor","Neutralize+1","Backflip","Blade Dance+1","Footwork+1","Cloak And Dagger+1","After Image+1","Malaise+1","All Out Attack+1","Choke+1","PiercingWail","Endless Agony","Infinite Blades+1","Cloak And Dagger+1","PiercingWail","Burst","Blade Dance+1","Escape Plan","Terror","Panacea"],"relics":["WristBlade","Juzu Bracelet","Potion Belt","Astrolabe","Lantern","Omamori","Bag of Preparation","The Courier","Pen Nib","Coffee Dripper","Nunchaku","Shovel","Centennial Puzzle","Red Mask","Bag of Marbles","Toxic Egg 2","Calipers"],"acts_visited":["Exordium","TheCity","TheBeyond"],"potions_floor_usage":[51,51],"damage_taken":[{"damage":1.0,"enemies":"Cultist","floor":1.0,"turns":4.0},{"damage":3.0,"enemies":"2 Louse","floor":2.0,"turns":3.0},{"damage":1.0,"enemies":"Small Slimes","floor":4.0,"turns":3.0},{"damage":11.0,"enemies":"Gremlin Gang","floor":5.0,"turns":5.0},{"damage":0.0,"enemies":"2 Fungi Beasts","floor":7.0,"turns":3.0},{"damage":3.0,"enemies":"Large Slime","floor":10.0,"turns":5.0},{"damage":14.0,"enemies":"3 Sentries","floor":12.0,"turns":8.0},{"damage":23.0,"enemies":"Hexaghost","floor":16.0,"turns":10.0},{"damage":5.0,"enemies":"2 Thieves","floor":18.0,"turns":4.0},{"damage":0.0,"enemies":"3 Byrds","floor":22.0,"turns":6.0},{"damage":7.0,"enemies":"Gremlin Leader","floor":25.0,"turns":5.0},{"damage":12.0,"enemies":"Book of Stabbing","floor":29.0,"turns":4.0},{"damage":8.0,"enemies":"Snake Plant","floor":30.0,"turns":4.0},{"damage":3.0,"enemies":"Slavers","floor":31.0,"turns":6.0},{"damage":35.0,"enemies":"Collector","floor":33.0,"turns":10.0},{"damage":0.0,"enemies":"3 Darklings","floor":35.0,"turns":5.0},{"damage":0.0,"enemies":"Mind Bloom Boss Battle","floor":39.0,"turns":3.0},{"damage":2.0,"enemies":"3 Shapes","floor":41.0,"turns":4.0},{"damage":5.0,"enemies":"Reptomancer","floor":46.0,"turns":5.0},{"damage":19.0,"enemies":"Nemesis","floor":48.0,"turns":5.0},{"damage":24,"enemies":"Awakened One","floor":50,"turns":9},{"damage":7,"enemies":"Donu and Deca","floor":51,"turns":5}],"seed_played":"-4975449436134318283","potions_obtained":[{"floor":4.0,"key":"DuplicationPotion"},{"floor":7.0,"key":"Poison Potion"},{"floor":10.0,"key":"Weak Potion"},{"floor":16.0,"key":"Dexterity Potion"},{"floor":22.0,"key":"Fire Potion"},{"floor":29.0,"key":"FairyPotion"},{"floor":30.0,"key":"Weak Potion"},{"floor":31.0,"key":"Poison Potion"},{"floor":46.0,"key":"Poison Potion"},{"floor":48.0,"key":"FearPotion"}],"is_trial":false,"path_per_floor":["M","M","$","M","M","R","M","R","T","M","$","E","$","?","R","B",null,"M","?","?","$","M","R","?","E","T","R","$","E","M","E","R","B",null,"M","?","?","$","?","R","M","R","T","$","?","E","?","E","R","B","B",null],"character_chosen":"THE_SILENT","items_purchased":["Blade Dance","Cloak And Dagger","Lantern","Nunchaku","Terror"],"campfire_rested":1,"item_purchase_floors":[3,11,21,38,44],"current_hp_per_floor":[58,55,55,54,43,43,43,43,43,40,40,26,26,66,66,43,60,55,49,49,49,49,49,49,42,42,42,42,30,22,19,38,3,50,50,63,63,63,63,63,61,61,61,61,61,56,56,37,37,13,6],"gold":61,"neow_bonus":"BOSS_RELIC","is_daily":false,"chose_seed":false,"campfire_upgraded":7,"win_rate":0.0,"timestamp":1609519751,"path_taken":["M","M","?","M","M","R","M","R","T","M","?","E","$","?","R","BOSS","M","?","?","$","M","R","?","E","T","R","?","E","M","E","R","BOSS","M","?","?","$","?","R","M","R","T","$","?","E","?","E","R","BOSS","BOSS"],"items_purchased_type":["Card","Card","Relic","Relic","Card"],"build_version":"2020-12-22","purchased_purges":2,"victory":true,"max_hp_per_floor":[66,66,66,66,66,66,66,66,66,66,66,66,66,66,66,66,66,66,66,66,66,66,66,66,66,66,66,66,66,66,66,66,66,66,66,66,66,66,66,66,66,66,66,66,66,66,66,66,66,66,66],"card_choices":[{"not_picked":["Expertise","Deadly Poison"],"picked":"Backflip","floor":1.0},{"not_picked":["Poisoned Stab","Underhanded Strike","Deadly Poison"],"picked":"SKIP","floor":2.0},{"not_picked":["Unload","Dodge and Roll","Dagger Spray"],"picked":"SKIP","floor":4.0},{"not_picked":["Masterful Stab","Bouncing Flask"],"picked":"Footwork","floor":5.0},{"not_picked":["Deadly Poison","Concentrate","Poisoned Stab"],"picked":"SKIP","floor":7.0},{"not_picked":["Distraction","Quick Slash","Deadly Poison"],"picked":"SKIP","floor":10.0},{"not_picked":["Concentrate","Noxious Fumes","Corpse Explosion"],"picked":"SKIP","floor":12.0},{"not_picked":["Bullet Time","Night Terror"],"picked":"After Image","floor":16.0},{"not_picked":["Noxious Fumes","Prepared"],"picked":"PiercingWail","floor":18.0},{"not_picked":["Dagger Throw","Prepared","Concentrate"],"picked":"SKIP","floor":22.0},{"not_picked":["Quick Slash","Die Die Die","Backflip"],"picked":"SKIP","floor":25.0},{"not_picked":["Backflip","Footwork"],"picked":"Cloak And Dagger","floor":29.0},{"not_picked":["Distraction","Prepared"],"picked":"PiercingWail","floor":30.0},{"not_picked":["Expertise","Riddle With Holes","Eviscerate"],"picked":"SKIP","floor":31.0},{"not_picked":["Venomology","After Image"],"picked":"Burst","floor":33.0},{"not_picked":["Underhanded Strike","Footwork","Deflect"],"picked":"SKIP","floor":35.0},{"not_picked":["Eviscerate+1","Slice"],"picked":"Escape Plan","floor":41.0},{"not_picked":["Grand Finale","Cloak And Dagger","Quick Slash"],"picked":"SKIP","floor":46.0},{"not_picked":["Enlightenment","Blind"],"picked":"Panacea","floor":47.0},{"not_picked":["Dagger Throw","Infinite Blades","Crippling Poison+1"],"picked":"SKIP","floor":48.0}],"player_experience":1431944,"relics_obtained":[{"floor":9.0,"key":"Juzu Bracelet"},{"floor":12.0,"key":"Potion Belt"},{"floor":25.0,"key":"Omamori"},{"floor":26.0,"key":"Bag of Preparation"},{"floor":29.0,"key":"The Courier"},{"floor":31.0,"key":"Pen Nib"},{"floor":39.0,"key":"Shovel"},{"floor":43.0,"key":"Centennial Puzzle"},{"floor":46.0,"key":"Bag of Marbles"},{"floor":48.0,"key":"Toxic Egg 2"},{"floor":49.0,"key":"Calipers"}],"event_choices":[{"damage_healed":40.0,"max_hp_gain":0.0,"max_hp_loss":0.0,"gold_gain":0.0,"event_name":"Wheel of Change","player_choice":"Full Heal","floor":14.0,"gold_loss":0.0,"damage_taken":0.0},{"damage_healed":0.0,"max_hp_gain":0.0,"max_hp_loss":0.0,"gold_gain":50.0,"event_name":"FaceTrader","player_choice":"Touch","floor":19.0,"gold_loss":0.0,"damage_taken":6.0},{"damage_healed":0.0,"max_hp_gain":0.0,"max_hp_loss":0.0,"gold_gain":0.0,"cards_transformed":["Defend_G","Defend_G"],"event_name":"Drug Dealer","player_choice":"Became Test Subject","floor":20.0,"gold_loss":0.0,"damage_taken":0.0,"cards_obtained":["Endless Agony","Infinite Blades"]},{"cards_removed":["Defend_G"],"damage_healed":0.0,"max_hp_gain":0.0,"max_hp_loss":0.0,"gold_gain":0.0,"event_name":"Purifier","player_choice":"Purged","floor":24.0,"gold_loss":0.0,"damage_taken":0.0},{"damage_healed":13.0,"max_hp_gain":0.0,"max_hp_loss":0.0,"gold_gain":0.0,"event_name":"Winding Halls","player_choice":"Writhe","floor":36.0,"gold_loss":0.0,"damage_taken":0.0,"cards_obtained":["Writhe"]},{"damage_healed":0.0,"max_hp_gain":0.0,"max_hp_loss":0.0,"gold_gain":0.0,"event_name":"Duplicator","player_choice":"Copied","floor":37.0,"gold_loss":0.0,"damage_taken":0.0,"cards_obtained":["Blade Dance"]},{"damage_healed":0.0,"max_hp_gain":0.0,"max_hp_loss":0.0,"gold_gain":0.0,"event_name":"MindBloom","player_choice":"Fight","floor":39.0,"gold_loss":0.0,"damage_taken":0.0},{"damage_healed":0.0,"max_hp_gain":0.0,"max_hp_loss":0.0,"gold_gain":0.0,"event_name":"Tomb of Lord Red Mask","player_choice":"Paid","floor":45.0,"gold_loss":94.0,"damage_taken":0.0,"relics_obtained":["Red Mask"]},{"damage_healed":0.0,"max_hp_gain":0.0,"max_hp_loss":0.0,"gold_gain":0.0,"event_name":"SensoryStone","player_choice":"Memory 1","floor":47.0,"gold_loss":0.0,"damage_taken":0.0}],"is_beta":false,"boss_relics":[{"not_picked":["HoveringKite","Empty Cage"],"picked":"Astrolabe"},{"not_picked":["Tiny House","Calling Bell"],"picked":"Coffee Dripper"}],"items_purged_floors":[11,38],"is_endless":false,"potions_floor_spawned":[4,7,10,16,22,29,30,31,46,48],"ascension_level":20}}