{"host":"0cgp910o8339lr91","time":1609461008,"event":{"mods":["BaseMod","Colored Map","Filter the Spire","Minty Spire (QoL Compilation)","Relic Stats","Slay-I","ojb\u0027s Better Paths Mod","ojb\u0027s Info Mod"],"gold_per_floor":[115,115,115,129,140,172,172,197,223,15,49,67,67,67,67,143,143,157,157,177,195,208,239,164,164,164,164,176,202,202,202,202],"floor_reached":31,"playtime":3109,"items_purged":["Defend_P"],"score":686,"play_id":"4f423fbf-d010-48a1-afb3-dc8665a785ad","local_time":"20210101013008","is_ascension_mode":true,"campfire_choices":[{"data":"Eruption","floor":7.0,"key":"SMITH"},{"data":"MentalFortress","floor":13.0,"key":"SMITH"},{"data":"CutThroughFate","floor":15.0,"key":"SMITH"},{"data":"TalkToTheHand","floor":25.0,"key":"SMITH"},{"data":"Meditate","floor":27.0,"key":"SMITH"}],"circlet_count":0,"master_deck":["AscendersBane","Strike_P","Strike_P+1","Strike_P","Strike_P","Defend_P","Defend_P+1","Defend_P+1","Eruption+1","Vigilance+1","FlurryOfBlows","CutThroughFate+1","Vengeance+1","FearNoEvil+1","Consecrate","Meditate+1","MentalFortress+1","InnerPeace","LessonLearned+1","EmptyFist","TalkToTheHand+1","Adaptation"],"relics":["Cursed Key","Omamori","Strawberry","Toolbox","Turnip","Runic Pyramid","Question Card","Pen Nib","Shovel","Nloth\u0027s Gift"],"acts_visited":["TheCity"],"potions_floor_usage":[],"damage_taken":[{"damage":4.0,"enemies":"2 Louse","floor":1.0,"turns":2.0},{"damage":7.0,"enemies":"Jaw Worm","floor":4.0,"turns":4.0},{"damage":0.0,"enemies":"Cultist","floor":5.0,"turns":2.0},{"damage":6.0,"enemies":"Gremlin Nob","floor":6.0,"turns":3.0},{"damage":0.0,"enemies":"Lagavulin","floor":8.0,"turns":3.0},{"damage":0.0,"enemies":"Gremlin Nob","floor":11.0,"turns":1.0},{"damage":6.0,"enemies":"Large Slime","floor":12.0,"turns":4.0},{"damage":8.0,"enemies":"Hexaghost","floor":16.0,"turns":8.0},{"damage":21.0,"enemies":"2 Thieves","floor":18.0,"turns":4.0},{"damage":0.0,"enemies":"Chosen","floor":20.0,"turns":3.0},{"damage":1.0,"enemies":"3 Cultists","floor":21.0,"turns":4.0},{"damage":3.0,"enemies":"Cultist and Chosen","floor":22.0,"turns":5.0},{"damage":6.0,"enemies":"Book of Stabbing","floor":23.0,"turns":3.0},{"damage":0.0,"enemies":"Snake Plant","floor":28.0,"turns":4.0},{"damage":9.0,"enemies":"Gremlin Leader","floor":29.0,"turns":5.0},{"damage":21,"enemies":"Slavers","floor":31,"turns":1}],"seed_played":"-135761198291690569","potions_obtained":[{"floor":1.0,"key":"BlessingOfTheForge"},{"floor":4.0,"key":"BottledMiracle"},{"floor":20.0,"key":"ColorlessPotion"},{"floor":21.0,"key":"Dexterity Potion"},{"floor":23.0,"key":"BottledMiracle"},{"floor":29.0,"key":"Energy Potion"}],"is_trial":false,"path_per_floor":["M","?","?","M","M","E","R","E","T","$","E","M","R","$","R","B",null,"M","?","M","M","M","E","$","R","T","R","M","E","?","E"],"character_chosen":"WATCHER","items_purchased":["Toolbox","Meditate"],"campfire_rested":0,"item_purchase_floors":[10,10],"current_hp_per_floor":[57,57,31,24,24,25,25,25,25,25,25,19,19,19,19,11,59,38,38,38,37,34,28,28,28,28,28,28,19,19,0,0],"gold":202,"neow_bonus":"BOSS_RELIC","is_daily":false,"chose_seed":false,"campfire_upgraded":5,"win_rate":0.0,"timestamp":1609461008,"path_taken":["M","?","?","M","M","E","R","E","T","?","E","?","R","$","R","BOSS","M","?","M","M","M","E","$","R","T","R","M","E","?","E"],"items_purchased_type":["Relic","Card"],"build_version":"2020-12-22","purchased_purges":1,"victory":false,"max_hp_per_floor":[68,68,68,68,68,75,75,75,75,75,75,75,75,75,75,75,75,75,75,75,75,75,75,75,75,75,75,75,75,75,75,75],"relic_stats":{"Shovel":0,"counters":[16,56],"Turnip":[4],"Pen Nib":[3],"Nloth\u0027s Gift":0,"Cursed Key":1,"Question Card":6,"obtain_stats":[{"Potion Belt":8,"Shovel":29,"Strawberry":6,"Toolbox":10,"Turnip":11,"Pen Nib":23,"Omamori":3,"Nloth\u0027s Gift":30,"PureWater":0,"Cursed Key":0,"Question Card":19,"Runic Pyramid":17},{"Potion Belt":5,"Shovel":15,"Strawberry":4,"Toolbox":5,"Turnip":6,"Pen Nib":13,"Omamori":1,"Nloth\u0027s Gift":15,"PureWater":0,"Cursed Key":0,"Question Card":9,"Runic Pyramid":8},{"Potion Belt":14,"Shovel":55,"Strawberry":11,"Toolbox":14,"Turnip":15,"Pen Nib":46,"Omamori":2,"Nloth\u0027s Gift":55,"PureWater":0,"Cursed Key":0,"Question Card":31,"Runic Pyramid":27}]},"card_choices":[{"not_picked":["Perseverance","BattleHymn"],"picked":"FlurryOfBlows","floor":1.0},{"not_picked":["Crescendo","Consecrate"],"picked":"CutThroughFate","floor":4.0},{"not_picked":["LikeWater","WreathOfFlame"],"picked":"Vengeance","floor":5.0},{"not_picked":["BowlingBash","CutThroughFate"],"picked":"FearNoEvil","floor":6.0},{"not_picked":["EmptyBody","Vengeance"],"picked":"Consecrate","floor":8.0},{"not_picked":["Wireheading","Crescendo"],"picked":"MentalFortress","floor":11.0},{"not_picked":["Perseverance","Fasting2"],"picked":"InnerPeace","floor":12.0},{"not_picked":["DeusExMachina","ConjureBlade"],"picked":"LessonLearned","floor":16.0},{"not_picked":["ThirdEye","Consecrate","Indignation"],"picked":"SKIP","floor":18.0},{"not_picked":["EmptyBody","Protect","LikeWater"],"picked":"EmptyFist","floor":20.0},{"not_picked":["CutThroughFate","SashWhip","Perseverance+1","ThirdEye"],"picked":"SKIP","floor":21.0},{"not_picked":["ForeignInfluence","BowlingBash","Evaluate"],"picked":"TalkToTheHand","floor":22.0},{"not_picked":["WindmillStrike","Vengeance","Collect","EmptyBody"],"picked":"SKIP","floor":23.0},{"not_picked":["Halt","Evaluate","Weave","MasterReality"],"picked":"SKIP","floor":28.0},{"not_picked":["Halt","Evaluate","Weave","MasterReality"],"picked":"SKIP","floor":28.0},{"not_picked":["SignatureMove","Swivel","Sanctity"],"picked":"Adaptation","floor":29.0}],"player_experience":1300223,"relics_obtained":[{"floor":6.0,"key":"Strawberry"},{"floor":8.0,"key":"Potion Belt"},{"floor":11.0,"key":"Turnip"},{"floor":23.0,"key":"Pen Nib"},{"floor":29.0,"key":"Shovel"}],"event_choices":[{"damage_healed":0.0,"max_hp_gain":0.0,"max_hp_loss":0.0,"gold_gain":0.0,"event_name":"Liars Game","player_choice":"Ignored","floor":2.0,"gold_loss":0.0,"damage_taken":0.0},{"damage_healed":0.0,"max_hp_gain":0.0,"max_hp_loss":0.0,"gold_gain":0.0,"event_name":"Scrap Ooze","player_choice":"Success","floor":3.0,"gold_loss":0.0,"damage_taken":26.0,"relics_obtained":["Omamori"]},{"damage_healed":0.0,"max_hp_gain":0.0,"max_hp_loss":0.0,"gold_gain":0.0,"event_name":"Addict","player_choice":"Stole Relic","floor":19.0,"gold_loss":0.0,"damage_taken":0.0,"relics_obtained":["Question Card"],"cards_obtained":["Shame"]},{"damage_healed":0.0,"max_hp_gain":0.0,"max_hp_loss":0.0,"gold_gain":0.0,"event_name":"N\u0027loth","player_choice":"Traded Relic","floor":30.0,"relics_lost":["Potion Belt"],"gold_loss":0.0,"damage_taken":0.0,"relics_obtained":["Nloth\u0027s Gift"]}],"is_beta":false,"boss_relics":[{"not_picked":["Ectoplasm","Sozu"],"picked":"Runic Pyramid"}],"items_purged_floors":[24],"is_endless":false,"potions_floor_spawned":[1,4,20,21,23,29],"killed_by":"Slavers","ascension_level":20}}