{"host":"p5axfb00mxhraew6","time":1609501074,"event":{"mods":["Abigail Mod","Act Like it!","BaseMod","CapriCore","Friendly Minions","GifTheSpireLib","Jedi Mod","KomeijiMod","MarisaÅiñ∂âJÅ@ñÇóùçπÅj","Minty Spire (QoL Compilation)","Prisma Mod","ReimuÅiîé??öÎÅj","RemiliaÅiÂQïƒ‰ª?Åj","SOSÅiézîb?îVéqÅj","StSLib","Td1madao Mod","The Alterego","The Immortal","The Problem Sleuth","Yakumo Yukari mod"],"gold_per_floor":[137,54,129,149,149,149,182,202,227,227,242,277,277,277,277,349,349,360,360,360,376,376,408,408,14,14,48,48,77,96,130,130,202,202,215,215,240,103,116,116,126,152,179,196,196,224,239,272,272,272,272,272,272,17,48,48],"floor_reached":57,"playtime":2768,"items_purged":["AT_purpleEX"],"score":3598,"play_id":"5613f9ad-4498-4a56-bffd-2e8e76b6db04","local_time":"20210101203754","is_ascension_mode":true,"campfire_choices":[{"data":"Nest_LightFlightworm_purple","floor":6,"key":"SMITH"},{"data":"CommonSense_AntiCommonSense_purple","floor":10,"key":"SMITH"},{"data":"Nest_LightFlightworm_purple","floor":15,"key":"SMITH"},{"data":"MonsterNeedle_purple","floor":24,"key":"SMITH"},{"data":"SharpContractionReality_purple","floor":28,"key":"SMITH"},{"data":"Umbrella_purple","floor":32,"key":"SMITH"},{"floor":40,"key":"RECALL"},{"data":"Nest_LightFlightworm_purple","floor":45,"key":"SMITH"},{"data":"Mirror_WaveAndshot_purple","floor":49,"key":"SMITH"},{"data":"MetroBOOM_purple","floor":53,"key":"SMITH"}],"circlet_count":0,"master_deck":["AscendersBane","Defend_purpleEX","Defend_purpleEX","Defend_purpleEX","Defend_purpleEX","Observe_purple_1","Observe_purple_2","OmniscientAndOmnipotent_Monster_purple","WorldDissolvedintheRealm_purple","Nest_LightFlightworm_purple+1","SharpContractionReality_purple+1","CommonSense_AntiCommonSense_purple+1","Nest_LightFlightworm_purple+1","MonsterNeedle_purple+1","WangLiang_LineAndCurveDreams_purple","Mirror_FourBoundary_purple+1","AdvanceAttack_purple","Charmbait_purple","Mirror_FourBoundary_purple","OpenedBox_purple+1","Computing_the_future_purpleEX","Umbrella_purple+1","WorldDissolvedintheRealm_purple","Fancifulhole_purple","MetroBOOM_purple+1","Bait_Toxicbait_purple","Mirror_FourBoundary_purple","MeetDecomposer_purple","StretchesForeverDream_purple+1","Nest_LightFlightworm_purple+1","WorldDissolvedintheRealm_purple+1","Shallow_ocean_purpleEX+1","CommonSense_AntiCommonSense_purple","Mirror_WaveAndshot_purple+1","Charmbait_purple","CommonSense_AntiCommonSense_purple","Boundary_LifeAndDeath_purple"],"relics":["Boundary_crack","Memoryfragments_purpleEX","NeowsBlessing","Antimatter_spacedebris","Juzu Bracelet","MealTicket","Mummified Hand","Philosopher\u0027s Stone","alterego_mod:FleetingLove","Pen Nib","InkBottle","Shuriken","Happy Flower","Ancient Tea Set","Parasol_purpleEX","Empty Cage","Torii","jedi:heavyjacket","Bag of Preparation","jedi:shrinkray","OrangePellets","RuthlessExorcism:ReiMu"],"acts_visited":["Exordium","TheCity","TheBeyond","TheEnding"],"potions_floor_usage":[12,16,23,27,31,56,56],"damage_taken":[{"damage":0,"enemies":"2 Louse","floor":1,"turns":1},{"damage":0,"enemies":"Jaw Worm","floor":4,"turns":1},{"damage":14,"enemies":"Gremlin Nob","floor":7,"turns":1},{"damage":1,"enemies":"Cultist","floor":8,"turns":3},{"damage":4,"enemies":"Lots of Slimes","floor":11,"turns":5},{"damage":14,"enemies":"3 Sentries","floor":12,"turns":8},{"damage":3,"enemies":"The Guardian","floor":16,"turns":9},{"damage":2,"enemies":"Shell Parasite","floor":18,"turns":4},{"damage":14,"enemies":"Chosen","floor":21,"turns":4},{"damage":20,"enemies":"Slavers","floor":23,"turns":3},{"damage":15,"enemies":"Gremlin Leader","floor":27,"turns":4},{"damage":0,"enemies":"Book of Stabbing","floor":29,"turns":3},{"damage":6,"enemies":"Centurion and Healer","floor":30,"turns":3},{"damage":0,"enemies":"Slavers","floor":31,"turns":3},{"damage":0,"enemies":"Collector","floor":33,"turns":4},{"damage":0,"enemies":"3 Darklings","floor":35,"turns":2},{"damage":0,"enemies":"Mind Bloom Boss Battle","floor":37,"turns":3},{"damage":0,"enemies":"Orb Walker","floor":39,"turns":2},{"damage":0,"enemies":"Writhing Mass","floor":41,"turns":3},{"damage":0,"enemies":"Giant Head","floor":42,"turns":6},{"damage":0,"enemies":"Jaw Worm Horde","floor":44,"turns":3},{"damage":0,"enemies":"Nemesis","floor":46,"turns":3},{"damage":0,"enemies":"4 Shapes","floor":47,"turns":3},{"damage":0,"enemies":"Reptomancer","floor":48,"turns":4},{"damage":0,"enemies":"Awakened One","floor":50,"turns":8},{"damage":0,"enemies":"Donu and Deca","floor":51,"turns":7},{"damage":0,"enemies":"Shield and Spear","floor":55,"turns":4},{"damage":5,"enemies":"The Heart","floor":56,"turns":8}],"seed_played":"-2742639197295304172","potions_obtained":[{"floor":4,"key":"Dexterity Potion"},{"floor":7,"key":"SpeedPotion"},{"floor":12,"key":"Fire Potion"},{"floor":16,"key":"jedi:tentaclejuice"},{"floor":22,"key":"Explosive Potion"},{"floor":27,"key":"SpeedPotion"},{"floor":29,"key":"SteroidPotion"},{"floor":31,"key":"Swift Potion"},{"floor":48,"key":"Dexterity Potion"}],"is_trial":false,"path_per_floor":["M","$","?","M","?","R","E","M","T","R","M","E","?","T","R","B",null,"M","?","?","M","?","E","R","$","T","E","R","E","M","E","R","B",null,"M","$","?","$","M","R","M","E","T","M","R","E","M","E","R","B","B",null,"R","$","E","B",null],"character_chosen":"Youkari","items_purchased":["WorldDissolvedintheRealm_purple","Mirror_FourBoundary_purple","InkBottle","Mirror_FourBoundary_purple","MeetDecomposer_purple","OrangePellets","Charmbait_purple","CommonSense_AntiCommonSense_purple"],"campfire_rested":0,"item_purchase_floors":[2,25,25,38,38,54,54,54],"current_hp_per_floor":[59,59,48,48,48,48,34,34,34,34,35,26,41,41,41,43,60,63,63,63,52,52,36,36,51,51,41,41,46,45,49,49,51,62,65,65,65,65,65,65,65,65,65,65,65,65,65,65,65,65,65,65,65,65,65,63],"gold":48,"neow_bonus":"THREE_ENEMY_KILL","is_daily":false,"chose_seed":false,"campfire_upgraded":9,"win_rate":0.0,"timestamp":1609501074,"path_taken":["M","$","?","M","?","R","E","?","T","R","M","E","?","?","R","BOSS","M","?","?","M","?","E","R","?","T","E","R","E","M","E","R","BOSS","M","$","?","$","M","R","M","E","T","M","R","E","M","E","R","BOSS","BOSS","R","$","E","BOSS"],"items_purchased_type":["Card","Card","Relic","Card","Card","Relic","Card","Card"],"build_version":"2020-12-22","purchased_purges":1,"victory":true,"max_hp_per_floor":[65,65,65,65,65,65,65,65,65,65,65,65,65,65,65,65,65,65,65,65,65,65,65,65,65,65,65,65,65,65,65,65,65,65,65,65,65,65,65,65,65,65,65,65,65,65,65,65,65,65,65,65,65,65,65,65],"card_choices":[{"not_picked":["ExternalForce_HighSpeedFlying_purple","Mirror_Drifter_purple"],"picked":"OmniscientAndOmnipotent_Monster_purple","floor":1},{"not_picked":["Charmbait_purple","Bait_Toxicbait_purple"],"picked":"Nest_LightFlightworm_purple","floor":4},{"not_picked":["Worldmountain_purple","Boundary_LightAndDark_purple"],"picked":"SharpContractionReality_purple","floor":7},{"not_picked":["Shallow_ocean_purpleEX","AdvanceAttack_purple"],"picked":"CommonSense_AntiCommonSense_purple","floor":8},{"not_picked":["OmniscientAndOmnipotent_Monster_purple","Boundary_DreamRealityDamnation_purple"],"picked":"Nest_LightFlightworm_purple","floor":11},{"not_picked":["Fantasy_PerpetualMotionMachine_purple","DimensionStaggered_purple"],"picked":"MonsterNeedle_purple","floor":12},{"not_picked":["BarrageBoundary_PipeDream_purple","ContainerChange_purple"],"picked":"WangLiang_LineAndCurveDreams_purple","floor":16},{"not_picked":["Realm_recovery_purpleEX","Worldmountain_purple"],"picked":"Mirror_FourBoundary_purple","floor":18},{"not_picked":["Yakumo_Ran_purple","Boundary_DynamicStaticEquilibrium_purple+1"],"picked":"AdvanceAttack_purple","floor":21},{"not_picked":["StateDuplicate_purple+1","Yakumo_Ran_purple"],"picked":"Charmbait_purple","floor":23},{"not_picked":["WatchEChange_purple","PurpleNeedle_purple"],"picked":"OpenedBox_purple+1","floor":27},{"not_picked":["Realm_recovery_purpleEX","Fantasy_PerpetualMotionMachine_purple"],"picked":"Computing_the_future_purpleEX","floor":29},{"not_picked":["StateDuplicate_purple","MeetDecomposer_purple"],"picked":"Umbrella_purple","floor":30},{"not_picked":["MeetDecomposer_purple","OmniscientAndOmnipotent_Monster_purple"],"picked":"WorldDissolvedintheRealm_purple","floor":31},{"not_picked":["Price_of_realm_purpleEX","Know_ledgeAbilityRealm_purple"],"picked":"Fancifulhole_purple","floor":33},{"not_picked":["StateDuplicate_purple","ButterflyHabitatTemple_purple"],"picked":"MetroBOOM_purple","floor":35},{"not_picked":["PurpleNeedle_purple+1","Yakumo_Ran_purple"],"picked":"Bait_Toxicbait_purple","floor":37},{"not_picked":["Charmbait_purple","EighthInstrument_OneDividesIntoTwo_purple"],"picked":"StretchesForeverDream_purple+1","floor":39},{"not_picked":["StateErode_purple","Charmbait_purple+1"],"picked":"Nest_LightFlightworm_purple","floor":41},{"not_picked":["PurpleNeedle_purple","DimensionStaggered_purple"],"picked":"WorldDissolvedintheRealm_purple+1","floor":42},{"not_picked":["StateDuplicate_purple","RuleDissolution_purple"],"picked":"Shallow_ocean_purpleEX+1","floor":44},{"not_picked":["SfantasyHide_purple","Fantasy_PerpetualMotionMachine_purple"],"picked":"CommonSense_AntiCommonSense_purple","floor":46},{"not_picked":["RealityDreamConfluencek_purple","Line_surface_state_purple"],"picked":"Mirror_WaveAndshot_purple","floor":47},{"not_picked":["Boundary_ObjectiveBoundary_purple","WatchEChange_purple+1","ExistenceContinue_purple"],"picked":"SKIP","floor":48},{"not_picked":["ExistenceContinue_purple","DarkRealmRedLine_purple+1"],"picked":"Boundary_LifeAndDeath_purple","floor":55}],"player_experience":1180651,"relics_obtained":[{"floor":7,"key":"Antimatter_spacedebris"},{"floor":9,"key":"Juzu Bracelet"},{"floor":12,"key":"MealTicket"},{"floor":14,"key":"Mummified Hand"},{"floor":23,"key":"Pen Nib"},{"floor":26,"key":"Shuriken"},{"floor":27,"key":"Happy Flower"},{"floor":29,"key":"Ancient Tea Set"},{"floor":31,"key":"Parasol_purpleEX"},{"floor":37,"key":"Torii"},{"floor":42,"key":"jedi:heavyjacket"},{"floor":46,"key":"Bag of Preparation"},{"floor":48,"key":"jedi:shrinkray"},{"floor":55,"key":"RuthlessExorcism:ReiMu"}],"event_choices":[{"damage_healed":0,"gold_gain":75,"player_choice":"Gather Gold","damage_taken":11,"max_hp_gain":0,"max_hp_loss":0,"event_name":"World of Goop","floor":3,"gold_loss":0},{"cards_removed":["AT_purpleEX"],"damage_healed":0,"gold_gain":0,"player_choice":"Offered Basic","damage_taken":0,"max_hp_gain":0,"max_hp_loss":0,"event_name":"Bonfire Elementals","floor":5,"gold_loss":0},{"damage_healed":0,"gold_gain":0,"player_choice":"Choice 1","damage_taken":0,"relics_obtained":["alterego_mod:FleetingLove"],"max_hp_gain":0,"max_hp_loss":0,"event_name":"Secret Garden","floor":19,"gold_loss":0},{"damage_healed":0,"gold_gain":0,"player_choice":"Forge","damage_taken":0,"max_hp_gain":0,"max_hp_loss":0,"event_name":"Accursed Blacksmith","floor":20,"gold_loss":0,"cards_upgraded":["Mirror_FourBoundary_purple"]},{"damage_healed":0,"gold_gain":0,"player_choice":"Got Potions","damage_taken":0,"max_hp_gain":0,"max_hp_loss":0,"event_name":"Lab","floor":22,"gold_loss":0},{"damage_healed":0,"gold_gain":0,"player_choice":"Fight","damage_taken":0,"max_hp_gain":0,"max_hp_loss":0,"event_name":"MindBloom","floor":37,"gold_loss":0}],"is_beta":false,"boss_relics":[{"not_picked":["jedi:hotpepper","Snecko Eye"],"picked":"Philosopher\u0027s Stone"},{"not_picked":["SacredBark","Seventeenyearold_girl_Forever"],"picked":"Empty Cage"}],"items_purged_floors":[25],"is_endless":false,"potions_floor_spawned":[4,7,12,16,27,29,31,35,46,47,48],"ascension_level":20}}