{"host":"a1eatafr7pisesky","time":1609499075,"event":{"mods":["BaseMod","Colored Map","DeckTracker","Highlight Path","Keyboard Shortcuts","Minty Spire (QoL Compilation)","Permanent Neow","Random Character Button","StSLib","SuperFastMode","everything is the same but u backflip on backflip"],"gold_per_floor":[117,127,52,71,71,71,105,120,147,167,179,196,226,301,301,406,406,423,423,448,272,284,295,295,310,333,333,333,333],"floor_reached":28,"playtime":946,"items_purged":["Strike_B","Defend_B"],"score":347,"play_id":"937d74ba-2f04-4cf0-87de-0b156093623d","local_time":"20210101200435","is_ascension_mode":true,"campfire_choices":[{"data":"Buffer","floor":6,"key":"SMITH"},{"floor":15,"key":"REST"},{"floor":24,"key":"REST"}],"circlet_count":0,"master_deck":["Strike_B","Defend_B","Zap","Dualcast","Glacier","White Noise","Buffer+1","Turbo","Go for the Eyes","Blizzard","Hologram","Streamline","Echo Form","Buffer+1","Biased Cognition+1","Tempest+1","Capacitor"],"relics":["Cracked Core","Oddly Smooth Stone","PreservedInsect","Orichalcum","Tiny Chest","Astrolabe","Nilry\u0027s Codex","Red Mask","Dream Catcher","Omamori"],"acts_visited":["Exordium","TheCity"],"potions_floor_usage":[25],"damage_taken":[{"damage":0,"enemies":"Cultist","floor":1,"turns":3},{"damage":0,"enemies":"Jaw Worm","floor":2,"turns":4},{"damage":6,"enemies":"Small Slimes","floor":4,"turns":3},{"damage":0,"enemies":"Lagavulin","floor":7,"turns":6},{"damage":24,"enemies":"3 Louse","floor":8,"turns":4},{"damage":8,"enemies":"Large Slime","floor":10,"turns":11},{"damage":3,"enemies":"Exordium Wildlife","floor":11,"turns":7},{"damage":0,"enemies":"2 Fungi Beasts","floor":12,"turns":6},{"damage":14,"enemies":"3 Sentries","floor":13,"turns":8},{"damage":14,"enemies":"Slime Boss","floor":16,"turns":15},{"damage":13,"enemies":"2 Thieves","floor":18,"turns":4},{"damage":32,"enemies":"Masked Bandits","floor":20,"turns":4},{"damage":2,"enemies":"Chosen","floor":22,"turns":4},{"damage":16,"enemies":"Snake Plant","floor":23,"turns":3},{"damage":12,"enemies":"Chosen and Byrds","floor":25,"turns":9},{"damage":27,"enemies":"3 Cultists","floor":28,"turns":4}],"seed_played":"-4636349175504913763","potions_obtained":[{"floor":4,"key":"SteroidPotion"},{"floor":7,"key":"Swift Potion"},{"floor":8,"key":"Explosive Potion"},{"floor":11,"key":"FairyPotion"},{"floor":22,"key":"Fruit Juice"},{"floor":25,"key":"Swift Potion"}],"is_trial":false,"path_per_floor":["M","M","$","M","?","R","E","M","T","M","M","M","E","?","R","B",null,"M","?","?","$","M","M","R","M","T","T","M"],"character_chosen":"DEFECT","items_purchased":["Capacitor"],"campfire_rested":2,"item_purchase_floors":[21],"current_hp_per_floor":[68,68,68,62,62,62,62,38,38,30,27,27,13,2,24,10,59,46,30,22,22,20,4,26,19,19,19,0,0],"gold":333,"neow_bonus":"RANDOM_COMMON_RELIC","is_daily":false,"chose_seed":false,"campfire_upgraded":1,"win_rate":0.0,"timestamp":1609499075,"path_taken":["M","M","$","M","?","R","E","M","T","M","M","?","E","?","R","BOSS","M","?","?","$","M","M","R","M","T","?","M"],"items_purchased_type":["Card"],"build_version":"2020-12-22","purchased_purges":2,"victory":false,"max_hp_per_floor":[75,75,75,75,75,75,75,75,75,75,75,75,75,75,75,75,75,75,75,75,75,75,75,75,80,80,80,80,80],"card_choices":[{"not_picked":["Hologram","Coolheaded"],"picked":"Glacier","floor":1},{"not_picked":["Reprogram","Hologram"],"picked":"White Noise","floor":2},{"not_picked":["Reprogram","Rip and Tear"],"picked":"Buffer","floor":4},{"not_picked":["Beam Cell","Coolheaded"],"picked":"Turbo","floor":7},{"not_picked":["Scrape","Melter","Leap"],"picked":"SKIP","floor":8},{"not_picked":["Coolheaded","Compile Driver"],"picked":"Go for the Eyes","floor":10},{"not_picked":["Conserve Battery","Hologram"],"picked":"Blizzard","floor":11},{"not_picked":["Compile Driver","Doom and Gloom"],"picked":"Hologram","floor":12},{"not_picked":["Meteor Strike","Hello World"],"picked":"Streamline","floor":13},{"not_picked":["Hyperbeam","Seek"],"picked":"Echo Form","floor":16},{"not_picked":["Barrage","Steam","Sweeping Beam+1"],"picked":"SKIP","floor":18},{"not_picked":["Redo+1","Auto Shields","Sweeping Beam"],"picked":"SKIP","floor":22},{"not_picked":["Genetic Algorithm","Steam Power","Coolheaded"],"picked":"SKIP","floor":23},{"not_picked":["Leap","Go for the Eyes","Reinforced Body+1"],"picked":"SKIP","floor":25}],"player_experience":281006,"relics_obtained":[{"floor":7,"key":"PreservedInsect"},{"floor":9,"key":"Orichalcum"},{"floor":13,"key":"Tiny Chest"},{"floor":19,"key":"Nilry\u0027s Codex"},{"floor":20,"key":"Red Mask"},{"floor":26,"key":"Dream Catcher"},{"floor":27,"key":"Omamori"}],"event_choices":[{"cards_removed":["Strike_B"],"damage_healed":0,"gold_gain":0,"player_choice":"Purged","damage_taken":0,"max_hp_gain":0,"max_hp_loss":0,"event_name":"Purifier","floor":5,"gold_loss":0},{"damage_healed":0,"gold_gain":75,"player_choice":"Gather Gold","damage_taken":11,"max_hp_gain":0,"max_hp_loss":0,"event_name":"World of Goop","floor":14,"gold_loss":0},{"damage_healed":0,"gold_gain":0,"player_choice":"Obtained Book","damage_taken":16,"max_hp_gain":0,"max_hp_loss":0,"event_name":"Cursed Tome","floor":19,"gold_loss":0},{"damage_healed":0,"gold_gain":0,"player_choice":"Fought Bandits","damage_taken":0,"max_hp_gain":0,"max_hp_loss":0,"event_name":"Masked Bandits","floor":20,"gold_loss":0}],"is_beta":false,"boss_relics":[{"not_picked":["Empty Cage","Coffee Dripper"],"picked":"Astrolabe"}],"items_purged_floors":[3,21],"is_endless":false,"potions_floor_spawned":[4,7,8,11,12,22,25],"killed_by":"3 Cultists","ascension_level":7}}