{"host":"cd9ii0p4lcq6b7m2","time":1609470394,"event":{"mods":["BaseMod","Block Reminder","Colored Map","Highlight Path","Minty Spire (QoL Compilation)"],"gold_per_floor":[114,124,124,45,55,85,85,85,85,85,85,120,138,166,166,166,166],"floor_reached":16,"playtime":1075,"items_purged":[],"score":118,"play_id":"1335c1c5-2f48-490c-b32b-369e5a76174a","local_time":"20210101030634","is_ascension_mode":false,"campfire_choices":[{"floor":7,"key":"REST"},{"floor":15,"key":"REST"}],"circlet_count":0,"master_deck":["Strike_B","Strike_B+1","Strike_B","Defend_B","Defend_B","Defend_B","Defend_B","Zap","Dualcast","Machine Learning+1","Streamline","White Noise","FTL","Scrape","Go for the Eyes","Aggregate"],"relics":["Cracked Core","White Beast Statue","Gremlin Horn","Bottled Lightning","Ancient Tea Set","StoneCalendar"],"acts_visited":["Exordium"],"potions_floor_usage":[6,12,14,14,16],"damage_taken":[{"damage":10,"enemies":"Jaw Worm","floor":1,"turns":4},{"damage":7,"enemies":"Small Slimes","floor":2,"turns":3},{"damage":6,"enemies":"2 Louse","floor":5,"turns":2},{"damage":22,"enemies":"3 Sentries","floor":6,"turns":6},{"damage":13,"enemies":"Lagavulin","floor":12,"turns":5},{"damage":5,"enemies":"Looter","floor":13,"turns":2},{"damage":7,"enemies":"Gremlin Nob","floor":14,"turns":3},{"damage":27,"enemies":"The Guardian","floor":16,"turns":8}],"seed_played":"7000214016271778529","potions_obtained":[{"floor":2,"key":"LiquidMemories"},{"floor":5,"key":"SpeedPotion"},{"floor":12,"key":"DuplicationPotion"},{"floor":13,"key":"BlessingOfTheForge"},{"floor":14,"key":"Fire Potion"}],"is_trial":false,"path_per_floor":["M","M","?","$","M","E","R","?","T","?","T","E","M","E","R","B"],"character_chosen":"DEFECT","items_purchased":["FTL"],"campfire_rested":2,"item_purchase_floors":[4],"current_hp_per_floor":[65,58,51,51,45,23,45,45,45,30,30,17,12,5,27,0,0],"gold":166,"neow_bonus":"THREE_RARE_CARDS","is_daily":false,"chose_seed":false,"campfire_upgraded":0,"win_rate":0.0,"timestamp":1609470394,"path_taken":["M","M","?","$","M","E","R","?","T","?","?","E","M","E","R","BOSS"],"items_purchased_type":["Card"],"build_version":"2020-12-22","purchased_purges":0,"victory":false,"max_hp_per_floor":[75,75,75,75,75,75,75,75,75,75,75,75,75,75,75,75,75],"card_choices":[{"not_picked":["Core Surge","Electrodynamics"],"picked":"Machine Learning","floor":0},{"not_picked":["Recycle","Steam"],"picked":"Streamline","floor":1},{"not_picked":["Fusion","Compile Driver"],"picked":"White Noise","floor":2},{"not_picked":["Barrage","Stack","Redo"],"picked":"SKIP","floor":5},{"not_picked":["Gash","Turbo"],"picked":"Scrape","floor":6},{"not_picked":["Buffer","Fusion","Capacitor"],"picked":"SKIP","floor":12},{"not_picked":["Streamline","Coolheaded"],"picked":"Go for the Eyes","floor":13},{"not_picked":["Compile Driver","Coolheaded"],"picked":"Aggregate","floor":14}],"player_experience":166115,"relics_obtained":[{"floor":6,"key":"White Beast Statue"},{"floor":9,"key":"Gremlin Horn"},{"floor":11,"key":"Bottled Lightning"},{"floor":12,"key":"Ancient Tea Set"},{"floor":14,"key":"StoneCalendar"}],"event_choices":[{"cards_removed":["Injury"],"damage_healed":0,"gold_gain":0,"player_choice":"Card Removal","damage_taken":7,"max_hp_gain":0,"max_hp_loss":0,"event_name":"Golden Wing","floor":3,"gold_loss":0},{"cards_removed":["Strike_B"],"damage_healed":0,"gold_gain":0,"player_choice":"Forget","damage_taken":0,"max_hp_gain":0,"max_hp_loss":0,"event_name":"Living Wall","floor":8,"gold_loss":0},{"damage_healed":0,"gold_gain":0,"player_choice":"Entered Light","damage_taken":15,"max_hp_gain":0,"max_hp_loss":0,"event_name":"Shining Light","floor":10,"gold_loss":0,"cards_upgraded":["Strike_B","Machine Learning"]}],"is_beta":false,"boss_relics":[],"items_purged_floors":[],"is_endless":false,"potions_floor_spawned":[2,5,12,13,14],"killed_by":"The Guardian","ascension_level":0}}