{"host":"dntw6kil9p09eemm","time":1609527623,"event":{"mods":["Alarm Clock","Aspiration","BaseMod","Downfall","Hermit","Hubris","Minty Spire (QoL Compilation)","Permanent Neow","Replay The Spire","Shop Mod","StSLib","The Runesmith"],"gold_per_floor":[117,135,310,320,330,330,107,141,141,141,159,174,192,156,156,252,252,272,272,290,305,318,318,318,318],"floor_reached":23,"playtime":1480,"items_purged":[],"score":197,"play_id":"70285162-ba56-47c1-b7ed-62ae65a99125","local_time":"20210102040023","is_ascension_mode":false,"campfire_choices":[{"data":"hexamod:SkipABeat","floor":6,"key":"SMITH"},{"data":"Doubt","floor":15,"key":"PURGE"}],"circlet_count":0,"master_deck":["hexamod:Strike","hexamod:Strike","hexamod:Strike","hexamod:Defend","hexamod:Defend","hexamod:Defend","hexamod:Sear","hexamod:Float","hexamod:EmpoweredFlame","hexamod:SpectersWail","hexamod:BurningTouch","hexamod:SkipABeat+1","hexamod:StepThrough","hexamod:RadiantFlame","hexamod:ThermalTransfer","hexamod:SearingWound","hexamod:PhantomFireball","hexamod:FastForward"],"relics":["hexamod:SpiritBrand","hexamod:JarOfFuel","Replay:Wax Seal","MealTicket","MerchantsRug","Replay:Bronze Core","aspiration:FrozenJewel"],"acts_visited":["Exordium","TheCity"],"potions_floor_usage":[5,20],"damage_taken":[{"damage":0,"enemies":"Jaw Worm","floor":1,"turns":3},{"damage":0,"enemies":"Cultist","floor":2,"turns":3},{"damage":0,"enemies":"2 Louse","floor":4,"turns":1},{"damage":5,"enemies":"Gremlin Gang","floor":5,"turns":3},{"damage":19,"enemies":"Lagavulin","floor":8,"turns":6},{"damage":0,"enemies":"2 Fungi Beasts","floor":11,"turns":3},{"damage":2,"enemies":"Blue Slaver","floor":12,"turns":4},{"damage":7,"enemies":"Exordium Thugs","floor":13,"turns":5},{"damage":33,"enemies":"Hexaghost","floor":16,"turns":9},{"damage":8,"enemies":"Spheric Guardian","floor":18,"turns":4},{"damage":5,"enemies":"3 Byrds","floor":20,"turns":5},{"damage":20,"enemies":"Snake Plant","floor":21,"turns":4},{"damage":24,"enemies":"Cultist and Chosen","floor":22,"turns":7},{"damage":10,"enemies":"Slavers","floor":23,"turns":2}],"seed_played":"-8667718024276662374","potions_obtained":[{"floor":1,"key":"Explosive Potion"},{"floor":2,"key":"Fire Potion"},{"floor":11,"key":"LiquidBronze"},{"floor":12,"key":"Adrenaline Potion"},{"floor":18,"key":"Fire Potion"},{"floor":20,"key":"SteroidPotion"}],"is_trial":false,"path_per_floor":["M","M","?","M","M","R","$","E","T","?","M","M","M","$","R","B",null,"M","T","M","M","M","E"],"character_chosen":"THE_SPIRIT","items_purchased":["hexamod:JarOfFuel","Replay:Wax Seal","MerchantsRug"],"campfire_rested":0,"item_purchase_floors":[7,7,14],"current_hp_per_floor":[63,63,63,63,58,58,58,39,39,39,39,37,30,45,45,12,63,55,55,50,30,6,0,0,0],"gold":318,"neow_bonus":"TRANSFORM_TWO_CARDS","is_daily":false,"chose_seed":false,"campfire_upgraded":1,"win_rate":0.0,"timestamp":1609527623,"path_taken":["M","M","?","M","M","R","$","E","T","?","M","?","M","$","R","BOSS","M","?","M","M","M","E"],"items_purchased_type":["Relic","Relic","Relic"],"build_version":"2020-12-22","purchased_purges":0,"victory":false,"max_hp_per_floor":[63,63,63,63,63,63,63,63,63,63,63,63,63,63,63,63,63,63,63,63,63,63,63,63,63],"card_choices":[{"not_picked":["hexamod:GhostOfSpirePresent","hexamod:RecurringNightmare","hexamod:NecessarySacrifice"],"picked":"SKIP","floor":1},{"not_picked":["hexamod:ChargedBarrage","hexamod:FourthSeal"],"picked":"hexamod:BurningTouch","floor":2},{"not_picked":["hexamod:SpectersWail","hexamod:ShieldOfDarkness","hexamod:NightmareStrike"],"picked":"SKIP","floor":4},{"not_picked":["hexamod:HeatCrush","hexamod:AdvancingGuard"],"picked":"hexamod:SkipABeat","floor":5},{"not_picked":["hexamod:InspiringFlames","hexamod:Hexaguard"],"picked":"hexamod:StepThrough","floor":8},{"not_picked":["hexamod:ThermalTransfer","hexamod:NightmareGuise"],"picked":"hexamod:RadiantFlame","floor":11},{"not_picked":["hexamod:GhostShield","hexamod:Firestarter","hexamod:InspiringFlames"],"picked":"SKIP","floor":12},{"not_picked":["hexamod:Rewind","hexamod:NightmareStrike"],"picked":"hexamod:ThermalTransfer","floor":13},{"not_picked":["hexamod:WildfireWeapon","hexamod:ApocalypseNow"],"picked":"hexamod:SearingWound","floor":16},{"not_picked":["hexamod:BacktrackSmack","hexamod:RainOfEmbers","hexamod:GhostShield"],"picked":"SKIP","floor":18},{"not_picked":["hexamod:HeatShield","hexamod:PowerFromBeyond","hexamod:NightmareGuise"],"picked":"SKIP","floor":20},{"not_picked":["hexamod:NightmareStrike","hexamod:BurningTouch"],"picked":"hexamod:PhantomFireball","floor":21},{"not_picked":["hexamod:NightmareStrike","hexamod:CatchUp"],"picked":"hexamod:FastForward","floor":22}],"player_experience":522809,"relics_obtained":[{"floor":8,"key":"MealTicket"},{"floor":9,"key":"aspiration:StickyExplosives_weak"},{"floor":19,"key":"aspiration:FrozenJewel"}],"event_choices":[{"damage_healed":0,"gold_gain":175,"player_choice":"AGREE","damage_taken":0,"max_hp_gain":0,"max_hp_loss":0,"event_name":"Liars Game","floor":3,"gold_loss":0,"cards_obtained":["Doubt"]},{"damage_healed":0,"gold_gain":0,"player_choice":"Ignored","damage_taken":0,"max_hp_gain":0,"max_hp_loss":0,"event_name":"NoteForYourself","floor":10,"gold_loss":0}],"is_beta":false,"boss_relics":[{"not_picked":["hubris:HollowSoul","aspiration:PoetsPen_weak"],"picked":"Replay:Bronze Core"}],"items_purged_floors":[],"is_endless":false,"potions_floor_spawned":[1,2,11,12,18,20],"killed_by":"Slavers","ascension_level":0}}