{"host":"bbrtpn53yniy7wad","time":1609480963,"event":{"mods":["AchievementEnabler","BaseMod","Colored Map","Highlight Path","Minty Spire (QoL Compilation)","StSLib","SuperFastMode","everything is the same but u backflip on backflip"],"gold_per_floor":[110,121,121,132,150,179,179,179,179],"floor_reached":8,"playtime":140,"items_purged":[],"score":116,"play_id":"9e94d0e2-46c8-4b43-a112-7195af1af06c","local_time":"20210101150243","is_ascension_mode":true,"campfire_choices":[{"data":"Blade Dance","floor":7,"key":"SMITH"}],"circlet_count":0,"master_deck":["AscendersBane","Strike_G","Strike_G","Strike_G","Strike_G","Strike_G","Defend_G","Defend_G","Defend_G","Defend_G","Defend_G","Survivor","Neutralize","Dagger Throw","Blade Dance+1","Dagger Spray","Choke","Wraith Form v2"],"relics":["Ring of the Snake","NeowsBlessing","Bag of Preparation"],"acts_visited":["Exordium"],"potions_floor_usage":[5,6],"damage_taken":[{"damage":0,"enemies":"Jaw Worm","floor":1,"turns":1},{"damage":0,"enemies":"Cultist","floor":2,"turns":1},{"damage":0,"enemies":"2 Louse","floor":4,"turns":1},{"damage":0,"enemies":"Large Slime","floor":5,"turns":3},{"damage":29,"enemies":"3 Sentries","floor":6,"turns":9},{"damage":40,"enemies":"Lagavulin","floor":8,"turns":8}],"seed_played":"1592279006214146842","potions_obtained":[{"floor":1,"key":"AttackPotion"},{"floor":3,"key":"Dexterity Potion"},{"floor":5,"key":"Ancient Potion"}],"is_trial":false,"path_per_floor":["M","M","?","M","M","E","R","E"],"character_chosen":"THE_SILENT","items_purchased":[],"campfire_rested":0,"item_purchase_floors":[],"current_hp_per_floor":[59,59,59,59,59,30,30,0,0],"gold":179,"neow_bonus":"THREE_ENEMY_KILL","is_daily":false,"chose_seed":false,"campfire_upgraded":1,"win_rate":0.0,"timestamp":1609480963,"path_taken":["M","M","?","?","M","E","R","E"],"items_purchased_type":[],"build_version":"2020-12-22","purchased_purges":0,"victory":false,"max_hp_per_floor":[66,66,66,66,66,66,66,66,66],"card_choices":[{"not_picked":["Leg Sweep","Infinite Blades"],"picked":"Dagger Throw","floor":1},{"not_picked":["Backflip","Heel Hook"],"picked":"Blade Dance","floor":2},{"not_picked":["Deadly Poison","Quick Slash"],"picked":"Dagger Spray","floor":4},{"not_picked":["Slice","Dodge and Roll"],"picked":"Choke","floor":5},{"not_picked":["Dodge and Roll","Backflip"],"picked":"Wraith Form v2","floor":6}],"player_experience":1029026,"relics_obtained":[{"floor":6,"key":"Bag of Preparation"}],"event_choices":[{"damage_healed":0,"gold_gain":0,"player_choice":"Got Potions","damage_taken":0,"max_hp_gain":0,"max_hp_loss":0,"event_name":"Lab","floor":3,"gold_loss":0}],"is_beta":false,"boss_relics":[],"items_purged_floors":[],"is_endless":false,"potions_floor_spawned":[1,5],"killed_by":"Lagavulin","ascension_level":20}}