{"host":"jpzdg3po3tjxdjri","time":1609502316,"event":{"mods":["BaseMod","Better Third Choice","Colored Map","Colored Powertips","Minty Spire (QoL Compilation)","StSLib"],"gold_per_floor":[110,121,121,121,22,65,65,103,103,26,66,66,166,191,191,191,191],"floor_reached":16,"playtime":390,"items_purged":[],"score":191,"play_id":"ca1f8579-7826-44e5-9998-d68e7c6291ed","local_time":"20210101115836","is_ascension_mode":true,"campfire_choices":[{"floor":7,"key":"REST"},{"floor":12,"key":"REST"},{"floor":15,"key":"REST"}],"circlet_count":0,"master_deck":["AscendersBane","Strike_G","Strike_G","Strike_G","Strike_G","Strike_G","Defend_G","Defend_G","Defend_G","Defend_G","Defend_G","Survivor","Neutralize","Quick Slash","Underhanded Strike","Deadly Poison+1","Cloak And Dagger","Dagger Spray","Poisoned Stab","Dagger Spray","Poisoned Stab","Cloak And Dagger","Dagger Spray","PiercingWail"],"relics":["Ring of the Snake","Golden Idol","Pear","Centennial Puzzle","Anchor","WingedGreaves"],"acts_visited":["Exordium"],"potions_floor_usage":[11],"damage_taken":[{"damage":0,"enemies":"Jaw Worm","floor":1,"turns":5},{"damage":0,"enemies":"2 Louse","floor":2,"turns":2},{"damage":34,"enemies":"Gremlin Nob","floor":6,"turns":5},{"damage":23,"enemies":"3 Sentries","floor":8,"turns":9},{"damage":21,"enemies":"Lagavulin","floor":11,"turns":6},{"damage":0,"enemies":"Cultist","floor":14,"turns":2},{"damage":61,"enemies":"Slime Boss","floor":16,"turns":6}],"seed_played":"2046446021471318469","potions_obtained":[{"floor":6,"key":"SteroidPotion"},{"floor":8,"key":"BlessingOfTheForge"}],"is_trial":false,"path_per_floor":["M","M","?","?","$","E","R","E","T","$","E","R","?","M","R","B"],"character_chosen":"THE_SILENT","items_purchased":["Cloak And Dagger","Dagger Spray","Poisoned Stab","Cloak And Dagger"],"campfire_rested":3,"item_purchase_floors":[5,5,10,10],"current_hp_per_floor":[63,63,46,46,46,22,46,23,23,23,2,26,26,26,50,0,0],"gold":191,"neow_bonus":"THREE_CARDS","is_daily":false,"chose_seed":false,"campfire_upgraded":0,"win_rate":0.0,"timestamp":1609502316,"path_taken":["M","M","?","?","$","E","R","E","T","$","E","R","?","M","R","BOSS"],"items_purchased_type":["Card","Card","Card","Card"],"build_version":"2020-12-22","purchased_purges":0,"victory":false,"max_hp_per_floor":[70,70,70,70,70,80,80,80,80,80,80,80,80,80,80,80,80],"card_choices":[{"not_picked":["Blade Dance","PiercingWail"],"picked":"Quick Slash","floor":0},{"not_picked":["Choke","Slice"],"picked":"Underhanded Strike","floor":1},{"not_picked":["Quick Slash","Acrobatics"],"picked":"Deadly Poison","floor":2},{"not_picked":["Venomology","Deflect"],"picked":"Poisoned Stab","floor":6},{"not_picked":["Dodge and Roll","Quick Slash"],"picked":"Dagger Spray","floor":8},{"not_picked":["Slice","Acrobatics"],"picked":"Dagger Spray","floor":11},{"not_picked":["Flechettes","Catalyst"],"picked":"PiercingWail","floor":14}],"player_experience":815940,"relics_obtained":[{"floor":6,"key":"Pear"},{"floor":8,"key":"Centennial Puzzle"},{"floor":9,"key":"Anchor"},{"floor":11,"key":"WingedGreaves"}],"event_choices":[{"damage_healed":0,"gold_gain":0,"player_choice":"Take Damage","damage_taken":17,"relics_obtained":["Golden Idol"],"max_hp_gain":0,"max_hp_loss":0,"event_name":"Golden Idol","floor":3,"gold_loss":0},{"damage_healed":0,"gold_gain":0,"player_choice":"Grow","damage_taken":0,"max_hp_gain":0,"max_hp_loss":0,"event_name":"Living Wall","floor":4,"gold_loss":0,"cards_upgraded":["Deadly Poison"]},{"damage_healed":0,"gold_gain":100,"player_choice":"Pray","damage_taken":0,"max_hp_gain":0,"max_hp_loss":0,"event_name":"Golden Shrine","floor":13,"gold_loss":0}],"is_beta":false,"boss_relics":[],"items_purged_floors":[],"is_endless":false,"potions_floor_spawned":[6,8],"killed_by":"Slime Boss","ascension_level":13}}