{"host":"0gl1h2c0bid0oqhv","time":1609504131,"event":{"mods":["BaseMod","Colored Map","Downfall","Googly Eyes","Hermit","Highlight Path","Minty Spire (QoL Compilation)","Quick Restart","Rare Cards Sparkle","Replay The Spire","Shade Mod","StSLib","The Bug Knight","The Hierophant","The Servant 0.9.4","Thieving Mod"],"gold_per_floor":[116,116,116,116,130,130,156,156],"floor_reached":7,"playtime":184,"items_purged":[],"score":74,"play_id":"f7f27a3f-0421-4426-ba1b-625f0b1003f7","local_time":"20210101122851","is_ascension_mode":false,"campfire_choices":[{"data":"hierophant:Doubloon","floor":6,"key":"SMITH"}],"circlet_count":0,"master_deck":["hierophant:Strike_Hierophant","hierophant:Strike_Hierophant","hierophant:Strike_Hierophant","hierophant:Strike_Hierophant","hierophant:Punish","hierophant:Defend_Hierophant","hierophant:Defend_Hierophant","hierophant:Defend_Hierophant","hierophant:Defend_Hierophant","hierophant:ChurchCoffers","hierophant:MorningPrayer","hierophant:Flagellation","Purity","hierophant:Doubloon+1","hierophant:Remorse","hierophant:Embezzle"],"relics":["hierophant:PropheticMaskRelic","NeowsBlessing","Juzu Bracelet"],"acts_visited":["Exordium"],"potions_floor_usage":[],"damage_taken":[{"damage":0,"enemies":"Jaw Worm","floor":1,"turns":1},{"damage":0,"enemies":"Small Slimes","floor":5,"turns":1},{"damage":0,"enemies":"Lagavulin","floor":7,"turns":1}],"seed_played":"-6686920317174099106","potions_obtained":[{"floor":7,"key":"Ancient Potion"}],"is_trial":false,"path_per_floor":["M","?","?","?","M","R","E"],"character_chosen":"HIEROPHANT","items_purchased":[],"campfire_rested":0,"item_purchase_floors":[],"current_hp_per_floor":[75,75,75,75,75,75,75,75],"gold":156,"neow_bonus":"THREE_ENEMY_KILL","is_daily":false,"chose_seed":false,"campfire_upgraded":1,"win_rate":0.0,"timestamp":1609504131,"path_taken":["M","?","?","?","?","R","E"],"items_purchased_type":[],"build_version":"2020-12-22","purchased_purges":0,"victory":false,"max_hp_per_floor":[75,75,75,75,75,75,75,75],"card_choices":[{"not_picked":["hierophant:DisplayOfPower","hierophant:Charity"],"picked":"hierophant:MorningPrayer","floor":1},{"not_picked":["hierophant:FlamingChariot","hierophant:TollTheBells"],"picked":"hierophant:Remorse","floor":5},{"not_picked":["hierophant:OrnateBuckler","hierophant:AuricBeam"],"picked":"hierophant:Embezzle","floor":7}],"player_experience":9156,"relics_obtained":[{"floor":7,"key":"Juzu Bracelet"}],"event_choices":[{"damage_healed":0,"gold_gain":0,"player_choice":"Ignored","damage_taken":0,"max_hp_gain":0,"max_hp_loss":0,"event_name":"Golden Wing","floor":2,"gold_loss":0},{"damage_healed":0,"gold_gain":0,"player_choice":"2 cards matched","damage_taken":0,"max_hp_gain":0,"max_hp_loss":0,"event_name":"Match and Keep!","floor":4,"gold_loss":0,"cards_obtained":["hierophant:Flagellation","Purity"]}],"is_beta":false,"boss_relics":[],"items_purged_floors":[],"is_endless":false,"potions_floor_spawned":[7],"killed_by":"Lagavulin","ascension_level":0}}