{"host":"nlbr7nnijupf3yfg","time":1609540290,"event":{"mods":["AchievementEnabler","BaseMod","Colored Powertips","DeckTracker","Downfall","Hubris","Minty Spire (QoL Compilation)","Replay The Spire","StSLib","SuperFastMode"],"gold_per_floor":[119,194,45,45,55,55,80,94,143,153,153,153,153,184,184,285,285,304,324,324,324,343,378,378,390,416,416,195,230,243,243,243,340,340,359,375,387,398,408,438,438,454,478,120,170,185,38,68,68,68,68,68,18,49,49,49],"floor_reached":55,"playtime":1030,"items_purged":["Shame","hubris:Despair"],"score":1026,"play_id":"39ab3432-7b0b-4e96-b933-61e9ff979cb0","local_time":"20210101173130","is_ascension_mode":true,"campfire_choices":[{"data":"Perfected Strike","floor":6,"key":"SMITH"},{"floor":11,"key":"RECALL"},{"floor":15,"key":"REST"},{"floor":24,"key":"REST"},{"data":"Perfected Strike","floor":27,"key":"SMITH"},{"data":"Perfected Strike","floor":32,"key":"SMITH"},{"floor":41,"key":"REST"},{"data":"Perfected Strike","floor":49,"key":"SMITH"},{"data":"Bash","floor":52,"key":"SMITH"}],"circlet_count":0,"master_deck":["Strike_R","Strike_R","Strike_R","Strike_R+1","Strike_R+1","Defend_R","Defend_R+1","Defend_R","Bash+1","Perfected Strike+1","Headbutt","Uppercut","Feed+1","Perfected Strike+1","ReplayTheSpireMod:LeadingStrike","Perfected Strike+1","Perfected Strike+1","Pommel Strike+1","Perfected Strike+1","Flex+1","Pommel Strike","Inflame+1","hubris:ReadiedAction+1","Parasite","Inflame+1"],"relics":["Black Blood","NeowsBlessing","Replay:Baseball","Gremlin Food","Replay:Mystery Machine","Blue Doll","hubris:Icosahedron","Gremlin Horn","Painkiller Herb","Nilry\u0027s Codex","Paper Frog","hubris:DeckOfHolding","hubris:ToyBattleship","Ancient Tea Set","Darkstone Periapt","Oddly Smooth Stone","Simple Rune","ReplayTheSpireMod:CursedCoin","ReplayTheSpireMod:TigerMarble","hubris:CrystalStatue","Torii","King of Hearts","FossilizedHelix","ReplayTheSpireMod:Spearhead"],"acts_visited":["Exordium","TheCity","TheBeyond","TheEnding"],"potions_floor_usage":[14,23,36,38,50,55],"damage_taken":[{"damage":0,"enemies":"Small Slimes","floor":1,"turns":1},{"damage":0,"enemies":"2 Louse","floor":5,"turns":1},{"damage":0,"enemies":"Lagavulin","floor":7,"turns":1},{"damage":0,"enemies":"Jaw Worm","floor":8,"turns":1},{"damage":4,"enemies":"2 Fungi Beasts","floor":10,"turns":2},{"damage":20,"enemies":"3 Sentries","floor":14,"turns":4},{"damage":34,"enemies":"The Guardian","floor":16,"turns":7},{"damage":2,"enemies":"Chosen","floor":18,"turns":3},{"damage":0,"enemies":"Spheric Guardian","floor":19,"turns":2},{"damage":3,"enemies":"3 Cultists","floor":22,"turns":3},{"damage":11,"enemies":"Replay:Snechameleon","floor":23,"turns":2},{"damage":0,"enemies":"Snecko","floor":25,"turns":3},{"damage":0,"enemies":"Gremlin Leader","floor":29,"turns":3},{"damage":0,"enemies":"Snake Plant","floor":30,"turns":2},{"damage":23,"enemies":"hubris:MusketHawk","floor":33,"turns":3},{"damage":11,"enemies":"3 Darklings","floor":35,"turns":2},{"damage":29,"enemies":"3 Shapes","floor":36,"turns":2},{"damage":0,"enemies":"Transient","floor":37,"turns":5},{"damage":23,"enemies":"Maw","floor":38,"turns":3},{"damage":0,"enemies":"Jaw Worm Horde","floor":39,"turns":2},{"damage":22,"enemies":"R_Hoarder","floor":40,"turns":4},{"damage":0,"enemies":"3 Darklings","floor":42,"turns":1},{"damage":6,"enemies":"Mind Bloom Boss Battle","floor":45,"turns":2},{"damage":0,"enemies":"Writhing Mass","floor":46,"turns":3},{"damage":0,"enemies":"Reptomancer","floor":48,"turns":3},{"damage":63,"enemies":"Time Eater","floor":50,"turns":5},{"damage":0,"enemies":"Shield and Spear","floor":54,"turns":2},{"damage":109,"enemies":"The Heart","floor":55,"turns":6}],"seed_played":"-3812219688971200132","potions_obtained":[{"floor":1,"key":"ColorlessPotion"},{"floor":5,"key":"FearPotion"},{"floor":16,"key":"BloodPotion"},{"floor":23,"key":"Strength Potion"},{"floor":36,"key":"Languid Potion"},{"floor":40,"key":"SmokeBomb"},{"floor":46,"key":"DuplicationPotion"}],"is_trial":false,"path_per_floor":["M","?","$","?","M","R","E","M","T","M","R","?","?","E","R","B",null,"?","?","?","?","?","E","T","?","T","T","T","E","?","T","T","B",null,"?","?","?","?","?","E","T","?","T","T","?","?","T","E","T","B",null,"T","T","E","B"],"character_chosen":"IRONCLAD","items_purchased":["Replay:Baseball","Ancient Tea Set","ReplayTheSpireMod:CursedCoin","ReplayTheSpireMod:TigerMarble","hubris:CrystalStatue","King of Hearts","Explosive Potion"],"campfire_rested":3,"item_purchase_floors":[3,28,44,44,44,47,53],"current_hp_per_floor":[80,69,69,69,75,75,80,80,80,80,80,62,62,48,72,44,80,80,80,64,64,70,65,83,83,83,83,83,83,83,83,83,66,83,86,86,86,75,89,79,89,93,93,99,99,105,105,105,105,54,105,105,105,105,0,0],"gold":49,"neow_bonus":"THREE_ENEMY_KILL","is_daily":false,"chose_seed":false,"campfire_upgraded":5,"win_rate":0.0,"timestamp":1609540290,"path_taken":["M","?","$","?","M","R","E","M","T","M","R","?","?","E","R","BOSS","?","?","?","?","?","E","T","?","T","T","T","E","?","?","T","BOSS","?","?","?","?","?","E","T","?","T","T","?","?","T","E","T","BOSS","T","T","E","BOSS"],"items_purchased_type":["Relic","Relic","Relic","Relic","Relic","Relic","Potion"],"build_version":"2020-12-22","purchased_purges":2,"victory":false,"max_hp_per_floor":[80,80,80,80,80,80,80,80,80,80,80,80,80,80,80,80,80,80,80,80,80,83,83,83,83,83,83,83,83,83,83,83,83,83,86,86,86,86,89,89,89,93,93,99,99,105,105,105,105,105,105,105,105,105,105,105],"card_choices":[{"not_picked":["Dark Embrace","Heavy Blade"],"picked":"Perfected Strike","floor":1},{"not_picked":["Sword Boomerang","Ghostly Armor","Warcry"],"picked":"SKIP","floor":5},{"not_picked":["Inflame","Body Slam"],"picked":"Uppercut","floor":7},{"not_picked":["Anger","Shrug It Off","Ghostly Armor"],"picked":"SKIP","floor":8},{"not_picked":["hubris:ReadiedAction","Dark Embrace","ReplayTheSpireMod:Limb From Limb"],"picked":"SKIP","floor":10},{"not_picked":["Headbutt","Heavy Blade","True Grit"],"picked":"SKIP","floor":14},{"not_picked":["Reaper","Immolate"],"picked":"Feed","floor":16},{"not_picked":["hubris:ReadiedAction","ReplayTheSpireMod:Corrosion Curse"],"picked":"Perfected Strike","floor":18},{"not_picked":["Run Through","Evolve+1"],"picked":"ReplayTheSpireMod:LeadingStrike","floor":19},{"not_picked":["Twin Strike","Cleave"],"picked":"Perfected Strike","floor":22},{"not_picked":["Entrench+1","Blood for Blood"],"picked":"Perfected Strike","floor":23},{"not_picked":["ReplayTheSpireMod:LeadingStrike","Second Wind+1"],"picked":"Pommel Strike+1","floor":25},{"not_picked":["True Grit","Hemogenesis","Second Wind+1"],"picked":"SKIP","floor":29},{"not_picked":["Blood for Blood+1","Wild Strike"],"picked":"Perfected Strike","floor":30},{"not_picked":["ReplayTheSpireMod:Corrosion Curse+1","Iron Wave","hubris:CleavingFinish+1"],"picked":"SKIP","floor":35},{"not_picked":["ReplayTheSpireMod:Strike From Hell+1","Armaments"],"picked":"Flex+1","floor":36},{"not_picked":["Clash","Cleave+1","ReplayTheSpireMod:Limb From Limb"],"picked":"SKIP","floor":37},{"not_picked":["Impervious","Fire Breathing"],"picked":"Pommel Strike","floor":38},{"not_picked":["Clothesline","Body Slam+1"],"picked":"Inflame+1","floor":39},{"not_picked":["Anger+1","ReplayTheSpireMod:Strike From Hell","Armaments"],"picked":"SKIP","floor":40},{"not_picked":["Clothesline","Twin Strike"],"picked":"hubris:ReadiedAction+1","floor":42},{"not_picked":["Replay:Undeath\u0027s Touch","Clothesline","Fire Breathing"],"picked":"SKIP","floor":46},{"not_picked":["Metallicize+1","Havoc"],"picked":"Inflame+1","floor":48},{"not_picked":["Life Link","Rupture","Feed"],"picked":"SKIP","floor":54}],"player_experience":23575,"relics_obtained":[{"floor":7,"key":"Gremlin Food"},{"floor":9,"key":"Replay:Mystery Machine"},{"floor":14,"key":"Gremlin Horn"},{"floor":20,"key":"Nilry\u0027s Codex"},{"floor":23,"key":"hubris:DeckOfHolding"},{"floor":26,"key":"hubris:ToyBattleship"},{"floor":29,"key":"Darkstone Periapt"},{"floor":31,"key":"Oddly Smooth Stone"},{"floor":40,"key":"Simple Rune"},{"floor":45,"key":"Torii"},{"floor":48,"key":"FossilizedHelix"},{"floor":54,"key":"ReplayTheSpireMod:Spearhead"}],"event_choices":[{"damage_healed":0,"gold_gain":75,"player_choice":"Gather Gold","damage_taken":11,"max_hp_gain":0,"max_hp_loss":0,"event_name":"World of Goop","floor":2,"gold_loss":0},{"damage_healed":0,"gold_gain":0,"cards_transformed":["Defend_R"],"player_choice":"Change","damage_taken":0,"max_hp_gain":0,"max_hp_loss":0,"event_name":"Living Wall","floor":4,"gold_loss":0,"cards_obtained":["Headbutt"]},{"damage_healed":0,"gold_gain":0,"player_choice":"Success","damage_taken":18,"relics_obtained":["Blue Doll"],"max_hp_gain":0,"max_hp_loss":0,"event_name":"Scrap Ooze","floor":12,"gold_loss":0},{"damage_healed":0,"gold_gain":0,"player_choice":"Obtained Book","damage_taken":16,"max_hp_gain":0,"max_hp_loss":0,"event_name":"Cursed Tome","floor":20,"gold_loss":0},{"damage_healed":0,"gold_gain":0,"player_choice":"Stole Relic","damage_taken":0,"relics_obtained":["Paper Frog"],"max_hp_gain":0,"max_hp_loss":0,"event_name":"Addict","floor":21,"gold_loss":0,"cards_obtained":["Shame"]},{"damage_healed":0,"gold_gain":0,"player_choice":"Fight","damage_taken":0,"max_hp_gain":0,"max_hp_loss":0,"event_name":"MindBloom","floor":45,"gold_loss":0}],"is_beta":false,"boss_relics":[{"not_picked":["Runic Pyramid","Tiny House"],"picked":"Painkiller Herb"},{"not_picked":["Fusion Hammer","hubris:BlackHole"],"picked":"Black Blood"}],"items_purged_floors":[28,44],"is_endless":false,"potions_floor_spawned":[1,5,16,18,23,33,36,37,40,42,46,54],"killed_by":"The Heart","ascension_level":3}}