{"host":"k85tjwrh7mjrrc9a","time":1609531166,"event":{"mods":["AchievementEnabler","BaseMod","Colored Powertips","Highlight Path","Minty Spire (QoL Compilation)","Rare Cards Sparkle","StSLib"],"gold_per_floor":[215,229,229,247,247,290,290,290,290,255,255,327,174,213,213,344,344,364,384,384,405,424,424,424,465,465,465,309,340,140,153,153,276,276,289,304,304,27,42,42,42,80,80,104,117,117,138,157,157,157],"floor_reached":51,"playtime":3158,"items_purged":["Strike_R+1"],"score":830,"play_id":"b5973fe4-5219-4bb8-b9bf-14250b7e7f43","local_time":"20210101145926","is_ascension_mode":true,"campfire_choices":[{"data":"Bash","floor":7,"key":"SMITH"},{"data":"Inflame","floor":11,"key":"SMITH"},{"floor":15,"key":"REST"},{"data":"Double Tap","floor":23,"key":"SMITH"},{"data":"1","floor":27,"key":"LIFT"},{"data":"Limit Break","floor":32,"key":"SMITH"},{"data":"Heavy Blade","floor":40,"key":"SMITH"},{"floor":49,"key":"REST"}],"circlet_count":0,"master_deck":["Strike_R+1","Strike_R+1","Strike_R+1","Strike_R+1","Defend_R+1","Defend_R+1","Defend_R+1","Defend_R+1","Bash+1","Inflame+1","Cleave","Heavy Blade","Injury","Heavy Blade+1","Shockwave","Double Tap+1","Limit Break+1","Pommel Strike","Pommel Strike+1","Demon Form+1","Discovery","Rage+1"],"relics":["Burning Blood","Ornamental Fan","Golden Idol","Paper Frog","Toy Ornithopter","Happy Flower","MealTicket","SacredBark","Bag of Preparation","Girya","Lee\u0027s Waffle","Letter Opener","Bag of Marbles","Busted Crown","Nunchaku","Lantern","InkBottle"],"acts_visited":["Exordium","TheCity","TheBeyond"],"potions_floor_usage":[19,22,25,29,33,35,42,42,45,50,50],"damage_taken":[{"damage":9,"enemies":"Jaw Worm","floor":1,"turns":3},{"damage":6,"enemies":"Cultist","floor":2,"turns":4},{"damage":18,"enemies":"Small Slimes","floor":4,"turns":4},{"damage":28,"enemies":"Gremlin Nob","floor":6,"turns":4},{"damage":26,"enemies":"3 Sentries","floor":14,"turns":5},{"damage":44,"enemies":"Hexaghost","floor":16,"turns":7},{"damage":39,"enemies":"2 Thieves","floor":18,"turns":4},{"damage":34,"enemies":"Spheric Guardian","floor":19,"turns":7},{"damage":38,"enemies":"Snake Plant","floor":21,"turns":3},{"damage":43,"enemies":"Centurion and Healer","floor":22,"turns":5},{"damage":8,"enemies":"Gremlin Leader","floor":25,"turns":3},{"damage":13,"enemies":"Slavers","floor":29,"turns":5},{"damage":15,"enemies":"3 Cultists","floor":31,"turns":4},{"damage":64,"enemies":"Automaton","floor":33,"turns":8},{"damage":27,"enemies":"3 Darklings","floor":35,"turns":3},{"damage":9,"enemies":"Orb Walker","floor":36,"turns":3},{"damage":28,"enemies":"Maw","floor":39,"turns":6},{"damage":21,"enemies":"Nemesis","floor":42,"turns":7},{"damage":47,"enemies":"Writhing Mass","floor":44,"turns":4},{"damage":0,"enemies":"Jaw Worm Horde","floor":45,"turns":2},{"damage":24,"enemies":"Transient","floor":47,"turns":5},{"damage":42,"enemies":"4 Shapes","floor":48,"turns":5},{"damage":24,"enemies":"Donu and Deca","floor":50,"turns":5}],"seed_played":"3323192681845558468","potions_obtained":[{"floor":1,"key":"Regen Potion"},{"floor":2,"key":"SpeedPotion"},{"floor":14,"key":"Energy Potion"},{"floor":16,"key":"EssenceOfSteel"},{"floor":18,"key":"SpeedPotion"},{"floor":21,"key":"Dexterity Potion"},{"floor":22,"key":"AttackPotion"},{"floor":25,"key":"Weak Potion"},{"floor":31,"key":"Explosive Potion"},{"floor":36,"key":"HeartOfIron"},{"floor":45,"key":"SkillPotion"},{"floor":48,"key":"Explosive Potion"}],"is_trial":false,"path_per_floor":["M","M","?","M","?","E","R","$","T","?","R","?","$","E","R","B",null,"M","M","?","M","M","R","?","E","T","R","$","E","$","M","R","B",null,"M","M","?","$","M","R","?","E","T","M","M","?","M","M","R","B",null],"character_chosen":"IRONCLAD","items_purchased":["Happy Flower","Lee\u0027s Waffle","Bag of Marbles","Pommel Strike","Nunchaku","Explosive Potion"],"campfire_rested":2,"item_purchase_floors":[13,28,30,30,38,38],"current_hp_per_floor":[77,77,77,65,65,43,43,43,43,63,63,63,63,43,67,29,80,47,24,80,48,50,50,50,53,53,53,87,80,87,78,78,25,87,66,63,63,78,56,56,56,51,51,10,21,87,69,33,59,51],"gold":157,"neow_bonus":"HUNDRED_GOLD","is_daily":false,"chose_seed":false,"campfire_upgraded":5,"win_rate":0.0,"timestamp":1609531166,"path_taken":["M","M","?","?","?","E","R","$","T","?","R","?","?","E","R","BOSS","M","M","?","M","?","R","?","E","T","R","$","E","$","M","R","BOSS","M","M","?","$","?","R","?","E","T","M","M","?","?","M","R","BOSS"],"items_purchased_type":["Relic","Relic","Relic","Card","Relic","Potion"],"build_version":"2020-12-22","purchased_purges":1,"victory":true,"max_hp_per_floor":[80,80,80,80,80,80,80,80,80,80,80,80,80,80,80,80,80,80,80,80,80,80,80,80,80,80,80,87,87,87,87,87,87,87,87,87,87,87,87,87,87,87,87,87,87,87,87,87,87,87],"card_choices":[{"not_picked":["Clothesline","Second Wind"],"picked":"Inflame","floor":1},{"not_picked":["Carnage","Flex"],"picked":"Cleave","floor":2},{"not_picked":["Clash","Immolate"],"picked":"Heavy Blade","floor":4},{"not_picked":["Exhume","Blood for Blood"],"picked":"Heavy Blade","floor":6},{"not_picked":["Flex","Seeing Red"],"picked":"Shockwave","floor":14},{"not_picked":["Berserk","Juggernaut"],"picked":"Double Tap","floor":16},{"not_picked":["Burning Pact","Armaments","Intimidate"],"picked":"SKIP","floor":18},{"not_picked":["Headbutt","Armaments","Anger"],"picked":"SKIP","floor":19},{"not_picked":["Uppercut+1","Wild Strike","Brutality"],"picked":"SKIP","floor":21},{"not_picked":["Clothesline","Reckless Charge"],"picked":"Feel No Pain+1","floor":22},{"not_picked":["Sword Boomerang","Carnage+1","Power Through"],"picked":"SKIP","floor":25},{"not_picked":["Sever Soul+1","Heavy Blade"],"picked":"Limit Break","floor":29},{"not_picked":["Clothesline+1","Rupture"],"picked":"Pommel Strike+1","floor":31},{"not_picked":["Double Tap","Offering"],"picked":"Demon Form","floor":33},{"not_picked":["Pommel Strike+1"],"picked":"SKIP","floor":35},{"not_picked":["Entrench+1"],"picked":"SKIP","floor":36},{"not_picked":["Cleave+1"],"picked":"SKIP","floor":39},{"not_picked":[],"picked":"Discovery","floor":41},{"not_picked":["Burning Pact"],"picked":"SKIP","floor":42},{"not_picked":["Sentinel+1"],"picked":"SKIP","floor":44},{"not_picked":[],"picked":"Rage+1","floor":45},{"not_picked":["Iron Wave+1"],"picked":"SKIP","floor":47},{"not_picked":["Havoc+1"],"picked":"SKIP","floor":48}],"player_experience":112221,"relics_obtained":[{"floor":6,"key":"Paper Frog"},{"floor":9,"key":"Toy Ornithopter"},{"floor":14,"key":"MealTicket"},{"floor":25,"key":"Bag of Preparation"},{"floor":26,"key":"Girya"},{"floor":29,"key":"Letter Opener"},{"floor":42,"key":"Lantern"},{"floor":43,"key":"InkBottle"}],"event_choices":[{"damage_healed":0,"gold_gain":0,"player_choice":"Gave Potion","damage_taken":0,"relics_obtained":["Ornamental Fan"],"max_hp_gain":0,"max_hp_loss":0,"event_name":"WeMeetAgain","floor":3,"gold_loss":0},{"damage_healed":0,"gold_gain":0,"player_choice":"Take Wound","damage_taken":0,"relics_obtained":["Golden Idol"],"max_hp_gain":0,"max_hp_loss":0,"event_name":"Golden Idol","floor":5,"gold_loss":0,"cards_obtained":["Injury"]},{"damage_healed":20,"gold_gain":0,"player_choice":"Healed","damage_taken":0,"max_hp_gain":0,"max_hp_loss":0,"event_name":"The Cleric","floor":10,"gold_loss":35},{"damage_healed":0,"gold_gain":72,"player_choice":"Gained Gold","damage_taken":0,"max_hp_gain":0,"max_hp_loss":0,"event_name":"Golden Wing","floor":12,"gold_loss":0},{"damage_healed":56,"gold_gain":0,"player_choice":"Full Heal","damage_taken":0,"max_hp_gain":0,"max_hp_loss":0,"event_name":"Wheel of Change","floor":20,"gold_loss":0},{"damage_healed":0,"gold_gain":0,"player_choice":"Simplicity","damage_taken":0,"max_hp_gain":0,"max_hp_loss":0,"event_name":"Back to Basics","floor":24,"gold_loss":0,"cards_upgraded":["Strike_R","Strike_R","Strike_R","Strike_R","Strike_R","Defend_R","Defend_R","Defend_R","Defend_R"]},{"damage_healed":0,"gold_gain":0,"player_choice":"Forge","damage_taken":0,"max_hp_gain":0,"max_hp_loss":0,"event_name":"Accursed Blacksmith","floor":37,"gold_loss":0,"cards_upgraded":["Demon Form"]},{"damage_healed":0,"gold_gain":0,"player_choice":"Memory 1","damage_taken":0,"max_hp_gain":0,"max_hp_loss":0,"event_name":"SensoryStone","floor":41,"gold_loss":0},{"cards_removed":["Feel No Pain"],"damage_healed":66,"gold_gain":0,"player_choice":"Offered Uncommon","damage_taken":0,"max_hp_gain":0,"max_hp_loss":0,"event_name":"Bonfire Elementals","floor":46,"gold_loss":0}],"is_beta":false,"boss_relics":[{"not_picked":["Pandora\u0027s Box","Snecko Eye"],"picked":"SacredBark"},{"not_picked":["Astrolabe","Mark of Pain"],"picked":"Busted Crown"}],"items_purged_floors":[38],"is_endless":false,"potions_floor_spawned":[1,2,14,16,18,21,22,25,31,36,39,45,48],"ascension_level":3}}