{"host":"yludllxm6rzdxpbb","time":1609540189,"event":{"mods":["AchievementEnabler","BaseMod","Better Third Choice","BetterRewards","Colored Map","Colored Powertips","Hermit","Hubris","Infinite Spire","Minty Spire (QoL Compilation)","Quick Restart","Replay The Spire","StSLib","The Hierophant","The Necromancer"],"gold_per_floor":[118,118,118,136,59,59,94,107,176,191,191,191,191,202,202,299,349,365,365,380,380,380,380,406,417,417,448,448,498,79,96,96,196,196,228,262,292,53,53,86,8,8,8,28,28,28,28,41,41,41,41,41,41,76,76],"floor_reached":56,"playtime":2825,"items_purged":[],"score":1463,"play_id":"3d9f7bf8-4152-409e-97ca-a44a418df5f8","local_time":"20210102012949","is_ascension_mode":false,"campfire_choices":[{"floor":6,"key":"RECALL"},{"floor":11,"key":"REST"},{"data":"infinitespire:FinalStrike","floor":13,"key":"SMITH"},{"floor":15,"key":"REST"},{"data":"hubris:Fate","floor":23,"key":"SMITH"},{"data":"Limit Break","floor":28,"key":"SMITH"},{"data":"Rupture","floor":32,"key":"SMITH"},{"data":"Combust","floor":42,"key":"SMITH"},{"data":"hubris:Fate","floor":46,"key":"SMITH"},{"data":"Barricade","floor":49,"key":"SMITH"},{"data":"Shrug It Off","floor":52,"key":"SMITH"}],"circlet_count":0,"master_deck":["infinitespire:FinalStrike+1","Strike_R","Strike_R","Strike_R","Strike_R","Strike_R","Defend_R","Defend_R","Defend_R","Bash","Combust+1","Seeing Red+1","ReplayTheSpireMod:Private Reserves","Berserk+1","Massacre","Metallicize+1","Power Through","hubris:Fate+1","Shrug It Off+1","Exhume","Flex","Heavy Blade","Run Through","Heavy Blade","Metallicize+1","Limit Break+1","Rupture+1","Bandage Up","Barricade+1","Spot Weakness","Offering","Metallicize+1","Whirlwind","Perfected Strike","hubris:Fate+1","CommonCold","Havoc+1","Rupture+1"],"relics":["Burning Blood","Art of War","Strawberry","hubris:FunFungus","Replay:Bottled Eggs","infinitespire:WardingShard","Tiny House","Orichalcum","hubris:SphereOfDissonance","infinitespire:BottledMercury","infinitespire:EvilPickle","hubris:GrandSneckoEye","Toolbox","Replay:Rubber Ducky","Gremlin Food","ReplayTheSpireMod:Ring of Addiction","Toy Ornithopter","Potion Belt","hubris:CuriousFeather"],"acts_visited":["Exordium","TheCity","TheBeyond","TheEnding"],"potions_floor_usage":[16,27,27,27,33,55,55,55,55,55],"damage_taken":[{"damage":2,"enemies":"Jaw Worm","floor":1,"turns":2},{"damage":18,"enemies":"Small Slimes","floor":4,"turns":3},{"damage":15,"enemies":"3 Sentries","floor":7,"turns":4},{"damage":1,"enemies":"2 Louse","floor":8,"turns":3},{"damage":4,"enemies":"Large Slime","floor":10,"turns":5},{"damage":0,"enemies":"Looter","floor":14,"turns":1},{"damage":54,"enemies":"Hexaghost","floor":16,"turns":9},{"damage":17,"enemies":"3 Byrds","floor":18,"turns":5},{"damage":0,"enemies":"Spheric Guardian","floor":20,"turns":3},{"damage":25,"enemies":"Slavers","floor":24,"turns":5},{"damage":7,"enemies":"Chosen and Byrds","floor":25,"turns":6},{"damage":23,"enemies":"Book of Stabbing","floor":27,"turns":8},{"damage":35,"enemies":"Snake Plant","floor":31,"turns":6},{"damage":38,"enemies":"Pondfish","floor":33,"turns":10},{"damage":0,"enemies":"Orb Walker","floor":35,"turns":3},{"damage":5,"enemies":"3 Shapes","floor":36,"turns":5},{"damage":24,"enemies":"Maw","floor":37,"turns":7},{"damage":14,"enemies":"Reptomancer","floor":40,"turns":6},{"damage":25,"enemies":"Spire Growth","floor":44,"turns":5},{"damage":6,"enemies":"Writhing Mass","floor":48,"turns":6},{"damage":40,"enemies":"Time Eater","floor":50,"turns":8},{"damage":38,"enemies":"Shield and Spear","floor":54,"turns":9},{"damage":94,"enemies":"The Heart","floor":55,"turns":7}],"seed_played":"-2631039844871415582","potions_obtained":[{"floor":1,"key":"LiquidBronze"},{"floor":8,"key":"EssenceOfSteel"},{"floor":10,"key":"SkillPotion"},{"floor":17,"key":"Adrenaline Potion"},{"floor":27,"key":"Swift Potion"},{"floor":44,"key":"SteroidPotion"},{"floor":47,"key":"HeartOfIron"},{"floor":47,"key":"Regen Potion"},{"floor":47,"key":"CultistPotion"},{"floor":48,"key":"HeartOfIron"}],"is_trial":false,"path_per_floor":["M","?","?","M","$","R","E","M","T","M","R","?","R","M","R_BF","B",null,"M","?","M","$","?","R","E","M","T","E","R","?","$","M","R","B",null,"M","M","M","$","?","E","$","R","T","M","AVR","R","?","M","R","B",null,"R","$","E","B",null],"character_chosen":"IRONCLAD","items_purchased":["Art of War","Strawberry","Combust","Seeing Red","ReplayTheSpireMod:Private Reserves","Metallicize","infinitespire:BottledMercury","Rupture","Bandage Up","Toolbox","Metallicize","LiquidBronze"],"campfire_rested":2,"item_purchase_floors":[0,0,0,0,0,5,30,30,30,38,38,41],"current_hp_per_floor":[53,53,58,46,46,46,37,43,43,47,73,52,52,58,84,43,92,81,81,88,88,88,88,69,71,71,55,55,55,55,60,60,33,92,92,92,80,80,80,92,92,92,92,77,77,77,77,87,87,59,90,90,90,67,25],"gold":76,"neow_bonus":"","is_daily":false,"chose_seed":false,"campfire_upgraded":8,"win_rate":0.0,"timestamp":1609540189,"path_taken":["M","?","?","M","$","R","E","M","T","M","R","?","R","M","R_BF","BOSS","M","?","M","$","?","R","E","M","T","E","R","?","$","M","R","BOSS","M","M","?","$","?","E","$","R","T","M","AVR","R","?","M","R","BOSS","R","$","E","BOSS"],"items_purchased_type":["Relic","Relic","Card","Card","Card","Card","Relic","Card","Card","Relic","Card","Potion"],"build_version":"2020-12-22","purchased_purges":0,"victory":true,"max_hp_per_floor":[82,82,87,87,87,87,87,87,87,87,87,87,87,87,87,87,92,92,92,92,92,92,92,92,92,92,92,92,92,92,92,92,92,92,92,92,92,92,92,92,92,92,92,92,92,92,92,92,92,92,90,90,90,88,88],"card_choices":[{"not_picked":["Warcry","Clash","ReplayTheSpireMod:Strike From Hell"],"picked":"SKIP","floor":1},{"not_picked":["Impervious","Armaments"],"picked":"Massacre","floor":4},{"not_picked":["Infernal Blade","Demonic Infusion"],"picked":"Power Through","floor":7},{"not_picked":["True Grit","Replay:Undeath\u0027s Touch","Headbutt"],"picked":"SKIP","floor":8},{"not_picked":["Wild Strike","Sentinel","Havoc"],"picked":"SKIP","floor":10},{"not_picked":["Replay:Fractal Strike","infinitespire:FinalStrike"],"picked":"hubris:Fate","floor":12},{"not_picked":["Flex","Sever Soul"],"picked":"Shrug It Off","floor":14},{"not_picked":["Brutality","Bludgeon"],"picked":"Exhume","floor":16},{"not_picked":["ReplayTheSpireMod:Strike From Hell","Warcry"],"picked":"Flex","floor":17},{"not_picked":["Clothesline+1","True Grit"],"picked":"Heavy Blade","floor":18},{"not_picked":["Searing Blow+1","Headbutt"],"picked":"Heavy Blade","floor":20},{"not_picked":["hubris:ReadiedAction","Cleave"],"picked":"Metallicize","floor":24},{"not_picked":["Flex","ReplayTheSpireMod:Strike From Hell"],"picked":"Limit Break","floor":25},{"not_picked":["Sword Boomerang","Heavy Blade+1","Blood for Blood+1"],"picked":"SKIP","floor":27},{"not_picked":["Fire Breathing","Run Through","Armaments"],"picked":"SKIP","floor":31},{"not_picked":["Feed","Brutality"],"picked":"Barricade","floor":33},{"not_picked":["Warcry","Thunderclap+1"],"picked":"Spot Weakness","floor":35},{"not_picked":["Spot Weakness+1","Dark Embrace+1"],"picked":"Offering","floor":36},{"not_picked":["Carnage","Pummel","hubris:ReadiedAction"],"picked":"SKIP","floor":37},{"not_picked":["Thunderclap+1","Carnage"],"picked":"Whirlwind","floor":40},{"not_picked":["Shockwave","Anger"],"picked":"Perfected Strike","floor":44},{"not_picked":["Pummel+1","Fire Breathing+1"],"picked":"Havoc+1","floor":48},{"not_picked":["Burning Pact","Clash+1"],"picked":"Rupture+1","floor":54}],"player_experience":332020,"relics_obtained":[{"floor":7,"key":"Replay:Bottled Eggs"},{"floor":9,"key":"infinitespire:WardingShard"},{"floor":24,"key":"Orichalcum"},{"floor":27,"key":"hubris:SphereOfDissonance"},{"floor":40,"key":"Replay:Rubber Ducky"},{"floor":43,"key":"Gremlin Food"},{"floor":47,"key":"ReplayTheSpireMod:Ring of Addiction"},{"floor":47,"key":"Toy Ornithopter"},{"floor":47,"key":"Potion Belt"},{"floor":54,"key":"hubris:CuriousFeather"}],"event_choices":[{"damage_healed":0,"gold_gain":0,"player_choice":"Donut","damage_taken":0,"max_hp_gain":5,"max_hp_loss":0,"event_name":"Big Fish","floor":3,"gold_loss":0},{"damage_healed":0,"gold_gain":100,"player_choice":"Bet on Murderer","damage_taken":0,"max_hp_gain":0,"max_hp_loss":0,"event_name":"The Joust","floor":29,"gold_loss":50}],"is_beta":false,"boss_relics":[{"not_picked":["Coffee Dripper","hubris:TerracottaHorce"],"picked":"Tiny House"},{"not_picked":["Runic Cube","infinitespire:Burning Sword"],"picked":"hubris:GrandSneckoEye"}],"items_purged_floors":[],"is_endless":false,"potions_floor_spawned":[1,8,10,14,20,27,44,48,54],"ascension_level":0}}