{"host":"t1puqh5lxz8sp6fn","time":1609484093,"event":{"mods":["AchievementEnabler","BaseMod","Colored Powertips","Hermit","Marisa????????","Minty Spire (QoL Compilation)","Rare Cards Sparkle","StSLib","The Cursed","The Mystic","The Runesmith","The Servant 0.9.4"],"gold_per_floor":[111,129,142,155,5,17,17,17],"floor_reached":7,"playtime":623,"items_purged":["mysticmod:Strike_Mystic"],"score":45,"play_id":"0b5bc62f-ca10-4c8a-9080-c0aa3f373090","local_time":"20210101035453","is_ascension_mode":false,"campfire_choices":[],"circlet_count":0,"master_deck":["mysticmod:Strike_Mystic","mysticmod:Strike_Mystic","mysticmod:Strike_Mystic","mysticmod:Defend_Mystic","mysticmod:Defend_Mystic","mysticmod:Defend_Mystic","mysticmod:Defend_Mystic","mysticmod:ArcaneDodge","mysticmod:ShockingGrasp","mysticmod:ComponentsPouch","mysticmod:Disengage","mysticmod:PreparedCaster","mysticmod:Probe","mysticmod:ArcaneAccuracy","mysticmod:DiviningBlow"],"relics":["mysticmod:SpellBook","NeowsBlessing"],"acts_visited":["Exordium"],"potions_floor_usage":[4,7],"damage_taken":[{"damage":0,"enemies":"Jaw Worm","floor":1,"turns":1},{"damage":0,"enemies":"Small Slimes","floor":2,"turns":1},{"damage":0,"enemies":"Cultist","floor":3,"turns":1},{"damage":11,"enemies":"Lots of Slimes","floor":4,"turns":3},{"damage":2,"enemies":"Looter","floor":6,"turns":4},{"damage":70,"enemies":"Lagavulin","floor":7,"turns":12}],"seed_played":"-6115056882196740708","potions_obtained":[{"floor":3,"key":"LiquidMemories"},{"floor":6,"key":"Weak Potion"}],"is_trial":false,"path_per_floor":["M","M","M","M","$","M","E"],"character_chosen":"MYSTIC_CLASS","items_purchased":["mysticmod:ArcaneAccuracy"],"campfire_rested":0,"item_purchase_floors":[5],"current_hp_per_floor":[77,77,77,66,66,64,0,0],"gold":17,"neow_bonus":"THREE_ENEMY_KILL","is_daily":false,"chose_seed":false,"campfire_upgraded":0,"win_rate":0.0,"timestamp":1609484093,"path_taken":["M","M","M","M","$","M","E"],"items_purchased_type":["Card"],"build_version":"2020-12-13","purchased_purges":1,"victory":false,"max_hp_per_floor":[77,77,77,77,77,77,77,77],"card_choices":[{"not_picked":["mysticmod:TomeOfSpells","mysticmod:PureInstinct"],"picked":"mysticmod:ComponentsPouch","floor":1},{"not_picked":["mysticmod:Shield","mysticmod:ComponentsPouch"],"picked":"mysticmod:Disengage","floor":2},{"not_picked":["mysticmod:Shield","mysticmod:PureInstinct"],"picked":"mysticmod:PreparedCaster","floor":3},{"not_picked":["mysticmod:HeavyStrike","mysticmod:AllIn"],"picked":"mysticmod:Probe","floor":4},{"not_picked":["mysticmod:Sideswipe","mysticmod:Probe"],"picked":"mysticmod:DiviningBlow","floor":6}],"player_experience":399627,"relics_obtained":[],"event_choices":[],"is_beta":false,"boss_relics":[],"items_purged_floors":[5],"is_endless":false,"potions_floor_spawned":[3,6],"killed_by":"Lagavulin","ascension_level":0}}