{"host":"52m1o8iwwagurbjs","time":1609512092,"event":{"mods":["AchievementEnabler","BaseMod","Bestiary","Colored Powertips","GifTheSpireLib","Minty Spire (QoL Compilation)","Quick Restart","RNG Fix","Relic Stats","StSLib"],"gold_per_floor":[119,138,153,170,52,52,62,62,116,130,189,189,214,244,244,320,320,332,332,332,252,66,96,96,96,96,7,33,33,43,77,77,77,77],"floor_reached":33,"playtime":1342,"items_purged":["Strike_G","Decay"],"score":702,"play_id":"a769be47-afd1-41be-826c-7795b8d8f8b1","local_time":"20210101094132","is_ascension_mode":true,"campfire_choices":[{"data":"After Image","floor":6.0,"key":"SMITH"},{"floor":8.0,"key":"REST"},{"data":"Blade Dance","floor":15.0,"key":"SMITH"},{"data":"Accuracy","floor":25.0,"key":"SMITH"},{"data":"After Image","floor":29.0,"key":"SMITH"},{"data":"Wraith Form v2","floor":32.0,"key":"SMITH"}],"circlet_count":0,"master_deck":["AscendersBane","Strike_G","Strike_G","Defend_G","Defend_G","Defend_G","Survivor","Neutralize","After Image+1","Distraction","Blade Dance+1","Poisoned Stab","Cloak And Dagger","Infinite Blades","Riddle With Holes","Blade Dance","Slice","Dagger Spray","Caltrops","After Image+1","Expertise+1","Ghostly","Ghostly","Ghostly","Accuracy+1","Bullet Time","Adrenaline","Bullet Time","Noxious Fumes","Calculated Gamble","Accuracy","Wraith Form v2+1"],"relics":["Ring of the Snake","Nunchaku","Anchor","Odd Mushroom","FossilizedHelix","Empty Cage","Matryoshka","Akabeko","Gremlin Horn","CaptainsWheel","Mercury Hourglass"],"acts_visited":["Exordium","TheCity"],"potions_floor_usage":[33],"damage_taken":[{"damage":2.0,"enemies":"Small Slimes","floor":1.0,"turns":5.0},{"damage":35.0,"enemies":"Jaw Worm","floor":2.0,"turns":7.0},{"damage":1.0,"enemies":"2 Louse","floor":3.0,"turns":3.0},{"damage":16.0,"enemies":"Exordium Thugs","floor":4.0,"turns":5.0},{"damage":1.0,"enemies":"Looter","floor":7.0,"turns":3.0},{"damage":3.0,"enemies":"Red Slaver","floor":10.0,"turns":5.0},{"damage":6.0,"enemies":"3 Sentries","floor":11.0,"turns":6.0},{"damage":16.0,"enemies":"The Mushroom Lair","floor":13.0,"turns":5.0},{"damage":3.0,"enemies":"3 Sentries","floor":14.0,"turns":5.0},{"damage":1.0,"enemies":"Hexaghost","floor":16.0,"turns":8.0},{"damage":1.0,"enemies":"Shell Parasite","floor":18.0,"turns":6.0},{"damage":0.0,"enemies":"2 Thieves","floor":21.0,"turns":4.0},{"damage":0.0,"enemies":"Gremlin Leader","floor":23.0,"turns":8.0},{"damage":0.0,"enemies":"Book of Stabbing","floor":28.0,"turns":5.0},{"damage":0.0,"enemies":"Snake Plant","floor":30.0,"turns":2.0},{"damage":15.0,"enemies":"Slavers","floor":31.0,"turns":6.0},{"damage":38,"enemies":"Collector","floor":33,"turns":7}],"seed_played":"-6176002652324559409","potions_obtained":[{"floor":3.0,"key":"PowerPotion"},{"floor":7.0,"key":"Fire Potion"},{"floor":16.0,"key":"Ancient Potion"},{"floor":31.0,"key":"LiquidBronze"}],"is_trial":false,"path_per_floor":["M","M","M","M","$","R","M","R","T","M","?","?","?","E","R","B",null,"M","?","?","M","$","E","?","R","T","$","E","R","M","E","R","B"],"character_chosen":"THE_SILENT","items_purchased":["Infinite Blades","LiquidBronze","Noxious Fumes"],"campfire_rested":1,"item_purchase_floors":[5,22,27],"current_hp_per_floor":[57,22,21,5,5,5,4,23,23,20,14,36,20,17,17,16,54,53,33,33,33,33,33,33,33,33,33,33,33,33,18,18,0,0],"gold":77,"neow_bonus":"ONE_RANDOM_RARE_CARD","is_daily":false,"chose_seed":false,"campfire_upgraded":5,"win_rate":0.0,"timestamp":1609512092,"path_taken":["M","M","M","M","$","R","M","R","T","M","?","?","?","E","R","BOSS","M","?","?","M","$","E","?","R","T","?","E","R","M","E","R","BOSS"],"items_purchased_type":["Card","Potion","Card"],"build_version":"2020-12-22","purchased_purges":2,"victory":false,"max_hp_per_floor":[66,66,66,66,66,66,66,66,66,66,66,66,66,66,66,66,66,66,33,33,33,33,33,33,33,33,33,33,33,33,33,33,33,33],"relic_stats":{"Nunchaku":[23],"Gremlin Horn":[4,4],"counters":[17,90],"obtain_stats":[{"Nunchaku":9,"Anchor":11,"CaptainsWheel":28,"Matryoshka":23,"Gremlin Horn":26,"Odd Mushroom":13,"Empty Cage":17,"FossilizedHelix":14,"Akabeko":26,"Ring of the Snake":0,"Mercury Hourglass":31},{"Nunchaku":5,"Anchor":7,"CaptainsWheel":14,"Matryoshka":13,"Gremlin Horn":13,"Odd Mushroom":8,"Empty Cage":10,"FossilizedHelix":9,"Akabeko":13,"Ring of the Snake":0,"Mercury Hourglass":16},{"Nunchaku":23,"Anchor":34,"CaptainsWheel":75,"Matryoshka":70,"Gremlin Horn":70,"Odd Mushroom":39,"Empty Cage":52,"FossilizedHelix":44,"Akabeko":70,"Ring of the Snake":0,"Mercury Hourglass":83}],"Ring of the Snake":[34],"Mercury Hourglass":[33]},"card_choices":[{"not_picked":["Footwork","Blur"],"picked":"Distraction","floor":1.0},{"not_picked":["Terror","Flechettes"],"picked":"Blade Dance","floor":2.0},{"not_picked":["Flechettes","Quick Slash"],"picked":"Poisoned Stab","floor":3.0},{"not_picked":["Endless Agony","Blade Dance"],"picked":"Cloak And Dagger","floor":4.0},{"not_picked":["Tactician","Outmaneuver"],"picked":"Riddle With Holes","floor":7.0},{"not_picked":["PiercingWail","Bane"],"picked":"Blade Dance","floor":10.0},{"not_picked":["Skewer","Noxious Fumes"],"picked":"Slice","floor":11.0},{"not_picked":["PiercingWail","Poisoned Stab"],"picked":"Dagger Spray","floor":13.0},{"not_picked":["Accuracy","Dagger Throw"],"picked":"Caltrops","floor":14.0},{"not_picked":["Storm of Steel","Tools of the Trade"],"picked":"After Image","floor":16.0},{"not_picked":["Flying Knee","Eviscerate"],"picked":"Expertise+1","floor":18.0},{"not_picked":["Dagger Throw","Dagger Spray"],"picked":"Accuracy","floor":21.0},{"not_picked":["Outmaneuver","Prepared"],"picked":"Bullet Time","floor":23.0},{"not_picked":["Sucker Punch","Slice+1"],"picked":"Calculated Gamble","floor":28.0},{"not_picked":["Dagger Spray","Concentrate"],"picked":"Accuracy","floor":30.0},{"not_picked":["Dash","Backflip"],"picked":"Wraith Form v2","floor":31.0}],"player_experience":1078987,"relics_obtained":[{"floor":9.0,"key":"Nunchaku"},{"floor":11.0,"key":"Anchor"},{"floor":13.0,"key":"Odd Mushroom"},{"floor":14.0,"key":"FossilizedHelix"},{"floor":23.0,"key":"Matryoshka"},{"floor":26.0,"key":"Akabeko"},{"floor":26.0,"key":"Gremlin Horn"},{"floor":28.0,"key":"CaptainsWheel"},{"floor":31.0,"key":"Mercury Hourglass"}],"event_choices":[{"damage_healed":0.0,"max_hp_gain":0.0,"max_hp_loss":0.0,"gold_gain":0.0,"event_name":"Dead Adventurer","player_choice":"Searched \u00272\u0027 times","floor":11.0,"gold_loss":0.0,"damage_taken":0.0},{"damage_healed":22.0,"max_hp_gain":0.0,"max_hp_loss":0.0,"gold_gain":0.0,"event_name":"Big Fish","player_choice":"Banana","floor":12.0,"gold_loss":0.0,"damage_taken":0.0},{"damage_healed":0.0,"max_hp_gain":0.0,"max_hp_loss":0.0,"gold_gain":0.0,"event_name":"Mushrooms","player_choice":"Fought Mushrooms","floor":13.0,"gold_loss":0.0,"damage_taken":0.0},{"damage_healed":0.0,"max_hp_gain":0.0,"max_hp_loss":33.0,"gold_gain":0.0,"event_name":"Ghosts","player_choice":"Became a Ghost","floor":19.0,"gold_loss":0.0,"damage_taken":0.0,"cards_obtained":["Ghostly","Ghostly","Ghostly"]},{"damage_healed":0.0,"max_hp_gain":0.0,"max_hp_loss":0.0,"gold_gain":0.0,"event_name":"Forgotten Altar","player_choice":"Smashed Altar","floor":20.0,"gold_loss":0.0,"damage_taken":0.0,"cards_obtained":["Decay"]},{"damage_healed":0.0,"max_hp_gain":0.0,"max_hp_loss":0.0,"gold_gain":0.0,"cards_transformed":["Defend_G","Defend_G"],"event_name":"Drug Dealer","player_choice":"Became Test Subject","floor":24.0,"gold_loss":0.0,"damage_taken":0.0,"cards_obtained":["Adrenaline","Bullet Time"]}],"is_beta":false,"boss_relics":[{"not_picked":["SlaversCollar","Sozu"],"picked":"Empty Cage"}],"items_purged_floors":[5,22],"is_endless":false,"potions_floor_spawned":[3,7,10,16,28,31],"killed_by":"Collector","ascension_level":20}}