{"host":"omv42op7s93bjjql","time":1609472668,"event":{"mods":["BaseMod","Colored Map","Colored Powertips","DeckTracker","Keyboard Shortcuts","Minty Spire (QoL Compilation)","StSLib","SuperFastMode"],"gold_per_floor":[114,114,114,127,139,139,165,165,216,243,254,264,24,99,99,177,177,192,192,252,267,4,31,81,111,123,185,212,224,269,301,313,399,411,433,458,520,235,253,288,288,288],"floor_reached":41,"playtime":1927,"items_purged":["Strike_B","Strike_B","Defend_B"],"score":1007,"play_id":"1c83a094-c42e-4c47-94fa-654ccf40f994","local_time":"20210101124428","is_ascension_mode":true,"campfire_choices":[{"data":"Darkness","floor":6,"key":"SMITH"},{"floor":8,"key":"REST"},{"floor":15,"key":"REST"},{"floor":29,"key":"REST"},{"data":"Biased Cognition","floor":32,"key":"SMITH"}],"circlet_count":0,"master_deck":["AscendersBane","Defend_B","Defend_B","Zap","Dualcast","Core Surge","Coolheaded","Core Surge","BootSequence","Darkness+1","FTL","Barrage","Go for the Eyes","Undo","Meteor Strike","Skim","Compile Driver","Turbo","Chill+1","Coolheaded+1","Biased Cognition+1","Reboot","Apotheosis","Rebound"],"relics":["Cracked Core","Dream Catcher","MealTicket","Lantern","Runic Capacitor","Nuclear Battery","SsserpentHead","DataDisk","PreservedInsect","MawBank","Boot","Snecko Eye","Potion Belt","Regal Pillow"],"acts_visited":["Exordium","TheCity","TheBeyond"],"potions_floor_usage":[7,10,16,23,23,30,31,36,40,40],"damage_taken":[{"damage":9,"enemies":"2 Louse","floor":1,"turns":2},{"damage":0,"enemies":"Cultist","floor":4,"turns":3},{"damage":7,"enemies":"Small Slimes","floor":5,"turns":3},{"damage":17,"enemies":"Lagavulin","floor":7,"turns":9},{"damage":21,"enemies":"Gremlin Nob","floor":10,"turns":4},{"damage":1,"enemies":"Exordium Thugs","floor":11,"turns":4},{"damage":0,"enemies":"Gremlin Gang","floor":12,"turns":4},{"damage":2,"enemies":"The Guardian","floor":16,"turns":10},{"damage":10,"enemies":"2 Thieves","floor":18,"turns":5},{"damage":4,"enemies":"3 Byrds","floor":20,"turns":6},{"damage":8,"enemies":"Sentry and Sphere","floor":21,"turns":5},{"damage":12,"enemies":"Book of Stabbing","floor":23,"turns":4},{"damage":26,"enemies":"Gremlin Leader","floor":25,"turns":3},{"damage":0,"enemies":"Chosen and Byrds","floor":28,"turns":5},{"damage":11,"enemies":"Slavers","floor":30,"turns":4},{"damage":0,"enemies":"Shelled Parasite and Fungi","floor":31,"turns":3},{"damage":13,"enemies":"Automaton","floor":33,"turns":8},{"damage":0,"enemies":"Orb Walker","floor":35,"turns":2},{"damage":15,"enemies":"3 Darklings","floor":36,"turns":4},{"damage":0,"enemies":"Maw","floor":39,"turns":5},{"damage":32,"enemies":"Reptomancer","floor":40,"turns":4},{"damage":22,"enemies":"Spire Growth","floor":41,"turns":2}],"seed_played":"-890504586558485033","potions_obtained":[{"floor":5,"key":"EssenceOfSteel"},{"floor":7,"key":"FocusPotion"},{"floor":10,"key":"Block Potion"},{"floor":16,"key":"SteroidPotion"},{"floor":21,"key":"LiquidMemories"},{"floor":25,"key":"Fruit Juice"},{"floor":28,"key":"EssenceOfSteel"},{"floor":30,"key":"Swift Potion"},{"floor":33,"key":"Explosive Potion"},{"floor":36,"key":"FocusPotion"}],"is_trial":false,"path_per_floor":["M","?","?","M","M","R","E","R","T","E","M","M","$","?","R","B",null,"M","?","M","M","$","E","?","E","T","?","M","R","E","M","R","B",null,"M","M","?","$","M","E","M"],"character_chosen":"DEFECT","items_purchased":["Runic Capacitor","DataDisk","Potion Belt"],"campfire_rested":3,"item_purchase_floors":[13,22,38],"current_hp_per_floor":[37,37,37,37,30,30,13,34,34,13,12,12,27,16,37,35,62,52,52,48,40,55,43,43,17,17,17,17,38,27,27,27,14,57,57,47,37,52,52,20,0,0],"gold":288,"neow_bonus":"THREE_RARE_CARDS","is_daily":false,"chose_seed":false,"campfire_upgraded":2,"win_rate":0.0,"timestamp":1609472668,"path_taken":["M","?","?","?","M","R","E","R","T","E","M","M","$","?","R","BOSS","M","?","?","M","$","E","?","E","T","?","M","R","E","M","R","BOSS","M","M","?","$","M","E","M"],"items_purchased_type":["Relic","Relic","Relic"],"build_version":"2020-12-22","purchased_purges":3,"victory":false,"max_hp_per_floor":[71,71,71,71,71,71,71,71,71,71,71,71,71,71,71,71,71,71,71,71,71,71,71,71,71,71,71,71,71,71,71,71,71,71,71,76,76,76,76,76,76,76],"card_choices":[{"not_picked":["Buffer","Fission"],"picked":"Core Surge","floor":0},{"not_picked":["Beam Cell","Compile Driver"],"picked":"Coolheaded","floor":1},{"not_picked":["Hello World","Stack"],"picked":"BootSequence","floor":4},{"not_picked":["Steam Power","Coolheaded"],"picked":"Darkness","floor":5},{"not_picked":["Static Discharge","Barrage"],"picked":"FTL","floor":7},{"not_picked":["Conserve Battery","Cold Snap"],"picked":"Barrage","floor":10},{"not_picked":["Conserve Battery","Barrage"],"picked":"Go for the Eyes","floor":11},{"not_picked":["FTL","Barrage","Amplify"],"picked":"SKIP","floor":12},{"not_picked":["Sweeping Beam","Barrage"],"picked":"Undo","floor":15},{"not_picked":["Fission","Machine Learning"],"picked":"Meteor Strike","floor":16},{"not_picked":["Ball Lightning","Defragment"],"picked":"Skim","floor":18},{"not_picked":["Skim","Steam Power"],"picked":"Compile Driver","floor":20},{"not_picked":["Coolheaded","Steam Power","Go for the Eyes"],"picked":"SKIP","floor":21},{"not_picked":["Ball Lightning+1","Thunder Strike"],"picked":"Turbo","floor":23},{"not_picked":["Steam","Go for the Eyes","Conserve Battery+1"],"picked":"SKIP","floor":25},{"not_picked":["White Noise","Aggregate"],"picked":"Chill+1","floor":28},{"not_picked":["Sunder","Ball Lightning+1"],"picked":"Coolheaded+1","floor":29},{"not_picked":["Redo","Leap"],"picked":"Biased Cognition","floor":30},{"not_picked":["Stack","Conserve Battery","Sweeping Beam"],"picked":"SKIP","floor":31},{"not_picked":["Machine Learning","Meteor Strike"],"picked":"Reboot","floor":33},{"not_picked":["Conserve Battery","Leap","Heatsinks"],"picked":"SKIP","floor":35},{"not_picked":["Hello World","Fusion+1","Stack"],"picked":"SKIP","floor":36},{"not_picked":["Deep Breath","Mind Blast"],"picked":"Apotheosis","floor":37},{"not_picked":["Skim","Rebound","Undo"],"picked":"SKIP","floor":39},{"not_picked":["Skim","Undo"],"picked":"Rebound","floor":39},{"not_picked":["Static Discharge+1","Chill","Barrage"],"picked":"SKIP","floor":40}],"player_experience":838482,"relics_obtained":[{"floor":7,"key":"Dream Catcher"},{"floor":9,"key":"MealTicket"},{"floor":10,"key":"Lantern"},{"floor":23,"key":"PreservedInsect"},{"floor":25,"key":"MawBank"},{"floor":30,"key":"Boot"},{"floor":40,"key":"Regal Pillow"}],"event_choices":[{"cards_removed":["Strike_B"],"damage_healed":0,"gold_gain":0,"player_choice":"Forget","damage_taken":0,"max_hp_gain":0,"max_hp_loss":0,"event_name":"Living Wall","floor":2,"gold_loss":0},{"damage_healed":0,"gold_gain":0,"cards_transformed":["Strike_B"],"player_choice":"Transformed","damage_taken":0,"max_hp_gain":0,"max_hp_loss":0,"event_name":"Transmorgrifier","floor":3,"gold_loss":0,"cards_obtained":["Core Surge"]},{"damage_healed":0,"gold_gain":75,"player_choice":"Gather Gold","damage_taken":11,"max_hp_gain":0,"max_hp_loss":0,"event_name":"World of Goop","floor":14,"gold_loss":0},{"damage_healed":0,"gold_gain":0,"player_choice":"Trade","damage_taken":0,"relics_obtained":["SsserpentHead"],"max_hp_gain":0,"max_hp_loss":0,"event_name":"FaceTrader","floor":19,"gold_loss":0},{"cards_removed":["Defend_B"],"damage_healed":0,"gold_gain":0,"player_choice":"Elegance","damage_taken":0,"max_hp_gain":0,"max_hp_loss":0,"event_name":"Back to Basics","floor":24,"gold_loss":0},{"damage_healed":0,"gold_gain":0,"player_choice":"Ignored","damage_taken":0,"max_hp_gain":0,"max_hp_loss":0,"event_name":"Ghosts","floor":27,"gold_loss":0},{"damage_healed":0,"gold_gain":0,"player_choice":"Memory 3","damage_taken":10,"max_hp_gain":0,"max_hp_loss":0,"event_name":"SensoryStone","floor":37,"gold_loss":0}],"is_beta":false,"boss_relics":[{"not_picked":["Tiny House","SacredBark"],"picked":"Nuclear Battery"},{"not_picked":["Sozu","Busted Crown"],"picked":"Snecko Eye"}],"items_purged_floors":[13,22,38],"is_endless":false,"potions_floor_spawned":[5,7,10,16,21,25,28,30,33,36],"killed_by":"Spire Growth","ascension_level":20}}