{"host":"nqsrckqog5ia9mbo","time":1609517334,"event":{"mods":["BaseMod","Colored Map","Minty Spire (QoL Compilation)"],"gold_per_floor":[110,110,124,7,21,21,55,70,96,96,115,125,125,5,5,108,108,126,126,138,149,166,166,194,194,194,394,410,445,445,445,445,548,548,565,581,601,26,26,26,51,51,51,51,67,79,79,95,95,95,95],"floor_reached":50,"playtime":2349,"items_purged":["Defend_R","Strike_R"],"score":614,"play_id":"72ad4028-22c6-4333-b4e0-08957ec0ade2","local_time":"20210101170854","is_ascension_mode":false,"campfire_choices":[{"data":"Flex","floor":6,"key":"SMITH"},{"data":"Heavy Blade","floor":10,"key":"SMITH"},{"data":"Whirlwind","floor":13,"key":"SMITH"},{"floor":15,"key":"REST"},{"data":"Heavy Blade","floor":23,"key":"SMITH"},{"floor":25,"key":"REST"},{"data":"Sword Boomerang","floor":30,"key":"SMITH"},{"floor":32,"key":"REST"},{"floor":40,"key":"REST"},{"data":"Flex","floor":47,"key":"SMITH"},{"floor":49,"key":"REST"}],"circlet_count":0,"master_deck":["Strike_R","Bash","Battle Trance","Flex+1","Whirlwind+1","Sword Boomerang+1","Heavy Blade+1","Flex+1","Heavy Blade+1","Sword Boomerang+1","Entrench+1","Double Tap+1","Flex+1","Flex+1","Heavy Blade","Flex+1","Heavy Blade+1"],"relics":["Burning Blood","CultistMask","Strawberry","Orichalcum","Empty Cage","Omamori","Pear","Incense Burner","Astrolabe","Pantograph","DollysMirror","Ornamental Fan","Mummified Hand"],"acts_visited":["Exordium","TheCity","TheBeyond"],"potions_floor_usage":[16,16,24,33,48,50,50,50],"damage_taken":[{"damage":10,"enemies":"Small Slimes","floor":1,"turns":3},{"damage":8,"enemies":"Cultist","floor":3,"turns":5},{"damage":7,"enemies":"2 Louse","floor":5,"turns":2},{"damage":54,"enemies":"Lagavulin","floor":7,"turns":6},{"damage":13,"enemies":"Red Slaver","floor":8,"turns":2},{"damage":0,"enemies":"3 Louse","floor":11,"turns":1},{"damage":1,"enemies":"Exordium Thugs","floor":12,"turns":3},{"damage":48,"enemies":"Hexaghost","floor":16,"turns":9},{"damage":4,"enemies":"Chosen","floor":18,"turns":3},{"damage":8,"enemies":"2 Thieves","floor":20,"turns":3},{"damage":6,"enemies":"3 Cultists","floor":21,"turns":3},{"damage":2,"enemies":"Snecko","floor":22,"turns":3},{"damage":44,"enemies":"Book of Stabbing","floor":24,"turns":5},{"damage":0,"enemies":"Snake Plant","floor":28,"turns":1},{"damage":28,"enemies":"Slavers","floor":29,"turns":3},{"damage":22,"enemies":"Automaton","floor":33,"turns":8},{"damage":28,"enemies":"3 Shapes","floor":35,"turns":5},{"damage":16,"enemies":"3 Darklings","floor":36,"turns":4},{"damage":66,"enemies":"Maw","floor":37,"turns":7},{"damage":14,"enemies":"Giant Head","floor":41,"turns":4},{"damage":4,"enemies":"Jaw Worm Horde","floor":45,"turns":2},{"damage":30,"enemies":"4 Shapes","floor":46,"turns":3},{"damage":22,"enemies":"Maw","floor":48,"turns":6},{"damage":72,"enemies":"Time Eater","floor":50,"turns":6}],"seed_played":"675423757723604908","potions_obtained":[{"floor":3,"key":"CultistPotion"},{"floor":5,"key":"Explosive Potion"},{"floor":8,"key":"GamblersBrew"},{"floor":21,"key":"BlessingOfTheForge"},{"floor":22,"key":"EssenceOfSteel"},{"floor":28,"key":"Block Potion"},{"floor":29,"key":"DistilledChaos"},{"floor":33,"key":"FairyPotion"},{"floor":37,"key":"PowerPotion"},{"floor":41,"key":"LiquidBronze"},{"floor":45,"key":"Strength Potion"},{"floor":48,"key":"BlessingOfTheForge"}],"is_trial":false,"path_per_floor":["M","?","M","$","M","R","E","M","T","R","M","M","R","$","R","B",null,"M","?","M","M","M","R","E","R","T","?","M","E","R","?","R","B",null,"M","M","M","$","?","R","E","$","T","$","M","M","R","M","R","B"],"character_chosen":"IRONCLAD","items_purchased":["Whirlwind","SteroidPotion","Flex","Flex","Heavy Blade","Pantograph","DollysMirror"],"campfire_rested":5,"item_purchase_floors":[4,4,14,38,38,38,38],"current_hp_per_floor":[76,76,74,74,73,73,32,25,25,25,31,36,36,36,62,20,87,87,87,85,85,87,87,49,75,85,85,91,69,69,69,97,81,97,75,65,35,35,35,64,56,56,56,56,58,34,34,18,47,0,0],"gold":95,"neow_bonus":"THREE_CARDS","is_daily":false,"chose_seed":false,"campfire_upgraded":6,"win_rate":0.0,"timestamp":1609517334,"path_taken":["M","?","M","$","M","R","E","?","T","R","M","M","R","$","R","BOSS","M","?","?","M","M","R","E","R","T","?","?","E","R","?","R","BOSS","M","M","M","$","?","R","E","?","T","?","M","M","R","M","R","BOSS"],"items_purchased_type":["Card","Potion","Card","Card","Card","Relic","Relic"],"build_version":"2020-12-22","purchased_purges":2,"victory":false,"max_hp_per_floor":[80,80,80,80,80,80,87,87,87,87,87,87,87,87,87,87,87,87,87,87,87,87,87,87,87,97,97,97,97,97,97,97,97,97,97,97,97,97,97,97,97,97,97,97,97,97,97,97,97,97,97],"card_choices":[{"not_picked":["Perfected Strike","Dark Embrace"],"picked":"Battle Trance","floor":0},{"not_picked":["Body Slam","Shrug It Off"],"picked":"Flex","floor":1},{"not_picked":["True Grit","Armaments","Dual Wield"],"picked":"SKIP","floor":3},{"not_picked":["Anger","Warcry"],"picked":"Sword Boomerang","floor":5},{"not_picked":["Sword Boomerang","Cleave"],"picked":"Heavy Blade","floor":7},{"not_picked":["Headbutt","Immolate","Burning Pact"],"picked":"SKIP","floor":8},{"not_picked":["Havoc","Shockwave","Body Slam"],"picked":"SKIP","floor":11},{"not_picked":["Armaments","Dropkick","Cleave"],"picked":"SKIP","floor":12},{"not_picked":["Fire Breathing+1","Pommel Strike+1","Dropkick"],"picked":"SKIP","floor":18},{"not_picked":["Body Slam","Disarm","Wild Strike"],"picked":"SKIP","floor":20},{"not_picked":["Cleave","Pummel"],"picked":"Heavy Blade","floor":21},{"not_picked":["Headbutt","Disarm+1"],"picked":"Sword Boomerang+1","floor":22},{"not_picked":["Feed","Combust","Perfected Strike"],"picked":"SKIP","floor":24},{"not_picked":["Ghostly Armor","Intimidate","Evolve"],"picked":"SKIP","floor":28},{"not_picked":["Flame Barrier","Anger","Perfected Strike"],"picked":"SKIP","floor":29},{"not_picked":["Twin Strike","Headbutt","True Grit+1"],"picked":"SKIP","floor":35},{"not_picked":["Intimidate","Evolve+1","Pommel Strike"],"picked":"SKIP","floor":36},{"not_picked":["Pommel Strike+1","Wild Strike+1","Carnage+1"],"picked":"SKIP","floor":37},{"not_picked":["Anger+1","Sword Boomerang+1","Clash+1"],"picked":"SKIP","floor":41},{"not_picked":["Cleave+1","Perfected Strike+1"],"picked":"Heavy Blade+1","floor":45},{"not_picked":["True Grit","Shockwave+1","Thunderclap"],"picked":"SKIP","floor":46},{"not_picked":["Evolve+1","Sentinel+1","Reaper"],"picked":"SKIP","floor":48}],"player_experience":43209,"relics_obtained":[{"floor":7,"key":"Strawberry"},{"floor":9,"key":"Orichalcum"},{"floor":24,"key":"Omamori"},{"floor":26,"key":"Pear"},{"floor":29,"key":"Incense Burner"},{"floor":41,"key":"Ornamental Fan"},{"floor":43,"key":"Mummified Hand"}],"event_choices":[{"damage_healed":0,"gold_gain":0,"player_choice":"Trade","damage_taken":0,"relics_obtained":["CultistMask"],"max_hp_gain":0,"max_hp_loss":0,"event_name":"FaceTrader","floor":2,"gold_loss":0},{"damage_healed":0,"gold_gain":0,"player_choice":"Upgraded","damage_taken":0,"max_hp_gain":0,"max_hp_loss":0,"event_name":"Upgrade Shrine","floor":19,"gold_loss":0,"cards_upgraded":["Flex"]},{"damage_healed":0,"gold_gain":200,"player_choice":"Gold","damage_taken":0,"max_hp_gain":0,"max_hp_loss":0,"event_name":"Wheel of Change","floor":27,"gold_loss":0},{"damage_healed":0,"gold_gain":0,"player_choice":"Ignored","damage_taken":0,"max_hp_gain":0,"max_hp_loss":0,"event_name":"Ghosts","floor":31,"gold_loss":0},{"cards_removed":["Defend_R"],"damage_healed":0,"gold_gain":0,"player_choice":"Offered Basic","damage_taken":0,"max_hp_gain":0,"max_hp_loss":0,"event_name":"Bonfire Elementals","floor":39,"gold_loss":0}],"is_beta":false,"boss_relics":[{"not_picked":["Black Star","Runic Dome"],"picked":"Empty Cage"},{"not_picked":["Tiny House","Calling Bell"],"picked":"Astrolabe"}],"items_purged_floors":[14,38],"is_endless":false,"potions_floor_spawned":[3,5,8,21,22,28,29,33,37,41,45,48],"killed_by":"Time Eater","ascension_level":0}}