{"host":"l9yshwnp37vxhsgm","time":1609536364,"event":{"mods":["BaseMod","Block Reminder","Colored Map","Colored Powertips","DeckTracker","Highlight Path","Minty Spire (QoL Compilation)","Quick Restart","Relic Stats","StSLib"],"gold_per_floor":[114,132,307,28,44,74,74,74,74,74,24,24,38,49,49,49,49],"floor_reached":16,"playtime":937,"items_purged":["Doubt"],"score":100,"play_id":"e1e32119-8dcb-435d-b2f0-0fbf70d894f6","local_time":"20210101222604","is_ascension_mode":false,"campfire_choices":[{"floor":7,"key":"REST"},{"floor":10,"key":"RECALL"},{"data":"Poisoned Stab","floor":15,"key":"SMITH"}],"circlet_count":0,"master_deck":["Strike_G","Strike_G","Strike_G","Strike_G","Strike_G","Defend_G","Defend_G","Defend_G","Defend_G","Defend_G","Survivor","Neutralize","Flying Knee","Slice","Cloak And Dagger","Poisoned Stab","Slice","Poisoned Stab+1"],"relics":["Ring of the Snake","NeowsBlessing","Snake Skull","Pen Nib","GremlinMask"],"acts_visited":["Exordium"],"potions_floor_usage":[16,16,16],"damage_taken":[{"damage":0,"enemies":"2 Louse","floor":1,"turns":1},{"damage":0,"enemies":"Jaw Worm","floor":2,"turns":1},{"damage":0,"enemies":"Small Slimes","floor":5,"turns":1},{"damage":29,"enemies":"3 Sentries","floor":6,"turns":12},{"damage":0,"enemies":"3 Louse","floor":13,"turns":4},{"damage":2,"enemies":"Lots of Slimes","floor":14,"turns":4},{"damage":65,"enemies":"Slime Boss","floor":16,"turns":13}],"seed_played":"-8027237273901066731","potions_obtained":[{"floor":1,"key":"SpeedPotion"},{"floor":6,"key":"Strength Potion"},{"floor":14,"key":"Weak Potion"}],"is_trial":false,"path_per_floor":["M","M","?","$","M","E","R","?","T","R","?","?","M","M","R","B"],"character_chosen":"THE_SILENT","items_purchased":["Snake Skull","Slice"],"campfire_rested":1,"item_purchase_floors":[4,4],"current_hp_per_floor":[70,70,70,70,70,41,62,70,70,70,67,67,67,65,65,0,0],"gold":49,"neow_bonus":"THREE_ENEMY_KILL","is_daily":false,"chose_seed":false,"campfire_upgraded":1,"win_rate":0.0,"timestamp":1609536364,"path_taken":["M","M","?","$","M","E","R","?","T","R","?","?","?","M","R","BOSS"],"items_purchased_type":["Relic","Card"],"build_version":"2020-12-22","purchased_purges":1,"victory":false,"max_hp_per_floor":[70,70,70,70,70,70,70,70,70,70,67,67,67,67,67,67,67],"relic_stats":{"counters":[7,36],"Snake Skull":[9],"Pen Nib":[5],"obtain_stats":[{"NeowsBlessing":0,"GremlinMask":12,"Snake Skull":4,"Pen Nib":6,"Ring of the Snake":0},{"NeowsBlessing":0,"GremlinMask":4,"Snake Skull":2,"Pen Nib":4,"Ring of the Snake":0},{"NeowsBlessing":0,"GremlinMask":15,"Snake Skull":2,"Pen Nib":15,"Ring of the Snake":0}],"Ring of the Snake":[14]},"card_choices":[{"not_picked":["Infinite Blades","Dagger Spray"],"picked":"Flying Knee","floor":1},{"not_picked":["Outmaneuver","Finisher","Prepared"],"picked":"SKIP","floor":2},{"not_picked":["Tactician","Distraction"],"picked":"Cloak And Dagger","floor":5},{"not_picked":["Acrobatics","Backflip"],"picked":"Poisoned Stab","floor":6},{"not_picked":["Predator","Flying Knee"],"picked":"Slice","floor":13},{"not_picked":["Cloak And Dagger","Deadly Poison"],"picked":"Poisoned Stab","floor":14}],"player_experience":204176,"relics_obtained":[{"floor":6,"key":"Pen Nib"}],"event_choices":[{"damage_healed":0,"gold_gain":175,"player_choice":"AGREE","damage_taken":0,"max_hp_gain":0,"max_hp_loss":0,"event_name":"Liars Game","floor":3,"gold_loss":0,"cards_obtained":["Doubt"]},{"damage_healed":17,"gold_gain":0,"player_choice":"Healed and dodged fight","damage_taken":0,"max_hp_gain":0,"max_hp_loss":0,"event_name":"Mushrooms","floor":8,"gold_loss":0,"cards_obtained":["Parasite"]},{"cards_removed":["Parasite"],"damage_healed":0,"gold_gain":0,"player_choice":"Card Removal","damage_taken":0,"max_hp_gain":0,"max_hp_loss":0,"event_name":"The Cleric","floor":11,"gold_loss":50},{"damage_healed":0,"gold_gain":0,"player_choice":"Trade","damage_taken":0,"relics_obtained":["GremlinMask"],"max_hp_gain":0,"max_hp_loss":0,"event_name":"FaceTrader","floor":12,"gold_loss":0}],"is_beta":false,"boss_relics":[],"items_purged_floors":[4],"is_endless":false,"potions_floor_spawned":[1,6,14],"killed_by":"Slime Boss","ascension_level":0}}