{"host":"yfdtuf6ojcxn06xg","time":1609542831,"event":{"mods":["2.2 Compatiblity","AchievementEnabler","BaseMod","Colored Map","Colored Powertips","Downfall","Hermit","JesterMod","Jorbs\u0027s Wanderer Trilogy","Minty Spire (QoL Compilation)","Quick Restart","Rare Cards Sparkle","Relic Stats","Replay The Spire","StSLib","The Cursed","The Disciple","The Hierophant","The Jungle","The Necromancer","The Servant 0.9.4"],"gold_per_floor":[20,113,128,146,159,159,186,186,212,212,231,55,39,56,56,158,158,177,196,196,106,124,124,154,173,200,219,219,144,144,157,157,258,258,270,290,301,301,301],"floor_reached":38,"playtime":2663,"items_purged":["Defend_R"],"score":471,"play_id":"deaeadc9-2167-45fa-b9e0-959c8e669939","local_time":"20210101181351","is_ascension_mode":true,"campfire_choices":[{"data":"Searing Blow","floor":6,"key":"SMITH"},{"data":"Searing Blow+1","floor":8,"key":"SMITH"},{"data":"Searing Blow+2","floor":10,"key":"SMITH"},{"data":"Searing Blow+3","floor":15,"key":"SMITH"},{"data":"Searing Blow+4","floor":23,"key":"SMITH"},{"data":"Searing Blow+5","floor":28,"key":"SMITH"},{"data":"Searing Blow+6","floor":30,"key":"SMITH"},{"data":"Searing Blow+7","floor":32,"key":"SMITH"}],"circlet_count":0,"master_deck":["Defend_R+1","Defend_R","Bash","Life Link","Searing Blow+8","Flex","Pummel","Rampage","Ghostly Armor+1","Shrug It Off","ReplayTheSpireMod:Strike From Hell","Twin Strike","Sword Boomerang+1","Flex","Sword Boomerang+1","Immolate","Shrug It Off+1","ReplayTheSpireMod:Limb From Limb","Bite","Bite","Bite","Bite","Bite","True Grit+1","Havoc","stsjorbsmod:Withering","Bloodletting","Berserk","Combust+1","ReplayReversal","Parasite"],"relics":["Black Blood","Blue Doll","Bag of Marbles","War Paint","Cursed Key","Replay:Mystery Machine","Bronze Scales"],"acts_visited":["Exordium","TheCity","TheBeyond"],"potions_floor_usage":[7,16,22,22,31,33,37],"damage_taken":[{"damage":9,"enemies":"Jaw Worm","floor":1,"turns":6},{"damage":0,"enemies":"Small Slimes","floor":3,"turns":3},{"damage":10,"enemies":"Cultist","floor":4,"turns":4},{"damage":10,"enemies":"Red Slaver","floor":5,"turns":4},{"damage":30,"enemies":"Lagavulin","floor":7,"turns":6},{"damage":2,"enemies":"Blue Slaver","floor":11,"turns":2},{"damage":0,"enemies":"Looter","floor":14,"turns":2},{"damage":9,"enemies":"The Guardian","floor":16,"turns":10},{"damage":2,"enemies":"Spheric Guardian","floor":18,"turns":3},{"damage":7,"enemies":"Shell Parasite","floor":19,"turns":3},{"damage":7,"enemies":"Centurion and Healer","floor":22,"turns":4},{"damage":33,"enemies":"Book of Stabbing","floor":24,"turns":4},{"damage":0,"enemies":"Snecko","floor":25,"turns":2},{"damage":8,"enemies":"Cultist and Chosen","floor":27,"turns":6},{"damage":6,"enemies":"Snake Plant","floor":31,"turns":2},{"damage":52,"enemies":"Collector","floor":33,"turns":10},{"damage":0,"enemies":"Orb Walker","floor":35,"turns":2},{"damage":17,"enemies":"3 Shapes","floor":36,"turns":4},{"damage":38,"enemies":"Writhing Mass","floor":37,"turns":5},{"damage":61,"enemies":"Transient","floor":38,"turns":5}],"seed_played":"81168786354534433","potions_obtained":[{"floor":5,"key":"hexamod:EctoCoolerPotion"},{"floor":11,"key":"EssenceOfSteel"},{"floor":14,"key":"Flashbang"},{"floor":16,"key":"Explosive Potion"},{"floor":18,"key":"Milkshake"},{"floor":24,"key":"PowerPotion"},{"floor":31,"key":"sneckomod:MuddlingPotion"},{"floor":36,"key":"Swift Potion"}],"is_trial":false,"path_per_floor":["M","?","M","M","M","R","E","R","T","R","M","$","$","M","R","B",null,"M","M","?","?","M","R","E","M","T","M","R","$","R","M","R","B",null,"M","M","M","M"],"character_chosen":"IRONCLAD","items_purchased":["War Paint","Sword Boomerang+1","Flex"],"campfire_rested":0,"item_purchase_floors":[12,12,13],"current_hp_per_floor":[77,77,80,76,72,72,48,48,48,48,52,52,52,58,58,55,80,80,79,56,56,55,55,32,44,44,52,52,52,52,56,56,26,56,56,51,32,0,0],"gold":301,"neow_bonus":"TRANSFORM_TWO_CARDS","is_daily":false,"chose_seed":false,"campfire_upgraded":8,"win_rate":0.0,"timestamp":1609542831,"path_taken":["M","?","M","M","?","R","E","R","T","R","M","?","$","M","R","BOSS","M","M","?","?","M","R","E","M","T","M","R","$","R","M","R","BOSS","M","M","M","?"],"items_purchased_type":["Relic","Card","Card"],"build_version":"2020-12-22","purchased_purges":1,"victory":false,"max_hp_per_floor":[80,80,80,80,80,80,80,80,80,80,80,80,80,80,80,80,80,80,80,56,56,56,56,56,56,56,56,56,56,56,56,56,56,56,56,56,56,56,56],"relic_stats":{"counters":[20,87],"Bronze Scales":[78],"Black Blood":113,"War Paint":["Defend_R","Ghostly Armor"],"Cursed Key":1,"obtain_stats":[{"Bronze Scales":26,"Black Blood":34,"Blue Doll":7,"Bag of Marbles":9,"War Paint":12,"Replay:Mystery Machine":24,"Cursed Key":17,"Burning Blood":0},{"Bronze Scales":13,"Black Blood":16,"Blue Doll":5,"Bag of Marbles":5,"War Paint":6,"Replay:Mystery Machine":12,"Cursed Key":8,"Burning Blood":0},{"Bronze Scales":53,"Black Blood":71,"Blue Doll":23,"Bag of Marbles":23,"War Paint":25,"Replay:Mystery Machine":51,"Cursed Key":37,"Burning Blood":0}]},"card_choices":[{"not_picked":["Perfected Strike","Body Slam"],"picked":"Flex","floor":1},{"not_picked":["Carnage","Immolate"],"picked":"Pummel","floor":2},{"not_picked":["Havoc","Armaments"],"picked":"Rampage","floor":3},{"not_picked":["Havoc","Iron Wave"],"picked":"Ghostly Armor","floor":4},{"not_picked":["Massacre","Uppercut"],"picked":"Shrug It Off","floor":5},{"not_picked":["Rage","Iron Wave"],"picked":"ReplayTheSpireMod:Strike From Hell","floor":7},{"not_picked":["Life Link","Juggernaut"],"picked":"Twin Strike","floor":11},{"not_picked":["Perfected Strike","Clothesline"],"picked":"Sword Boomerang","floor":14},{"not_picked":["Bludgeon","Exhume"],"picked":"Immolate","floor":16},{"not_picked":["Pommel Strike","Heavy Blade"],"picked":"Shrug It Off+1","floor":18},{"not_picked":["Sever Soul+1","Pommel Strike"],"picked":"ReplayTheSpireMod:Limb From Limb","floor":19},{"not_picked":["Dark Embrace","Hemokinesis"],"picked":"True Grit+1","floor":22},{"not_picked":["Defy Death","Perfected Strike"],"picked":"Havoc","floor":24},{"not_picked":["Wild Strike","True Grit","Body Slam"],"picked":"SKIP","floor":25},{"not_picked":["Body Slam","Thunderclap","Sword Boomerang+1"],"picked":"SKIP","floor":27},{"not_picked":["Berserk","ReplayTheSpireMod:Strike From Hell+1"],"picked":"Bloodletting","floor":31},{"not_picked":["Immolate","Fiend Fire"],"picked":"Berserk","floor":33},{"not_picked":["Battle Trance","Life Link+1"],"picked":"Combust+1","floor":35},{"not_picked":["Run Through+1","True Grit"],"picked":"ReplayReversal","floor":36},{"not_picked":["Body Slam","Iron Wave","Shrug It Off"],"picked":"SKIP","floor":37}],"player_experience":176077,"relics_obtained":[{"floor":7,"key":"Blue Doll"},{"floor":9,"key":"Bag of Marbles"},{"floor":24,"key":"Replay:Mystery Machine"},{"floor":26,"key":"Bronze Scales"}],"event_choices":[{"damage_healed":0,"gold_gain":0,"player_choice":"Became a vampire","damage_taken":0,"max_hp_gain":0,"max_hp_loss":24,"event_name":"Vampires","floor":20,"gold_loss":0,"cards_obtained":["Bite","Bite","Bite","Bite","Bite"]},{"cards_removed":["Defend_R"],"damage_healed":0,"gold_gain":0,"player_choice":"Upgrade and Remove","damage_taken":0,"max_hp_gain":0,"max_hp_loss":0,"event_name":"Designer","floor":21,"gold_loss":90,"cards_upgraded":["Sword Boomerang"]}],"is_beta":false,"boss_relics":[{"not_picked":["Replay:Wanted Poster","Velvet Choker"],"picked":"Cursed Key"},{"not_picked":["Runic Cube","Runic Dome"],"picked":"Black Blood"}],"items_purged_floors":[29],"is_endless":false,"potions_floor_spawned":[5,11,14,16,18,24,31,36],"killed_by":"Transient","ascension_level":1}}