{"host":"novohdx135h0xyrr","time":1609537820,"event":{"mods":["BaseMod","Colored Map","Colored Powertips","Highlight Path","Minty Spire (QoL Compilation)"],"gold_per_floor":[118,130,205,216,216,241,241,271,271,299,299,310,310,324,324,425,425,442,456,656,438,450,450,477,493,520,548,548,548],"floor_reached":28,"playtime":1523,"items_purged":["Strike_P"],"score":333,"play_id":"ab35e467-7800-414d-b1b7-d30c46495cae","local_time":"20210101135020","is_ascension_mode":true,"campfire_choices":[{"data":"Adaptation","floor":7,"key":"SMITH"},{"data":"CutThroughFate","floor":11,"key":"SMITH"},{"floor":15,"key":"REST"},{"data":"Vault","floor":23,"key":"SMITH"}],"circlet_count":0,"master_deck":["Strike_P","Strike_P","Strike_P","Defend_P","Defend_P","Defend_P","Defend_P+1","Eruption","Vigilance+1","CutThroughFate+1","Halt","Adaptation+1","FearNoEvil+1","FearNoEvil+1","Vault+1","FlurryOfBlows+1","FlurryOfBlows+1","Vengeance+1","EmptyBody"],"relics":["PureWater","NeowsBlessing","Vajra","Matryoshka","Ginger","Boot","Molten Egg 2","White Beast Statue","VioletLotus","Art of War","PreservedInsect","War Paint","Centennial Puzzle","Pocketwatch"],"acts_visited":["Exordium","TheCity"],"potions_floor_usage":[6,10,16,16,22,24,24,24,24,27],"damage_taken":[{"damage":0,"enemies":"2 Louse","floor":1,"turns":1},{"damage":0,"enemies":"Cultist","floor":2,"turns":1},{"damage":0,"enemies":"Jaw Worm","floor":4,"turns":1},{"damage":0,"enemies":"Gremlin Nob","floor":6,"turns":2},{"damage":2,"enemies":"3 Sentries","floor":8,"turns":4},{"damage":28,"enemies":"Gremlin Nob","floor":10,"turns":3},{"damage":21,"enemies":"Exordium Wildlife","floor":12,"turns":4},{"damage":4,"enemies":"Gremlin Gang","floor":14,"turns":3},{"damage":35,"enemies":"The Guardian","floor":16,"turns":7},{"damage":12,"enemies":"2 Thieves","floor":18,"turns":4},{"damage":0,"enemies":"Spheric Guardian","floor":19,"turns":3},{"damage":0,"enemies":"Snecko","floor":22,"turns":3},{"damage":22,"enemies":"Book of Stabbing","floor":24,"turns":7},{"damage":14,"enemies":"3 Cultists","floor":25,"turns":5},{"damage":10,"enemies":"Gremlin Leader","floor":27,"turns":4},{"damage":19,"enemies":"Snake Plant","floor":28,"turns":1}],"seed_played":"6225494332800325184","potions_obtained":[{"floor":2,"key":"FearPotion"},{"floor":4,"key":"Strength Potion"},{"floor":8,"key":"DuplicationPotion"},{"floor":12,"key":"BlessingOfTheForge"},{"floor":14,"key":"DuplicationPotion"},{"floor":16,"key":"Energy Potion"},{"floor":18,"key":"Explosive Potion"},{"floor":19,"key":"Block Potion"},{"floor":22,"key":"SkillPotion"},{"floor":24,"key":"Fruit Juice"},{"floor":25,"key":"Strength Potion"},{"floor":27,"key":"BottledMiracle"}],"is_trial":false,"path_per_floor":["M","M","?","M","?","E","R","E","T","E","R","M","?","M","R","B",null,"M","M","?","$","M","R","E","M","T","E","M"],"character_chosen":"WATCHER","items_purchased":["Art of War"],"campfire_rested":1,"item_purchase_floors":[21],"current_hp_per_floor":[72,72,61,61,58,58,58,56,56,28,28,7,31,27,48,13,72,60,60,60,60,60,60,43,29,29,19,0,0],"gold":548,"neow_bonus":"THREE_ENEMY_KILL","is_daily":false,"chose_seed":false,"campfire_upgraded":3,"win_rate":0.0,"timestamp":1609537820,"path_taken":["M","M","?","M","?","E","R","E","T","E","R","M","?","M","R","BOSS","M","M","?","$","M","R","E","M","T","E","M"],"items_purchased_type":["Relic"],"build_version":"2020-12-22","purchased_purges":1,"victory":false,"max_hp_per_floor":[72,72,72,72,72,72,72,72,72,72,72,72,72,72,72,72,72,72,72,72,72,72,72,77,77,77,77,77,77],"card_choices":[{"not_picked":["Study","Collect"],"picked":"CutThroughFate","floor":1},{"not_picked":["JustLucky","ThirdEye","BowlingBash"],"picked":"SKIP","floor":2},{"not_picked":["Sanctity","FlyingSleeves"],"picked":"Halt","floor":4},{"not_picked":["Indignation","Crescendo"],"picked":"Adaptation","floor":6},{"not_picked":["WreathOfFlame","Establishment","FlyingSleeves"],"picked":"SKIP","floor":8},{"not_picked":["LikeWater","Brilliance+1"],"picked":"FearNoEvil+1","floor":10},{"not_picked":["Fasting2","Crescendo","JustLucky+1"],"picked":"SKIP","floor":12},{"not_picked":["Halt","Conclude+1"],"picked":"FearNoEvil+1","floor":14},{"not_picked":["LessonLearned+1","MasterReality"],"picked":"Vault","floor":16},{"not_picked":["ClearTheMind+1","SashWhip+1"],"picked":"FlurryOfBlows+1","floor":18},{"not_picked":["FollowUp+1","FlyingSleeves+1","Evaluate"],"picked":"SKIP","floor":19},{"not_picked":["Evaluate","Protect"],"picked":"FlurryOfBlows+1","floor":22},{"not_picked":["FlyingSleeves+1","PathToVictory+1"],"picked":"Vengeance+1","floor":24},{"not_picked":["JustLucky+1","DeceiveReality+1","Vengeance"],"picked":"SKIP","floor":25},{"not_picked":["ThirdEye","CrushJoints+1"],"picked":"EmptyBody","floor":27}],"player_experience":175507,"relics_obtained":[{"floor":6,"key":"Matryoshka"},{"floor":8,"key":"Ginger"},{"floor":9,"key":"Boot"},{"floor":9,"key":"Molten Egg 2"},{"floor":10,"key":"White Beast Statue"},{"floor":24,"key":"PreservedInsect"},{"floor":26,"key":"War Paint"},{"floor":26,"key":"Centennial Puzzle"},{"floor":27,"key":"Pocketwatch"}],"event_choices":[{"damage_healed":0,"gold_gain":75,"player_choice":"Gather Gold","damage_taken":11,"max_hp_gain":0,"max_hp_loss":0,"event_name":"World of Goop","floor":3,"gold_loss":0},{"damage_healed":0,"gold_gain":0,"player_choice":"Success","damage_taken":3,"relics_obtained":["Vajra"],"max_hp_gain":0,"max_hp_loss":0,"event_name":"Scrap Ooze","floor":5,"gold_loss":0},{"damage_healed":24,"gold_gain":0,"player_choice":"Banana","damage_taken":0,"max_hp_gain":0,"max_hp_loss":0,"event_name":"Big Fish","floor":13,"gold_loss":0},{"damage_healed":0,"gold_gain":200,"player_choice":"Gold","damage_taken":0,"max_hp_gain":0,"max_hp_loss":0,"event_name":"Wheel of Change","floor":20,"gold_loss":0}],"is_beta":false,"boss_relics":[{"not_picked":["Pandora\u0027s Box","Astrolabe"],"picked":"VioletLotus"}],"items_purged_floors":[21],"is_endless":false,"potions_floor_spawned":[2,4,8,12,14,16,18,19,22,24,25,27],"killed_by":"Snake Plant","ascension_level":2}}