{"host":"m77rrhbqzv44va4v","time":1609472185,"event":{"mods":["AchievementEnabler","BaseMod","Colored Map","DeckTracker","Keyboard Shortcuts","Minty Spire (QoL Compilation)","StSLib","SuperFastMode","everything is the same but u backflip on backflip"],"gold_per_floor":[114,126,140,159,171,171,185,212,212,232,292,327,402,402,402,402,402],"floor_reached":16,"playtime":385,"items_purged":[],"score":217,"play_id":"de8a3ca6-aa2b-4eb9-a291-3b2ec6dc6573","local_time":"20210101123625","is_ascension_mode":true,"campfire_choices":[{"data":"Pommel Strike","floor":6.0,"key":"SMITH"},{"floor":15,"key":"REST"}],"circlet_count":0,"master_deck":["AscendersBane","Strike_R","Strike_R","Strike_R","Strike_R","Strike_R","Defend_R+1","Defend_R","Defend_R","Defend_R","Bash","Whirlwind","Wild Strike","Shrug It Off","Ghostly Armor","Pommel Strike+1","Flex","Perfected Strike","Perfected Strike+1"],"relics":["Burning Blood","Bottled Flame","Juzu Bracelet","Pen Nib"],"acts_visited":["Exordium"],"potions_floor_usage":[10,12,16,16],"damage_taken":[{"damage":2.0,"enemies":"Cultist","floor":1.0,"turns":4.0},{"damage":7.0,"enemies":"Small Slimes","floor":2.0,"turns":4.0},{"damage":9.0,"enemies":"2 Louse","floor":3.0,"turns":3.0},{"damage":14.0,"enemies":"Large Slime","floor":4.0,"turns":6.0},{"damage":0.0,"enemies":"3 Louse","floor":5.0,"turns":4.0},{"damage":7.0,"enemies":"Red Slaver","floor":7.0,"turns":5.0},{"damage":47.0,"enemies":"Lagavulin","floor":8.0,"turns":6.0},{"damage":1,"enemies":"Looter","floor":10,"turns":2},{"damage":10,"enemies":"Gremlin Nob","floor":12,"turns":3},{"damage":29,"enemies":"The Guardian","floor":16,"turns":9}],"seed_played":"-2232652833213894693","potions_obtained":[{"floor":1.0,"key":"Ancient Potion"},{"floor":4.0,"key":"Dexterity Potion"},{"floor":7.0,"key":"BloodPotion"},{"floor":8,"key":"DistilledChaos"},{"floor":10,"key":"SpeedPotion"},{"floor":12,"key":"Strength Potion"}],"is_trial":false,"path_per_floor":["M","M","M","M","M","R","M","E","T","M","?","E","?","?","R","B"],"character_chosen":"IRONCLAD","items_purchased":[],"campfire_rested":1,"item_purchase_floors":[],"current_hp_per_floor":[72,71,68,60,66,66,65,39,39,44,44,40,29,6,28,0,0],"gold":402,"neow_bonus":"THREE_CARDS","is_daily":false,"chose_seed":false,"campfire_upgraded":1,"win_rate":0.0,"timestamp":1609472185,"path_taken":["M","M","M","M","M","R","M","E","T","M","?","E","?","?","R","BOSS"],"items_purchased_type":[],"build_version":"2020-12-22","purchased_purges":0,"victory":false,"max_hp_per_floor":[75,75,75,75,75,75,75,75,75,75,75,75,75,75,75,75,75],"card_choices":[{"not_picked":["Havoc","Spot Weakness"],"picked":"Whirlwind","floor":0.0},{"not_picked":["Pummel","Iron Wave","Twin Strike"],"picked":"SKIP","floor":1.0},{"not_picked":["Iron Wave","Barricade"],"picked":"Wild Strike","floor":2.0},{"not_picked":["Power Through","Dark Embrace"],"picked":"Shrug It Off","floor":3.0},{"not_picked":["Wild Strike","Perfected Strike"],"picked":"Ghostly Armor","floor":4.0},{"not_picked":["Shrug It Off","Headbutt"],"picked":"Pommel Strike","floor":5.0},{"not_picked":["Pommel Strike","Rage"],"picked":"Flex","floor":7.0},{"not_picked":["Flex","Exhume","Anger"],"picked":"SKIP","floor":8},{"not_picked":["Clash","Body Slam"],"picked":"Perfected Strike","floor":10},{"not_picked":["Flex","Bloodletting"],"picked":"Perfected Strike","floor":12}],"player_experience":866060,"relics_obtained":[{"floor":8,"key":"Bottled Flame"},{"floor":9,"key":"Juzu Bracelet"},{"floor":12,"key":"Pen Nib"}],"event_choices":[{"damage_healed":0,"gold_gain":60,"player_choice":"Gained Gold","damage_taken":0,"max_hp_gain":0,"max_hp_loss":0,"event_name":"Golden Wing","floor":11,"gold_loss":0},{"damage_healed":0,"gold_gain":75,"player_choice":"Gather Gold","damage_taken":11,"max_hp_gain":0,"max_hp_loss":0,"event_name":"World of Goop","floor":13,"gold_loss":0},{"damage_healed":0,"gold_gain":0,"player_choice":"Entered Light","damage_taken":23,"max_hp_gain":0,"max_hp_loss":0,"event_name":"Shining Light","floor":14,"gold_loss":0,"cards_upgraded":["Perfected Strike","Defend_R"]}],"is_beta":false,"boss_relics":[],"items_purged_floors":[],"is_endless":false,"potions_floor_spawned":[1,4,7,8,10,12],"killed_by":"The Guardian","ascension_level":18}}