{"host":"g1wmg2w41xhsnw8g","time":1609492570,"event":{"mods":["2.2 Compatiblity","Act Like it!","Aspiration","BaseMod","Better Altar","Better Match","Better Note","Better Sensory Stone","Better Skull","Better Third Choice","BetterRewards","Booster Modes","CapriCore","ChefMod","Clawfect","Colored Map","Colored Powertips","Curses Come First","Defuse TimeMaze Blight","Displayed Cursed Tome","Evolution","Friendly Minions","GifTheSpireLib","Googly Eyes","Infinite Spire","Minty Spire (QoL Compilation)","Red Circlet Mod","Relic Sorter","SCP261 Mod","Shop Mod","Spicy Shops","StSLib","The Sage","Transform Curses","Wandering Minibosses","????"],"gold_per_floor":[119,129,79,79,94,94,123,123,123,158,158,158,176,176,26,149,149,74,74],"floor_reached":18,"playtime":860,"items_purged":[],"score":229,"play_id":"edb04639-6a32-47dd-9b4b-9a03de65d860","local_time":"20210101041610","daily_mods":["SealedDeck","Specialized","Heirloom","Elite Swarm"],"is_ascension_mode":true,"campfire_choices":[{"floor":6,"key":"DIG"},{"floor":12,"key":"DIG"}],"circlet_count":0,"master_deck":["chefmod:Gelato","chefmod:BananaSplit","chefmod:IceCreamCone","chefmod:FireUp","chefmod:FireUp","chefmod:HotSoup","chefmod:DinoKale","chefmod:GroceryDelivery","chefmod:MonsterBait","chefmod:DimSum","chefmod:Julienne","chefmod:PotatoGratin","chefmod:Fillet","Reflex","Survivor","Dodge and Roll","chefmod:FreshProduce","chefmod:CapreseSalad","Apotheosis+1","chefmod:OrderUp","Injury","chefmod:Chop","chefmod:FullCourseMeal"],"relics":["chefmod:TrustyPot","EVO:Axolotl","Shovel","Toy Ornithopter","chefmod:WoodenSpoon","Akabeko","aspiration:HiddenCompartment","Golden Idol","sagemod:Red_Beast_Statue","Vajra","Chemical X","Philosopher\u0027s Stone"],"acts_visited":["Exordium","TheCity"],"potions_floor_usage":[7,7,18],"damage_taken":[{"damage":0,"enemies":"2 Louse","floor":1,"turns":3},{"damage":0,"enemies":"Small Slimes","floor":2,"turns":4},{"damage":3,"enemies":"Jaw Worm","floor":5,"turns":3},{"damage":19,"enemies":"Gremlin Nob","floor":7,"turns":5},{"damage":9,"enemies":"Lagavulin","floor":10,"turns":5},{"damage":16,"enemies":"Looter","floor":13,"turns":4},{"damage":0,"enemies":"Slime Boss","floor":16,"turns":7},{"damage":81,"enemies":"2 Thieves","floor":18,"turns":3}],"seed_played":"-2587027882939272113","potions_obtained":[{"floor":2,"key":"Weak Potion"},{"floor":5,"key":"Regen Potion"},{"floor":16,"key":"Explosive Potion"}],"is_trial":true,"path_per_floor":["M","M","?","?","M","R","E","?","T","E","?","R","M","T","R","B",null,"M"],"character_chosen":"THE_CHEF","items_purchased":["Chemical X"],"campfire_rested":0,"item_purchase_floors":[15],"current_hp_per_floor":[77,77,77,77,74,74,72,72,72,63,63,63,47,47,47,47,77,0,0],"gold":74,"neow_bonus":"","is_daily":false,"chose_seed":false,"campfire_upgraded":0,"win_rate":0.0,"timestamp":1609492570,"path_taken":["M","M","?","?","M","R","E","?","T","E","?","R","M","?","R","BOSS","M"],"items_purchased_type":["Relic"],"build_version":"2020-12-22","purchased_purges":0,"victory":false,"max_hp_per_floor":[77,77,77,77,77,77,77,77,77,77,77,77,77,77,77,77,77,77,77],"card_choices":[{"not_picked":["chefmod:FryPan","chefmod:BleedOut"],"picked":"chefmod:PotatoGratin","floor":1},{"not_picked":["chefmod:ColdSteel","chefmod:NoSoupForYou"],"picked":"chefmod:Fillet","floor":2},{"not_picked":["chefmod:DimSum","chefmod:ColdSteel"],"picked":"chefmod:FreshProduce","floor":5},{"not_picked":["chefmod:TastyDistraction","chefmod:SushiPlatter"],"picked":"chefmod:CapreseSalad","floor":7},{"not_picked":["chefmod:RisingDough","chefmod:DeathByChocolate"],"picked":"chefmod:OrderUp","floor":10},{"not_picked":["chefmod:ZaruSoba","chefmod:Fillet"],"picked":"chefmod:Chop","floor":13},{"not_picked":["chefmod:CapreseSalad","chefmod:BananaSplit"],"picked":"chefmod:FullCourseMeal","floor":16}],"player_experience":842672,"relics_obtained":[{"floor":6,"key":"Toy Ornithopter"},{"floor":7,"key":"chefmod:WoodenSpoon"},{"floor":9,"key":"Akabeko"},{"floor":10,"key":"aspiration:HiddenCompartment"},{"floor":12,"key":"sagemod:Red_Beast_Statue"},{"floor":14,"key":"Vajra"}],"event_choices":[{"cards_removed":["chefmod:Gelato"],"damage_healed":0,"gold_gain":0,"player_choice":"Card Removal","damage_taken":0,"max_hp_gain":0,"max_hp_loss":0,"event_name":"The Cleric","floor":3,"gold_loss":50},{"damage_healed":72,"gold_gain":0,"player_choice":"Embrace","damage_taken":0,"max_hp_gain":0,"max_hp_loss":77,"event_name":"betterThird:BetterShining","floor":8,"gold_loss":0},{"damage_healed":0,"gold_gain":0,"player_choice":"Take Wound","damage_taken":0,"relics_obtained":["Golden Idol"],"max_hp_gain":0,"max_hp_loss":0,"event_name":"Golden Idol","floor":11,"gold_loss":0,"cards_obtained":["Injury"]}],"is_beta":false,"boss_relics":[{"not_picked":["Black Star","infinitespire:Cupcake"],"picked":"Philosopher\u0027s Stone"}],"items_purged_floors":[],"is_endless":false,"potions_floor_spawned":[2,5,16],"killed_by":"2 Thieves","ascension_level":1}}