{"host":"ye7mfqqt9ljtnqit","time":1609502721,"event":{"mods":["BaseMod","Colored Map","Downfall","Marisa£®ÏF”Í°°ƒß¿Ì…≥£©","Minty Spire (QoL Compilation)","StSLib","SuperFastMode","The Servant 0.9.4"],"gold_per_floor":[114,129,144,144,219,249,264,264,264],"floor_reached":8,"playtime":574,"items_purged":[],"score":58,"play_id":"77837f8b-fd14-4382-a650-77f8e2bfa682","local_time":"20210101200521","daily_mods":["Shiny","Red Cards","DeadlyEvents"],"is_ascension_mode":false,"campfire_choices":[],"circlet_count":0,"master_deck":["Sunlight","SilverMatrix","Duplication","MurderousAura","LightFlow","Dilation","FlawlessForm","FloweringNight","Solidify","SoulSculpture","TrueSight","ForgedInTime","Embodiment","PendulumOfEternity","Initiator","Deny","KillingDoll","TheWorld","Revamp","Orbit","Revamp","Regret","Hightail","Rearm"],"relics":["Uniform","Turnip","Ancient Tea Set"],"acts_visited":["Exordium"],"potions_floor_usage":[],"damage_taken":[{"damage":3,"enemies":"Cultist","floor":1,"turns":3},{"damage":0,"enemies":"Small Slimes","floor":2,"turns":1},{"damage":0,"enemies":"2 Louse","floor":3,"turns":1},{"damage":24,"enemies":"3 Sentries","floor":6,"turns":7},{"damage":13,"enemies":"Blue Slaver","floor":7,"turns":3},{"damage":14,"enemies":"Lagavulin","floor":8,"turns":7}],"seed_played":"-2495295926900846280","potions_obtained":[{"floor":1,"key":"LiquidMemories"},{"floor":7,"key":"BlessingOfTheForge"}],"is_trial":false,"path_per_floor":["M","M","M","?","?","E","M","E"],"character_chosen":"THE_SERVANT","items_purchased":[],"campfire_rested":0,"item_purchase_floors":[],"current_hp_per_floor":[62,62,62,62,51,27,14,0,0],"gold":264,"neow_bonus":"","is_daily":true,"chose_seed":false,"campfire_upgraded":0,"win_rate":0.0,"timestamp":1609502721,"path_taken":["M","?","M","?","?","E","M","?"],"items_purchased_type":[],"build_version":"2020-12-22","purchased_purges":0,"victory":false,"max_hp_per_floor":[65,65,65,65,65,65,65,65,65],"card_choices":[{"not_picked":["Manipulate","DoubleEdge"],"picked":"Revamp","floor":1},{"not_picked":["DualDimension","BottledTime"],"picked":"Orbit","floor":2},{"not_picked":["Misdirection","Collapse"],"picked":"Revamp","floor":3},{"not_picked":["Alleviate","Spin"],"picked":"Hightail","floor":6},{"not_picked":["Spin","FanOfKnives"],"picked":"Rearm","floor":7}],"player_experience":107074,"relics_obtained":[{"floor":6,"key":"Ancient Tea Set"}],"event_choices":[{"damage_healed":0,"gold_gain":0,"player_choice":"Box","damage_taken":0,"relics_obtained":["Turnip"],"max_hp_gain":0,"max_hp_loss":0,"event_name":"Big Fish","floor":4,"gold_loss":0,"cards_obtained":["Regret"]},{"damage_healed":0,"gold_gain":75,"player_choice":"Gather Gold","damage_taken":11,"max_hp_gain":0,"max_hp_loss":0,"event_name":"World of Goop","floor":5,"gold_loss":0}],"is_beta":false,"boss_relics":[],"items_purged_floors":[],"is_endless":false,"potions_floor_spawned":[1,7],"killed_by":"Lagavulin","ascension_level":0}}