{"host":"kw4o7b3ro2ktmmbe","time":1609499595,"event":{"mods":["Astrologer","BaseMod","Evolution","Minty Spire (QoL Compilation)","StSLib"],"gold_per_floor":[111,61,77,77,77,77,94,94,119,119,119,134,153,170,170,271,271,282,282,282,301,151,180,180,180,180,180,195,195,51,70,70,170,170,185,1,0,10,10,10,10,33,82,101,151,151,196,214,214,214],"floor_reached":51,"playtime":6630,"items_purged":[],"score":703,"play_id":"8299aed4-6839-4e2f-804c-0392b863abd3","local_time":"20210102001315","is_ascension_mode":false,"campfire_choices":[{"data":"astrologer:ShootingStar","floor":6.0,"key":"SMITH"},{"data":"astrologer:Wish","floor":8.0,"key":"SMITH"},{"data":"Discovery","floor":15.0,"key":"SMITH"},{"floor":25.0,"key":"REST"},{"data":"astrologer:Premonition","floor":29.0,"key":"SMITH"},{"data":"astrologer:Nova","floor":32.0,"key":"SMITH"},{"data":"astrologer:Prismatic","floor":40.0,"key":"SMITH"},{"data":"Mayhem","floor":46,"key":"SMITH"},{"data":"astrologer:Starfield","floor":49,"key":"SMITH"}],"circlet_count":0,"master_deck":["astrologer:Strike","astrologer:Strike","astrologer:Strike","astrologer:Defend","astrologer:Defend","astrologer:Defend","astrologer:NorthStar","astrologer:TheFool","astrologer:MeteorShower","astrologer:Conjunction","astrologer:ShootingStar+1","Discovery+1","astrologer:Wish+1","astrologer:Opposition","astrologer:FadingStar","astrologer:Premonition+1","astrologer:Conjunction","astrologer:Fireball+1","astrologer:Confirmation+1","astrologer:MeteorShower","astrologer:Nova+1","astrologer:Strength","astrologer:Starfield+1","astrologer:Strength+1","astrologer:Sunrise","astrologer:Prismatic+1","astrologer:StarOfRegret+1","Secret Technique","Transmutation","Mayhem+1","astrologer:Opposition","astrologer:MeteorShower+1","astrologer:StarOfCourage+1","astrologer:StarOfMisfortune+1","astrologer:TheStar+1","astrologer:Sunrise+1"],"relics":["astrologer:SkyMirror","EVO:Axolotl","Boot","Mummified Hand","SlaversCollar","Pantograph","Toolbox","Prayer Wheel","Akabeko","Art of War","Vajra","Coffee Dripper","Oddly Smooth Stone","Red Mask","Blood Vial","Smiling Mask","StoneCalendar","Pocketwatch"],"acts_visited":["Exordium","TheCity","TheBeyond"],"potions_floor_usage":[45,45,48],"damage_taken":[{"damage":1.0,"enemies":"Jaw Worm","floor":1.0,"turns":4.0},{"damage":0.0,"enemies":"Small Slimes","floor":3.0,"turns":3.0},{"damage":2.0,"enemies":"Cultist","floor":7.0,"turns":4.0},{"damage":0.0,"enemies":"3 Louse","floor":12.0,"turns":3.0},{"damage":4.0,"enemies":"Exordium Wildlife","floor":13.0,"turns":5.0},{"damage":7.0,"enemies":"Blue Slaver","floor":14.0,"turns":3.0},{"damage":0.0,"enemies":"The Guardian","floor":16.0,"turns":11.0},{"damage":16.0,"enemies":"Spheric Guardian","floor":18.0,"turns":7.0},{"damage":16.0,"enemies":"3 Byrds","floor":21.0,"turns":5.0},{"damage":40.0,"enemies":"Gremlin Leader","floor":23.0,"turns":7.0},{"damage":0.0,"enemies":"Snake Plant","floor":28.0,"turns":4.0},{"damage":0.0,"enemies":"Centurion and Healer","floor":31.0,"turns":5.0},{"damage":27.0,"enemies":"Champ","floor":33.0,"turns":8.0},{"damage":19.0,"enemies":"3 Darklings","floor":35.0,"turns":4.0},{"damage":0.0,"enemies":"Orb Walker","floor":38.0,"turns":2.0},{"damage":3.0,"enemies":"Maw","floor":44.0,"turns":4.0},{"damage":30,"enemies":"Mind Bloom Boss Battle","floor":45,"turns":6},{"damage":37,"enemies":"2 Orb Walkers","floor":47,"turns":5},{"damage":1,"enemies":"Writhing Mass","floor":48,"turns":4},{"damage":52,"enemies":"Donu and Deca","floor":50,"turns":6}],"seed_played":"3771349089037185551","potions_obtained":[{"floor":3.0,"key":"ColorlessPotion"},{"floor":12.0,"key":"SkillPotion"},{"floor":13.0,"key":"SkillPotion"},{"floor":14.0,"key":"Dexterity Potion"},{"floor":28.0,"key":"SkillPotion"},{"floor":31.0,"key":"AttackPotion"},{"floor":33.0,"key":"Regen Potion"},{"floor":38.0,"key":"Block Potion"},{"floor":47,"key":"Swift Potion"}],"is_trial":false,"path_per_floor":["M","?","M","?","$","R","M","R","T","?","$","M","M","M","R","B",null,"M","?","T","M","$","E","T","R","T","?","M","R","$","M","R","B",null,"M","$","?","M","?","R","?","T","T","M","?","R","?","M","R","B",null],"character_chosen":"ASTROLOGER","items_purchased":["Toolbox","Vajra","Oddly Smooth Stone","astrologer:Prismatic"],"campfire_rested":1,"item_purchase_floors":[22,30,36,36],"current_hp_per_floor":[76,76,76,76,76,76,74,74,74,74,74,74,70,63,63,63,77,61,61,61,45,45,5,5,28,28,14,14,14,14,14,14,12,82,63,63,63,63,63,63,53,53,53,52,61,61,26,27,27,2],"gold":214,"neow_bonus":"TEN_PERCENT_HP_BONUS","is_daily":false,"chose_seed":false,"campfire_upgraded":8,"win_rate":0.0,"timestamp":1609499595,"path_taken":["M","?","M","?","$","R","?","R","T","?","?","M","M","M","R","BOSS","M","?","?","?","$","E","?","R","T","?","M","R","?","M","R","BOSS","M","$","?","M","?","R","?","?","T","?","?","R","?","M","R","BOSS"],"items_purchased_type":["Relic","Relic","Relic","Card"],"build_version":"2020-12-22","purchased_purges":0,"victory":true,"max_hp_per_floor":[77,77,77,77,77,77,77,77,77,77,77,77,77,77,77,77,77,77,77,77,77,77,77,77,77,77,82,82,82,82,82,82,82,82,82,82,82,82,82,82,82,82,82,82,82,82,82,82,82,82],"card_choices":[{"not_picked":["astrologer:TheEmperor","astrologer:SpaceDust","astrologer:FrozenStar"],"picked":"SKIP","floor":1.0},{"not_picked":["astrologer:Conjunction","astrologer:SolarFlare"],"picked":"astrologer:MeteorShower","floor":3.0},{"not_picked":["astrologer:Eclipse","astrologer:SolarFlare","astrologer:CometStrike"],"picked":"SKIP","floor":7.0},{"not_picked":["astrologer:Stardust","astrologer:Conjunction"],"picked":"astrologer:Opposition","floor":12.0},{"not_picked":["astrologer:Observe","astrologer:SolarFlare","astrologer:ReadTheStars"],"picked":"SKIP","floor":13.0},{"not_picked":["astrologer:TheChariot","astrologer:MeteorShower"],"picked":"astrologer:FadingStar","floor":14.0},{"not_picked":["astrologer:BlackHole","astrologer:Starfield"],"picked":"astrologer:Premonition","floor":16.0},{"not_picked":["astrologer:ReadTheStars","astrologer:Radiance+1"],"picked":"astrologer:Conjunction","floor":18.0},{"not_picked":["astrologer:Eclipse","astrologer:Strength"],"picked":"astrologer:Fireball+1","floor":21.0},{"not_picked":["astrologer:FrozenStar","astrologer:TheHermit"],"picked":"astrologer:Confirmation+1","floor":23.0},{"not_picked":["astrologer:Moonlight","astrologer:Radiance+1"],"picked":"astrologer:MeteorShower","floor":28.0},{"not_picked":["astrologer:Moonlight+1","astrologer:Radiance","astrologer:SpaceDust"],"picked":"SKIP","floor":28.0},{"not_picked":["astrologer:SolarFlare","astrologer:TheHierophant"],"picked":"astrologer:Nova","floor":31.0},{"not_picked":["astrologer:TheEmperor","astrologer:Conjunction"],"picked":"astrologer:Strength","floor":31.0},{"not_picked":["astrologer:TheChariot","astrologer:Alignment"],"picked":"astrologer:Starfield","floor":33.0},{"not_picked":["astrologer:Quincunx+1","astrologer:Cataclysm"],"picked":"astrologer:Strength+1","floor":35.0},{"not_picked":["astrologer:MeteorShower+1","astrologer:SolarFlare"],"picked":"astrologer:Sunrise","floor":35.0},{"not_picked":["astrologer:Opposition","astrologer:FrozenStar"],"picked":"astrologer:StarOfRegret+1","floor":38.0},{"not_picked":["astrologer:FrozenStar+1","astrologer:Premeditation","astrologer:ReadTheStars"],"picked":"SKIP","floor":38.0},{"not_picked":["Forethought","Swift Strike"],"picked":"Secret Technique","floor":41.0},{"not_picked":["Good Instincts","Blind"],"picked":"Transmutation","floor":41.0},{"not_picked":["Finesse","Good Instincts"],"picked":"Mayhem","floor":41.0},{"not_picked":["astrologer:Stardust+1","astrologer:Observe"],"picked":"astrologer:Opposition","floor":44.0},{"not_picked":["astrologer:TheEmpress+1","astrologer:Still+1"],"picked":"astrologer:MeteorShower+1","floor":44.0},{"not_picked":["astrologer:Still+1","astrologer:SpaceDust"],"picked":"astrologer:StarOfCourage+1","floor":45},{"not_picked":["astrologer:SolarFlare","astrologer:Novile"],"picked":"astrologer:StarOfMisfortune+1","floor":47},{"not_picked":["astrologer:SolarFlare+1","astrologer:Moonlight"],"picked":"astrologer:TheStar+1","floor":48},{"not_picked":["astrologer:Eclipse","astrologer:Stardust"],"picked":"astrologer:Sunrise+1","floor":48}],"player_experience":1771482,"relics_obtained":[{"floor":9.0,"key":"Boot"},{"floor":20.0,"key":"Pantograph"},{"floor":23.0,"key":"Prayer Wheel"},{"floor":24.0,"key":"Akabeko"},{"floor":26.0,"key":"Art of War"},{"floor":42.0,"key":"Blood Vial"},{"floor":43.0,"key":"Smiling Mask"},{"floor":45,"key":"StoneCalendar"},{"floor":47,"key":"Pocketwatch"}],"event_choices":[{"cards_removed":["astrologer:Defend"],"damage_healed":0.0,"max_hp_gain":0.0,"max_hp_loss":0.0,"gold_gain":0.0,"event_name":"The Cleric","player_choice":"Card Removal","floor":2.0,"gold_loss":50.0,"damage_taken":0.0},{"damage_healed":0.0,"max_hp_gain":0.0,"max_hp_loss":0.0,"gold_gain":0.0,"event_name":"Match and Keep!","player_choice":"4 cards matched","floor":4.0,"gold_loss":0.0,"damage_taken":0.0,"cards_obtained":["astrologer:Conjunction","astrologer:ShootingStar","Discovery","astrologer:Wish"]},{"damage_healed":0.0,"max_hp_gain":0.0,"max_hp_loss":0.0,"gold_gain":0.0,"event_name":"Dead Adventurer","player_choice":"Searched \u00271\u0027 times","floor":10.0,"gold_loss":0.0,"damage_taken":0.0,"relics_obtained":["Mummified Hand"]},{"damage_healed":0.0,"max_hp_gain":0.0,"max_hp_loss":0.0,"gold_gain":0.0,"event_name":"Ghosts","player_choice":"Ignored","floor":19.0,"gold_loss":0.0,"damage_taken":0.0},{"damage_healed":0.0,"max_hp_gain":5.0,"max_hp_loss":0.0,"gold_gain":0.0,"event_name":"Forgotten Altar","player_choice":"Shed Blood","floor":27.0,"gold_loss":0.0,"damage_taken":19.0},{"damage_healed":0.0,"max_hp_gain":0.0,"max_hp_loss":0.0,"gold_gain":0.0,"event_name":"Tomb of Lord Red Mask","player_choice":"Paid","floor":37.0,"gold_loss":1.0,"damage_taken":0.0,"relics_obtained":["Red Mask"]},{"cards_removed":["astrologer:Strike"],"damage_healed":0.0,"max_hp_gain":0.0,"max_hp_loss":0.0,"gold_gain":0.0,"event_name":"Falling","player_choice":"Removed Attack","floor":39.0,"gold_loss":0.0,"damage_taken":0.0},{"damage_healed":0.0,"max_hp_gain":0.0,"max_hp_loss":0.0,"gold_gain":0.0,"event_name":"SensoryStone","player_choice":"Memory 3","floor":41.0,"gold_loss":0.0,"damage_taken":10.0},{"damage_healed":0,"gold_gain":0,"player_choice":"Fight","damage_taken":0,"max_hp_gain":0,"max_hp_loss":0,"event_name":"MindBloom","floor":45,"gold_loss":0},{"damage_healed":0,"gold_gain":0,"player_choice":"Fight","damage_taken":0,"max_hp_gain":0,"max_hp_loss":0,"event_name":"Mysterious Sphere","floor":47,"gold_loss":0}],"is_beta":false,"boss_relics":[{"not_picked":["Empty Cage","Runic Dome"],"picked":"SlaversCollar"},{"not_picked":["Sozu","Fusion Hammer"],"picked":"Coffee Dripper"}],"items_purged_floors":[],"is_endless":false,"potions_floor_spawned":[3,12,13,14,28,31,33,38,47],"ascension_level":0}}