{"host":"ftwnpa9ceeptmrn1","time":1609531732,"event":{"mods":["Aspiration","BaseMod","Colored Map","Colored Powertips","Conspire","Downfall","Hubris","Infinite Spire","Minty Spire (QoL Compilation)","Relic Stats","Replay The Spire","StSLib","Waifu the Spire","vexMod"],"gold_per_floor":[155,171,171,171,182,182,182,182,196,214,139,172,172,206,221,321,321,321,335,310,320,320,355,380,13,25,37,54,90,90,111,136,236,236,236,236],"floor_reached":34,"playtime":3738,"items_purged":["hexamod:Strike","hexamod:Strike"],"score":429,"play_id":"57030ed5-7a4a-45ee-a38a-d8a16c5729e1","local_time":"20210101140852","is_ascension_mode":false,"campfire_choices":[{"floor":6,"key":"RECALL"},{"data":"hexamod:Sear","floor":11,"key":"SMITH"},{"data":"hexamod:StepThrough","floor":13,"key":"SMITH"},{"data":"hexamod:GhostflameInferno","floor":18,"key":"SMITH"}],"circlet_count":0,"master_deck":["hexamod:Strike","hexamod:Strike+1","hexamod:Defend+1","hexamod:Defend+1","hexamod:Defend","hexamod:Defend+1","hexamod:Sear+1","hexamod:Float+1","hexamod:FourthSeal","hexamod:Hexaguard","hexamod:FirstSeal","hexamod:AdvancingGuard+1","hexamod:StepThrough+1","hexamod:FifthSeal","hexamod:HeatMetal","hexamod:HauntingEcho","hexamod:SixthSeal","hexamod:GhostflameInferno+1","hexamod:FirstSeal","hexamod:CatchUp+1","hexamod:GhostShield+1","infinitespire:Starlight","hexamod:VolcanoVisage+1","hexamod:ThirdSeal","hexamod:FirstSeal","Madness","hexamod:PhantomFireball+1","hexamod:RadiantFlame+1","hexamod:GhostflameBarrier+1","hexamod:SoulSteal+1","hexamod:SecondSeal","hexamod:SearingWound","hexamod:SixthSeal","hexamod:BurningTouch+1","hexamod:SkipABeat+1","hexamod:SecondSeal","hexamod:HeatShield","hexamod:PhantomCloak+1","hexamod:ThermalTransfer+1","hexamod:TimeOfNeed"],"relics":["hexamod:SpiritBrand","hexamod:MatchstickCase","Frozen Egg 2","Replay:Kaleidoscope","downfall:HeartBlessingRed","Vajra","Pet Ghost","Philosopher\u0027s Stone","Gambling Chip","hubris:ScarierMask","Lantern","aspiration:TomeofQuesting"],"acts_visited":["Exordium","TheCity","TheBeyond"],"potions_floor_usage":[10,12,14,14,16,16,32,33,33],"damage_taken":[{"damage":0,"enemies":"2 Louse","floor":2,"turns":3},{"damage":0,"enemies":"Jaw Worm","floor":5,"turns":3},{"damage":0,"enemies":"Cultist","floor":9,"turns":4},{"damage":4,"enemies":"Exordium Thugs","floor":10,"turns":7},{"damage":13,"enemies":"3 Sentries","floor":12,"turns":7},{"damage":6,"enemies":"Lagavulin","floor":14,"turns":6},{"damage":11,"enemies":"3 Louse","floor":15,"turns":4},{"damage":57,"enemies":"downfall:Ironclad","floor":16,"turns":11},{"damage":22,"enemies":"Spheric Guardian","floor":19,"turns":6},{"damage":5,"enemies":"Shell Parasite","floor":21,"turns":3},{"damage":18,"enemies":"Book of Stabbing","floor":23,"turns":5},{"damage":0,"enemies":"downfall:FleeingMerchant","floor":25,"turns":4},{"damage":3,"enemies":"3 Cultists","floor":26,"turns":5},{"damage":22,"enemies":"Snake Plant","floor":27,"turns":5},{"damage":0,"enemies":"Chosen and Byrds","floor":28,"turns":3},{"damage":54,"enemies":"Gremlin Leader","floor":29,"turns":6},{"damage":7,"enemies":"Centurion and Healer","floor":31,"turns":3},{"damage":0,"enemies":"Snecko","floor":32,"turns":5},{"damage":58,"enemies":"downfall:Silent","floor":33,"turns":9}],"seed_played":"-8560028046644645046","potions_obtained":[{"floor":5,"key":"Elixir"},{"floor":9,"key":"Slimebound:ThreeZeroPotion"},{"floor":10,"key":"BlessingOfTheForge"},{"floor":10,"key":"Toxic Potion"},{"floor":12,"key":"Energy Potion"},{"floor":12,"key":"Block Potion"},{"floor":14,"key":"ColorlessPotion"},{"floor":14,"key":"FearPotion"},{"floor":15,"key":"FairyPotion"},{"floor":16,"key":"Doom Potion"},{"floor":19,"key":"SmokeBomb"},{"floor":19,"key":"FearPotion"},{"floor":26,"key":"SkillPotion"},{"floor":27,"key":"hexamod:InfernoChargePotion"},{"floor":31,"key":"infinitespire:BlackPotion"},{"floor":32,"key":"hexamod:DoubleChargePotion"},{"floor":33,"key":"Dexterity Potion"}],"is_trial":false,"path_per_floor":["R_BF","M","?","?","M","R","T","?","M","M","R","E","R","E","M","B",null,"R","M","?","M","AVR","E","T","$","M","M","M","E","?","M","M","B",null],"character_chosen":"THE_SPIRIT","items_purchased":["Madness","hexamod:PhantomFireball","hexamod:RadiantFlame+1","hexamod:GhostflameBarrier"],"campfire_rested":0,"item_purchase_floors":[25,25,25,25],"current_hp_per_floor":[70,70,70,70,70,70,70,70,70,70,70,64,64,65,61,4,70,70,55,55,57,57,56,56,66,70,65,65,32,32,25,35,51,70,70,70],"gold":236,"neow_bonus":"RANDOM_COMMON_RELIC","is_daily":false,"chose_seed":false,"campfire_upgraded":3,"win_rate":0.0,"timestamp":1609531732,"path_taken":["R_BF","M","?","?","M","R","T","?","M","M","R","E","R","E","M","BOSS","R","M","?","M","AVR","E","T","$","M","M","M","E","?","?","M","BOSS"],"items_purchased_type":["Card","Card","Card","Card"],"build_version":"2020-12-22","purchased_purges":2,"victory":false,"max_hp_per_floor":[70,70,70,70,70,70,70,70,70,70,70,70,70,70,70,70,70,70,70,70,70,70,70,70,70,70,70,70,70,70,70,70,70,70,70,70],"relic_stats":{"counters":[19,99],"Gambling Chip":[9],"obtain_stats":[{"Lantern":23,"downfall:HeartBlessingRed":11,"Gambling Chip":22,"Vajra":12,"hubris:ScarierMask":22,"Philosopher\u0027s Stone":17,"aspiration:TomeofQuesting":29,"Replay:Kaleidoscope":7,"Frozen Egg 2":3,"hexamod:SpiritBrand":0,"Pet Ghost":14,"hexamod:MatchstickCase":0},{"Lantern":11,"downfall:HeartBlessingRed":4,"Gambling Chip":10,"Vajra":5,"hubris:ScarierMask":10,"Philosopher\u0027s Stone":8,"aspiration:TomeofQuesting":16,"Replay:Kaleidoscope":2,"Frozen Egg 2":1,"hexamod:SpiritBrand":0,"Pet Ghost":6,"hexamod:MatchstickCase":0},{"Lantern":59,"downfall:HeartBlessingRed":17,"Gambling Chip":54,"Vajra":24,"hubris:ScarierMask":54,"Philosopher\u0027s Stone":45,"aspiration:TomeofQuesting":82,"Replay:Kaleidoscope":6,"Frozen Egg 2":3,"hexamod:SpiritBrand":0,"Pet Ghost":30,"hexamod:MatchstickCase":0}]},"card_choices":[{"not_picked":["hexamod:PhantomCloak","hexamod:AdvancingGuard"],"picked":"hexamod:FourthSeal","floor":2},{"not_picked":["hexamod:GhostflameBarrier","hexamod:GhostShield"],"picked":"hexamod:Hexaguard","floor":5},{"not_picked":["hexamod:NightmareGuise","hexamod:FourthSeal"],"picked":"hexamod:AdvancingGuard","floor":9},{"not_picked":["hexamod:BacktrackSmack","hexamod:SkipABeat"],"picked":"hexamod:StepThrough","floor":10},{"not_picked":["hexamod:Incineration","hexamod:HauntingEcho"],"picked":"hexamod:FifthSeal","floor":12},{"not_picked":["hexamod:Firestarter","hexamod:Rewind"],"picked":"hexamod:HeatMetal","floor":14},{"not_picked":["hexamod:GhostShield","hexamod:SwordOfDarkness"],"picked":"hexamod:HauntingEcho","floor":15},{"not_picked":["hexamod:FourthSeal","hexamod:FirstSeal"],"picked":"hexamod:SixthSeal","floor":16},{"not_picked":["hexamod:WildfireWeapon+1","hexamod:SixthSeal"],"picked":"hexamod:GhostflameInferno","floor":16},{"not_picked":["hexamod:SecondSeal","hexamod:FourthSeal"],"picked":"hexamod:FirstSeal","floor":19},{"not_picked":["hexamod:BurningTouch","hexamod:SkipABeat"],"picked":"hexamod:CatchUp+1","floor":19},{"not_picked":["hexamod:RainOfEmbers","hexamod:SwordOfDarkness"],"picked":"hexamod:GhostShield","floor":21},{"not_picked":["hexamod:NightmareStrike","hexamod:PhantomFireball"],"picked":"hexamod:VolcanoVisage+1","floor":23},{"not_picked":["hexamod:FourthSeal","hexamod:SecondSeal"],"picked":"hexamod:ThirdSeal","floor":25},{"not_picked":["hexamod:ShieldOfDarkness","hexamod:BacktrackSmack+1"],"picked":"hexamod:FirstSeal","floor":25},{"not_picked":["hexamod:StepThrough","hexamod:SpectersWail+1"],"picked":"hexamod:SoulSteal+1","floor":26},{"not_picked":["hexamod:FirstSeal","hexamod:FourthSeal"],"picked":"hexamod:SecondSeal","floor":26},{"not_picked":["hexamod:GhostLash+1","hexamod:BurningTouch"],"picked":"hexamod:SearingWound","floor":26},{"not_picked":["hexamod:SecondSeal","hexamod:FirstSeal"],"picked":"hexamod:SixthSeal","floor":27},{"not_picked":["hexamod:HexaLevel+1","hexamod:NightmareStrike"],"picked":"hexamod:BurningTouch+1","floor":27},{"not_picked":["hexamod:RainOfEmbers","hexamod:EtherealExpedition+1"],"picked":"hexamod:SkipABeat+1","floor":28},{"not_picked":["hexamod:GhostOfSpirePresent+1","hexamod:HeatCrush+1"],"picked":"hexamod:SecondSeal","floor":28},{"not_picked":["hexamod:BurningTouch","hexamod:ShieldOfDarkness"],"picked":"hexamod:HeatShield","floor":29},{"not_picked":["hexamod:EtherealExpedition","hexamod:Hexaguard+1"],"picked":"hexamod:PhantomCloak+1","floor":29},{"not_picked":["hexamod:SecondSeal","hexamod:RainOfEmbers+1"],"picked":"hexamod:ThermalTransfer+1","floor":31},{"not_picked":["hexamod:NecessarySacrifice","hexamod:RainOfEmbers","hexamod:DynamicBlow"],"picked":"SKIP","floor":32},{"not_picked":["hexamod:SearingWound","hexamod:FifthSeal"],"picked":"hexamod:TimeOfNeed","floor":33}],"player_experience":230346,"relics_obtained":[{"floor":7,"key":"Replay:Kaleidoscope"},{"floor":12,"key":"Vajra"},{"floor":14,"key":"Pet Ghost"},{"floor":23,"key":"Lantern"},{"floor":29,"key":"aspiration:TomeofQuesting"}],"event_choices":[{"damage_healed":0,"gold_gain":0,"player_choice":"Ignored","damage_taken":0,"max_hp_gain":0,"max_hp_loss":0,"event_name":"Transmorgrifier","floor":30,"gold_loss":0}],"is_beta":false,"boss_relics":[{"not_picked":["Kintsugi","Replay:Bronze Core"],"picked":"Philosopher\u0027s Stone"},{"not_picked":["Astrolabe","Replay:Grab Bag","aspiration:IroncladSkillbook"]}],"items_purged_floors":[22,25],"is_endless":false,"potions_floor_spawned":[10,12,14,19,27,28,31,32,33],"ascension_level":0}}