{"host":"2461dio7vetlq1z3","time":1609512602,"event":{"mods":["2.2 Compatiblity","AchievementEnabler","BaseMod","Better Third Choice","Friendly Minions","Hubris","Minty Spire (QoL Compilation)","Relic Stats","Spicy Shops","StSLib","Waifu the Spire"],"gold_per_floor":[118,118,134,152,152,152,177,189,189,224,374,374,60,72,72,72,72],"floor_reached":16,"playtime":388,"items_purged":["Doubt"],"score":220,"play_id":"d47575ae-1d74-47df-ab1c-4776ee72acb5","local_time":"20210101155002","is_ascension_mode":true,"campfire_choices":[{"data":"Sunder","floor":6,"key":"SMITH"},{"floor":12,"key":"DIG"},{"floor":15,"key":"DIG"}],"circlet_count":0,"master_deck":["AscendersBane","Strike_B","Strike_B","Strike_B","Defend_B","Defend_B","Defend_B","Defend_B","Zap","Dualcast","Sunder+1","Cold Snap","Cold Snap","Multi-Cast","Recycle","hubris:SpecializedCircuitry","Electrodynamics","Echo Form","Coolheaded"],"relics":["Cracked Core","NeowsBlessing","TungstenRod","Shovel","hubris:SlimyHat","hubris:TinFlute","PreservedInsect"],"acts_visited":["Exordium"],"potions_floor_usage":[7,10,16],"damage_taken":[{"damage":0,"enemies":"2 Louse","floor":1,"turns":1},{"damage":0,"enemies":"Cultist","floor":3,"turns":1},{"damage":0,"enemies":"Small Slimes","floor":4,"turns":1},{"damage":24,"enemies":"Gremlin Nob","floor":7,"turns":4},{"damage":8,"enemies":"Looter","floor":8,"turns":3},{"damage":9,"enemies":"3 Sentries","floor":10,"turns":5},{"damage":0,"enemies":"Lots of Slimes","floor":14,"turns":1},{"damage":24,"enemies":"The Guardian","floor":16,"turns":2}],"seed_played":"-2647257706903524771","potions_obtained":[{"floor":1,"key":"FocusPotion"},{"floor":2,"key":"EssenceOfDarkness"},{"floor":7,"key":"Swift Potion"}],"is_trial":false,"path_per_floor":["M","?","M","M","?","R","E","M","T","E","?","R","$","M","R","B"],"character_chosen":"DEFECT","items_purchased":["Echo Form","Coolheaded"],"campfire_rested":0,"item_purchase_floors":[13,13],"current_hp_per_floor":[64,64,64,64,64,64,40,32,32,23,23,23,23,23,23,0,0],"gold":72,"neow_bonus":"THREE_ENEMY_KILL","is_daily":false,"chose_seed":false,"campfire_upgraded":1,"win_rate":0.0,"timestamp":1609512602,"path_taken":["M","?","?","M","?","R","E","?","T","E","?","R","$","M","R","BOSS"],"items_purchased_type":["Card","Card"],"build_version":"2020-12-22","purchased_purges":1,"victory":false,"max_hp_per_floor":[71,71,71,71,71,71,71,71,71,71,71,71,71,71,71,71,71],"relic_stats":{"Shovel":2,"counters":[8,18],"PreservedInsect":0,"obtain_stats":[{"Shovel":9,"NeowsBlessing":0,"PreservedInsect":15,"hubris:SlimyHat":10,"Cracked Core":0,"TungstenRod":7,"hubris:TinFlute":12},{"Shovel":5,"NeowsBlessing":0,"PreservedInsect":7,"hubris:SlimyHat":6,"Cracked Core":0,"TungstenRod":4,"hubris:TinFlute":6},{"Shovel":10,"NeowsBlessing":0,"PreservedInsect":16,"hubris:SlimyHat":15,"Cracked Core":0,"TungstenRod":7,"hubris:TinFlute":15}],"TungstenRod":4},"card_choices":[{"not_picked":["Blizzard","Leap"],"picked":"Sunder","floor":1},{"not_picked":["Beam Cell","Turbo"],"picked":"Cold Snap","floor":3},{"not_picked":["Go for the Eyes","Blizzard"],"picked":"Cold Snap","floor":4},{"not_picked":["Redo","Stack"],"picked":"Recycle","floor":7},{"not_picked":["Rebound","Compile Driver"],"picked":"hubris:SpecializedCircuitry","floor":8},{"not_picked":["Beam Cell","Compile Driver"],"picked":"Electrodynamics","floor":10},{"not_picked":["Conserve Battery","Compile Driver","BootSequence"],"picked":"SKIP","floor":14}],"player_experience":981379,"relics_obtained":[{"floor":7,"key":"TungstenRod"},{"floor":9,"key":"Shovel"},{"floor":10,"key":"hubris:SlimyHat"},{"floor":12,"key":"hubris:TinFlute"},{"floor":15,"key":"PreservedInsect"}],"event_choices":[{"damage_healed":0,"gold_gain":0,"player_choice":"Got Potions","damage_taken":0,"max_hp_gain":0,"max_hp_loss":0,"event_name":"Lab","floor":2,"gold_loss":0},{"damage_healed":0,"gold_gain":0,"cards_transformed":["Strike_B"],"player_choice":"Transformed","damage_taken":0,"max_hp_gain":0,"max_hp_loss":0,"event_name":"Transmorgrifier","floor":5,"gold_loss":0,"cards_obtained":["Multi-Cast"]},{"damage_healed":0,"gold_gain":150,"player_choice":"AGREE","damage_taken":224,"max_hp_gain":0,"max_hp_loss":0,"event_name":"betterThird:BetterSerpent","floor":11,"gold_loss":0}],"is_beta":false,"boss_relics":[],"items_purged_floors":[13],"is_endless":false,"potions_floor_spawned":[1,7],"killed_by":"The Guardian","ascension_level":20}}