{"host":"yiit85oc4oi3nqs8","time":1609512532,"event":{"mods":["AchievementEnabler","BaseMod","Better Third Choice","Block Reminder","DeckTracker","Highlight Path","Keyboard Shortcuts","Minty Spire (QoL Compilation)","MonsterHotkey","Quick Restart","Random Character Button","Relic Stats","StSLib"],"gold_per_floor":[112,262,275,38,38,38,63,63,63,63,63,78,129,129,179,211,258,278,288,288,288,318,318,318,394,394,411,411,411,427,427,452,452,352,277,152,152,152,162,212,232,255,280,306,329,352,365,215,215,225,241,241,241,241,317,317,331,331,331,331,331,331,331,75,110,110],"floor_reached":67,"playtime":1783,"items_purged":["Doubt","Strike_R","Bash","Strike_R","Defend_R"],"score":2258,"play_id":"cacbbb49-6582-44c7-8ec8-de5068be8ce7","local_time":"20210101234852","is_ascension_mode":true,"campfire_choices":[{"data":"Searing Blow","floor":8.0,"key":"SMITH"},{"data":"Searing Blow+1","floor":10.0,"key":"SMITH"},{"data":"Searing Blow+2","floor":11.0,"key":"SMITH"},{"data":"Searing Blow+3","floor":20.0,"key":"SMITH"},{"data":"Searing Blow+4","floor":21.0,"key":"SMITH"},{"floor":23.0,"key":"RECALL"},{"data":"Armaments","floor":24.0,"key":"SMITH"},{"floor":37.0,"key":"REST"},{"data":"Searing Blow+5","floor":38.0,"key":"SMITH"},{"data":"Searing Blow+6","floor":52,"key":"SMITH"},{"data":"Searing Blow+7","floor":53,"key":"SMITH"},{"data":"Searing Blow+8","floor":54,"key":"SMITH"},{"data":"Searing Blow+9","floor":62,"key":"SMITH"}],"circlet_count":0,"master_deck":["AscendersBane","Strike_R+1","Strike_R+1","Defend_R","Defend_R+1","Defend_R+1","True Grit","Limit Break","Searing Blow+10","Armaments+1","Fiend Fire+1"],"relics":["Burning Blood","NeowsBlessing","Orichalcum","Vajra","Omamori","Bronze Scales","Oddly Smooth Stone","Molten Egg 2","SlaversCollar","Red Mask","Necronomicon","Nunchaku","Akabeko","War Paint","Whetstone","Anchor","Coffee Dripper","Lizard Tail"],"acts_visited":["Exordium","TheCity","TheBeyond","TheEnding"],"potions_floor_usage":[55,66,66],"damage_taken":[{"damage":0.0,"enemies":"Jaw Worm","floor":1.0,"turns":1.0},{"damage":0.0,"enemies":"Small Slimes","floor":3.0,"turns":2.0},{"damage":0.0,"enemies":"Lagavulin","floor":7.0,"turns":1.0},{"damage":0.0,"enemies":"Cultist","floor":12.0,"turns":3.0},{"damage":29.0,"enemies":"Lagavulin","floor":16.0,"turns":6.0},{"damage":0.0,"enemies":"Large Slime","floor":18.0,"turns":6.0},{"damage":4.0,"enemies":"2 Fungi Beasts","floor":19.0,"turns":3.0},{"damage":10.0,"enemies":"3 Sentries","floor":22.0,"turns":6.0},{"damage":28.0,"enemies":"Hexaghost","floor":25.0,"turns":6.0},{"damage":5.0,"enemies":"Spheric Guardian","floor":27.0,"turns":3.0},{"damage":21.0,"enemies":"Shell Parasite","floor":30.0,"turns":4.0},{"damage":24.0,"enemies":"Masked Bandits","floor":32.0,"turns":4.0},{"damage":0,"enemies":"Sentry and Sphere","floor":39,"turns":3},{"damage":13,"enemies":"Snecko","floor":41,"turns":5},{"damage":0,"enemies":"Snake Plant","floor":47,"turns":2},{"damage":0,"enemies":"Centurion and Healer","floor":50,"turns":3},{"damage":0,"enemies":"Shelled Parasite and Fungi","floor":51,"turns":1},{"damage":0,"enemies":"Collector","floor":55,"turns":3},{"damage":0,"enemies":"3 Darklings","floor":57,"turns":9},{"damage":39,"enemies":"Awakened One","floor":60,"turns":6},{"damage":8,"enemies":"Shield and Spear","floor":65,"turns":4},{"damage":109,"enemies":"The Heart","floor":66,"turns":5}],"seed_played":"4907539979351012281","potions_obtained":[{"floor":7.0,"key":"Swift Potion"},{"floor":12.0,"key":"Explosive Potion"},{"floor":16.0,"key":"Block Potion"},{"floor":19.0,"key":"PowerPotion"},{"floor":30.0,"key":"SkillPotion"},{"floor":39,"key":"SkillPotion"},{"floor":47,"key":"PowerPotion"},{"floor":55,"key":"Ancient Potion"}],"is_trial":false,"path_per_floor":["M","?","M","$","$","?","E","R","E","R","R","M","T","T","T","E","?","M","M","R","R","E","R","R","B",null,"M","?","?","M","?","?","?","$","?","$","R","R","M","?","M","T","T","T","T","?","M","$","?","M","M","R","R","R","B",null,"M","?","?","B",null,"R","$","$","E","B",null],"character_chosen":"IRONCLAD","items_purchased":["Limit Break","LiquidMemories"],"campfire_rested":1,"item_purchase_floors":[4,64],"current_hp_per_floor":[74,74,75,75,75,80,80,80,80,80,80,80,80,80,80,57,57,63,65,65,65,61,61,61,39,70,71,71,71,56,56,38,17,17,17,17,41,41,47,47,40,40,40,40,40,40,46,46,46,52,58,58,58,58,64,76,80,80,80,47,72,72,72,72,70,9],"gold":110,"neow_bonus":"THREE_ENEMY_KILL","is_daily":false,"chose_seed":false,"campfire_upgraded":11,"win_rate":0.0,"timestamp":1609512532,"path_taken":["M","?","M","$","$","?","E","R","E","R","R","M","T","T","?","E","?","M","M","R","R","E","R","R","BOSS","M","?","?","?","?","?","?","$","?","$","R","R","M","?","?","T","T","T","?","?","M","?","?","M","M","R","R","R","BOSS","M","?","?","BOSS","R","$","$","E","BOSS"],"items_purchased_type":["Card","Potion"],"build_version":"2020-12-22","purchased_purges":5,"victory":true,"max_hp_per_floor":[75,75,75,75,75,80,80,80,80,80,80,80,80,80,80,80,80,80,80,80,80,80,80,80,80,80,80,80,80,80,80,80,80,80,80,80,80,80,80,80,80,80,80,80,80,80,80,80,80,80,80,80,80,80,80,80,80,80,80,80,80,80,80,80,80,80],"relic_stats":{"Nunchaku":[5],"Lizard Tail":40,"counters":[22,86],"Bronze Scales":[219],"Necronomicon":[31],"Whetstone":["Strike_R","Strike_R"],"Orichalcum":[108],"War Paint":["Defend_R","Defend_R"],"obtain_stats":[{"NeowsBlessing":0,"Vajra":13,"Oddly Smooth Stone":17,"Omamori":15,"Whetstone":45,"Orichalcum":7,"War Paint":44,"Burning Blood":0,"Akabeko":43,"SlaversCollar":26,"Nunchaku":42,"Anchor":46,"Lizard Tail":65,"Bronze Scales":16,"Molten Egg 2":22,"Red Mask":32,"Necronomicon":33,"Coffee Dripper":56},{"NeowsBlessing":0,"Vajra":4,"Oddly Smooth Stone":5,"Omamori":4,"Whetstone":14,"Orichalcum":3,"War Paint":14,"Burning Blood":0,"Akabeko":14,"SlaversCollar":9,"Nunchaku":14,"Anchor":14,"Lizard Tail":21,"Bronze Scales":5,"Molten Egg 2":8,"Red Mask":12,"Necronomicon":12,"Coffee Dripper":18},{"NeowsBlessing":0,"Vajra":7,"Oddly Smooth Stone":13,"Omamori":7,"Whetstone":53,"Orichalcum":4,"War Paint":53,"Burning Blood":0,"Akabeko":53,"SlaversCollar":34,"Nunchaku":53,"Anchor":53,"Lizard Tail":81,"Bronze Scales":13,"Molten Egg 2":28,"Red Mask":45,"Necronomicon":45,"Coffee Dripper":62}],"Burning Blood":113},"card_choices":[{"not_picked":["Anger","Iron Wave"],"picked":"True Grit","floor":1.0},{"not_picked":["Perfected Strike","Wild Strike","Anger"],"picked":"SKIP","floor":3.0},{"not_picked":["Feel No Pain","Rage"],"picked":"Searing Blow","floor":7.0},{"not_picked":["Cleave","Power Through","Wild Strike"],"picked":"SKIP","floor":12.0},{"not_picked":["Cleave","Fiend Fire","True Grit"],"picked":"SKIP","floor":16.0},{"not_picked":["Sentinel","Clash","Warcry"],"picked":"SKIP","floor":18.0},{"not_picked":["Cleave","Anger","Pommel Strike"],"picked":"SKIP","floor":19.0},{"not_picked":["Disarm","Burning Pact"],"picked":"Armaments","floor":22.0},{"not_picked":["Immolate+1","Reaper+1"],"picked":"Fiend Fire+1","floor":25.0},{"not_picked":["Rampage+1","Perfected Strike+1","Evolve+1"],"picked":"SKIP","floor":27.0},{"not_picked":["Thunderclap+1","Sword Boomerang+1","Flex+1"],"picked":"SKIP","floor":30.0},{"not_picked":["Pommel Strike+1","Twin Strike+1","Bloodletting+1"],"picked":"SKIP","floor":39},{"not_picked":["Havoc","Offering","Pommel Strike+1"],"picked":"SKIP","floor":41},{"not_picked":["Heavy Blade+1","Perfected Strike+1","Clothesline+1"],"picked":"SKIP","floor":47},{"not_picked":["Flex+1","Burning Pact","Sever Soul+1"],"picked":"SKIP","floor":50},{"not_picked":["Sentinel","Body Slam+1","Headbutt+1"],"picked":"SKIP","floor":51},{"not_picked":["Battle Trance+1","Thunderclap+1","Evolve+1"],"picked":"SKIP","floor":57},{"not_picked":["Perfected Strike+1","Sword Boomerang+1","Thunderclap+1"],"picked":"SKIP","floor":65}],"player_experience":422425,"relics_obtained":[{"floor":7.0,"key":"Orichalcum"},{"floor":13.0,"key":"Vajra"},{"floor":15.0,"key":"Omamori"},{"floor":16.0,"key":"Bronze Scales"},{"floor":17.0,"key":"Oddly Smooth Stone"},{"floor":22.0,"key":"Molten Egg 2"},{"floor":32.0,"key":"Red Mask"},{"floor":33.0,"key":"Necronomicon"},{"floor":42,"key":"Nunchaku"},{"floor":43,"key":"Akabeko"},{"floor":44,"key":"War Paint"},{"floor":45,"key":"Whetstone"},{"floor":46,"key":"Anchor"},{"floor":65,"key":"Lizard Tail"}],"event_choices":[{"damage_healed":0.0,"max_hp_gain":0.0,"max_hp_loss":0.0,"gold_gain":150.0,"event_name":"betterThird:BetterSerpent","player_choice":"AGREE","floor":2.0,"gold_loss":0.0,"damage_taken":112.0},{"damage_healed":0.0,"max_hp_gain":5.0,"max_hp_loss":0.0,"gold_gain":0.0,"event_name":"Big Fish","player_choice":"Donut","floor":6.0,"gold_loss":0.0,"damage_taken":0.0},{"damage_healed":0.0,"max_hp_gain":0.0,"max_hp_loss":0.0,"gold_gain":0.0,"event_name":"Ghosts","player_choice":"Ignored","floor":28.0,"gold_loss":0.0,"damage_taken":0.0},{"damage_healed":0.0,"max_hp_gain":0.0,"max_hp_loss":0.0,"gold_gain":0.0,"event_name":"N\u0027loth","player_choice":"Ignored","floor":29.0,"gold_loss":0.0,"damage_taken":0.0},{"damage_healed":0.0,"max_hp_gain":0.0,"max_hp_loss":0.0,"gold_gain":0.0,"event_name":"Masked Bandits","player_choice":"Fought Bandits","floor":32.0,"gold_loss":0.0,"damage_taken":0.0},{"damage_healed":0.0,"max_hp_gain":0.0,"max_hp_loss":0.0,"gold_gain":0.0,"event_name":"Cursed Tome","player_choice":"Obtained Book","floor":33.0,"gold_loss":0.0,"damage_taken":21.0},{"cards_removed":["Strike_R"],"damage_healed":0.0,"max_hp_gain":0.0,"max_hp_loss":0.0,"gold_gain":0.0,"event_name":"Beggar","player_choice":"Gave Gold","floor":35.0,"gold_loss":75.0,"damage_taken":0.0},{"damage_healed":0,"gold_gain":50,"player_choice":"Steal","damage_taken":0,"max_hp_gain":0,"max_hp_loss":0,"event_name":"betterThird:BetterNest","floor":40,"gold_loss":0},{"damage_healed":0,"gold_gain":0,"player_choice":"Memory 1","damage_taken":0,"max_hp_gain":0,"max_hp_loss":0,"event_name":"SensoryStone","floor":58,"gold_loss":0},{"damage_healed":0,"gold_gain":0,"player_choice":"Portal","damage_taken":0,"max_hp_gain":0,"max_hp_loss":0,"event_name":"betterThird:BetterPortal","floor":59,"gold_loss":0}],"is_beta":false,"boss_relics":[{"not_picked":["Snecko Eye","Calling Bell"],"picked":"SlaversCollar"},{"not_picked":["Fusion Hammer","Runic Pyramid"],"picked":"Coffee Dripper"}],"items_purged_floors":[4,34,36,48,64],"is_endless":false,"potions_floor_spawned":[7,12,16,19,30,39,47,50,55,57,65],"ascension_level":17}}