{"host":"wbdly04l9mkn9nrc","time":1609493184,"event":{"mods":["AchievementEnabler","BaseMod","BetterRewards","Minty Spire (QoL Compilation)","StSLib","[IsaacMod]ÒÔÈö¼âËþ"],"gold_per_floor":[111,140,140,153,160,160,173,232,232,268,268,286,286,318,318,393,393,408,408,408,421,421,421,455,455,464,379,379,393,393,406,406,480,480,508,508,508,508,530,556,556,590,590,599,599,619,619,630,630,630],"floor_reached":51,"playtime":2041,"items_purged":["Strike_G","Defend_G","Defend_G","Strike_G","Strike_G","Apotheosis","Strike_G","Accuracy","Defend_G","Bomb","Defend_G","Deadly Poison+1","Backflip","Blur+1","Defend_G+1","Backflip","Acrobatics","Strike_G+1","Cloak And Dagger","Slice","ClearTheMind+1","Shame"],"score":2308,"play_id":"f6b7a631-5ecf-4c4c-8482-07a99498e66d","local_time":"20210101172624","is_ascension_mode":true,"campfire_choices":[{"data":"1","floor":6,"key":"LIFT"},{"data":"2","floor":15,"key":"LIFT"},{"data":"3","floor":23,"key":"LIFT"},{"data":"Poisoned Stab","floor":25,"key":"SMITH"},{"data":"Flying Knee","floor":30,"key":"SMITH"},{"data":"Survivor","floor":32,"key":"SMITH"},{"data":"Underhanded Strike","floor":41,"key":"SMITH"},{"floor":44,"key":"REST"},{"floor":49,"key":"REST"}],"circlet_count":25,"master_deck":["AscendersBane","Survivor+1","Neutralize+1","Flying Knee+1","Poisoned Stab+1","Backflip+1","Underhanded Strike+1","Cloak And Dagger+1","Cloak And Dagger+1","Prepared+1","Backflip+1","Blade Dance+1","Blade Dance+1","Acrobatics+1","Cloak And Dagger+1","Dodge and Roll+1","Outmaneuver+1","Deflect+1","Dagger Spray+1","Underhanded Strike+1","Outmaneuver+1","Flying Knee+1","PiercingWail+1","EmptyFist+1","EmptyBody+1","Twin Strike+1","Heavy Blade+1"],"relics":["Ring of the Snake","HushsDoor","SteamSale","CeramicFish","Anchor","Habit","BookofShadows","Lizard Tail","NineVolt","DoctorsRemote","Juzu Bracelet","Gambling Chip","Membership Card","PreservedInsect","SalivaCoin","Leech","Pen Nib","Gremlin Horn","Whetstone","TuHaoJin","Tingsha","Orichalcum","HandDrill","Mercury Hourglass","Oddly Smooth Stone","ClockworkSouvenir","Snake Skull","War Paint","Strange Spoon","UnicornStump","GnawedLeaf","Bird Faced Urn","Blood Vial","Medical Kit","Tiny Chest","Meat on the Bone","Sling","Letter Opener","Dream Catcher","BookOfRevelations","Centennial Puzzle","Cauldron","HornCleat","Bag of Preparation","PrismaticShard","Toxic Egg 2","Eternal Feather","TheAbacus","Potion Belt","DeadEye","Thread and Needle","Chaos","EdensBlessing","Nunchaku","YumHeart","DeathBook","Kunai","Void","Calipers","Ginger","WristBlade","BelialBook","Happy Flower","Cursed Key","Mark of Pain","Omamori","StoneCalendar","Ring of the Serpent","TheBean","JudasShadow","PunchingBag","MagicMushroom","Blue Candle","Singing Bowl","Bronze Scales","Boot","Tough Bandages","TheBible","CaptainsWheel","Peace Pipe","Incubus","Tiny House","Matryoshka","Magic Flower","Toy Ornithopter","Art of War","OrangePellets","SacredBark","GuppysPaw","Girya","Ninja Scroll","Pear","Nuclear Battery","Bottled Lightning","Runic Cube","WingedGreaves","Self Forming Clay","Akabeko","BFFS","Du-Vu Doll","Darkstone Periapt","Frozen Egg 2","Shuriken","Sundial","Paper Crane","Regal Pillow","Pantograph","TungstenRod","Unceasing Top","SatanicBible","MealTicket","Cables","Charon\u0027s Ashes","HowToJump","Dead Branch","HoveringKite","Succubus","Ornamental Fan","The Specimen","GuppysHead","Lee\u0027s Waffle","Paper Frog","Emotion Chip","Chemical X","Torii","Vajra","Champion Belt","Turnip","Symbiotic Virus","InkBottle","FossilizedHelix","Strawberry","TwistedFunnel","Damocles","Diplopia","DataDisk","Circlet","Odd Mushroom","The Courier","GuppysHairball","Red Skull"],"acts_visited":["Exordium","TheCity","TheBeyond"],"potions_floor_usage":[4],"damage_taken":[{"damage":0.0,"enemies":"2 Louse","floor":1.0,"turns":1.0},{"damage":0.0,"enemies":"Small Slimes","floor":2.0,"turns":1.0},{"damage":0,"enemies":"Jaw Worm","floor":4,"turns":1},{"damage":0,"enemies":"Large Slime","floor":7,"turns":1},{"damage":0,"enemies":"The Mushroom Lair","floor":10,"turns":1},{"damage":0,"enemies":"Blue Slaver","floor":12,"turns":1},{"damage":0,"enemies":"3 Sentries","floor":14,"turns":1},{"damage":0,"enemies":"Hexaghost","floor":16,"turns":1},{"damage":0,"enemies":"3 Byrds","floor":18,"turns":1},{"damage":0,"enemies":"Shell Parasite","floor":21,"turns":1},{"damage":0,"enemies":"Slavers","floor":24,"turns":1},{"damage":0,"enemies":"3 Cultists","floor":29,"turns":1},{"damage":0,"enemies":"Snake Plant","floor":31,"turns":1},{"damage":0,"enemies":"Automaton","floor":33,"turns":1},{"damage":0,"enemies":"3 Shapes","floor":35,"turns":1},{"damage":0,"enemies":"Orb Walker","floor":39,"turns":1},{"damage":0,"enemies":"Reptomancer","floor":40,"turns":1},{"damage":0,"enemies":"Nemesis","floor":42,"turns":1},{"damage":0,"enemies":"3 Darklings","floor":46,"turns":1},{"damage":0,"enemies":"Transient","floor":48,"turns":2},{"damage":0,"enemies":"Awakened One","floor":50,"turns":2}],"seed_played":"-1359053035959458356","potions_obtained":[{"floor":0.0,"key":"PowerPotion"},{"floor":0.0,"key":"PowerPotion"},{"floor":0.0,"key":"PowerPotion"},{"floor":0.0,"key":"PowerPotion"},{"floor":4,"key":"Fruit Juice"},{"floor":10,"key":"DuplicationPotion"},{"floor":21,"key":"FairyPotion"}],"is_trial":false,"path_per_floor":["M","M","$","M","?","R","M","?","T","?","$","M","T","E","R","B",null,"M","?","?","M","$","R","E","R","T","?","$","M","R","M","R","B",null,"M","T","$","?","M","E","R","E","T","R","$","M","?","M","R","B",null],"character_chosen":"THE_SILENT","items_purchased":["CeramicFish","Anchor","Habit","Accuracy","Backflip","BookofShadows","Apotheosis","Acrobatics","NineVolt","DoctorsRemote","Juzu Bracelet","Membership Card","PreservedInsect","SalivaCoin","Backflip","Leech","Pen Nib","Gremlin Horn","Cloak And Dagger","Flying Knee","Whetstone","Poisoned Stab","TuHaoJin","Backflip","Tingsha","Orichalcum","HandDrill","Underhanded Strike","Mercury Hourglass","Oddly Smooth Stone","ClockworkSouvenir","Snake Skull","War Paint","Strange Spoon","UnicornStump","GnawedLeaf","Bird Faced Urn","Blood Vial","Medical Kit","Tiny Chest","Meat on the Bone","Sling","Letter Opener","Dream Catcher","BookOfRevelations","Centennial Puzzle","Cauldron","HornCleat","Bag of Preparation","PrismaticShard","Toxic Egg 2","Eternal Feather","TheAbacus","Cloak And Dagger+1","Potion Belt","DeadEye","Cloak And Dagger+1","Chaos","EdensBlessing","Nunchaku","Prepared+1","YumHeart","DeathBook","Deadly Poison+1","Kunai","Void","Calipers","Ginger","Backflip+1","WristBlade","BelialBook","Blur+1","Happy Flower","Cursed Key","Mark of Pain","Omamori","Blade Dance+1","StoneCalendar","Ring of the Serpent","TheBean","JudasShadow","PunchingBag","MagicMushroom","Blue Candle","Singing Bowl","Bronze Scales","Boot","Blade Dance+1","Tough Bandages","TheBible","CaptainsWheel","Peace Pipe","Incubus","Tiny House","Matryoshka","Acrobatics+1","Magic Flower","Toy Ornithopter","Cloak And Dagger+1","Art of War","OrangePellets","SacredBark","Dodge and Roll+1","GuppysPaw","Girya","Ninja Scroll","Pear","Nuclear Battery","Outmaneuver+1","Bottled Lightning","Runic Cube","WingedGreaves","Self Forming Clay","Akabeko","BFFS","Du-Vu Doll","Darkstone Periapt","Frozen Egg 2","Shuriken","Sundial","Paper Crane","Regal Pillow","Pantograph","TungstenRod","Unceasing Top","SatanicBible","MealTicket","Cables","Charon\u0027s Ashes","HowToJump","Dead Branch","HoveringKite","Succubus","Ornamental Fan","Deflect+1","The Specimen","GuppysHead","Lee\u0027s Waffle","Paper Frog","Emotion Chip","Chemical X","Torii","Vajra","Champion Belt","Turnip","Symbiotic Virus","InkBottle","FossilizedHelix","Dagger Spray","Strawberry","TwistedFunnel","Underhanded Strike","Deflect+1","Slice","Outmaneuver+1","Flying Knee","Circlet","GuppysHairball"],"campfire_rested":2,"item_purchase_floors":[0,0,0,0,0,0,0,0,0,0,0,0,0,0,0,0,0,0,0,0,0,0,0,0,0,0,0,0,0,0,0,0,0,0,0,0,0,0,0,0,0,0,0,0,0,0,0,0,0,0,0,0,0,0,0,0,0,0,0,0,0,0,0,0,0,0,0,0,0,0,0,0,0,0,0,0,0,0,0,0,0,0,0,0,0,0,0,0,0,0,0,0,0,0,0,0,0,0,0,0,0,0,0,0,0,0,0,0,0,0,0,0,0,0,0,0,0,0,0,0,0,0,0,0,0,0,0,0,0,0,0,0,0,0,0,0,0,0,0,0,0,0,0,0,0,0,0,0,0,0,0,0,0,0,0,0,11,17],"current_hp_per_floor":[106,106,106,123,87,99,109,109,119,127,142,152,152,164,164,166,156,163,163,163,170,170,170,180,180,186,186,186,193,193,200,200,202,202,207,207,207,207,212,224,224,236,236,236,236,243,243,250,252,252],"gold":630,"neow_bonus":"","is_daily":false,"chose_seed":false,"campfire_upgraded":4,"win_rate":0.0,"timestamp":1609493184,"path_taken":["M","M","$","M","?","R","M","?","T","?","$","M","?","E","R","BOSS","M","?","?","M","$","R","E","R","T","?","$","M","R","M","R","BOSS","M","?","$","?","M","E","R","E","T","R","$","M","?","M","R","BOSS"],"items_purchased_type":["Relic","Relic","Relic","Card","Card","Relic","Card","Card","Relic","Relic","Relic","Relic","Relic","Relic","Card","Relic","Relic","Relic","Card","Card","Relic","Card","Relic","Card","Relic","Relic","Relic","Card","Relic","Relic","Relic","Relic","Relic","Relic","Relic","Relic","Relic","Relic","Relic","Relic","Relic","Relic","Relic","Relic","Relic","Relic","Relic","Relic","Relic","Relic","Relic","Relic","Relic","Card","Relic","Relic","Card","Card","Relic","Relic","Card","Relic","Relic","Card","Relic","Card","Relic","Relic","Card","Relic","Relic","Card","Relic","Relic","Relic","Relic","Card","Relic","Relic","Relic","Relic","Relic","Relic","Relic","Relic","Relic","Relic","Card","Relic","Relic","Relic","Relic","Relic","Relic","Relic","Card","Relic","Relic","Card","Relic","Relic","Relic","Card","Relic","Relic","Relic","Relic","Relic","Card","Relic","Relic","Relic","Relic","Relic","Relic","Relic","Relic","Relic","Relic","Relic","Relic","Relic","Relic","Relic","Relic","Relic","Relic","Relic","Relic","Relic","Relic","Relic","Relic","Relic","Card","Relic","Relic","Relic","Relic","Relic","Relic","Relic","Relic","Relic","Relic","Relic","Relic","Relic","Card","Relic","Relic","Card","Card","Card","Card","Card","Undefined","Relic"],"build_version":"2020-12-22","purchased_purges":22,"victory":true,"max_hp_per_floor":[106,106,106,123,123,123,130,130,140,145,145,152,152,164,164,166,156,163,163,163,170,170,170,180,180,186,186,186,193,193,200,200,202,202,207,207,207,207,212,224,224,236,236,236,236,243,243,250,252,252],"card_choices":[{"not_picked":[],"picked":"Bomb","floor":0.0},{"not_picked":["Ball Lightning","Enlightenment+1","Protect+1"],"picked":"Singing Bowl","floor":0.0},{"not_picked":["Choke","Tempest+1","Dodge and Roll+1"],"picked":"Singing Bowl","floor":1.0},{"not_picked":["CutThroughFate","Purity+1"],"picked":"PiercingWail+1","floor":2.0},{"not_picked":["Halt+1","All Out Attack","Consume+1"],"picked":"Singing Bowl","floor":4},{"not_picked":["Havoc+1","Flechettes","Fasting2+1"],"picked":"Singing Bowl","floor":7},{"not_picked":["Consecrate","Wish+1"],"picked":"ClearTheMind+1","floor":10},{"not_picked":["PiercingWail+1","Warcry+1","Swivel+1"],"picked":"Singing Bowl","floor":12},{"not_picked":["Outmaneuver+1","Flex+1","Quick Slash"],"picked":"Singing Bowl","floor":14},{"not_picked":["Double Tap+1","Brilliance","MasterReality+1"],"picked":"Singing Bowl","floor":16},{"not_picked":["Deadly Poison+1","Headbutt","Swift Strike+1"],"picked":"Singing Bowl","floor":18},{"not_picked":["Redo+1","Rip and Tear","Shrug It Off+1"],"picked":"Singing Bowl","floor":21},{"not_picked":["Steam Power+1","WheelKick+1"],"picked":"EmptyFist+1","floor":24},{"not_picked":["Sucker Punch","Halt+1","BattleHymn+1"],"picked":"Singing Bowl","floor":29},{"not_picked":["Ball Lightning","Masterful Stab","Loop+1"],"picked":"Singing Bowl","floor":31},{"not_picked":["Night Terror+1","DeusExMachina+1","Thinking Ahead+1"],"picked":"Singing Bowl","floor":33},{"not_picked":["FlurryOfBlows","Hologram+1"],"picked":"EmptyBody+1","floor":35},{"not_picked":["Dark Shackles+1","WindmillStrike"],"picked":"Twin Strike+1","floor":39},{"not_picked":["Noxious Fumes+1","FlyingSleeves","Catalyst+1"],"picked":"Singing Bowl","floor":40},{"not_picked":["Skewer","Clash","Tempest+1"],"picked":"Singing Bowl","floor":42},{"not_picked":["Vengeance+1","Leap+1"],"picked":"Heavy Blade+1","floor":44},{"not_picked":["Metallicize+1","Tempest+1","Thunderclap"],"picked":"Singing Bowl","floor":46},{"not_picked":["FollowUp","Coolheaded+1","Streamline"],"picked":"Singing Bowl","floor":48},{"not_picked":["Tantrum","HandOfGreed","Prostrate+1"],"picked":"Singing Bowl","floor":49}],"player_experience":175489,"relics_obtained":[{"floor":1.0,"key":"Diplopia"},{"floor":2.0,"key":"DataDisk"},{"floor":4,"key":"Circlet"},{"floor":7,"key":"Circlet"},{"floor":9,"key":"Circlet"},{"floor":9,"key":"Circlet"},{"floor":10,"key":"Odd Mushroom"},{"floor":10,"key":"Circlet"},{"floor":12,"key":"Circlet"},{"floor":14,"key":"Circlet"},{"floor":14,"key":"Circlet"},{"floor":18,"key":"Circlet"},{"floor":21,"key":"Circlet"},{"floor":24,"key":"Circlet"},{"floor":24,"key":"Circlet"},{"floor":29,"key":"Circlet"},{"floor":31,"key":"Circlet"},{"floor":35,"key":"Circlet"},{"floor":39,"key":"Circlet"},{"floor":40,"key":"Circlet"},{"floor":40,"key":"Circlet"},{"floor":42,"key":"Circlet"},{"floor":42,"key":"Circlet"},{"floor":46,"key":"Circlet"},{"floor":48,"key":"Circlet"}],"event_choices":[{"damage_healed":0,"gold_gain":0,"player_choice":"Entered Light","damage_taken":37,"max_hp_gain":0,"max_hp_loss":0,"event_name":"Shining Light","floor":5,"gold_loss":0,"cards_upgraded":["Dagger Spray","Flying Knee"]},{"damage_healed":0,"gold_gain":59,"player_choice":"Gained Gold","damage_taken":0,"max_hp_gain":0,"max_hp_loss":0,"event_name":"Golden Wing","floor":8,"gold_loss":0},{"damage_healed":0,"gold_gain":0,"player_choice":"Fought Mushrooms","damage_taken":0,"max_hp_gain":0,"max_hp_loss":0,"event_name":"Mushrooms","floor":10,"gold_loss":0},{"damage_healed":0,"gold_gain":0,"player_choice":"Gave Potion","damage_taken":0,"relics_obtained":["Circlet"],"max_hp_gain":0,"max_hp_loss":0,"event_name":"WeMeetAgain","floor":19,"gold_loss":0},{"damage_healed":0,"gold_gain":0,"player_choice":"Smashed Altar","damage_taken":0,"max_hp_gain":0,"max_hp_loss":0,"event_name":"Forgotten Altar","floor":20,"gold_loss":0,"cards_obtained":["Decay"]},{"damage_healed":0,"gold_gain":0,"player_choice":"Obtained Relic","damage_taken":0,"relics_obtained":["Circlet"],"max_hp_gain":0,"max_hp_loss":0,"event_name":"Addict","floor":27,"gold_loss":85},{"damage_healed":0,"gold_gain":0,"player_choice":"Ignored","damage_taken":0,"max_hp_gain":0,"max_hp_loss":0,"event_name":"Tomb of Lord Red Mask","floor":38,"gold_loss":0},{"cards_removed":["Deflect"],"damage_healed":0,"gold_gain":0,"player_choice":"Removed Skill","damage_taken":0,"max_hp_gain":0,"max_hp_loss":0,"event_name":"Falling","floor":47,"gold_loss":0}],"is_beta":false,"boss_relics":[{"not_picked":["ChampionBelt","Pocketwatch"],"picked":"The Courier"},{"not_picked":[]},{"not_picked":["Snecko Eye","TheBattery"],"picked":"Red Skull"},{"not_picked":[]}],"items_purged_floors":[0,0,0,0,0,0,0,0,0,0,0,0,0,0,0,0,0,0,0,3,11,28],"is_endless":false,"potions_floor_spawned":[4,10,12,21,24,31,39,40],"ascension_level":16}}