{"host":"ye7mfqqt9ljtnqit","time":1609506420,"event":{"mods":["BaseMod","Colored Map","Downfall","Marisa£®ÏF”Í°°ƒß¿Ì…≥£©","Minty Spire (QoL Compilation)","StSLib","SuperFastMode","The Servant 0.9.4"],"gold_per_floor":[99,99,99,26,26,38,38,58,73,73,88,88,122,134,145,145,145,145],"floor_reached":16,"playtime":820,"items_purged":[],"score":102,"play_id":"61de982c-f4e4-41ab-8602-00a54b4b9688","local_time":"20210101210700","is_ascension_mode":false,"campfire_choices":[{"floor":1.0,"key":"RECALL"},{"data":"Guardian:CurlUp","floor":10,"key":"SMITH"}],"circlet_count":0,"master_deck":["Guardian:Strike_Guardian","Guardian:Strike_Guardian","Guardian:Strike_Guardian","Guardian:Defend_Guardian","Guardian:Defend_Guardian","Guardian:Defend_Guardian","Guardian:Defend_Guardian","Guardian:CurlUp+1","Guardian:TwinSlam","Guardian:RollAttack","Guardian:SpikerProtocol","Guardian:ShieldCharger","Guardian:TimeSifter","Guardian:Gem_Green","Guardian:WalkerClaw","Guardian:ChargeCore","Guardian:Gem_Fragmented","Guardian:Gem_Purple","Guardian:SpikerProtocol","Guardian:CrystalBeam","Guardian:TimeCapacitor"],"relics":["Guardian:ModeShifter","downfall:HeartsMalice","Bottled Lightning","PreservedInsect"],"acts_visited":["Exordium"],"potions_floor_usage":[11,13,16,16],"damage_taken":[{"damage":0.0,"enemies":"Small Slimes","floor":2.0,"turns":1.0},{"damage":0.0,"enemies":"downfall:FleeingMerchant","floor":4.0,"turns":1.0},{"damage":0.0,"enemies":"Jaw Worm","floor":5.0,"turns":1.0},{"damage":3.0,"enemies":"Cultist","floor":6.0,"turns":3.0},{"damage":3.0,"enemies":"Blue Slaver","floor":8.0,"turns":4.0},{"damage":1.0,"enemies":"2 Fungi Beasts","floor":9.0,"turns":3.0},{"damage":11,"enemies":"Exordium Thugs","floor":11,"turns":6},{"damage":26,"enemies":"Lagavulin","floor":13,"turns":9},{"damage":12,"enemies":"2 Fungi Beasts","floor":14,"turns":4},{"damage":6,"enemies":"Lots of Slimes","floor":15,"turns":2},{"damage":21,"enemies":"downfall:Defect","floor":16,"turns":4}],"seed_played":"-4503250707729474939","potions_obtained":[{"floor":6.0,"key":"SteroidPotion"},{"floor":8.0,"key":"EssenceOfSteel"},{"floor":9.0,"key":"hexamod:EctoCoolerPotion"},{"floor":11,"key":"Swift Potion"}],"is_trial":false,"path_per_floor":["R","M","?","$","M","M","T","M","M","R","M","?","E","M","M","B"],"character_chosen":"GUARDIAN","items_purchased":["Guardian:SpikerProtocol"],"campfire_rested":0,"item_purchase_floors":[4],"current_hp_per_floor":[80,80,80,80,80,77,77,74,73,73,62,62,36,24,18,0,0,0],"gold":145,"neow_bonus":"THREE_ENEMY_KILL","is_daily":false,"chose_seed":false,"campfire_upgraded":1,"win_rate":0.0,"timestamp":1609506420,"path_taken":["R","M","?","$","M","M","T","M","M","R","M","?","E","M","M","BOSS"],"items_purchased_type":["Card"],"build_version":"2020-12-22","purchased_purges":0,"victory":false,"max_hp_per_floor":[80,80,80,80,80,80,80,80,80,80,80,80,80,80,80,80,80,80],"card_choices":[{"not_picked":["Guardian:Gem_Fragmented","Guardian:Gem_Cyan"],"picked":"Guardian:RollAttack","floor":2.0},{"not_picked":["Guardian:Clone","Guardian:ChargeCore"],"picked":"Guardian:Gem_Red","floor":4.0},{"not_picked":["Guardian:VentSteam","Guardian:TemporalStrike"],"picked":"Guardian:ShieldCharger","floor":5.0},{"not_picked":["Guardian:Repulse","Guardian:GuardianWhirl"],"picked":"Guardian:TimeSifter","floor":6.0},{"not_picked":["Guardian:RollAttack","Guardian:Planning"],"picked":"Guardian:Gem_Green","floor":8.0},{"not_picked":["Guardian:VentSteam","Guardian:MultiBeam"],"picked":"Guardian:WalkerClaw","floor":9.0},{"not_picked":["Guardian:WalkerClaw","Guardian:RefractedBeam"],"picked":"Guardian:ChargeCore","floor":11},{"not_picked":["Guardian:Gem_Fragmented","Guardian:TimeCapacitor"],"picked":"Guardian:SpikerProtocol","floor":13},{"not_picked":["Guardian:Recover","Guardian:Clone"],"picked":"Guardian:CrystalBeam","floor":14},{"not_picked":["Guardian:Reroute","Guardian:RollAttack"],"picked":"Guardian:TimeCapacitor","floor":15}],"player_experience":107648,"relics_obtained":[{"floor":7.0,"key":"Bottled Lightning"},{"floor":13,"key":"PreservedInsect"}],"event_choices":[],"is_beta":false,"boss_relics":[],"items_purged_floors":[],"is_endless":false,"potions_floor_spawned":[6,8,9,11],"killed_by":"downfall:Defect","ascension_level":0}}