{"host":"axuns55dzq466eei","time":1609474619,"event":{"mods":["BaseMod","Colored Map","Keyboard Shortcuts","Minty Spire (QoL Compilation)","StSLib","SuperFastMode"],"gold_per_floor":[115,265,340,350,366,366,376,376,376,376,376,392,419,429,429,429,429],"floor_reached":16,"playtime":1013,"items_purged":[],"score":204,"play_id":"402c4b48-542b-4c6a-a121-edb08e09e493","local_time":"20210101131659","is_ascension_mode":true,"campfire_choices":[{"data":"Dagger Throw","floor":6.0,"key":"SMITH"},{"data":"Terror","floor":8.0,"key":"SMITH"},{"data":"Dagger Throw","floor":11.0,"key":"SMITH"},{"data":"Underhanded Strike","floor":15.0,"key":"SMITH"}],"circlet_count":0,"master_deck":["AscendersBane","Strike_G","Strike_G","Strike_G","Strike_G","Strike_G","Defend_G","Defend_G","Defend_G","Defend_G","Defend_G","Survivor","Neutralize","Acrobatics","Doubt","Dagger Throw+1","Dagger Throw+1","Terror+1","Underhanded Strike+1","Backflip","Well Laid Plans","Crippling Poison"],"relics":["Ring of the Snake","NeowsBlessing","TungstenRod","Prayer Wheel"],"acts_visited":["Exordium"],"potions_floor_usage":[],"damage_taken":[{"damage":0.0,"enemies":"2 Louse","floor":1.0,"turns":1.0},{"damage":0.0,"enemies":"Small Slimes","floor":4.0,"turns":2.0},{"damage":0.0,"enemies":"Jaw Worm","floor":5.0,"turns":1.0},{"damage":6.0,"enemies":"3 Louse","floor":7.0,"turns":4.0},{"damage":2.0,"enemies":"Exordium Wildlife","floor":12.0,"turns":3.0},{"damage":23.0,"enemies":"Lagavulin","floor":13.0,"turns":4.0},{"damage":0.0,"enemies":"Gremlin Gang","floor":14.0,"turns":4.0},{"damage":22,"enemies":"Slime Boss","floor":16,"turns":3}],"seed_played":"-4970233057819940432","potions_obtained":[{"floor":4.0,"key":"LiquidMemories"},{"floor":7.0,"key":"Explosive Potion"}],"is_trial":false,"path_per_floor":["M","?","?","M","M","R","M","R","T","?","R","M","E","M","R","B"],"character_chosen":"THE_SILENT","items_purchased":[],"campfire_rested":0,"item_purchase_floors":[],"current_hp_per_floor":[59,59,48,48,48,48,42,42,42,42,42,40,17,17,17,0,0],"gold":429,"neow_bonus":"THREE_ENEMY_KILL","is_daily":false,"chose_seed":false,"campfire_upgraded":4,"win_rate":0.0,"timestamp":1609474619,"path_taken":["M","?","?","M","M","R","M","R","T","?","R","?","E","M","R","BOSS"],"items_purchased_type":[],"build_version":"2020-12-22","purchased_purges":0,"victory":false,"max_hp_per_floor":[66,66,66,66,66,66,66,66,66,66,66,66,66,66,66,66,66],"card_choices":[{"not_picked":["Deflect","Slice"],"picked":"Acrobatics","floor":1.0},{"not_picked":["Footwork","Tactician"],"picked":"Dagger Throw","floor":4.0},{"not_picked":["Deflect","Skewer"],"picked":"Dagger Throw","floor":5.0},{"not_picked":["Flying Knee","Riddle With Holes"],"picked":"Terror","floor":7.0},{"not_picked":["Concentrate","Die Die Die"],"picked":"Underhanded Strike","floor":12.0},{"not_picked":["Finisher","Flechettes"],"picked":"Backflip","floor":13.0},{"not_picked":["Deflect","Dodge and Roll"],"picked":"Well Laid Plans","floor":14.0},{"not_picked":["Deadly Poison","Acrobatics"],"picked":"Crippling Poison","floor":14.0}],"player_experience":1041862,"relics_obtained":[{"floor":9.0,"key":"TungstenRod"},{"floor":13.0,"key":"Prayer Wheel"}],"event_choices":[{"damage_healed":0.0,"max_hp_gain":0.0,"max_hp_loss":0.0,"gold_gain":150.0,"event_name":"Liars Game","player_choice":"AGREE","floor":2.0,"gold_loss":0.0,"damage_taken":0.0,"cards_obtained":["Doubt"]},{"damage_healed":0.0,"max_hp_gain":0.0,"max_hp_loss":0.0,"gold_gain":75.0,"event_name":"World of Goop","player_choice":"Gather Gold","floor":3.0,"gold_loss":0.0,"damage_taken":11.0},{"damage_healed":0.0,"max_hp_gain":0.0,"max_hp_loss":0.0,"gold_gain":0.0,"event_name":"Golden Idol","player_choice":"Ignored","floor":10.0,"gold_loss":0.0,"damage_taken":0.0}],"is_beta":false,"boss_relics":[],"items_purged_floors":[],"is_endless":false,"potions_floor_spawned":[4,7,12],"killed_by":"Slime Boss","ascension_level":20}}