{"host":"97feeoqujgl2pi7v","time":1609506071,"event":{"mods":["AchievementEnabler","Act Like it!","Aspiration","Bard","BaseMod","Better Third Choice","Colored Map","Colored Powertips","Conspire","DeckTracker","Downfall","Duelist Mod","Gensokyo","GifTheSpireLib","Halation","Hallownest","Hermit","Hubris","Infinite Spire","Jorbs\u0027s Wanderer Trilogy","Koishi","Mad Scientist","Marisa（霧雨　魔理沙）","Minty Spire (QoL Compilation)","Rare Cards Sparkle","Reimu（博丽灵梦）","Replay The Spire","Shop Mod","StSLib","The Administrix","The Blackbeard","The Bladedancer","The Bug Knight","The Construct","The Cursed","The Disciple","The Mystic","The Necromancer","The Runesmith","The Saiyan","The Servant 0.9.4","TheBandit"],"gold_per_floor":[111,15,15,29,40,40,73,73,148,148,164,182,182,207,207,305,305,475,503,503,13,30,315,315,315,315,330,210,210,261,274,274,274,274],"floor_reached":33,"playtime":3823,"items_purged":[],"score":273,"play_id":"9c859b3c-dfc4-4c66-ba5d-55d80a804e47","local_time":"20210101080111","is_ascension_mode":false,"campfire_choices":[{"data":"Ricochet","floor":6,"key":"SMITH"},{"floor":10,"key":"REST"},{"floor":15,"key":"REST"},{"data":"Embodiment","floor":25,"key":"SMITH"},{"floor":29,"key":"REST"}],"circlet_count":0,"master_deck":["Strike_S","Strike_S","Strike_S","Strike_S","Defend_S","Defend_S","Defend_S","Defend_S","KidneyShot","Exchange","Rearm","Snipe+1","Rewind","Ricochet+1","Embodiment+1","FlawlessForm+1","SilverBlades+1","Sunlight","GearUp","Deny","CurseOfTheBell","FastForward","Potential","Barrier+1","Spin+1","Sunlight+1","Sabotage+1","Snipe+1","Potential+1"],"relics":["Uniform","NeowsBlessing","Mirror","Mercury Hourglass","Mummified Hand","Calling Bell","Oddly Smooth Stone","aspiration:FetidBarrel","StoneCalendar","hubris:Potato","Gensokyo:RedStar","Molten Egg 2","Replay:Ringing Soul","ReplayTheSpireMod:Ninjato","Thread and Needle","MysterySword","infinitespire:FocusingShard","Gensokyo:DemonMask","Smiling Mask"],"acts_visited":["Gensokyo:Gensokyo","Gensokyo:Gensokyoer"],"potions_floor_usage":[14,16,23,31,33,33],"damage_taken":[{"damage":0,"enemies":"Gensokyo:Python","floor":1,"turns":1},{"damage":0,"enemies":"Gensokyo:2_Kodama","floor":4,"turns":1},{"damage":0,"enemies":"Gensokyo:Gryphon","floor":5,"turns":1},{"damage":46,"enemies":"Gensokyo:Cirno","floor":7,"turns":8},{"damage":18,"enemies":"Gensokyo:Python_and_Kodama","floor":11,"turns":5},{"damage":8,"enemies":"Gensokyo:VengefulSpirit","floor":12,"turns":5},{"damage":13,"enemies":"Gensokyo:Mamizou","floor":14,"turns":9},{"damage":11,"enemies":"Gensokyo:Kokoro","floor":16,"turns":11},{"damage":13,"enemies":"Gensokyo:Chomper","floor":18,"turns":5},{"damage":28,"enemies":"conspire:MimicChest","floor":19,"turns":7},{"damage":8,"enemies":"Gensokyo:AngelMirror","floor":22,"turns":5},{"damage":8,"enemies":"Nightmare","floor":23,"turns":10},{"damage":0,"enemies":"Gensokyo:Slime_Group","floor":27,"turns":1},{"damage":0,"enemies":"Gensokyo:Wraith","floor":31,"turns":5},{"damage":43,"enemies":"Gensokyo:Kaguya","floor":33,"turns":10}],"seed_played":"-2095433398102721666","potions_obtained":[{"floor":12,"key":"Adrenaline Potion"},{"floor":14,"key":"Explosive Potion"},{"floor":18,"key":"Milkshake"},{"floor":27,"key":"Explosive Potion"},{"floor":30,"key":"Slimebound:ThreeZeroPotion"},{"floor":31,"key":"SteroidPotion"}],"is_trial":false,"path_per_floor":["M","COS","?","M","M","R","E","?","T","R","M","M","?","E","R","B",null,"M","?","?","$","M","NM","AVR","R","T","M","?","R","?","M","R_BF","B"],"character_chosen":"THE_SERVANT","items_purchased":["Molten Egg 2","Replay:Ringing Soul"],"campfire_rested":3,"item_purchase_floors":[21,21],"current_hp_per_floor":[65,65,65,65,65,65,19,26,26,45,27,19,19,6,25,14,65,52,24,24,24,19,14,17,17,17,20,20,43,46,49,73,0,0],"gold":274,"neow_bonus":"THREE_ENEMY_KILL","is_daily":false,"chose_seed":false,"campfire_upgraded":2,"win_rate":0.0,"timestamp":1609506071,"path_taken":["M","COS","?","M","M","R","E","?","T","R","?","M","?","E","R","BOSS","M","?","?","?","M","NM","AVR","R","T","M","?","R","?","M","R_BF","BOSS"],"items_purchased_type":["Relic","Relic"],"build_version":"2020-12-22","purchased_purges":0,"victory":false,"max_hp_per_floor":[65,65,65,65,65,65,65,65,65,65,65,65,65,65,65,65,65,65,65,65,65,68,71,74,74,74,77,77,77,80,83,83,42,42],"card_choices":[{"not_picked":["Alleviate","Barrier"],"picked":"Rearm","floor":1},{"not_picked":["Revamp","SurpressingFire"],"picked":"Rewind","floor":4},{"not_picked":["Luminosity","Defy"],"picked":"Ricochet","floor":5},{"not_picked":["SoulSculpture","Starlight"],"picked":"Embodiment","floor":7},{"not_picked":["KillingDoll","TheWorld"],"picked":"FlawlessForm","floor":11},{"not_picked":["Revamp","ShatteredReality"],"picked":"SilverBlades","floor":11},{"not_picked":["TimeWarp","ShiftingGears"],"picked":"Sunlight","floor":12},{"not_picked":["Hightail","Advance"],"picked":"GearUp","floor":14},{"not_picked":["KillingDoll","Embodiment"],"picked":"Deny","floor":16},{"not_picked":["BottledTime+1","Revamp+1"],"picked":"FastForward","floor":18},{"not_picked":["ShatteredReality+1","Unruled"],"picked":"Potential","floor":19},{"not_picked":["Alleviate+1","BottledTime"],"picked":"Barrier+1","floor":22},{"not_picked":["Misdirection","Shuttle"],"picked":"Spin+1","floor":23},{"not_picked":["Revamp","Shuttle+1"],"picked":"Sunlight+1","floor":27},{"not_picked":["Spin+1","Unruled+1"],"picked":"Sabotage+1","floor":30},{"not_picked":["Ricochet+1","Revamp+1"],"picked":"Snipe+1","floor":30},{"not_picked":["Defy","Snipe+1"],"picked":"Potential+1","floor":31}],"player_experience":378477,"relics_obtained":[{"floor":7,"key":"Mirror"},{"floor":9,"key":"Mercury Hourglass"},{"floor":14,"key":"Mummified Hand"},{"floor":17,"key":"Oddly Smooth Stone"},{"floor":17,"key":"aspiration:FetidBarrel"},{"floor":17,"key":"StoneCalendar"},{"floor":19,"key":"hubris:Potato"},{"floor":23,"key":"ReplayTheSpireMod:Ninjato"},{"floor":26,"key":"infinitespire:FocusingShard"},{"floor":30,"key":"Smiling Mask"}],"event_choices":[],"is_beta":false,"boss_relics":[{"not_picked":["hubris:ScarierMask","hubris:GrandSneckoEye"],"picked":"Calling Bell"}],"items_purged_floors":[],"is_endless":true,"potions_floor_spawned":[12,14,18,27,31],"killed_by":"Gensokyo:Kaguya","ascension_level":0}}