{"host":"uv231blk40vjdojr","time":1609495774,"event":{"mods":["BaseMod","Minty Spire (QoL Compilation)","Relic Stats"],"gold_per_floor":[111,129,147,166,2,2,27,43,113,163,196,36,63,76,76,148,148,161,173,187,87,2,2,2,2,48,79,79,109,122,149,149,223,223,241,241,256,131,52,52,52,52,52,67,83,83,109,120,120,120],"floor_reached":51,"playtime":2736,"items_purged":["Strike_R","Strike_R","Decay"],"score":1422,"play_id":"391f492b-b54a-4b6f-acab-517c8fce1d70","local_time":"20210101110934","is_ascension_mode":true,"campfire_choices":[{"data":"Rupture","floor":6,"key":"SMITH"},{"data":"Combust","floor":15,"key":"SMITH"},{"data":"Shockwave","floor":24,"key":"SMITH"},{"data":"Brutality","floor":32,"key":"SMITH"},{"floor":40,"key":"REST"},{"floor":42,"key":"REST"},{"floor":49,"key":"REST"}],"circlet_count":0,"master_deck":["AscendersBane","Strike_R","Defend_R","Defend_R","Defend_R","Bash","Clothesline","Headbutt","Combust+1","Thunderclap","Rupture+1","Intimidate","Ghostly Armor","Shockwave+1","Reaper","Pummel","Barricade","Battle Trance","Brutality+1","Reckless Charge","Shrug It Off+1","Shockwave+1","Offering+1","Dark Embrace","Shrug It Off+1","Feel No Pain","Rupture","Clothesline+1"],"relics":["Burning Blood","StoneCalendar","MealTicket","Pantograph","Charon\u0027s Ashes","Sling","Blood Vial","Runic Dome","Orichalcum","Nunchaku","Toxic Egg 2","Enchiridion","Calipers","Toy Ornithopter","Fusion Hammer","Prayer Wheel","Bag of Preparation"],"acts_visited":["Exordium","TheCity","TheBeyond"],"potions_floor_usage":[3,29,50,50],"damage_taken":[{"damage":7,"enemies":"Cultist","floor":1,"turns":4},{"damage":14,"enemies":"2 Louse","floor":2,"turns":3},{"damage":4,"enemies":"Small Slimes","floor":3,"turns":3},{"damage":12,"enemies":"2 Fungi Beasts","floor":4,"turns":3},{"damage":20,"enemies":"Gremlin Nob","floor":7,"turns":4},{"damage":14,"enemies":"Large Slime","floor":8,"turns":6},{"damage":22,"enemies":"3 Sentries","floor":11,"turns":5},{"damage":19,"enemies":"Lagavulin","floor":13,"turns":6},{"damage":5,"enemies":"3 Louse","floor":14,"turns":3},{"damage":27,"enemies":"Slime Boss","floor":16,"turns":7},{"damage":14,"enemies":"Chosen","floor":18,"turns":5},{"damage":35,"enemies":"Spheric Guardian","floor":19,"turns":6},{"damage":16,"enemies":"Cultist and Chosen","floor":20,"turns":6},{"damage":37,"enemies":"Gremlin Leader","floor":27,"turns":5},{"damage":19,"enemies":"Book of Stabbing","floor":29,"turns":4},{"damage":15,"enemies":"3 Cultists","floor":30,"turns":4},{"damage":8,"enemies":"Gremlin Leader","floor":31,"turns":6},{"damage":64,"enemies":"Collector","floor":33,"turns":8},{"damage":35,"enemies":"3 Darklings","floor":35,"turns":3},{"damage":22,"enemies":"3 Shapes","floor":37,"turns":4},{"damage":30,"enemies":"Jaw Worm Horde","floor":44,"turns":4},{"damage":19,"enemies":"4 Shapes","floor":45,"turns":3},{"damage":15,"enemies":"Giant Head","floor":47,"turns":6},{"damage":9,"enemies":"Sphere and 2 Shapes","floor":48,"turns":3},{"damage":53,"enemies":"Time Eater","floor":50,"turns":10}],"seed_played":"-3757429752148699032","potions_obtained":[{"floor":2,"key":"FearPotion"},{"floor":3,"key":"Fruit Juice"},{"floor":13,"key":"LiquidMemories"},{"floor":16,"key":"SkillPotion"},{"floor":29,"key":"Ancient Potion"},{"floor":30,"key":"BloodPotion"},{"floor":37,"key":"HeartOfIron"}],"is_trial":false,"path_per_floor":["M","M","M","M","$","R","E","M","T","?","E","$","E","M","R","B",null,"M","M","M","$","?","$","R","?","T","E","?","E","M","E","R","B",null,"M","?","M","$","$","R","?","R","T","M","M","?","E","M","R","B",null],"character_chosen":"IRONCLAD","items_purchased":["Rupture","Sling","Dark Embrace"],"campfire_rested":3,"item_purchase_floors":[5,12,39],"current_hp_per_floor":[67,59,66,60,60,60,46,38,38,31,15,30,17,31,31,43,66,60,33,25,40,40,55,55,55,55,71,50,39,50,73,73,39,65,56,56,54,69,73,73,73,73,73,56,73,73,73,70,73,46],"gold":120,"neow_bonus":"ONE_RARE_RELIC","is_daily":false,"chose_seed":false,"campfire_upgraded":4,"win_rate":0.0,"timestamp":1609495774,"path_taken":["M","M","?","M","$","R","E","M","T","?","E","$","E","?","R","BOSS","M","M","M","$","?","$","R","?","T","E","?","E","M","E","R","BOSS","M","?","?","?","$","R","?","R","T","M","?","?","E","?","R","BOSS"],"items_purchased_type":["Card","Relic","Card"],"build_version":"2020-12-22","purchased_purges":3,"victory":true,"max_hp_per_floor":[68,68,73,73,73,73,73,73,73,73,73,73,73,73,73,73,73,73,73,73,73,73,73,73,73,73,73,73,73,73,73,73,73,73,73,73,73,73,73,73,73,73,73,73,73,73,73,73,73,73],"relic_stats":{"counters":[25,121],"StoneCalendar":[107],"Charon\u0027s Ashes":[597],"Bag of Preparation":[4],"Orichalcum":[78],"Burning Blood":136,"Blood Vial":24,"Nunchaku":[11],"Pantograph":25,"MealTicket":64,"Prayer Wheel":3,"obtain_stats":[{"Calipers":29,"Enchiridion":28,"StoneCalendar":0,"Charon\u0027s Ashes":11,"Bag of Preparation":47,"Orichalcum":22,"Sling":12,"Burning Blood":0,"Blood Vial":13,"Runic Dome":17,"Nunchaku":26,"Pantograph":9,"MealTicket":7,"Prayer Wheel":43,"Fusion Hammer":34,"Toxic Egg 2":27,"Toy Ornithopter":31},{"Calipers":15,"Enchiridion":14,"StoneCalendar":0,"Charon\u0027s Ashes":7,"Bag of Preparation":23,"Orichalcum":13,"Sling":7,"Burning Blood":0,"Blood Vial":8,"Runic Dome":10,"Nunchaku":13,"Pantograph":6,"MealTicket":5,"Prayer Wheel":20,"Fusion Hammer":18,"Toxic Egg 2":14,"Toy Ornithopter":17},{"Calipers":70,"Enchiridion":66,"StoneCalendar":0,"Charon\u0027s Ashes":28,"Bag of Preparation":108,"Orichalcum":61,"Sling":28,"Burning Blood":0,"Blood Vial":34,"Runic Dome":44,"Nunchaku":61,"Pantograph":23,"MealTicket":17,"Prayer Wheel":95,"Fusion Hammer":88,"Toxic Egg 2":66,"Toy Ornithopter":80}],"Toy Ornithopter":6},"card_choices":[{"not_picked":["Shrug It Off","Clash"],"picked":"Clothesline","floor":1},{"not_picked":["Iron Wave","Ghostly Armor"],"picked":"Headbutt","floor":2},{"not_picked":["Iron Wave","Flame Barrier"],"picked":"Combust","floor":3},{"not_picked":["Burning Pact","Sword Boomerang"],"picked":"Thunderclap","floor":4},{"not_picked":["Anger","Perfected Strike"],"picked":"Intimidate","floor":7},{"not_picked":["Entrench","Armaments"],"picked":"Ghostly Armor","floor":8},{"not_picked":["Ghostly Armor","Twin Strike"],"picked":"Shockwave","floor":11},{"not_picked":["Sword Boomerang","Havoc"],"picked":"Reaper","floor":13},{"not_picked":["Warcry","Intimidate"],"picked":"Pummel","floor":14},{"not_picked":["Reaper","Demon Form"],"picked":"Barricade","floor":16},{"not_picked":["Blood for Blood","Thunderclap+1","Cleave"],"picked":"SKIP","floor":18},{"not_picked":["Body Slam","Anger"],"picked":"Battle Trance","floor":19},{"not_picked":["Spot Weakness","Twin Strike","Bloodletting"],"picked":"SKIP","floor":20},{"not_picked":["Warcry+1","Thunderclap+1"],"picked":"Shrug It Off+1","floor":27},{"not_picked":["Twin Strike","Iron Wave"],"picked":"Shockwave+1","floor":29},{"not_picked":["Anger","Thunderclap","Headbutt+1"],"picked":"SKIP","floor":30},{"not_picked":["Anger","Rampage","Brutality"],"picked":"SKIP","floor":31},{"not_picked":["Barricade","Fiend Fire"],"picked":"Offering+1","floor":33},{"not_picked":["Headbutt","Warcry+1","Wild Strike"],"picked":"SKIP","floor":35},{"not_picked":["Spot Weakness+1","Sever Soul","Perfected Strike"],"picked":"SKIP","floor":37},{"not_picked":["Anger","Perfected Strike"],"picked":"Shrug It Off+1","floor":44},{"not_picked":["Pommel Strike+1","Wild Strike"],"picked":"Feel No Pain","floor":44},{"not_picked":["Perfected Strike","Dual Wield+1","Pommel Strike+1"],"picked":"SKIP","floor":45},{"not_picked":["Perfected Strike","Clothesline+1","Shrug It Off+1"],"picked":"SKIP","floor":45},{"not_picked":["Shrug It Off+1","Whirlwind+1"],"picked":"Rupture","floor":47},{"not_picked":["Double Tap+1","Sword Boomerang+1"],"picked":"Clothesline+1","floor":48},{"not_picked":["Havoc+1","Shrug It Off+1","Rupture"],"picked":"SKIP","floor":48}],"player_experience":540802,"relics_obtained":[{"floor":7,"key":"MealTicket"},{"floor":9,"key":"Pantograph"},{"floor":11,"key":"Charon\u0027s Ashes"},{"floor":13,"key":"Blood Vial"},{"floor":26,"key":"Nunchaku"},{"floor":27,"key":"Toxic Egg 2"},{"floor":28,"key":"Enchiridion"},{"floor":29,"key":"Calipers"},{"floor":31,"key":"Toy Ornithopter"},{"floor":43,"key":"Prayer Wheel"},{"floor":47,"key":"Bag of Preparation"}],"event_choices":[{"damage_healed":0,"gold_gain":50,"player_choice":"Touch","damage_taken":7,"max_hp_gain":0,"max_hp_loss":0,"event_name":"FaceTrader","floor":10,"gold_loss":0},{"damage_healed":0,"gold_gain":0,"player_choice":"Obtained Relic","damage_taken":0,"relics_obtained":["Orichalcum"],"max_hp_gain":0,"max_hp_loss":0,"event_name":"Addict","floor":22,"gold_loss":85},{"damage_healed":0,"gold_gain":0,"cards_transformed":["Strike_R","Defend_R"],"player_choice":"Became Test Subject","damage_taken":0,"max_hp_gain":0,"max_hp_loss":0,"event_name":"Drug Dealer","floor":25,"gold_loss":0,"cards_obtained":["Brutality","Reckless Charge"]},{"damage_healed":0,"gold_gain":0,"player_choice":"Obtained Book","damage_taken":21,"max_hp_gain":0,"max_hp_loss":0,"event_name":"Cursed Tome","floor":28,"gold_loss":0},{"damage_healed":0,"gold_gain":0,"player_choice":"Cursed","damage_taken":0,"max_hp_gain":0,"max_hp_loss":0,"event_name":"Wheel of Change","floor":36,"gold_loss":0,"cards_obtained":["Decay"]},{"cards_removed":["Strike_R"],"damage_healed":0,"gold_gain":0,"player_choice":"Offered Basic","damage_taken":0,"max_hp_gain":0,"max_hp_loss":0,"event_name":"Bonfire Elementals","floor":41,"gold_loss":0},{"damage_healed":0,"gold_gain":0,"player_choice":"Ignored","damage_taken":0,"max_hp_gain":0,"max_hp_loss":0,"event_name":"SecretPortal","floor":46,"gold_loss":0}],"is_beta":false,"boss_relics":[{"not_picked":["SlaversCollar","Calling Bell"],"picked":"Runic Dome"},{"not_picked":["Astrolabe","Mark of Pain"],"picked":"Fusion Hammer"}],"items_purged_floors":[5,21,38],"is_endless":false,"potions_floor_spawned":[2,3,13,16,18,29,30,31,35,37,44],"ascension_level":17}}