{"host":"474oh00kq6ni8dn3","time":1609462961,"event":{"mods":["AchievementEnabler","Aspiration","Bartender","BaseMod","Bestiary","Clockwork Mod","Colored Map","Colored Powertips","Conspire","Custom Start","Defuse TimeMaze Blight","Downfall","GifTheSpireLib","Googly Eyes","GungeonMod","Halation","Hubris","Infinite Spire","Jedi Mod","Lobotomy","LobotomyExtend","Minty Spire (QoL Compilation)","Permanent Neow","Quick Restart","Random Character Button","Replay The Spire","Shop Mod","StSLib","Stuff the Spire","The Construct","The Factory","The Jungle","Trackpad","Unceasing Turn Reminder","thorton","vexMod"],"gold_per_floor":[115,115,40,5,85,116,116,129,129,160,192,208,228,240,240,240,240],"floor_reached":16,"playtime":635,"items_purged":["hubris:Sloth"],"score":160,"play_id":"84b615f3-2ea4-4c9f-8929-e9c2c18e6d7f","local_time":"20210101010241","is_ascension_mode":true,"campfire_choices":[{"data":"infinitespire:NeuralNetwork","floor":7,"key":"SMITH"}],"circlet_count":0,"master_deck":["Strike_R","Strike_R","Strike_R","Strike_R","Strike_R","Defend_R","Defend_R","Defend_R","Defend_R","Bash","Twin Strike","infinitespire:NeuralNetwork+1","Shrug It Off","Inflame+1","Rampage","Disarm"],"relics":["Burning Blood","FossilizedHelix","LetterFromLob","Replay:Bottled Steam","Toy Ornithopter","StuffTheSpire:RubySignet","jedi:arcanewood","Strawberry"],"acts_visited":["Exordium"],"potions_floor_usage":[11],"damage_taken":[{"damage":0,"enemies":"2 Louse","floor":1,"turns":4},{"damage":13,"enemies":"Gremlin Nob","floor":6,"turns":5},{"damage":0,"enemies":"Jaw Worm","floor":8,"turns":6},{"damage":30,"enemies":"3 Sentries","floor":10,"turns":11},{"damage":0,"enemies":"Gremlin Nob","floor":11,"turns":3},{"damage":0,"enemies":"Cultist","floor":12,"turns":4},{"damage":0,"enemies":"3 Louse","floor":13,"turns":4},{"damage":23,"enemies":"Exordium Wildlife","floor":14,"turns":5},{"damage":0,"enemies":"Hexaghost","floor":16,"turns":2}],"seed_played":"-1738982669804604506","potions_obtained":[{"floor":1,"key":"jedi:wingpotion"},{"floor":6,"key":"Block Potion"},{"floor":8,"key":"Energy Potion"},{"floor":11,"key":"jedi:mysterypotion"}],"is_trial":false,"path_per_floor":["M","?","$","?","T","E","R","M","T","E","E","M","M","M","R_BF","B"],"character_chosen":"IRONCLAD","items_purchased":[],"campfire_rested":0,"item_purchase_floors":[],"current_hp_per_floor":[80,61,61,80,80,73,73,79,79,55,73,79,85,68,68,68,68],"gold":240,"neow_bonus":"ONE_RARE_RELIC","is_daily":false,"chose_seed":false,"campfire_upgraded":1,"win_rate":0.0,"timestamp":1609462961,"path_taken":["M","?","$","?","?","E","R","M","T","E","E","M","?","M","R_BF","BOSS"],"items_purchased_type":[],"build_version":"2020-12-22","purchased_purges":1,"victory":false,"max_hp_per_floor":[80,80,80,80,80,80,80,80,80,80,87,87,87,87,87,87,87],"card_choices":[{"not_picked":["Shrug It Off","Seeing Red"],"picked":"Twin Strike","floor":1},{"not_picked":["infinitespire:Punishment","infinitespire:Starlight"],"picked":"infinitespire:NeuralNetwork","floor":2},{"not_picked":["Wild Strike","Run Through"],"picked":"Shrug It Off","floor":6},{"not_picked":["StuffTheSpire:RockThrow","Evolve","Cleave"],"picked":"SKIP","floor":8},{"not_picked":["Fiend Fire","Evolve"],"picked":"Inflame","floor":10},{"not_picked":["Shrug It Off","Bludgeon"],"picked":"Rampage","floor":11},{"not_picked":["ReplayReversal","Replay:Undeath\u0027s Touch"],"picked":"Disarm","floor":12},{"not_picked":["Hemokinesis","Dual Wield","StuffTheSpire:Slingshot"],"picked":"SKIP","floor":13},{"not_picked":["Havoc","Heavy Blade","jedi:fear"],"picked":"SKIP","floor":14}],"player_experience":57940,"relics_obtained":[{"floor":1,"key":"LetterFromLob"},{"floor":5,"key":"Replay:Bottled Steam"},{"floor":6,"key":"Toy Ornithopter"},{"floor":9,"key":"StuffTheSpire:RubySignet"},{"floor":10,"key":"jedi:arcanewood"},{"floor":11,"key":"Strawberry"}],"event_choices":[{"damage_healed":20,"gold_gain":0,"player_choice":"Healed","damage_taken":0,"max_hp_gain":0,"max_hp_loss":0,"event_name":"The Cleric","floor":4,"gold_loss":35}],"is_beta":false,"boss_relics":[],"items_purged_floors":[3],"is_endless":false,"potions_floor_spawned":[1,6,8,11],"killed_by":"Hexaghost","ascension_level":2}}