{"host":"5fasz840ryq7obdf","time":1609507983,"event":{"mods":["AchievementEnabler","BaseMod","Bestiary","Better Altar","Better Skull","Better Third Choice","BetterRewards","Block Reminder","Colored Powertips","Curses Come First","Highlight Path","Minty Spire (QoL Compilation)","Quick Restart","Relic Sorter","Relic Stats","Replay The Spire","Shop Mod","Spicy Shops","StSLib","SuperFastMode"],"gold_per_floor":[117,36,36,54,66,95,105,137,183,210,228,228,49,74,74,165,165,179,529,555,90,115,159,96,130,130,130,130,146,146,181,181,274,274,289,73,168,191,212,253,253,294,294,294,317,351,52,72,72,72,72,72,72,3,43,43],"floor_reached":57,"playtime":3357,"items_purged":["Strike_G","Amnesia","Shame","Pain","Pain","Looming Evil"],"score":4890,"play_id":"a68665bd-f68b-43d1-a272-04664580a03d","local_time":"20210101133303","is_ascension_mode":true,"campfire_choices":[{"data":"Neutralize","floor":15,"key":"SMITH"},{"data":"Catalyst","floor":28,"key":"SMITH"},{"data":"Replay:Poison Smokescreen","floor":28,"key":"SMITH"},{"data":"Tactician","floor":30,"key":"SMITH"},{"data":"Draining Mist","floor":30,"key":"SMITH"},{"floor":32,"key":"RECALL"},{"data":"Calculated Gamble","floor":41,"key":"SMITH"},{"data":"Deadly Poison","floor":41,"key":"SMITH"},{"data":"Catalyst","floor":49,"key":"SMITH"},{"data":"Defend_G+2","floor":49,"key":"SMITH"},{"floor":53,"key":"REST"}],"circlet_count":0,"master_deck":["AscendersBane","Strike_G","Defend_G","Defend_G+3","Defend_G+1","Survivor+1","Neutralize+1","Replay:Poison Smokescreen+1","Footwork+1","Footwork+1","Blur+1","Bouncing Flask+1","Deadly Poison+1","Noxious Fumes+1","Toxin Wave+1","Toxin Wave+1","Burst+1","ReplayTheSpireMod:Speed Training+1","Sneak Up+1","Acrobatics+1","Leg Sweep+1","Noxious Fumes+1","Backstab","Malaise+1","Deadly Poison+1","Poison Darts+1","Replay:Poison Smokescreen+1","Tools of the Trade+1","Voices","Regret","Replay:Bag of Tricks+1","Sadistic Nature+1","Bane+1","Draining Mist+1","Catalyst+1","Tactician+1","Injury","Corpse Explosion+1","CurseOfTheBell","CommonCold","CommonCold","Draining Mist+1","Blur+1","Calculated Gamble+1","Looming Evil","Well Laid Plans+1","Catalyst+1","Night Terror+1","Footwork+1","Backflip+1","Concentrate+1"],"relics":["Replay:Wax Seal","Oddly Smooth Stone","The Specimen","OrangePellets","Strange Spoon","Art of War","PreservedInsect","Snake Skull","Membership Card","Torii","Golden Egg","TwistedFunnel","Happy Flower","Orrery","Sizzling Blood","Strawberry","MealTicket","Bronze Scales","War Paint","Golden Idol","ReplayTheSpireMod:Lightbulb","Mummified Hand","Kintsugi","Ring of Greed","Ring of Panic","MawBank","Old Coin","Replay:WaspNest","Letter Opener","Ancient Tea Set","ReplayTheSpireMod:TigerMarble","Replay:Arrowhead","ReplayFunnel","Lantern","Simple Rune","Juzu Bracelet","Replay:Ancient Bell","Centennial Puzzle","Garlic","Turnip","Pen Nib","Nunchaku","Mango","Replay:Bottled Snecko","Paper Crane","Ginger"],"acts_visited":["Exordium","TheCity","TheBeyond","TheEnding"],"potions_floor_usage":[10,31,33,40],"damage_taken":[{"damage":1,"enemies":"Jaw Worm","floor":1,"turns":3},{"damage":0,"enemies":"2 Louse","floor":4,"turns":2},{"damage":0,"enemies":"Small Slimes","floor":5,"turns":2},{"damage":7,"enemies":"Gremlin Nob","floor":6,"turns":3},{"damage":1,"enemies":"Looter","floor":7,"turns":2},{"damage":0,"enemies":"Lagavulin","floor":8,"turns":4},{"damage":1,"enemies":"Gremlin Nob","floor":10,"turns":3},{"damage":0,"enemies":"Exordium Thugs","floor":11,"turns":2},{"damage":0,"enemies":"2 Fungi Beasts","floor":14,"turns":2},{"damage":0,"enemies":"The Guardian","floor":16,"turns":6},{"damage":1,"enemies":"3 Byrds","floor":18,"turns":2},{"damage":9,"enemies":"Shell Parasite","floor":20,"turns":4},{"damage":0,"enemies":"3 Cultists","floor":22,"turns":3},{"damage":3,"enemies":"Gremlin Leader","floor":23,"turns":3},{"damage":5,"enemies":"Replay:Snechameleon","floor":25,"turns":2},{"damage":0,"enemies":"Snake Plant","floor":29,"turns":2},{"damage":0,"enemies":"Book of Stabbing","floor":31,"turns":2},{"damage":11,"enemies":"Pondfish","floor":33,"turns":4},{"damage":6,"enemies":"3 Darklings","floor":35,"turns":3},{"damage":5,"enemies":"3 Shapes","floor":38,"turns":3},{"damage":0,"enemies":"3 Darklings","floor":39,"turns":3},{"damage":0,"enemies":"Reptomancer","floor":40,"turns":3},{"damage":0,"enemies":"R_Hoarder","floor":42,"turns":3},{"damage":0,"enemies":"Jaw Worm Horde","floor":45,"turns":3},{"damage":2,"enemies":"Nemesis","floor":46,"turns":5},{"damage":0,"enemies":"4 Shapes","floor":48,"turns":2},{"damage":1,"enemies":"Donu and Deca","floor":50,"turns":5},{"damage":67,"enemies":"Awakened One","floor":51,"turns":8},{"damage":1,"enemies":"Shield and Spear","floor":55,"turns":3},{"damage":58,"enemies":"The Heart","floor":56,"turns":6}],"seed_played":"-7513466363479967160","potions_obtained":[{"floor":4,"key":"EssenceOfSteel"},{"floor":5,"key":"Reflective Coating"},{"floor":14,"key":"FairyPotion"},{"floor":18,"key":"Toxic Potion"},{"floor":31,"key":"Poison Potion"},{"floor":35,"key":"Regen Potion"},{"floor":40,"key":"Reflective Coating"},{"floor":42,"key":"GhostInAJar"}],"is_trial":false,"path_per_floor":["M","$","?","M","M","E","M","E","T","E","M","?","$","M","R","B",null,"M","?","M","$","M","E","$","E","T","?","R","M","R","E","R","B",null,"M","$","?","M","M","E","R","E","T","?","M","E","$","M","R","B","B",null,"R","$","E","B",null],"character_chosen":"THE_SILENT","items_purchased":["Replay:Wax Seal","Oddly Smooth Stone","The Specimen","OrangePellets","Strange Spoon","Art of War","PreservedInsect","Snake Skull","Membership Card","Torii","Golden Egg","Replay:Poison Smokescreen","TwistedFunnel","Footwork","Blur","Happy Flower","Bouncing Flask","Deadly Poison","Noxious Fumes","Toxin Wave+1","Orrery","Leg Sweep","Noxious Fumes","ReplayTheSpireMod:Lightbulb","Mummified Hand","Sadistic Nature","Bane","Replay:WaspNest","Letter Opener","Blur","Footwork","Backflip","Replay:Bottled Snecko","Paper Crane"],"campfire_rested":1,"item_purchase_floors":[0,0,0,0,0,0,0,0,0,0,0,0,0,0,0,0,0,0,0,0,0,2,2,13,13,21,21,21,21,36,47,47,47,54],"current_hp_per_floor":[16,16,20,24,28,32,35,39,39,42,46,46,61,65,65,69,70,70,70,65,70,70,70,70,69,69,15,15,19,19,23,23,16,57,55,70,47,46,50,66,66,70,70,70,70,84,84,84,84,84,21,68,84,84,84,30],"gold":43,"neow_bonus":"","is_daily":false,"chose_seed":false,"campfire_upgraded":9,"win_rate":0.0,"timestamp":1609507983,"path_taken":["M","$","?","M","M","E","M","E","T","E","M","?","$","M","R","BOSS","M","?","M","$","M","E","$","E","T","?","R","?","R","E","R","BOSS","M","$","?","M","M","E","R","E","T","?","M","E","?","M","R","BOSS","BOSS","R","$","E","BOSS"],"items_purchased_type":["Relic","Relic","Relic","Relic","Relic","Relic","Relic","Relic","Relic","Relic","Relic","Card","Relic","Card","Card","Relic","Card","Card","Card","Card","Relic","Card","Card","Relic","Relic","Card","Card","Relic","Relic","Card","Card","Card","Relic","Relic"],"build_version":"2020-12-22","purchased_purges":6,"victory":true,"max_hp_per_floor":[66,66,70,70,70,77,77,77,77,77,77,70,70,70,70,70,70,70,70,70,70,70,70,70,70,70,70,70,70,70,70,70,70,70,70,70,70,70,70,70,70,70,70,70,70,84,84,84,84,84,84,84,84,84,84,84],"relic_stats":{"Torii":5,"Happy Flower":[32],"counters":[120,532],"Golden Idol":208,"PreservedInsect":474,"Snake Skull":[437],"Pen Nib":[9],"Juzu Bracelet":1,"Letter Opener":[974],"Ginger":[2],"War Paint":["Defend_G","Survivor"],"MawBank":24,"OrangePellets":[35],"Strange Spoon":[48],"Centennial Puzzle":[27],"Nunchaku":[16],"Mummified Hand":[170],"Bronze Scales":[320],"MealTicket":35,"Turnip":[2],"Art of War":[27],"obtain_stats":[{"TwistedFunnel":44,"Golden Egg":53,"Whetstone":43,"Ginger":55,"Bottled Tornado":46,"Boot":25,"Old Coin":19,"Blood Vial":48,"Replay:Ringing Soul":11,"MealTicket":8,"HandDrill":0,"Kunai":27,"Replay:Wax Seal":0,"Pear":31,"Pen Nib":49,"Replay:Ancient Bell":34,"Paper Crane":0,"Bird Faced Urn":0,"Pandora\u0027s Box":19,"Kintsugi":17,"Abe\u0027s Treasure":17,"Lantern":49,"Regal Pillow":27,"Torii":0,"StoneCalendar":29,"Ancient Tea Set":6,"Shovel":8,"Ring of Peace":5,"Toolbox":40,"WingedGreaves":39,"Chemical X":44,"Ring of Panic":19,"InkBottle":44,"Ring of the Snake":0,"Potion Belt":25,"The Specimen":0,"Golden Idol":3,"Basket Of Snakes":0,"PreservedInsect":0,"The Courier":15,"Omamori":31,"Ring of Greed":19,"MawBank":3,"Replay:Arrowhead":42,"Ornamental Fan":44,"Orrery":0,"Turnip":34,"Art of War":0,"Garlic":10,"Durian":29,"ReplayTheSpireMod:Ring of Challenge":5,"ReplayTheSpireMod:Lightbulb":8,"Ice Cream":43,"Divine Protection":31,"Vajra":0,"HoveringKite":34,"Centennial Puzzle":50,"HornCleat":25,"Strawberry":25,"Honey Jar":36,"Prayer Wheel":15,"Iron Hammer":9,"Girya":0,"Happy Flower":0,"ReplayTheSpireMod:CursedCoin":23,"Oddly Smooth Stone":44,"Letter Opener":10,"War Paint":10,"Question Card":46,"Du-Vu Doll":48,"OrangePellets":0,"Replay:Baseball":55,"ReplayTheSpireMod:Shallot":13,"Shuriken":25,"Bronze Scales":48,"Simple Rune":42,"Black Star":19,"ReplayTheSpireMod:TigerMarble":25,"Mirror":27,"ReplayTheSpireMod:DimensionalGlitch":36,"ReplayFunnel":22,"Darkstone Periapt":48,"Mango":46,"Snake Skull":23,"Sizzling Blood":3,"Juzu Bracelet":31,"Nunchaku":11,"Dream Catcher":31,"Replay:Bandana":8,"Chameleon Ring":45,"Mummified Hand":49,"Tiny Chest":24,"Red Mask":33,"Replay:Bottled Snecko":47,"BargainBundle":0,"Replay:Towering Pillar of Hats":54,"Quantum Egg":50,"Replay:WaspNest":21,"Orichalcum":27,"White Beast Statue":11,"Mercury Hourglass":38,"Strange Spoon":0,"Anchor":45,"Bag of Marbles":25,"Membership Card":0,"TungstenRod":0,"FossilizedHelix":10},{"TwistedFunnel":21,"Golden Egg":88,"Whetstone":51,"Ginger":119,"Bottled Tornado":22,"Boot":11,"Old Coin":101,"Blood Vial":86,"Replay:Ringing Soul":32,"MealTicket":96,"HandDrill":59,"Kunai":12,"Replay:Wax Seal":90,"Pear":76,"Pen Nib":86,"Replay:Ancient Bell":108,"Paper Crane":0,"Bird Faced Urn":27,"Pandora\u0027s Box":37,"Kintsugi":100,"Abe\u0027s Treasure":68,"Lantern":24,"Regal Pillow":73,"Torii":90,"StoneCalendar":41,"Ancient Tea Set":62,"Shovel":64,"Ring of Peace":61,"Toolbox":49,"WingedGreaves":18,"Chemical X":21,"Ring of Panic":101,"InkBottle":21,"Ring of the Snake":0,"Potion Belt":72,"The Specimen":90,"Golden Idol":61,"Basket Of Snakes":59,"PreservedInsect":0,"The Courier":35,"Omamori":43,"Ring of Greed":101,"MawBank":1,"Replay:Arrowhead":20,"Ornamental Fan":21,"Orrery":57,"Turnip":108,"Art of War":0,"Garlic":32,"Durian":74,"ReplayTheSpireMod:Ring of Challenge":61,"ReplayTheSpireMod:Lightbulb":4,"Ice Cream":21,"Divine Protection":13,"Vajra":0,"HoveringKite":77,"Centennial Puzzle":25,"HornCleat":11,"Strawberry":40,"Honey Jar":15,"Prayer Wheel":35,"Iron Hammer":64,"Girya":59,"Happy Flower":90,"ReplayTheSpireMod:CursedCoin":39,"Oddly Smooth Stone":21,"Letter Opener":64,"War Paint":97,"Question Card":22,"Du-Vu Doll":23,"OrangePellets":57,"Replay:Baseball":89,"ReplayTheSpireMod:Shallot":5,"Shuriken":72,"Bronze Scales":23,"Simple Rune":20,"Black Star":9,"ReplayTheSpireMod:TigerMarble":105,"Mirror":12,"ReplayTheSpireMod:DimensionalGlitch":46,"ReplayFunnel":10,"Darkstone Periapt":53,"Mango":115,"Snake Skull":39,"Sizzling Blood":91,"Juzu Bracelet":107,"Nunchaku":5,"Dream Catcher":13,"Replay:Bandana":31,"Chameleon Ring":84,"Mummified Hand":24,"Tiny Chest":72,"Red Mask":45,"Replay:Bottled Snecko":115,"BargainBundle":0,"Replay:Towering Pillar of Hats":88,"Quantum Egg":25,"Replay:WaspNest":102,"Orichalcum":40,"White Beast Statue":65,"Mercury Hourglass":80,"Strange Spoon":90,"Anchor":21,"Bag of Marbles":72,"Membership Card":0,"TungstenRod":0,"FossilizedHelix":5},{"TwistedFunnel":117,"Golden Egg":427,"Whetstone":243,"Ginger":526,"Bottled Tornado":123,"Boot":58,"Old Coin":465,"Blood Vial":414,"Replay:Ringing Soul":168,"MealTicket":450,"HandDrill":286,"Kunai":65,"Replay:Wax Seal":434,"Pear":378,"Pen Nib":414,"Replay:Ancient Bell":485,"Paper Crane":0,"Bird Faced Urn":154,"Pandora\u0027s Box":186,"Kintsugi":463,"Abe\u0027s Treasure":339,"Lantern":133,"Regal Pillow":365,"Torii":434,"StoneCalendar":197,"Ancient Tea Set":307,"Shovel":317,"Ring of Peace":299,"Toolbox":232,"WingedGreaves":98,"Chemical X":117,"Ring of Panic":465,"InkBottle":117,"Ring of the Snake":0,"Potion Belt":359,"The Specimen":434,"Golden Idol":299,"Basket Of Snakes":286,"PreservedInsect":0,"The Courier":178,"Omamori":205,"Ring of Greed":465,"MawBank":3,"Replay:Arrowhead":110,"Ornamental Fan":117,"Orrery":277,"Turnip":485,"Art of War":0,"Garlic":168,"Durian":371,"ReplayTheSpireMod:Ring of Challenge":299,"ReplayTheSpireMod:Lightbulb":17,"Ice Cream":117,"Divine Protection":71,"Vajra":0,"HoveringKite":383,"Centennial Puzzle":138,"HornCleat":58,"Strawberry":194,"Honey Jar":82,"Prayer Wheel":178,"Iron Hammer":317,"Girya":286,"Happy Flower":434,"ReplayTheSpireMod:CursedCoin":191,"Oddly Smooth Stone":117,"Letter Opener":317,"War Paint":453,"Question Card":123,"Du-Vu Doll":128,"OrangePellets":277,"Replay:Baseball":429,"ReplayTheSpireMod:Shallot":26,"Shuriken":359,"Bronze Scales":128,"Simple Rune":110,"Black Star":46,"ReplayTheSpireMod:TigerMarble":477,"Mirror":65,"ReplayTheSpireMod:DimensionalGlitch":218,"ReplayFunnel":49,"Darkstone Periapt":253,"Mango":508,"Snake Skull":191,"Sizzling Blood":437,"Juzu Bracelet":481,"Nunchaku":26,"Dream Catcher":71,"Replay:Bandana":165,"Chameleon Ring":409,"Mummified Hand":133,"Tiny Chest":359,"Red Mask":212,"Replay:Bottled Snecko":508,"BargainBundle":0,"Replay:Towering Pillar of Hats":427,"Quantum Egg":138,"Replay:WaspNest":469,"Orichalcum":194,"White Beast Statue":323,"Mercury Hourglass":393,"Strange Spoon":434,"Anchor":117,"Bag of Marbles":359,"Membership Card":0,"TungstenRod":0,"FossilizedHelix":26}]},"card_choices":[{"not_picked":["Bane","Blade Dance"],"picked":"Toxin Wave","floor":0},{"not_picked":["Endless Agony","Noxious Fumes"],"picked":"Burst","floor":0},{"not_picked":["Terror","PiercingWail"],"picked":"ReplayTheSpireMod:Speed Training","floor":0},{"not_picked":["Dagger Spray","Backstab"],"picked":"Sneak Up","floor":0},{"not_picked":["Finisher","Dagger Spray"],"picked":"Acrobatics","floor":0},{"not_picked":["ReplayTheSpireMod:Tripwire","Acrobatics","Dagger Spray"],"picked":"SKIP","floor":1},{"not_picked":["Underhanded Strike","Backflip"],"picked":"Backstab","floor":4},{"not_picked":["All Out Attack","Concentrate"],"picked":"Malaise","floor":5},{"not_picked":["Deflect","Slice","After Image"],"picked":"SKIP","floor":6},{"not_picked":["Blade Dance","ReplayTheSpireMod:Shiv Toss"],"picked":"Deadly Poison","floor":7},{"not_picked":["Accuracy","Acrobatics"],"picked":"Poison Darts","floor":8},{"not_picked":["Cloak And Dagger","Hidden Blade"],"picked":"Replay:Poison Smokescreen","floor":10},{"not_picked":["Sucker Punch","ReplayTheSpireMod:Scrap Shanks","Masterful Stab"],"picked":"SKIP","floor":11},{"not_picked":["Flying Knee","Dagger Spray","Blade Dance"],"picked":"SKIP","floor":14},{"not_picked":["Wraith Form v2","Grand Finale"],"picked":"Tools of the Trade","floor":16},{"not_picked":["Slice","Deadly Poison","Concentrate"],"picked":"SKIP","floor":18},{"not_picked":["Toxin Wave+1","Deadly Poison"],"picked":"Replay:Bag of Tricks","floor":20},{"not_picked":["Cloak And Dagger","Flying Knee"],"picked":"Draining Mist","floor":22},{"not_picked":["ReplayTheSpireMod:The Works","Terror","Dagger Throw"],"picked":"SKIP","floor":23},{"not_picked":["Venomology","ReplayTheSpireMod:Exploit Weakness"],"picked":"Catalyst","floor":25},{"not_picked":["Deflect","Acrobatics"],"picked":"Tactician","floor":29},{"not_picked":["Slice","Sneak Up","Cloak And Dagger+1"],"picked":"SKIP","floor":31},{"not_picked":["Grand Finale","ReplayTheSpireMod:Necrosis"],"picked":"Corpse Explosion","floor":33},{"not_picked":["Decay","Overencumbered"],"picked":"CurseOfTheBell","floor":34},{"not_picked":["Hallucinations","CurseOfTheBell"],"picked":"CommonCold","floor":34},{"not_picked":["Delirium","Clumsy"],"picked":"CommonCold","floor":34},{"not_picked":["Replay:Poison Smokescreen+1","Prepared"],"picked":"Draining Mist+1","floor":35},{"not_picked":["Masterful Stab","Dagger Spray"],"picked":"Calculated Gamble","floor":37},{"not_picked":["Sucker Punch+1","Cloak And Dagger+1","Deflect"],"picked":"SKIP","floor":38},{"not_picked":["Flying Knee","Underhanded Strike","Deadly Poison"],"picked":"SKIP","floor":39},{"not_picked":["Blade Dance","ReplayTheSpireMod:Shiv Toss+1","Dagger Spray+1"],"picked":"SKIP","floor":40},{"not_picked":["Dagger Throw","Flying Knee+1"],"picked":"Well Laid Plans","floor":42},{"not_picked":["Flying Knee","Backflip"],"picked":"Catalyst","floor":45},{"not_picked":["Dagger Throw+1","Dodge and Roll"],"picked":"Night Terror","floor":46},{"not_picked":["Tactician","Accuracy"],"picked":"Concentrate+1","floor":48},{"not_picked":["Flying Knee+1","Deflect+1","PiercingWail"],"picked":"SKIP","floor":55}],"player_experience":1329267,"relics_obtained":[{"floor":6,"key":"Strawberry"},{"floor":8,"key":"MealTicket"},{"floor":9,"key":"Bronze Scales"},{"floor":10,"key":"War Paint"},{"floor":19,"key":"Ring of Greed"},{"floor":19,"key":"Ring of Panic"},{"floor":19,"key":"MawBank"},{"floor":19,"key":"Old Coin"},{"floor":23,"key":"Ancient Tea Set"},{"floor":25,"key":"ReplayTheSpireMod:TigerMarble"},{"floor":26,"key":"Replay:Arrowhead"},{"floor":31,"key":"Juzu Bracelet"},{"floor":40,"key":"Pen Nib"},{"floor":42,"key":"Nunchaku"},{"floor":46,"key":"Mango"},{"floor":55,"key":"Ginger"}],"event_choices":[{"damage_healed":0,"gold_gain":0,"player_choice":"Lose Max HP","damage_taken":0,"relics_obtained":["Golden Idol"],"max_hp_gain":0,"max_hp_loss":7,"event_name":"Golden Idol","floor":12,"gold_loss":0},{"damage_healed":0,"gold_gain":0,"player_choice":"RE RE RE ","damage_taken":60,"relics_obtained":["ReplayFunnel","Lantern","Simple Rune"],"max_hp_gain":0,"max_hp_loss":0,"event_name":"betterSkull:BetterSkull","floor":27,"gold_loss":0,"cards_upgraded":[]},{"damage_healed":0,"gold_gain":0,"player_choice":"Upgraded","damage_taken":0,"max_hp_gain":0,"max_hp_loss":0,"event_name":"Upgrade Shrine","floor":44,"gold_loss":0,"cards_upgraded":["Well Laid Plans"]}],"is_beta":false,"boss_relics":[{"not_picked":["Ectoplasm","Snecko Eye"],"picked":"Kintsugi"},{"not_picked":["Cursed Key","Snecko Scales"],"picked":"Replay:Ancient Bell"},{"not_picked":["Replay:Mystery Machine","Vajra"],"picked":"Centennial Puzzle"},{"not_picked":["ReplayTheSpireMod:Ninjato","Singing Bowl"],"picked":"Garlic"},{"not_picked":["Dead Branch","Unceasing Top"],"picked":"Turnip"}],"items_purged_floors":[0,21,24,36,36,47],"is_endless":false,"potions_floor_spawned":[4,5,6,14,16,18,22,23,31,35,40,42,46,48],"ascension_level":20}}