{"host":"j0vzbnzm6n2ctevn","time":1609496085,"event":{"mods":["AchievementEnabler","BaseMod","Minty Spire (QoL Compilation)","Quick Restart","Shop Mod","Spicy Shops","StSLib"],"gold_per_floor":[118,137,137,137,149,184,196,222,247,258,268,268,268],"floor_reached":12,"playtime":398,"items_purged":[],"score":110,"play_id":"53ecf798-58fa-441c-bfdb-c5403e3a75cd","local_time":"20210101181445","is_ascension_mode":true,"campfire_choices":[],"circlet_count":0,"master_deck":["Strike_G","Strike_G","Strike_G","Strike_G","Defend_G","Defend_G","Survivor","Neutralize","All Out Attack+1","Crippling Poison+1","Accuracy+1","Crippling Poison","Regret","Infinite Blades","Concentrate","Storm of Steel","Cloak And Dagger","Accuracy"],"relics":["Astrolabe","Bag of Marbles","PreservedInsect","MealTicket"],"acts_visited":["Exordium"],"potions_floor_usage":[12,12,12],"damage_taken":[{"damage":5.0,"enemies":"2 Louse","floor":1.0,"turns":2.0},{"damage":9.0,"enemies":"Jaw Worm","floor":2.0,"turns":4.0},{"damage":3.0,"enemies":"Cultist","floor":5.0,"turns":3.0},{"damage":12.0,"enemies":"3 Sentries","floor":6.0,"turns":4.0},{"damage":8.0,"enemies":"2 Fungi Beasts","floor":7.0,"turns":2.0},{"damage":13.0,"enemies":"Gremlin Nob","floor":8.0,"turns":3.0},{"damage":10.0,"enemies":"Looter","floor":10.0,"turns":4.0},{"damage":0.0,"enemies":"3 Louse","floor":11.0,"turns":1.0},{"damage":20,"enemies":"Lagavulin","floor":12,"turns":2}],"seed_played":"-7971036954944180278","potions_obtained":[{"floor":2.0,"key":"LiquidBronze"},{"floor":6.0,"key":"BlessingOfTheForge"},{"floor":7.0,"key":"Strength Potion"}],"is_trial":false,"path_per_floor":["M","M","?","?","M","E","M","E","T","M","M","E"],"character_chosen":"THE_SILENT","items_purchased":[],"campfire_rested":0,"item_purchase_floors":[],"current_hp_per_floor":[65,56,56,56,53,41,33,20,20,10,10,0,0],"gold":268,"neow_bonus":"BOSS_RELIC","is_daily":false,"chose_seed":false,"campfire_upgraded":0,"win_rate":0.0,"timestamp":1609496085,"path_taken":["M","M","?","?","M","E","M","E","T","M","M","E"],"items_purchased_type":[],"build_version":"2020-12-22","purchased_purges":0,"victory":false,"max_hp_per_floor":[70,70,70,70,70,70,70,70,70,70,70,70,70],"card_choices":[{"not_picked":["Prepared","Quick Slash","Outmaneuver"],"picked":"SKIP","floor":1.0},{"not_picked":["Escape Plan","Reflex"],"picked":"Crippling Poison","floor":2.0},{"not_picked":["Flying Knee","Dagger Spray"],"picked":"Concentrate","floor":5.0},{"not_picked":["Acrobatics","Predator","Dodge and Roll"],"picked":"SKIP","floor":6.0},{"not_picked":["Acrobatics","Caltrops"],"picked":"Storm of Steel","floor":7.0},{"not_picked":["Footwork","Quick Slash"],"picked":"Cloak And Dagger","floor":8.0},{"not_picked":["Flying Knee","Sucker Punch","Reflex"],"picked":"SKIP","floor":10.0},{"not_picked":["Acrobatics","Bane"],"picked":"Accuracy","floor":11.0}],"player_experience":96427,"relics_obtained":[{"floor":6.0,"key":"PreservedInsect"},{"floor":8.0,"key":"MealTicket"}],"event_choices":[{"damage_healed":0.0,"max_hp_gain":0.0,"max_hp_loss":0.0,"gold_gain":0.0,"event_name":"Big Fish","player_choice":"Box","floor":3.0,"gold_loss":0.0,"damage_taken":0.0,"relics_obtained":["Bag of Marbles"],"cards_obtained":["Regret"]},{"damage_healed":0.0,"max_hp_gain":0.0,"max_hp_loss":0.0,"gold_gain":0.0,"cards_transformed":["Strike_G"],"event_name":"Transmorgrifier","player_choice":"Transformed","floor":4.0,"gold_loss":0.0,"damage_taken":0.0,"cards_obtained":["Infinite Blades"]}],"is_beta":false,"boss_relics":[],"items_purged_floors":[],"is_endless":false,"potions_floor_spawned":[2,6,7,8],"killed_by":"Lagavulin","ascension_level":4}}