{"host":"yludllxm6rzdxpbb","time":1609529208,"event":{"mods":["AchievementEnabler","BaseMod","Better Third Choice","BetterRewards","Colored Map","Colored Powertips","Hermit","Hubris","Infinite Spire","Minty Spire (QoL Compilation)","Quick Restart","Replay The Spire","StSLib","The Hierophant","The Necromancer"],"gold_per_floor":[117,130,3,3,14,14,31,66,66,66,66,84,118,118,118,223,223,236,255,274,289,1,1,12,0,0,29,45,45,45,79,79,79,79],"floor_reached":33,"playtime":1308,"items_purged":[],"score":337,"play_id":"f53ff336-41a1-4b02-b341-74289f0b121c","local_time":"20210101222648","is_ascension_mode":true,"campfire_choices":[{"floor":6,"key":"RECALL"},{"data":"Rupture","floor":11,"key":"SMITH"},{"data":"Heavy Blade","floor":15,"key":"SMITH"},{"floor":23,"key":"REST"},{"floor":29,"key":"REST"},{"floor":32,"key":"REST"}],"circlet_count":0,"master_deck":["Strike_R","Strike_R","Strike_R","Strike_R","Strike_R","Defend_R","Defend_R","Defend_R","Defend_R","Bash","Hemokinesis","Cleave","Rupture+1","Shrug It Off","Cleave","Ghostly Armor","Reaper","Heavy Blade+1","Infernal Blade","Self Repair+1","Feed","Seeing Red","Twin Strike","Rampage","ReplayTheSpireMod:Limb From Limb","Hemokinesis+1","Bandage Up","Spot Weakness","Flex","Clothesline+1","Pummel+1","Barricade"],"relics":["hubris:Icosahedron","hubris:SlimyHat","infinitespire:Broken Mirror","Bronze Scales","Iron Core","ChewingGum","Bag of Preparation","Prayer Wheel","hubris:RunicObelisk","Happy Flower"],"acts_visited":["Exordium","TheCity"],"potions_floor_usage":[16,33,33],"damage_taken":[{"damage":0,"enemies":"Cultist","floor":1,"turns":4},{"damage":3,"enemies":"Jaw Worm","floor":2,"turns":3},{"damage":2,"enemies":"Small Slimes","floor":5,"turns":2},{"damage":8,"enemies":"Blue Slaver","floor":7,"turns":5},{"damage":11,"enemies":"3 Sentries","floor":8,"turns":5},{"damage":6,"enemies":"Large Slime","floor":12,"turns":5},{"damage":47,"enemies":"Lagavulin","floor":13,"turns":8},{"damage":62,"enemies":"Slime Boss","floor":16,"turns":11},{"damage":35,"enemies":"Spheric Guardian","floor":18,"turns":5},{"damage":15,"enemies":"Chosen","floor":19,"turns":6},{"damage":24,"enemies":"Snake Plant","floor":20,"turns":3},{"damage":25,"enemies":"3 Cultists","floor":21,"turns":5},{"damage":30,"enemies":"Sentry and Sphere","floor":24,"turns":5},{"damage":32,"enemies":"Gremlin Leader","floor":27,"turns":7},{"damage":25,"enemies":"Snake Plant","floor":28,"turns":3},{"damage":17,"enemies":"Book of Stabbing","floor":31,"turns":3},{"damage":46,"enemies":"Automaton","floor":33,"turns":6}],"seed_played":"5672744962309303191","potions_obtained":[{"floor":1,"key":"Weak Potion"},{"floor":5,"key":"Regen Potion"},{"floor":12,"key":"Venom Potion"},{"floor":19,"key":"Dexterity Potion"},{"floor":21,"key":"ColorlessPotion"}],"is_trial":false,"path_per_floor":["M","M","$","?","M","R","M","E","T","T","R","M","E","?","R","B",null,"M","M","M","M","$","R","M","?","T","E","M","R","AVR","E","R","B"],"character_chosen":"IRONCLAD","items_purchased":["Rupture","Shrug It Off","Hemokinesis+1","Bandage Up","Bag of Preparation"],"campfire_rested":3,"item_purchase_floors":[3,3,22,22,22],"current_hp_per_floor":[88,88,88,88,88,88,86,81,81,81,81,87,50,50,50,6,88,63,61,40,40,40,68,52,52,52,34,16,45,45,32,61,51,51],"gold":79,"neow_bonus":"TEN_PERCENT_HP_BONUS","is_daily":false,"chose_seed":false,"campfire_upgraded":2,"win_rate":0.0,"timestamp":1609529208,"path_taken":["M","?","$","?","M","R","M","E","T","?","R","?","E","?","R","BOSS","M","M","M","M","$","R","M","?","T","E","M","R","AVR","E","R","BOSS"],"items_purchased_type":["Card","Card","Card","Card","Relic"],"build_version":"2020-12-22","purchased_purges":0,"victory":false,"max_hp_per_floor":[88,88,88,88,88,88,88,88,88,88,88,88,88,88,88,88,88,88,88,91,94,94,94,94,94,94,94,97,97,97,97,97,97,97],"card_choices":[{"not_picked":["Clash","Bloodletting"],"picked":"Hemokinesis","floor":1},{"not_picked":["Feel No Pain","hubris:ReadiedAction"],"picked":"Cleave","floor":2},{"not_picked":["hubris:ReadiedAction","Wild Strike"],"picked":"Cleave","floor":5},{"not_picked":["ReplayTheSpireMod:Strike From Hell","Wild Strike"],"picked":"Ghostly Armor","floor":7},{"not_picked":["Flame Barrier","Flex"],"picked":"Reaper","floor":8},{"not_picked":["Disarm","Barricade"],"picked":"Heavy Blade","floor":12},{"not_picked":["Pommel Strike","Clothesline"],"picked":"Infernal Blade","floor":13},{"not_picked":["hubris:StunningStrike","Fiend Fire"],"picked":"Feed","floor":16},{"not_picked":["ReplayTheSpireMod:Strike From Hell","Wild Strike"],"picked":"Seeing Red","floor":18},{"not_picked":["ReplayTheSpireMod:Strike From Hell","Warcry"],"picked":"Twin Strike","floor":19},{"not_picked":["Thunderclap+1","hubris:ReadiedAction"],"picked":"Rampage","floor":20},{"not_picked":["Warcry","Iron Wave"],"picked":"ReplayTheSpireMod:Limb From Limb","floor":21},{"not_picked":["Searing Blow","Carnage+1"],"picked":"Spot Weakness","floor":24},{"not_picked":["Fire Breathing","Bloodletting+1"],"picked":"Flex","floor":27},{"not_picked":["Warcry","Sentinel"],"picked":"Clothesline+1","floor":28},{"not_picked":["Twin Strike","Carnage+1"],"picked":"Pummel+1","floor":28},{"not_picked":["hubris:ReadiedAction","Body Slam"],"picked":"Barricade","floor":31}],"player_experience":324843,"relics_obtained":[{"floor":8,"key":"hubris:SlimyHat"},{"floor":10,"key":"infinitespire:Broken Mirror"},{"floor":13,"key":"Bronze Scales"},{"floor":27,"key":"Prayer Wheel"},{"floor":31,"key":"Happy Flower"}],"event_choices":[{"damage_healed":0,"gold_gain":0,"player_choice":"Paid Fearfully","damage_taken":0,"max_hp_gain":0,"max_hp_loss":0,"event_name":"Masked Bandits","floor":25,"gold_loss":12}],"is_beta":false,"boss_relics":[{"not_picked":["infinitespire:Burning Sword","Ooze Armor"],"picked":"ChewingGum"}],"items_purged_floors":[],"is_endless":false,"potions_floor_spawned":[1,5,12,19,21,27,28],"killed_by":"Automaton","ascension_level":1}}