{"host":"r6jigiblrojhp6xe","time":1609480505,"event":{"mods":["AchievementEnabler","BaseMod","DeckTracker","Minty Spire (QoL Compilation)","Quick Restart","Rare Cards Sparkle","Relic Stats","StSLib","SuperFastMode","The Cursed","everything is the same but u backflip on backflip"],"gold_per_floor":[111,124,139,151,151,151,204,204,228,403,422,422,123,123,123,219,219,233,283,298,308,328,328,362,362,415,496,508,536,279,298,298,396,396,412,429,447,251,262,293,293,293,293,293,75,95,18,34,34,34,34,34,34,64,64],"floor_reached":56,"playtime":2561,"items_purged":["TheCursedMod:Strike_TheCursed","TheCursedMod:Strike_TheCursed","TheCursedMod:Defend_TheCursed","Normality"],"score":1294,"play_id":"39036a2a-c0f9-49bb-bb11-37b25e272c9d","local_time":"20210101145505","is_ascension_mode":false,"campfire_choices":[{"data":"TheCursedMod:SpitefulPlan","floor":6.0,"key":"SMITH"},{"data":"TheCursedMod:CursedStaff","floor":15.0,"key":"SMITH"},{"data":"TheCursedMod:ForbiddenAlchemy","floor":23.0,"key":"SMITH"},{"data":"TheCursedMod:LuckyCharm","floor":25.0,"key":"SMITH"},{"data":"TheCursedMod:FleshFromBone","floor":32.0,"key":"SMITH"},{"data":"TheCursedMod:LuckyCharm","floor":42.0,"key":"SMITH"},{"floor":44.0,"key":"RECALL"},{"data":"TheCursedMod:HellfireBreathing","floor":49.0,"key":"SMITH"},{"data":"TheCursedMod:CursedMace","floor":52.0,"key":"SMITH"}],"circlet_count":0,"master_deck":["TheCursedMod:Defend_TheCursed","TheCursedMod:Defend_TheCursed","TheCursedMod:CursedWand","TheCursedMod:CleanUpWorkshop","TheCursedMod:Dregs","TheCursedMod:CursedBlade","TheCursedMod:CursedMace+1","TheCursedMod:FleshFromBone+1","TheCursedMod:SpitefulPlan+1","TheCursedMod:SoulCrush","TheCursedMod:CursedStaff+1","TheCursedMod:ForbiddenAlchemy+1","TheCursedMod:LuckyCharm+1","TheCursedMod:SpitefulPray","TheCursedMod:CursedSpellbook","TheCursedMod:Obscuration+1","TheCursedMod:Evocation+1","TheCursedMod:TroublousMinions+1","TheCursedMod:DemonSword","TheCursedMod:SmokeScreen+1","TheCursedMod:RavingStaff+1","TheCursedMod:LuckyCharm+1","TheCursedMod:Wield+1","TheCursedMod:ManaBullet","TheCursedMod:FleshFromBone+1","TheCursedMod:HellfireBreathing+1","TheCursedMod:DemonSword"],"relics":["TheCursedMod:BlackMagic101","Boot","Toy Ornithopter","TheAbacus","Eternal Feather","SacredBark","Blood Vial","Art of War","Ancient Tea Set","Oddly Smooth Stone","Cursed Key","Lantern","StoneCalendar","Bottled Lightning"],"acts_visited":["Exordium","TheCity","TheBeyond","TheEnding"],"potions_floor_usage":[54,54,54,54,55,55,55,55,55],"damage_taken":[{"damage":0.0,"enemies":"2 Louse","floor":1.0,"turns":2.0},{"damage":2.0,"enemies":"Small Slimes","floor":2.0,"turns":2.0},{"damage":1.0,"enemies":"Jaw Worm","floor":3.0,"turns":3.0},{"damage":2.0,"enemies":"Lots of Slimes","floor":4.0,"turns":3.0},{"damage":1.0,"enemies":"Lagavulin","floor":7.0,"turns":10.0},{"damage":6.0,"enemies":"Exordium Thugs","floor":11.0,"turns":3.0},{"damage":12.0,"enemies":"The Guardian","floor":16.0,"turns":10.0},{"damage":5.0,"enemies":"Chosen","floor":18.0,"turns":5.0},{"damage":12.0,"enemies":"3 Byrds","floor":20.0,"turns":4.0},{"damage":9.0,"enemies":"Centurion and Healer","floor":21.0,"turns":9.0},{"damage":8.0,"enemies":"Chosen and Byrds","floor":22.0,"turns":9.0},{"damage":18.0,"enemies":"Book of Stabbing","floor":24.0,"turns":3.0},{"damage":10.0,"enemies":"Shelled Parasite and Fungi","floor":28.0,"turns":4.0},{"damage":24.0,"enemies":"Slavers","floor":29.0,"turns":7.0},{"damage":0.0,"enemies":"Centurion and Healer","floor":31.0,"turns":4.0},{"damage":1.0,"enemies":"Collector","floor":33.0,"turns":18.0},{"damage":0.0,"enemies":"3 Shapes","floor":35.0,"turns":6.0},{"damage":11.0,"enemies":"3 Darklings","floor":36.0,"turns":5.0},{"damage":0.0,"enemies":"Maw","floor":37.0,"turns":8.0},{"damage":13.0,"enemies":"Writhing Mass","floor":39.0,"turns":4.0},{"damage":22.0,"enemies":"Reptomancer","floor":40.0,"turns":9.0},{"damage":0.0,"enemies":"Transient","floor":46.0,"turns":5.0},{"damage":2.0,"enemies":"Spire Growth","floor":48.0,"turns":6.0},{"damage":24.0,"enemies":"Awakened One","floor":50.0,"turns":14.0},{"damage":34,"enemies":"Shield and Spear","floor":54,"turns":7},{"damage":87,"enemies":"The Heart","floor":55,"turns":11}],"seed_played":"-2081573021720277780","potions_obtained":[{"floor":1.0,"key":"Weak Potion"},{"floor":2.0,"key":"ColorlessPotion"},{"floor":3.0,"key":"Weak Potion"},{"floor":11.0,"key":"TheCursedMod:DregsPotion"},{"floor":21.0,"key":"SpeedPotion"},{"floor":22.0,"key":"Explosive Potion"},{"floor":24.0,"key":"ColorlessPotion"},{"floor":37.0,"key":"ColorlessPotion"},{"floor":41.0,"key":"DistilledChaos"},{"floor":54,"key":"ColorlessPotion"}],"is_trial":false,"path_per_floor":["M","M","M","M","?","R","E","?","T","?","M","?","$","T","R","B",null,"M","?","M","M","M","R","E","R","T","T","M","E","$","M","R","B",null,"M","M","M","$","M","E","?","R","T","R","$","M","$","M","R","B",null,"R","$","E","B",null],"character_chosen":"THE_CURSED","items_purchased":["TheCursedMod:CursedStaff","TheAbacus","Oddly Smooth Stone","TheCursedMod:LuckyCharm","TheCursedMod:ManaBullet","TheCursedMod:HellfireBreathing"],"campfire_rested":0,"item_purchase_floors":[13,13,30,38,45,47],"current_hp_per_floor":[54,52,51,49,49,49,48,53,53,53,47,40,40,40,46,34,80,75,75,73,64,76,80,77,80,80,80,75,61,61,68,77,79,80,80,80,80,80,72,52,52,64,64,76,76,80,80,78,80,66,80,80,80,66,6],"gold":64,"neow_bonus":"REMOVE_TWO","is_daily":false,"chose_seed":false,"campfire_upgraded":8,"win_rate":0.0,"timestamp":1609480505,"path_taken":["M","M","M","M","?","R","E","?","T","?","M","?","$","?","R","BOSS","M","?","M","M","?","R","E","R","T","?","M","E","$","M","R","BOSS","M","M","M","$","M","E","?","R","T","R","$","M","?","M","R","BOSS","R","$","E","BOSS"],"items_purchased_type":["Card","Relic","Relic","Card","Card","Card"],"build_version":"2020-12-22","purchased_purges":4,"victory":true,"max_hp_per_floor":[75,75,75,75,75,75,75,80,80,80,80,80,80,80,80,80,80,80,80,80,80,80,80,80,80,80,80,80,80,80,80,80,80,80,80,80,80,80,80,80,80,80,80,80,80,80,80,80,80,80,80,80,80,80,80],"relic_stats":{"Blood Vial":12,"TheAbacus":[576],"counters":[26,171],"Eternal Feather":48,"StoneCalendar":[108],"Art of War":[10],"Boot":[10],"Cursed Key":1,"obtain_stats":[{"TheCursedMod:BlackMagic101":0,"Lantern":40,"SacredBark":17,"Oddly Smooth Stone":30,"Eternal Feather":14,"StoneCalendar":43,"Boot":7,"Ancient Tea Set":29,"Cursed Key":34,"Blood Vial":24,"TheAbacus":13,"Art of War":26,"Bottled Lightning":54,"Toy Ornithopter":9},{"TheCursedMod:BlackMagic101":0,"Lantern":21,"SacredBark":7,"Oddly Smooth Stone":14,"Eternal Feather":6,"StoneCalendar":21,"Boot":5,"Ancient Tea Set":14,"Cursed Key":16,"Blood Vial":12,"TheAbacus":6,"Art of War":12,"Bottled Lightning":25,"Toy Ornithopter":5},{"TheCursedMod:BlackMagic101":0,"Lantern":128,"SacredBark":33,"Oddly Smooth Stone":74,"Eternal Feather":23,"StoneCalendar":128,"Boot":20,"Ancient Tea Set":74,"Cursed Key":96,"Blood Vial":63,"TheAbacus":23,"Art of War":63,"Bottled Lightning":160,"Toy Ornithopter":20}],"Toy Ornithopter":131},"card_choices":[{"not_picked":["TheCursedMod:ManaBullet","TheCursedMod:DoubleShield"],"picked":"TheCursedMod:CursedBlade","floor":1.0},{"not_picked":["TheCursedMod:CircleOfCorruption","TheCursedMod:Torture"],"picked":"TheCursedMod:CursedMace","floor":2.0},{"not_picked":["TheCursedMod:BloodBarrier","TheCursedMod:Torture"],"picked":"TheCursedMod:FleshFromBone","floor":3.0},{"not_picked":["TheCursedMod:CursedAmulet","TheCursedMod:RavingStaff","TheCursedMod:CursedBlade"],"picked":"SKIP","floor":4.0},{"not_picked":["TheCursedMod:VitalStrike","TheCursedMod:CursedAmulet"],"picked":"TheCursedMod:SoulCrush","floor":7.0},{"not_picked":["TheCursedMod:Stretching","TheCursedMod:ParallelWorld","TheCursedMod:FleshFromBone"],"picked":"SKIP","floor":11.0},{"not_picked":["TheCursedMod:ManaCirculation","TheCursedMod:StunningStrike"],"picked":"TheCursedMod:ForbiddenAlchemy","floor":16.0},{"not_picked":["TheCursedMod:CursedShiv","TheCursedMod:SpreadPlague"],"picked":"TheCursedMod:LuckyCharm","floor":18.0},{"not_picked":["TheCursedMod:VitalStrike+1","TheCursedMod:Torture","TheCursedMod:CircleOfAmplification"],"picked":"SKIP","floor":20.0},{"not_picked":["TheCursedMod:SmokeScreen","TheCursedMod:Evocation"],"picked":"TheCursedMod:SpitefulPray","floor":21.0},{"not_picked":["TheCursedMod:SpreadPlague+1","TheCursedMod:TacticalStrike"],"picked":"TheCursedMod:CursedSpellbook","floor":22.0},{"not_picked":["TheCursedMod:CircleOfAmplification","TheCursedMod:Wield+1","TheCursedMod:CursedMace"],"picked":"SKIP","floor":24.0},{"not_picked":["TheCursedMod:CircleOfCorruption+1","TheCursedMod:Obscuration+1","TheCursedMod:CursedShiv"],"picked":"SKIP","floor":28.0},{"not_picked":["TheCursedMod:CircleOfCorruption+1","TheCursedMod:CursedShiv"],"picked":"TheCursedMod:Obscuration+1","floor":28.0},{"not_picked":["TheCursedMod:FleshFromBone","TheCursedMod:ReleasedKnowledge"],"picked":"TheCursedMod:Evocation+1","floor":29.0},{"not_picked":["TheCursedMod:Stigma","TheCursedMod:CircleOfFlame+1"],"picked":"TheCursedMod:TroublousMinions+1","floor":31.0},{"not_picked":["TheCursedMod:CircleOfAbyss","TheCursedMod:CollectTribute"],"picked":"TheCursedMod:DemonSword","floor":33.0},{"not_picked":["TheCursedMod:RavingStaff","TheCursedMod:SurpriseAttack"],"picked":"TheCursedMod:SmokeScreen+1","floor":35.0},{"not_picked":["TheCursedMod:RavingStaff+1","TheCursedMod:CursedAmulet","TheCursedMod:CircleOfCorruption"],"picked":"SKIP","floor":36.0},{"not_picked":["TheCursedMod:CursedAmulet","TheCursedMod:CircleOfCorruption"],"picked":"TheCursedMod:RavingStaff+1","floor":36.0},{"not_picked":["TheCursedMod:EmpowerCircles","TheCursedMod:Hemoplague","TheCursedMod:Stretching+1"],"picked":"SKIP","floor":37.0},{"not_picked":["TheCursedMod:BloodBarrier","TheCursedMod:Evocation"],"picked":"TheCursedMod:Wield+1","floor":39.0},{"not_picked":["TheCursedMod:RavingStaff+1","TheCursedMod:Wield","TheCursedMod:UltimatePain"],"picked":"SKIP","floor":40.0},{"not_picked":["TheCursedMod:CircleOfCorruption+1","TheCursedMod:AbyssShockwave"],"picked":"TheCursedMod:FleshFromBone+1","floor":46.0},{"not_picked":["TheCursedMod:CircleOfBlood","TheCursedMod:CursedAmulet","TheCursedMod:Wield+1"],"picked":"SKIP","floor":48.0},{"not_picked":["TheCursedMod:SoulReap+1","TheCursedMod:Stretching+1"],"picked":"TheCursedMod:DemonSword","floor":54}],"player_experience":557328,"relics_obtained":[{"floor":7.0,"key":"Boot"},{"floor":9.0,"key":"Toy Ornithopter"},{"floor":14.0,"key":"Eternal Feather"},{"floor":24.0,"key":"Blood Vial"},{"floor":26.0,"key":"Art of War"},{"floor":29.0,"key":"Ancient Tea Set"},{"floor":40.0,"key":"Lantern"},{"floor":43.0,"key":"StoneCalendar"},{"floor":54,"key":"Bottled Lightning"}],"event_choices":[{"damage_healed":0.0,"max_hp_gain":0.0,"max_hp_loss":0.0,"gold_gain":0.0,"cards_transformed":["TheCursedMod:Strike_TheCursed"],"event_name":"Living Wall","player_choice":"Change","floor":5.0,"gold_loss":0.0,"damage_taken":0.0,"cards_obtained":["TheCursedMod:SpitefulPlan"]},{"damage_healed":0.0,"max_hp_gain":5.0,"max_hp_loss":0.0,"gold_gain":0.0,"event_name":"Big Fish","player_choice":"Donut","floor":8.0,"gold_loss":0.0,"damage_taken":0.0},{"damage_healed":0.0,"max_hp_gain":0.0,"max_hp_loss":0.0,"gold_gain":175.0,"event_name":"Liars Game","player_choice":"AGREE","floor":10.0,"gold_loss":0.0,"damage_taken":0.0,"cards_obtained":["Doubt"]},{"cards_removed":["Doubt"],"damage_healed":0.0,"max_hp_gain":0.0,"max_hp_loss":0.0,"gold_gain":0.0,"event_name":"Golden Wing","player_choice":"Card Removal","floor":12.0,"gold_loss":0.0,"damage_taken":7.0},{"damage_healed":0.0,"max_hp_gain":0.0,"max_hp_loss":0.0,"gold_gain":100.0,"event_name":"The Joust","player_choice":"Bet on Murderer","floor":19.0,"gold_loss":50.0,"damage_taken":0.0},{"damage_healed":0.0,"max_hp_gain":0.0,"max_hp_loss":0.0,"gold_gain":0.0,"event_name":"Lab","player_choice":"Got Potions","floor":41.0,"gold_loss":0.0,"damage_taken":0.0}],"is_beta":false,"boss_relics":[{"not_picked":["Black Star","Empty Cage"],"picked":"SacredBark"},{"not_picked":["SlaversCollar","Velvet Choker"],"picked":"Cursed Key"}],"items_purged_floors":[13,30,38,45],"is_endless":false,"potions_floor_spawned":[1,2,3,11,21,22,24,33,35,37,39,46,54],"ascension_level":0}}