{"host":"97feeoqujgl2pi7v","time":1609498300,"event":{"mods":["AchievementEnabler","Act Like it!","Aspiration","Bard","BaseMod","Better Third Choice","Colored Map","Colored Powertips","Conspire","DeckTracker","Downfall","Duelist Mod","Gensokyo","GifTheSpireLib","Halation","Hallownest","Hermit","Hubris","Infinite Spire","Jorbs\u0027s Wanderer Trilogy","Koishi","Mad Scientist","Marisa（霧雨　魔理沙）","Minty Spire (QoL Compilation)","Rare Cards Sparkle","Reimu（博丽灵梦）","Replay The Spire","Shop Mod","StSLib","The Administrix","The Blackbeard","The Bladedancer","The Bug Knight","The Construct","The Cursed","The Disciple","The Mystic","The Necromancer","The Runesmith","The Saiyan","The Servant 0.9.4","TheBandit"],"gold_per_floor":[117,117,136,2,22,57,90,90,90,126,126,304,578,610,610,702,702,756,785,809,847,847],"floor_reached":21,"playtime":2536,"items_purged":[],"score":364,"play_id":"932d713e-326d-4fc2-9e6d-ef2c293e9097","local_time":"20210101055140","daily_mods":["Draft","Heirloom","DeadlyEvents"],"is_ascension_mode":true,"campfire_choices":[{"floor":11,"key":"REST"},{"floor":15,"key":"REST"}],"circlet_count":0,"master_deck":["AscendersBane","Blade Dance","Dagger Spray","conspire:PoisonWeapons","Flying Knee","Flying Knee","Dagger Spray","Well Laid Plans","Sucker Punch","Dagger Throw","Dodge and Roll","Backstab","Poisoned Stab","Slice","Deadly Poison","ReplayTheSpireMod:Tripwire","Backflip","Cloak And Dagger","Flying Knee","ReplayTheSpireMod:Scrap Shanks","Toxin Wave","Catalyst+1","Tools of the Trade","PiercingWail","Riddle With Holes+1","Bouncing Flask","Crippling Poison","Blade Dance","A Thousand Cuts","Adrenaline","Poisoned Stab","Deflect","ReplayTheSpireMod:Shiv Toss"],"relics":["Ring of the Snake","champ:DeflectingBracers","Replay:Bandana","infinitespire:CursedDice","infinitespire:Golems Mask","conspire:RoyalGoblet"],"acts_visited":["Gensokyo:Gensokyo","Gensokyo:Gensokyoer"],"potions_floor_usage":[6,18,20],"damage_taken":[{"damage":0,"enemies":"Gensokyo:Python","floor":1,"turns":2},{"damage":0,"enemies":"Gensokyo:3_Fairies","floor":3,"turns":2},{"damage":2,"enemies":"Gensokyo:Gryphon","floor":5,"turns":2},{"damage":14,"enemies":"Gensokyo:Mamizou","floor":6,"turns":7},{"damage":11,"enemies":"Gensokyo:2_Rabbits","floor":7,"turns":3},{"damage":11,"enemies":"Gensokyo:3_Kodama","floor":10,"turns":4},{"damage":0,"enemies":"Gensokyo:LivingMonolith","floor":12,"turns":2},{"damage":2,"enemies":"Gensokyo:Gryphon_and_Rabbit","floor":13,"turns":4},{"damage":11,"enemies":"Gensokyo:VengefulSpirit","floor":14,"turns":3},{"damage":35,"enemies":"Gensokyo:Yukari","floor":16,"turns":6},{"damage":10,"enemies":"Gensokyo:3_Dogs","floor":18,"turns":4},{"damage":7,"enemies":"Gensokyo:CosmicMonolith","floor":19,"turns":2},{"damage":40,"enemies":"Gensokyo:Slime_Group","floor":20,"turns":4},{"damage":45,"enemies":"Gensokyo:Chomper_and_Gloop","floor":21,"turns":4}],"seed_played":"-7104781000063769346","potions_obtained":[{"floor":3,"key":"ZuzhouPotion:ReiMu"},{"floor":10,"key":"Elixir"},{"floor":12,"key":"Guardian:BlockOnCardUsePotion"},{"floor":13,"key":"FearPotion"},{"floor":16,"key":"GhostInAJar"},{"floor":19,"key":"DistilledChaos"}],"is_trial":true,"path_per_floor":["M","?","M","COS","M","E","M","?","T","M","R","M","M","M","R","B",null,"M","M","M","M"],"character_chosen":"THE_SILENT","items_purchased":[],"campfire_rested":2,"item_purchase_floors":[],"current_hp_per_floor":[59,59,59,59,57,43,32,32,32,21,40,40,38,27,46,11,52,42,35,40,0,0],"gold":847,"neow_bonus":"","is_daily":false,"chose_seed":false,"campfire_upgraded":0,"win_rate":0.0,"timestamp":1609498300,"path_taken":["M","?","?","COS","M","E","M","?","T","M","R","M","?","M","R","BOSS","M","M","M","M"],"items_purchased_type":[],"build_version":"2020-12-22","purchased_purges":0,"victory":false,"max_hp_per_floor":[66,66,66,66,66,66,66,66,66,66,66,66,66,66,66,66,66,66,66,66,66,66],"card_choices":[{"not_picked":["PiercingWail","Deadly Poison"],"picked":"Blade Dance","floor":0},{"not_picked":["Flying Knee","PiercingWail"],"picked":"Dagger Spray","floor":0},{"not_picked":["Deadly Poison","Flying Knee"],"picked":"conspire:PoisonWeapons","floor":0},{"not_picked":["hubris:SlightOfHand","Distraction"],"picked":"Flying Knee","floor":0},{"not_picked":["Prepared","Sucker Punch"],"picked":"Flying Knee","floor":0},{"not_picked":["Poisoned Stab","Blur"],"picked":"Dagger Spray","floor":0},{"not_picked":["hubris:SlightOfHand","Dagger Throw"],"picked":"Well Laid Plans","floor":0},{"not_picked":["PiercingWail","Flying Knee"],"picked":"Sucker Punch","floor":0},{"not_picked":["Choke","Sucker Punch"],"picked":"Dagger Throw","floor":0},{"not_picked":["Acrobatics","Dagger Spray"],"picked":"Dodge and Roll","floor":0},{"not_picked":["Acrobatics","ReplayTheSpireMod:Speed Training"],"picked":"Backstab","floor":0},{"not_picked":["hubris:SlightOfHand","Slice"],"picked":"Poisoned Stab","floor":0},{"not_picked":["Sucker Punch","hubris:SlightOfHand"],"picked":"Slice","floor":0},{"not_picked":["Caltrops","Bane"],"picked":"Deadly Poison","floor":0},{"not_picked":["Dagger Throw","Backstab"],"picked":"ReplayTheSpireMod:Tripwire","floor":0},{"not_picked":["Eviscerate","Masterful Stab"],"picked":"Backflip","floor":1},{"not_picked":["Poisoned Stab","Slice"],"picked":"Cloak And Dagger","floor":2},{"not_picked":["Prepared","ReplayTheSpireMod:The Works"],"picked":"Flying Knee","floor":2},{"not_picked":["Bane","Hidden Blade"],"picked":"ReplayTheSpireMod:Scrap Shanks","floor":3},{"not_picked":["Tactician","Dagger Throw"],"picked":"Toxin Wave","floor":5},{"not_picked":["Dodge and Roll+1","Malaise+1"],"picked":"Catalyst+1","floor":6},{"not_picked":["Well Laid Plans","Dagger Throw"],"picked":"Tools of the Trade","floor":6},{"not_picked":["Flying Knee","Quick Slash"],"picked":"PiercingWail","floor":7},{"not_picked":["hubris:TrickCloak","Backflip"],"picked":"Bouncing Flask","floor":10},{"not_picked":["Dagger Spray","Outmaneuver"],"picked":"Crippling Poison","floor":12},{"not_picked":["Dagger Spray","Deflect"],"picked":"Blade Dance","floor":13},{"not_picked":["PiercingWail","Dodge and Roll"],"picked":"A Thousand Cuts","floor":14},{"not_picked":["ReplayTheSpireMod:Necrosis","A Thousand Cuts"],"picked":"Adrenaline","floor":16},{"not_picked":["Flying Knee","PiercingWail"],"picked":"Poisoned Stab","floor":18},{"not_picked":["Escape Plan","Deadly Poison"],"picked":"Deflect","floor":19},{"not_picked":["Poisoned Stab","Outmaneuver"],"picked":"ReplayTheSpireMod:Shiv Toss","floor":20}],"player_experience":372641,"relics_obtained":[{"floor":6,"key":"Replay:Bandana"},{"floor":9,"key":"infinitespire:CursedDice"}],"event_choices":[],"is_beta":false,"boss_relics":[{"not_picked":["Empty Cage","halation:PinkAlligatorPlush"],"picked":"conspire:RoyalGoblet"}],"items_purged_floors":[],"is_endless":false,"potions_floor_spawned":[3,10,12,13,16,19],"killed_by":"Gensokyo:Chomper_and_Gloop","ascension_level":20}}