{"host":"p7j7o00jacnw7qzt","time":1609480547,"event":{"mods":["BaseMod","Colored Map","Colored Powertips","DeckTracker","Highlight Path","Minty Spire (QoL Compilation)","Relic Stats"],"gold_per_floor":[115,115,40,40,51,78,78,78,78],"floor_reached":8,"playtime":112,"items_purged":[],"score":158,"play_id":"3d3316f3-32bc-4385-9ddd-ae7a8846fb10","local_time":"20210101005547","is_ascension_mode":true,"campfire_choices":[{"data":"All Out Attack","floor":7,"key":"SMITH"}],"circlet_count":0,"master_deck":["AscendersBane","Strike_G","Strike_G","Strike_G","Defend_G","Defend_G","Defend_G","Defend_G","Defend_G","Survivor","Neutralize","Prepared","All Out Attack+1","Concentrate"],"relics":["Ring of the Snake","NeowsBlessing"],"acts_visited":["Exordium"],"potions_floor_usage":[],"damage_taken":[{"damage":0.0,"enemies":"Small Slimes","floor":1.0,"turns":1.0},{"damage":0,"enemies":"Cultist","floor":5,"turns":1},{"damage":0,"enemies":"3 Sentries","floor":6,"turns":1},{"damage":17,"enemies":"Lagavulin","floor":8,"turns":5}],"seed_played":"8128654758840327229","potions_obtained":[],"is_trial":false,"path_per_floor":["M","?","?","?","M","E","R","E"],"character_chosen":"THE_SILENT","items_purchased":[],"campfire_rested":0,"item_purchase_floors":[],"current_hp_per_floor":[59,64,64,64,64,64,64,47,47],"gold":78,"neow_bonus":"THREE_ENEMY_KILL","is_daily":false,"chose_seed":false,"campfire_upgraded":1,"win_rate":0.0,"timestamp":1609480547,"path_taken":["M","?","?","?","M","E","R","E"],"items_purchased_type":[],"build_version":"2020-12-22","purchased_purges":0,"victory":false,"max_hp_per_floor":[66,71,71,71,71,71,71,71,71],"relic_stats":{"counters":[4,8],"obtain_stats":[{"NeowsBlessing":0,"Ring of the Snake":0},{"NeowsBlessing":0,"Ring of the Snake":0},{"NeowsBlessing":0,"Ring of the Snake":0}],"Ring of the Snake":[8]},"card_choices":[{"not_picked":["Sucker Punch","Poisoned Stab"],"picked":"Prepared","floor":1.0},{"not_picked":["Predator","Sucker Punch"],"picked":"All Out Attack","floor":5},{"not_picked":["Deadly Poison","Tools of the Trade"],"picked":"Concentrate","floor":6}],"player_experience":900015,"relics_obtained":[],"event_choices":[{"damage_healed":0,"gold_gain":0,"player_choice":"Donut","damage_taken":0,"max_hp_gain":5,"max_hp_loss":0,"event_name":"Big Fish","floor":2,"gold_loss":0},{"cards_removed":["Strike_G"],"damage_healed":0,"gold_gain":0,"player_choice":"Card Removal","damage_taken":0,"max_hp_gain":0,"max_hp_loss":0,"event_name":"The Cleric","floor":3,"gold_loss":75},{"cards_removed":["Strike_G"],"damage_healed":0,"gold_gain":0,"player_choice":"Offered Basic","damage_taken":0,"max_hp_gain":0,"max_hp_loss":0,"event_name":"Bonfire Elementals","floor":4,"gold_loss":0}],"is_beta":false,"boss_relics":[],"items_purged_floors":[],"is_endless":false,"potions_floor_spawned":[],"killed_by":"Lagavulin","ascension_level":20}}