{"host":"066y5nba5qw19k68","time":1609486281,"event":{"mods":["BaseMod","Colored Powertips","Downfall","Minty Spire (QoL Compilation)","Replay The Spire","Shop Mod","StSLib"],"gold_per_floor":[113,63,138,138,148,148,182,182,182,182,198,214,214,113,113,211,211,223,241,241],"floor_reached":19,"playtime":1576,"items_purged":["Defend_R"],"score":167,"play_id":"fb52418e-be56-49ac-b23a-762162842cff","local_time":"20210101153121","is_ascension_mode":false,"campfire_choices":[{"data":"Double Tap","floor":6.0,"key":"SMITH"},{"floor":10.0,"key":"REST"},{"data":"Armaments","floor":13.0,"key":"SMITH"},{"data":"Sword Boomerang","floor":15.0,"key":"SMITH"}],"circlet_count":0,"master_deck":["Strike_R","Strike_R","Strike_R","Strike_R","Strike_R","Defend_R","Defend_R","Defend_R","Bash+1","Double Tap+1","Anger","Sword Boomerang+1","Armaments+1","Shrug It Off","Warcry","Clash","Berserk","Infernal Blade+1","Metallicize"],"relics":["Burning Blood","Nunchaku","Torii","Unceasing Top","Runic Cube"],"acts_visited":[],"potions_floor_usage":[],"damage_taken":[{"damage":0.0,"enemies":"2 Louse","floor":1.0,"turns":3.0},{"damage":0.0,"enemies":"Jaw Worm","floor":5.0,"turns":3.0},{"damage":39.0,"enemies":"3 Sentries","floor":7.0,"turns":7.0},{"damage":0.0,"enemies":"Small Slimes","floor":11.0,"turns":2.0},{"damage":1.0,"enemies":"2 Fungi Beasts","floor":12.0,"turns":3.0},{"damage":32.0,"enemies":"Hexaghost","floor":16.0,"turns":9.0},{"damage":41.0,"enemies":"2 Thieves","floor":18.0,"turns":4.0},{"damage":0.0,"enemies":"3 Byrds","floor":19.0,"turns":5.0}],"seed_played":"2123538207005455835","potions_obtained":[{"floor":7.0,"key":"ColorlessPotion"},{"floor":11.0,"key":"GamblersBrew"},{"floor":12.0,"key":"SteroidPotion"}],"is_trial":false,"path_per_floor":["M","$","?","?","M","R","E","?","T","R","M","M","R","$","R","B",null,"M","M"],"character_chosen":"IRONCLAD","items_purchased":["Sword Boomerang","Clash"],"campfire_rested":1,"item_purchase_floors":[2,14],"current_hp_per_floor":[72,72,61,61,67,67,34,31,31,52,58,63,63,63,63,37,72,37,43,43],"gold":241,"neow_bonus":"THREE_RARE_CARDS","is_daily":false,"chose_seed":false,"campfire_upgraded":3,"win_rate":0.0,"timestamp":1609486281,"path_taken":["M","$","?","?","M","R","E","?","T","R","M","M","R","$","R","BOSS","M","M"],"items_purchased_type":["Card","Card"],"build_version":"2020-12-22","purchased_purges":1,"victory":false,"max_hp_per_floor":[72,72,72,72,72,72,72,72,72,72,72,72,72,72,72,72,72,72,72,72],"card_choices":[{"not_picked":["Corruption","Berserk"],"picked":"Double Tap","floor":0.0},{"not_picked":["Cleave","Headbutt"],"picked":"Anger","floor":1.0},{"not_picked":["Thunderclap","Pummel"],"picked":"Armaments","floor":5.0},{"not_picked":["Power Through","Thunderclap"],"picked":"Shrug It Off","floor":7.0},{"not_picked":["Fire Breathing","Iron Wave"],"picked":"Warcry","floor":11.0},{"not_picked":["Dual Wield","Uppercut","Sword Boomerang"],"picked":"SKIP","floor":12.0},{"not_picked":["Brutality","Feed"],"picked":"Berserk","floor":16.0},{"not_picked":["Carnage","Shrug It Off"],"picked":"Infernal Blade+1","floor":18.0},{"not_picked":["Clash","Massacre"],"picked":"Metallicize","floor":19}],"player_experience":10273,"relics_obtained":[{"floor":7.0,"key":"Nunchaku"},{"floor":9.0,"key":"Unceasing Top"}],"event_choices":[{"damage_healed":0.0,"max_hp_gain":0.0,"max_hp_loss":0.0,"gold_gain":75.0,"event_name":"World of Goop","player_choice":"Gather Gold","floor":3.0,"gold_loss":0.0,"damage_taken":11.0},{"damage_healed":0.0,"max_hp_gain":0.0,"max_hp_loss":0.0,"gold_gain":0.0,"event_name":"Living Wall","player_choice":"Grow","floor":4.0,"gold_loss":0.0,"damage_taken":0.0,"cards_upgraded":["Bash"]},{"damage_healed":0.0,"max_hp_gain":0.0,"max_hp_loss":0.0,"gold_gain":0.0,"event_name":"Scrap Ooze","player_choice":"Success","floor":8.0,"gold_loss":0.0,"damage_taken":3.0,"relics_obtained":["Torii"]}],"is_beta":false,"boss_relics":[{"not_picked":["Calling Bell","Philosopher\u0027s Stone"],"picked":"Runic Cube"}],"items_purged_floors":[14],"is_endless":false,"potions_floor_spawned":[7,11,12,19],"killed_by":"3 Byrds","ascension_level":0}}