{"host":"56ghxnzsglgdq727","time":1609468450,"event":{"mods":["AchievementEnabler","BaseMod","Minty Spire (QoL Compilation)"],"gold_per_floor":[114,114,124,138,162,162,188,205,257,332,332,350,369,379,379,379,379],"floor_reached":16,"playtime":415,"items_purged":[],"score":135,"play_id":"e2ef530f-a344-4a53-96e2-4780494a2b99","local_time":"20201231213410","is_ascension_mode":true,"campfire_choices":[{"data":"Judgement","floor":11,"key":"SMITH"},{"data":"ForeignInfluence","floor":15,"key":"SMITH"}],"circlet_count":0,"master_deck":["Strike_P","Strike_P","Strike_P","Strike_P","Defend_P","Defend_P","Defend_P","Defend_P","Eruption","Vigilance","Judgement+1","Prostrate","ForeignInfluence+1","DevaForm","Prostrate"],"relics":["PureWater","Tiny Chest","Centennial Puzzle","Smiling Mask"],"acts_visited":["Exordium"],"potions_floor_usage":[3,7,7,13],"damage_taken":[{"damage":0,"enemies":"Small Slimes","floor":1,"turns":2},{"damage":0,"enemies":"Cultist","floor":3,"turns":1},{"damage":4,"enemies":"2 Louse","floor":4,"turns":3},{"damage":0,"enemies":"Lagavulin","floor":7,"turns":2},{"damage":0,"enemies":"Blue Slaver","floor":8,"turns":3},{"damage":2,"enemies":"Exordium Wildlife","floor":12,"turns":4},{"damage":7,"enemies":"Large Slime","floor":13,"turns":2},{"damage":1,"enemies":"2 Fungi Beasts","floor":14,"turns":3},{"damage":53,"enemies":"Slime Boss","floor":16,"turns":13}],"seed_played":"-4854964737004766538","potions_obtained":[{"floor":1,"key":"FearPotion"},{"floor":3,"key":"AttackPotion"},{"floor":4,"key":"LiquidMemories"},{"floor":8,"key":"AttackPotion"}],"is_trial":false,"path_per_floor":["M","?","M","M","T","?","E","M","T","?","R","M","M","M","R","B"],"character_chosen":"WATCHER","items_purchased":[],"campfire_rested":0,"item_purchase_floors":[],"current_hp_per_floor":[51,51,51,47,47,71,71,71,71,60,60,58,51,50,50,0,0],"gold":379,"neow_bonus":"THREE_RARE_CARDS","is_daily":false,"chose_seed":false,"campfire_upgraded":2,"win_rate":0.0,"timestamp":1609468450,"path_taken":["M","?","?","M","?","?","E","M","T","?","R","M","M","?","R","BOSS"],"items_purchased_type":[],"build_version":"2020-12-22","purchased_purges":0,"victory":false,"max_hp_per_floor":[72,72,72,72,72,72,72,72,72,72,72,72,72,72,72,72,72],"card_choices":[{"not_picked":["SpiritShield","Ragnarok"],"picked":"Judgement","floor":0},{"not_picked":["Study","EmptyBody","DeceiveReality"],"picked":"SKIP","floor":1},{"not_picked":["WheelKick","Evaluate"],"picked":"Prostrate","floor":3},{"not_picked":["Halt","Evaluate","Crescendo"],"picked":"SKIP","floor":4},{"not_picked":["WindmillStrike","ClearTheMind"],"picked":"ForeignInfluence","floor":7},{"not_picked":["FlurryOfBlows","Prostrate"],"picked":"DevaForm","floor":8},{"not_picked":["SashWhip","WaveOfTheHand"],"picked":"Prostrate","floor":12},{"not_picked":["FearNoEvil","FlyingSleeves","EmptyBody"],"picked":"SKIP","floor":13},{"not_picked":["ClearTheMind","Indignation","LikeWater"],"picked":"SKIP","floor":14}],"player_experience":75262,"relics_obtained":[{"floor":5,"key":"Tiny Chest"},{"floor":7,"key":"Centennial Puzzle"},{"floor":9,"key":"Smiling Mask"}],"event_choices":[{"damage_healed":0,"gold_gain":0,"player_choice":"Bought 0 Potions","damage_taken":0,"max_hp_gain":0,"max_hp_loss":0,"event_name":"The Woman in Blue","floor":2,"gold_loss":0},{"damage_healed":24,"gold_gain":0,"player_choice":"Banana","damage_taken":0,"max_hp_gain":0,"max_hp_loss":0,"event_name":"Big Fish","floor":6,"gold_loss":0},{"damage_healed":0,"gold_gain":75,"player_choice":"Gather Gold","damage_taken":11,"max_hp_gain":0,"max_hp_loss":0,"event_name":"World of Goop","floor":10,"gold_loss":0}],"is_beta":false,"boss_relics":[],"items_purged_floors":[],"is_endless":false,"potions_floor_spawned":[1,3,4,8],"killed_by":"Slime Boss","ascension_level":1}}