{"host":"2qv44oxt58ptq59r","time":1609536744,"event":{"mods":["AchievementEnabler","BaseMod","Colored Powertips","Highlight Path","Minty Spire (QoL Compilation)","Permanent Neow","StSLib"],"gold_per_floor":[109,109,23,37,83,83,95,128,428,440,440,452,471,533,533,630,630,643,659,659,674,14,14,14,25,25,37,37,37,37],"floor_reached":29,"playtime":3202,"items_purged":[],"score":227,"play_id":"1023bb69-df34-4b96-be97-5e134dbbeaa4","local_time":"20210101213224","is_ascension_mode":false,"campfire_choices":[{"data":"Blood for Blood","floor":6.0,"key":"SMITH"},{"data":"Armaments","floor":11.0,"key":"SMITH"},{"data":"Rage","floor":15.0,"key":"SMITH"},{"floor":24,"key":"REST"}],"circlet_count":0,"master_deck":["Strike_R","Strike_R","Strike_R","Strike_R","Defend_R","Defend_R","Defend_R","Defend_R","Bash","Blood for Blood+1","Clothesline","Finesse","Armaments+1","Cleave","Rage+1","Juggernaut","Clothesline+1","Heavy Blade","Perfected Strike+1","Body Slam","Entrench","Sword Boomerang","Searing Blow","Inflame"],"relics":["Burning Blood","Regal Pillow","Blue Candle","Old Coin","Self Forming Clay","Oddly Smooth Stone","Question Card","Potion Belt","GremlinMask"],"acts_visited":["Exordium","TheCity"],"potions_floor_usage":[19,19,21,25,25,25,29],"damage_taken":[{"damage":6.0,"enemies":"Jaw Worm","floor":1.0,"turns":6.0},{"damage":7.0,"enemies":"2 Louse","floor":4.0,"turns":3.0},{"damage":3.0,"enemies":"Small Slimes","floor":7.0,"turns":3.0},{"damage":22.0,"enemies":"3 Sentries","floor":8.0,"turns":8.0},{"damage":6.0,"enemies":"Red Slaver","floor":10.0,"turns":7.0},{"damage":1.0,"enemies":"Exordium Wildlife","floor":12.0,"turns":4.0},{"damage":1.0,"enemies":"Large Slime","floor":13.0,"turns":6.0},{"damage":46.0,"enemies":"Hexaghost","floor":16.0,"turns":13.0},{"damage":39,"enemies":"2 Thieves","floor":18,"turns":5},{"damage":19,"enemies":"3 Byrds","floor":19,"turns":4},{"damage":22,"enemies":"Snecko","floor":21,"turns":5},{"damage":18,"enemies":"3 Cultists","floor":25,"turns":5},{"damage":19,"enemies":"Snake Plant","floor":27,"turns":5},{"damage":39,"enemies":"Gremlin Leader","floor":29,"turns":10}],"seed_played":"-6188603726476140751","potions_obtained":[{"floor":4.0,"key":"BlessingOfTheForge"},{"floor":8.0,"key":"Fire Potion"},{"floor":12.0,"key":"ColorlessPotion"},{"floor":13.0,"key":"Fruit Juice"},{"floor":19,"key":"ColorlessPotion"},{"floor":21,"key":"SkillPotion"},{"floor":27,"key":"Ancient Potion"}],"is_trial":false,"path_per_floor":["M","?","$","M","T","R","M","E","T","M","R","M","M","?","R","B",null,"M","M","?","M","$","?","R","M","T","M","?","E"],"character_chosen":"IRONCLAD","items_purchased":["Finesse","Self Forming Clay","Oddly Smooth Stone","LiquidBronze","BlessingOfTheForge","Body Slam","Entrench","Sword Boomerang"],"campfire_rested":1,"item_purchase_floors":[3,22,22,22,22,22,22,22],"current_hp_per_floor":[80,85,85,84,84,84,85,69,69,69,69,74,79,79,79,44,90,57,44,38,22,22,22,64,52,52,39,39,0,0],"gold":37,"neow_bonus":"TRANSFORM_CARD","is_daily":false,"chose_seed":false,"campfire_upgraded":3,"win_rate":0.0,"timestamp":1609536744,"path_taken":["M","?","$","M","?","R","M","E","T","M","R","M","M","?","R","BOSS","M","M","?","?","$","?","R","M","T","?","?","E"],"items_purchased_type":["Card","Relic","Relic","Potion","Potion","Card","Card","Card"],"build_version":"2020-12-22","purchased_purges":0,"victory":false,"max_hp_per_floor":[80,85,85,85,85,85,85,85,85,85,85,85,85,85,85,90,90,90,90,90,90,90,90,90,90,90,90,90,90,90],"card_choices":[{"not_picked":["Iron Wave","Twin Strike"],"picked":"Clothesline","floor":1.0},{"not_picked":["Clothesline","Shrug It Off","Infernal Blade"],"picked":"SKIP","floor":4.0},{"not_picked":["Pommel Strike","Havoc","Double Tap"],"picked":"SKIP","floor":7.0},{"not_picked":["Shrug It Off","Pommel Strike"],"picked":"Armaments","floor":8.0},{"not_picked":["Wild Strike","Entrench","Fiend Fire"],"picked":"SKIP","floor":10.0},{"not_picked":["Havoc","Armaments"],"picked":"Cleave","floor":12.0},{"not_picked":["Flex","Rupture"],"picked":"Rage","floor":13.0},{"not_picked":["Berserk","Barricade"],"picked":"Juggernaut","floor":16.0},{"not_picked":["Pommel Strike+1","Perfected Strike"],"picked":"Clothesline+1","floor":18},{"not_picked":["Evolve","Pommel Strike"],"picked":"Heavy Blade","floor":19},{"not_picked":["Havoc","Dark Embrace+1"],"picked":"Perfected Strike+1","floor":21},{"not_picked":["Perfected Strike","Headbutt","Clothesline"],"picked":"Searing Blow","floor":25},{"not_picked":["Evolve+1","Blood for Blood+1","Heavy Blade+1"],"picked":"Inflame","floor":27}],"player_experience":5154183,"relics_obtained":[{"floor":5.0,"key":"Regal Pillow"},{"floor":8.0,"key":"Blue Candle"},{"floor":9.0,"key":"Old Coin"},{"floor":23,"key":"Question Card"},{"floor":26,"key":"Potion Belt"}],"event_choices":[{"damage_healed":0.0,"max_hp_gain":5.0,"max_hp_loss":0.0,"gold_gain":0.0,"event_name":"Big Fish","player_choice":"Donut","floor":2.0,"gold_loss":0.0,"damage_taken":0.0},{"damage_healed":0.0,"max_hp_gain":0.0,"max_hp_loss":0.0,"gold_gain":62.0,"event_name":"Golden Wing","player_choice":"Gained Gold","floor":14.0,"gold_loss":0.0,"damage_taken":0.0},{"damage_healed":0,"gold_gain":0,"player_choice":"","damage_taken":6,"max_hp_gain":0,"max_hp_loss":0,"event_name":"Knowing Skull","floor":20,"potions_obtained":[],"gold_loss":0,"cards_obtained":[]},{"damage_healed":0,"gold_gain":0,"player_choice":"Relic","damage_taken":0,"max_hp_gain":0,"max_hp_loss":0,"event_name":"Wheel of Change","floor":23,"gold_loss":0},{"damage_healed":0,"gold_gain":0,"player_choice":"Trade","damage_taken":0,"relics_obtained":["GremlinMask"],"max_hp_gain":0,"max_hp_loss":0,"event_name":"FaceTrader","floor":28,"gold_loss":0}],"is_beta":false,"boss_relics":[{"not_picked":["Runic Dome","Pandora\u0027s Box","Velvet Choker"]}],"items_purged_floors":[],"is_endless":false,"potions_floor_spawned":[4,8,12,13,19,21,27],"killed_by":"Gremlin Leader","ascension_level":0}}