{"host":"wukdhyb91avklb3w","time":1609466546,"event":{"mods":["BaseMod","Colored Map","Colored Powertips","Highlight Path","Minty Spire (QoL Compilation)","Relic Stats"],"gold_per_floor":[114,129,144,144,219,249,99,129,129,144,174,174,204,54,54,154,154,169,169,184,199,49,79,79,109,109,139,154,184,184,199,199,299,299,314,314,329,361,376,376,391,421,421,451,451,451,466,496,496,496],"floor_reached":51,"playtime":6813,"items_purged":[],"score":1318,"play_id":"4eb48cc0-bbb8-41b8-924b-6111ed7327e9","local_time":"20201231180226","daily_mods":["Shiny","ControlledChaos","Elite Swarm"],"is_ascension_mode":false,"campfire_choices":[{"data":"Wraith Form v2","floor":12.0,"key":"SMITH"},{"data":"Adrenaline","floor":15.0,"key":"SMITH"},{"data":"Wraith Form v2","floor":24.0,"key":"SMITH"},{"data":"Storm of Steel","floor":32.0,"key":"SMITH"},{"data":"Adrenaline","floor":40,"key":"SMITH"},{"data":"Wraith Form v2","floor":46,"key":"SMITH"},{"data":"Wraith Form v2","floor":49,"key":"SMITH"}],"circlet_count":0,"master_deck":["Venomology","Corpse Explosion","Malaise","Phantasmal Killer","Die Die Die","Adrenaline+1","Envenom","Doppelganger","Burst","Wraith Form v2+1","Tools of the Trade","Night Terror","Unload","After Image","Bullet Time","Storm of Steel+1","Glass Knife","A Thousand Cuts","Grand Finale","Accuracy","After Image","Envenom","Wraith Form v2+1","Adrenaline+1","Master of Strategy","Dramatic Entrance","Discovery","Wraith Form v2+1","Wraith Form v2+1","Wraith Form v2+1"],"relics":["Ring of the Snake","Frozen Eye","Prayer Wheel","Chemical X","PreservedInsect","Orichalcum","Snake Skull","Strawberry","Bag of Preparation","Coffee Dripper","Bronze Scales","Pen Nib","Singing Bowl","White Beast Statue","Happy Flower","Question Card","Enchiridion","SacredBark","Lizard Tail","Shuriken","TungstenRod","Potion Belt","Gremlin Horn"],"acts_visited":["Exordium","TheCity","TheBeyond"],"potions_floor_usage":[41,44,44,48,50,50,50],"damage_taken":[{"damage":0.0,"enemies":"Cultist","floor":1.0,"turns":3.0},{"damage":0.0,"enemies":"Small Slimes","floor":2.0,"turns":1.0},{"damage":0.0,"enemies":"2 Louse","floor":3.0,"turns":1.0},{"damage":6.0,"enemies":"3 Sentries","floor":6.0,"turns":5.0},{"damage":22.0,"enemies":"Lagavulin","floor":8.0,"turns":4.0},{"damage":3.0,"enemies":"Blue Slaver","floor":10.0,"turns":4.0},{"damage":0.0,"enemies":"Gremlin Nob","floor":11.0,"turns":3.0},{"damage":3.0,"enemies":"3 Sentries","floor":13.0,"turns":2.0},{"damage":0.0,"enemies":"Hexaghost","floor":16.0,"turns":6.0},{"damage":0.0,"enemies":"Chosen","floor":18.0,"turns":5.0},{"damage":0.0,"enemies":"3 Byrds","floor":20.0,"turns":1.0},{"damage":0.0,"enemies":"Centurion and Healer","floor":21.0,"turns":4.0},{"damage":0.0,"enemies":"Gremlin Leader","floor":23.0,"turns":5.0},{"damage":0.0,"enemies":"Book of Stabbing","floor":25.0,"turns":4.0},{"damage":0.0,"enemies":"Gremlin Leader","floor":27.0,"turns":3.0},{"damage":0.0,"enemies":"3 Cultists","floor":28.0,"turns":2.0},{"damage":0.0,"enemies":"Book of Stabbing","floor":29.0,"turns":4.0},{"damage":0.0,"enemies":"Snake Plant","floor":31.0,"turns":4.0},{"damage":0.0,"enemies":"Automaton","floor":33.0,"turns":6.0},{"damage":0.0,"enemies":"3 Darklings","floor":35.0,"turns":2.0},{"damage":11.0,"enemies":"3 Shapes","floor":37.0,"turns":3.0},{"damage":0.0,"enemies":"2 Orb Walkers","floor":38.0,"turns":2.0},{"damage":0.0,"enemies":"Spire Growth","floor":39.0,"turns":5.0},{"damage":0,"enemies":"Maw","floor":41,"turns":3},{"damage":0,"enemies":"Nemesis","floor":42,"turns":3},{"damage":0,"enemies":"Reptomancer","floor":44,"turns":2},{"damage":0,"enemies":"Jaw Worm Horde","floor":47,"turns":1},{"damage":0,"enemies":"Giant Head","floor":48,"turns":4},{"damage":0,"enemies":"Awakened One","floor":50,"turns":6}],"seed_played":"-2495295926900846280","potions_obtained":[{"floor":6.0,"key":"AttackPotion"},{"floor":8.0,"key":"AttackPotion"},{"floor":13.0,"key":"SteroidPotion"},{"floor":21.0,"key":"PowerPotion"},{"floor":27.0,"key":"GhostInAJar"},{"floor":28.0,"key":"CunningPotion"},{"floor":29.0,"key":"FearPotion"},{"floor":31.0,"key":"Weak Potion"},{"floor":33.0,"key":"Weak Potion"},{"floor":35.0,"key":"SpeedPotion"},{"floor":37.0,"key":"GamblersBrew"},{"floor":38.0,"key":"SkillPotion"},{"floor":39.0,"key":"Strength Potion"},{"floor":41,"key":"GhostInAJar"},{"floor":44,"key":"Swift Potion"},{"floor":47,"key":"PowerPotion"},{"floor":48,"key":"AttackPotion"}],"is_trial":false,"path_per_floor":["M","M","M","?","?","E","$","E","T","M","E","R","E","$","R","B",null,"M","?","M","M","$","E","R","E","T","E","M","E","?","M","R","B",null,"M","?","M","?","M","R","M","E","T","E","?","R","M","E","R","B",null],"character_chosen":"THE_SILENT","items_purchased":["Chemical X","Bag of Preparation","Bronze Scales"],"campfire_rested":0,"item_purchase_floors":[7,14,22],"current_hp_per_floor":[70,70,70,75,64,58,58,36,36,33,33,33,37,37,37,37,82,82,82,82,82,82,82,82,84,84,86,90,92,76,80,80,80,96,100,90,83,85,89,89,91,91,91,93,93,93,97,97,97,97],"gold":496,"neow_bonus":"","is_daily":true,"chose_seed":false,"campfire_upgraded":7,"win_rate":0.0,"timestamp":1609466546,"path_taken":["M","M","?","?","?","E","?","E","T","?","E","R","E","$","R","BOSS","M","?","?","M","$","E","R","E","T","E","M","E","?","M","R","BOSS","M","?","M","?","M","R","M","E","T","E","?","R","M","E","R","BOSS"],"items_purchased_type":["Relic","Relic","Relic"],"build_version":"2020-12-22","purchased_purges":0,"victory":true,"max_hp_per_floor":[70,70,70,75,75,75,75,75,75,75,75,75,82,82,82,82,82,82,82,82,82,82,82,82,84,84,86,90,92,92,96,96,96,96,100,100,104,106,110,110,112,112,112,114,114,114,118,118,118,118],"relic_stats":{"Singing Bowl":36,"Happy Flower":[15],"Gremlin Horn":[3,3],"counters":[29,98],"PreservedInsect":455,"Snake Skull":[210],"Pen Nib":[14],"Bag of Preparation":[42],"Orichalcum":[384],"Question Card":20,"Lizard Tail":0,"Shuriken":[14],"Bronze Scales":[191],"Prayer Wheel":11,"Chemical X":[45],"obtain_stats":[{"Potion Belt":44,"Singing Bowl":25,"Happy Flower":27,"Gremlin Horn":48,"SacredBark":34,"Enchiridion":30,"PreservedInsect":8,"Snake Skull":11,"Pen Nib":23,"Bag of Preparation":14,"Orichalcum":9,"Question Card":29,"White Beast Statue":26,"Frozen Eye":0,"Lizard Tail":38,"Shuriken":42,"Strawberry":13,"Bronze Scales":22,"Prayer Wheel":6,"Coffee Dripper":17,"Chemical X":7,"TungstenRod":43,"Ring of the Snake":0},{"Potion Belt":26,"Singing Bowl":14,"Happy Flower":15,"Gremlin Horn":28,"SacredBark":19,"Enchiridion":17,"PreservedInsect":5,"Snake Skull":7,"Pen Nib":13,"Bag of Preparation":8,"Orichalcum":5,"Question Card":17,"White Beast Statue":14,"Frozen Eye":0,"Lizard Tail":22,"Shuriken":25,"Strawberry":8,"Bronze Scales":12,"Prayer Wheel":4,"Coffee Dripper":9,"Chemical X":4,"TungstenRod":25,"Ring of the Snake":0},{"Potion Belt":87,"Singing Bowl":48,"Happy Flower":51,"Gremlin Horn":92,"SacredBark":67,"Enchiridion":57,"PreservedInsect":14,"Snake Skull":21,"Pen Nib":44,"Bag of Preparation":23,"Orichalcum":14,"Question Card":57,"White Beast Statue":48,"Frozen Eye":0,"Lizard Tail":74,"Shuriken":85,"Strawberry":23,"Bronze Scales":39,"Prayer Wheel":10,"Coffee Dripper":29,"Chemical X":10,"TungstenRod":85,"Ring of the Snake":0}],"TungstenRod":0,"Ring of the Snake":[58]},"card_choices":[{"not_picked":["Setup","Dagger Spray","Underhanded Strike"],"picked":"SKIP","floor":1.0},{"not_picked":["Bouncing Flask","Dodge and Roll"],"picked":"Accuracy","floor":2.0},{"not_picked":["Footwork","Flechettes","Bane"],"picked":"SKIP","floor":3.0},{"not_picked":["Die Die Die","Envenom"],"picked":"After Image","floor":6.0},{"not_picked":["Venomology","Burst","Unload"],"picked":"SKIP","floor":8.0},{"not_picked":["Footwork","Dagger Spray","Quick Slash"],"picked":"SKIP","floor":10.0},{"not_picked":["Dagger Throw","Poisoned Stab","Outmaneuver"],"picked":"SKIP","floor":10.0},{"not_picked":["Phantasmal Killer","Storm of Steel"],"picked":"Envenom","floor":11.0},{"not_picked":["Venomology","Storm of Steel","Unload"],"picked":"SKIP","floor":13.0},{"not_picked":["Tools of the Trade","Unload"],"picked":"Wraith Form v2","floor":16.0},{"not_picked":["Blade Dance","Expertise","Reflex"],"picked":"SKIP","floor":18.0},{"not_picked":["Crippling Poison","Slice","Bane"],"picked":"SKIP","floor":18.0},{"not_picked":["Quick Slash","Blade Dance","Bane+1"],"picked":"SKIP","floor":20.0},{"not_picked":["Acrobatics","Deflect+1","All Out Attack"],"picked":"SKIP","floor":20.0},{"not_picked":["Calculated Gamble","A Thousand Cuts","Predator"],"picked":"SKIP","floor":21.0},{"not_picked":["Acrobatics","Leg Sweep","Dash"],"picked":"SKIP","floor":21.0},{"not_picked":["Glass Knife","Unload","Envenom"],"picked":"SKIP","floor":23.0},{"not_picked":["Tools of the Trade","Phantasmal Killer","Venomology"],"picked":"Singing Bowl","floor":25.0},{"not_picked":["After Image","Burst","Phantasmal Killer"],"picked":"Singing Bowl","floor":27.0},{"not_picked":["Underhanded Strike+1","Dagger Spray","Bane"],"picked":"Singing Bowl","floor":28.0},{"not_picked":["Deflect","Poisoned Stab+1","Dodge and Roll+1"],"picked":"Singing Bowl","floor":28.0},{"not_picked":["Phantasmal Killer","Night Terror","Unload"],"picked":"Singing Bowl","floor":29.0},{"not_picked":["Dash","Deadly Poison+1","Prepared","Bane"],"picked":"Singing Bowl","floor":31.0},{"not_picked":["Outmaneuver+1","Slice+1","Dagger Throw","Choke"],"picked":"Singing Bowl","floor":31.0},{"not_picked":["Grand Finale","Bullet Time","Venomology"],"picked":"Adrenaline","floor":33.0},{"not_picked":["Dodge and Roll+1","Slice","Accuracy","Flying Knee+1"],"picked":"Singing Bowl","floor":35.0},{"not_picked":["Tools of the Trade","PiercingWail","Eviscerate","Prepared+1"],"picked":"Singing Bowl","floor":35.0},{"not_picked":["Deep Breath","Swift Strike","Forethought"],"picked":"Master of Strategy","floor":36.0},{"not_picked":["Forethought","Jack Of All Trades","Trip"],"picked":"Dramatic Entrance","floor":36.0},{"not_picked":["Swift Strike","Violence","Secret Technique"],"picked":"Discovery","floor":36.0},{"not_picked":["Bane+1","Blur","Escape Plan+1","Flechettes+1"],"picked":"Singing Bowl","floor":37.0},{"not_picked":["Slice","Accuracy","Reflex+1","Outmaneuver+1"],"picked":"Singing Bowl","floor":37.0},{"not_picked":["Sucker Punch+1","Endless Agony","Deadly Poison+1","Bane"],"picked":"Singing Bowl","floor":38.0},{"not_picked":["A Thousand Cuts","Cloak And Dagger+1","Expertise+1","Skewer"],"picked":"Singing Bowl","floor":39.0},{"not_picked":["Dash+1","Bane+1","Acrobatics+1","Calculated Gamble+1"],"picked":"Singing Bowl","floor":39.0},{"not_picked":["Flying Knee","Outmaneuver+1","Deadly Poison+1"],"picked":"Wraith Form v2","floor":41},{"not_picked":["Poisoned Stab+1","Flying Knee+1","Reflex+1","Backflip+1"],"picked":"Singing Bowl","floor":41},{"not_picked":["Doppelganger","Night Terror","Unload"],"picked":"Wraith Form v2","floor":42},{"not_picked":["After Image","Corpse Explosion","Storm of Steel","A Thousand Cuts"],"picked":"Singing Bowl","floor":44},{"not_picked":["Noxious Fumes","Sucker Punch+1","Dash+1","Calculated Gamble"],"picked":"Singing Bowl","floor":47},{"not_picked":["Underhanded Strike","Noxious Fumes","Backflip","Slice"],"picked":"Singing Bowl","floor":47},{"not_picked":["A Thousand Cuts","Bullet Time","Phantasmal Killer"],"picked":"Wraith Form v2","floor":48}],"player_experience":923642,"relics_obtained":[{"floor":6.0,"key":"Prayer Wheel"},{"floor":8.0,"key":"PreservedInsect"},{"floor":9.0,"key":"Orichalcum"},{"floor":11.0,"key":"Snake Skull"},{"floor":13.0,"key":"Strawberry"},{"floor":23.0,"key":"Pen Nib"},{"floor":25.0,"key":"Singing Bowl"},{"floor":26.0,"key":"White Beast Statue"},{"floor":27.0,"key":"Happy Flower"},{"floor":29.0,"key":"Question Card"},{"floor":30.0,"key":"Enchiridion"},{"floor":38.0,"key":"Lizard Tail"},{"floor":42,"key":"Shuriken"},{"floor":43,"key":"TungstenRod"},{"floor":44,"key":"Potion Belt"},{"floor":48,"key":"Gremlin Horn"}],"event_choices":[{"damage_healed":0.0,"max_hp_gain":5.0,"max_hp_loss":0.0,"gold_gain":0.0,"event_name":"Big Fish","player_choice":"Donut","floor":4.0,"gold_loss":0.0,"damage_taken":0.0},{"damage_healed":0.0,"max_hp_gain":0.0,"max_hp_loss":0.0,"gold_gain":75.0,"event_name":"World of Goop","player_choice":"Gather Gold","floor":5.0,"gold_loss":0.0,"damage_taken":11.0},{"damage_healed":0.0,"max_hp_gain":0.0,"max_hp_loss":0.0,"gold_gain":0.0,"event_name":"The Woman in Blue","player_choice":"Bought 0 Potions","floor":19.0,"gold_loss":0.0,"damage_taken":0.0},{"damage_healed":0.0,"max_hp_gain":0.0,"max_hp_loss":0.0,"gold_gain":0.0,"event_name":"Cursed Tome","player_choice":"Obtained Book","floor":30.0,"gold_loss":0.0,"damage_taken":16.0},{"damage_healed":0.0,"max_hp_gain":0.0,"max_hp_loss":0.0,"gold_gain":0.0,"event_name":"SensoryStone","player_choice":"Memory 3","floor":36.0,"gold_loss":0.0,"damage_taken":10.0},{"damage_healed":0.0,"max_hp_gain":0.0,"max_hp_loss":0.0,"gold_gain":0.0,"event_name":"Mysterious Sphere","player_choice":"Fight","floor":38.0,"gold_loss":0.0,"damage_taken":0.0},{"damage_healed":0,"gold_gain":0,"player_choice":"Upgraded","damage_taken":0,"max_hp_gain":0,"max_hp_loss":0,"event_name":"Upgrade Shrine","floor":45,"gold_loss":0,"cards_upgraded":["Wraith Form v2"]}],"is_beta":false,"boss_relics":[{"not_picked":["Snecko Eye","Velvet Choker"],"picked":"Coffee Dripper"},{"not_picked":["Sozu","Empty Cage"],"picked":"SacredBark"}],"items_purged_floors":[],"is_endless":false,"potions_floor_spawned":[6,8,10,13,21,23,27,28,29,31,33,35,37,38,39,41,42,44,47,48],"ascension_level":0}}