{"host":"15dd7v8o90xso62x","time":1609507321,"event":{"mods":["BaseMod","Minty Spire (QoL Compilation)","Quick Restart","StSLib","SuperFastMode"],"gold_per_floor":[117,117,130,405,13,40,40,54,54,54,9,43,43,71,71,157,157,186,196,196,217,100,100,134,54,134,134,154,79,79,99,99,186,213,237,246,261,117,143,143,161,177,202,202,202],"floor_reached":44,"playtime":1771,"items_purged":["Regret","Defend_B","Gash"],"score":976,"play_id":"4c7d07a7-17a3-42d3-9dfd-d6d6ff9cc2fc","local_time":"20210101222201","is_ascension_mode":true,"campfire_choices":[{"data":"Zap","floor":7.0,"key":"SMITH"},{"data":"Strike_B","floor":10.0,"key":"PURGE"},{"data":"Strike_B","floor":13.0,"key":"PURGE"},{"data":"Strike_B","floor":15.0,"key":"PURGE"},{"data":"Strike_B","floor":23.0,"key":"PURGE"},{"data":"White Noise","floor":30.0,"key":"SMITH"},{"data":"Double Energy","floor":32.0,"key":"SMITH"},{"data":"Coolheaded","floor":40.0,"key":"SMITH"}],"circlet_count":0,"master_deck":["AscendersBane","Zap+1","Genetic Algorithm","Chill","Electrodynamics","Ball Lightning","Double Energy+1","Self Repair","Coolheaded+1","Skim","FTL","Coolheaded+1","Heatsinks","White Noise+1","Storm","Glacier","Biased Cognition","Rebound+1","Biased Cognition+1","Aggregate+1","Blizzard","Seek","Reboot"],"relics":["Cracked Core","NeowsBlessing","Gambling Chip","Membership Card","Blood Vial","Sundial","Peace Pipe","CeramicFish","Black Star","ClockworkSouvenir","Pen Nib","Bottled Lightning","Pantograph","Astrolabe","MealTicket"],"acts_visited":["Exordium","TheCity","TheBeyond"],"potions_floor_usage":[],"damage_taken":[{"damage":0.0,"enemies":"2 Louse","floor":1.0,"turns":1.0},{"damage":0.0,"enemies":"Small Slimes","floor":3.0,"turns":1.0},{"damage":0.0,"enemies":"Gremlin Nob","floor":6.0,"turns":1.0},{"damage":0.0,"enemies":"Cultist","floor":8.0,"turns":3.0},{"damage":21.0,"enemies":"Lagavulin","floor":12.0,"turns":6.0},{"damage":10.0,"enemies":"Exordium Thugs","floor":14.0,"turns":3.0},{"damage":3.0,"enemies":"The Guardian","floor":16.0,"turns":12.0},{"damage":21.0,"enemies":"Shell Parasite","floor":18.0,"turns":3.0},{"damage":0.0,"enemies":"3 Byrds","floor":19.0,"turns":3.0},{"damage":24.0,"enemies":"Snake Plant","floor":21.0,"turns":4.0},{"damage":34.0,"enemies":"Slavers","floor":24.0,"turns":4.0},{"damage":0.0,"enemies":"3 Cultists","floor":28.0,"turns":3.0},{"damage":0.0,"enemies":"Sentry and Sphere","floor":31.0,"turns":4.0},{"damage":5.0,"enemies":"Champ","floor":33.0,"turns":8.0},{"damage":0.0,"enemies":"3 Shapes","floor":35.0,"turns":1.0},{"damage":5.0,"enemies":"Orb Walker","floor":37.0,"turns":3.0},{"damage":1.0,"enemies":"3 Darklings","floor":39.0,"turns":3.0},{"damage":0.0,"enemies":"Maw","floor":41.0,"turns":5.0},{"damage":0.0,"enemies":"Sphere and 2 Shapes","floor":42.0,"turns":2.0},{"damage":94,"enemies":"Giant Head","floor":44,"turns":8}],"seed_played":"1010324161846016829","potions_obtained":[{"floor":1.0,"key":"DistilledChaos"},{"floor":12.0,"key":"Strength Potion"},{"floor":14.0,"key":"BlessingOfTheForge"},{"floor":16.0,"key":"EssenceOfDarkness"},{"floor":24.0,"key":"SkillPotion"},{"floor":33.0,"key":"Fruit Juice"},{"floor":37.0,"key":"FearPotion"},{"floor":42.0,"key":"BlessingOfTheForge"}],"is_trial":false,"path_per_floor":["M","?","M","?","$","E","R","M","T","R","$","E","R","M","R","B",null,"M","M","?","M","$","R","E","$","T","?","M","?","R","M","R","B",null,"M","?","M","$","M","R","M","M","T","E"],"character_chosen":"DEFECT","items_purchased":["Membership Card","Electrodynamics","Ball Lightning","Blood Vial","Self Repair","Coolheaded","ClockworkSouvenir","Heatsinks","Storm","Seek"],"campfire_rested":0,"item_purchase_floors":[5,5,5,5,11,11,22,22,25,38],"current_hp_per_floor":[64,59,59,59,59,61,61,63,63,63,63,51,51,50,50,59,68,49,58,58,43,43,43,18,18,18,18,27,27,27,29,29,58,68,75,75,71,71,76,76,76,76,76,0,0],"gold":202,"neow_bonus":"THREE_ENEMY_KILL","is_daily":false,"chose_seed":false,"campfire_upgraded":4,"win_rate":0.0,"timestamp":1609507321,"path_taken":["M","?","M","?","$","E","R","?","T","R","?","E","R","M","R","BOSS","M","M","?","?","$","R","E","$","T","?","M","?","R","M","R","BOSS","M","?","M","$","?","R","M","M","T","E"],"items_purchased_type":["Relic","Card","Card","Relic","Card","Card","Relic","Card","Card","Card"],"build_version":"2020-12-22","purchased_purges":3,"victory":false,"max_hp_per_floor":[71,71,71,71,71,71,71,71,71,71,71,71,71,71,71,71,71,71,71,71,71,71,71,71,71,71,71,71,71,71,71,71,71,71,76,76,76,76,76,76,76,76,76,76,76],"card_choices":[{"not_picked":["Recycle","Beam Cell"],"picked":"Genetic Algorithm","floor":1.0},{"not_picked":["Hologram","Rebound"],"picked":"Chill","floor":3.0},{"not_picked":["Barrage","Loop","Stack"],"picked":"SKIP","floor":6.0},{"not_picked":["Leap","Force Field"],"picked":"Double Energy","floor":8.0},{"not_picked":["Coolheaded","Rebound","Scrape"],"picked":"SKIP","floor":12.0},{"not_picked":["Beam Cell","Ball Lightning"],"picked":"Skim","floor":14.0},{"not_picked":["Hyperbeam","Reboot"],"picked":"Biased Cognition","floor":16.0},{"not_picked":["Steam Power","Beam Cell"],"picked":"FTL","floor":18.0},{"not_picked":["Conserve Battery","Sunder","Lockon"],"picked":"SKIP","floor":19.0},{"not_picked":["Hologram","Hello World"],"picked":"Coolheaded","floor":21.0},{"not_picked":["Double Energy","Ball Lightning"],"picked":"White Noise","floor":24.0},{"not_picked":["Beam Cell","Ball Lightning"],"picked":"Glacier","floor":28.0},{"not_picked":["Streamline","Conserve Battery","Loop"],"picked":"SKIP","floor":31.0},{"not_picked":["All For One","Hyperbeam"],"picked":"Biased Cognition","floor":33.0},{"not_picked":["Beam Cell+1","Steam"],"picked":"Blizzard","floor":35.0},{"not_picked":["Compile Driver","Genetic Algorithm","Barrage"],"picked":"SKIP","floor":37.0},{"not_picked":["Heatsinks","Aggregate"],"picked":"Reboot","floor":39.0},{"not_picked":["Tempest","FTL","Aggregate"],"picked":"SKIP","floor":41.0},{"not_picked":["Sweeping Beam+1","Compile Driver+1","Melter"],"picked":"SKIP","floor":42.0}],"player_experience":982551,"relics_obtained":[{"floor":6.0,"key":"Sundial"},{"floor":9.0,"key":"Peace Pipe"},{"floor":12.0,"key":"CeramicFish"},{"floor":24.0,"key":"Pen Nib"},{"floor":24.0,"key":"Bottled Lightning"},{"floor":26.0,"key":"Pantograph"},{"floor":43.0,"key":"MealTicket"}],"event_choices":[{"damage_healed":0.0,"max_hp_gain":0.0,"max_hp_loss":0.0,"gold_gain":0.0,"event_name":"Scrap Ooze","player_choice":"Success","floor":2.0,"gold_loss":0.0,"damage_taken":5.0,"relics_obtained":["Gambling Chip"]},{"damage_healed":0.0,"max_hp_gain":0.0,"max_hp_loss":0.0,"gold_gain":275.0,"event_name":"Golden Shrine","player_choice":"Desecrate","floor":4.0,"gold_loss":0.0,"damage_taken":0.0,"cards_obtained":["Regret"]},{"damage_healed":0.0,"max_hp_gain":0.0,"max_hp_loss":0.0,"gold_gain":0.0,"event_name":"Upgrade Shrine","player_choice":"Upgraded","floor":20.0,"gold_loss":0.0,"damage_taken":0.0,"cards_upgraded":["Coolheaded"]},{"damage_healed":0.0,"max_hp_gain":0.0,"max_hp_loss":0.0,"gold_gain":0.0,"event_name":"Ghosts","player_choice":"Ignored","floor":27.0,"gold_loss":0.0,"damage_taken":0.0},{"cards_removed":["Defend_B"],"damage_healed":0.0,"max_hp_gain":0.0,"max_hp_loss":0.0,"gold_gain":0.0,"event_name":"Beggar","player_choice":"Gave Gold","floor":29.0,"gold_loss":75.0,"damage_taken":0.0},{"damage_healed":0.0,"max_hp_gain":0.0,"max_hp_loss":0.0,"gold_gain":0.0,"cards_transformed":["Biased Cognition"],"event_name":"Transmorgrifier","player_choice":"Transformed","floor":36.0,"gold_loss":0.0,"damage_taken":0.0,"cards_obtained":["Gash"]}],"is_beta":false,"boss_relics":[{"not_picked":["Calling Bell","Fusion Hammer"],"picked":"Black Star"},{"not_picked":["Coffee Dripper","Runic Dome"],"picked":"Astrolabe"}],"items_purged_floors":[5,25,38],"is_endless":false,"potions_floor_spawned":[1,12,14,16,24,33,37,41,42],"killed_by":"Giant Head","ascension_level":20}}