{"host":"68ryiucqar8jyfi2","time":1609521246,"event":{"mods":["2.2 Compatiblity","Act Like it!","Aspiration","BaseMod","Better Match","Better Note","Better Skull","Better Third Choice","CCEM","CapriCore","Curses Come First","Defuse TimeMaze Blight","Displayed Cursed Tome","Emptier Cage","Energized Spire","Friendly Minions","GifTheSpireLib","HexUI Lib","Hubris","Hyrulean Relics","Infinite Spire","Minty Spire (QoL Compilation)","Permanent Neow","RNG Fix","Replay The Spire","Robot Space Explorer","StSLib","Stuff the Spire","The Blue Laboratory","Trackpad","Transform Curses","Uncapped","Wandering Minibosses"],"gold_per_floor":[117,117,212,212,230,230,230,257,303,313,313,94,94,104,160,255,255,255,255],"floor_reached":18,"playtime":413,"items_purged":["Strike_B"],"score":158,"play_id":"108f66aa-b3ba-44e2-8879-badb4fd973af","local_time":"20210101171406","daily_mods":["Vintage","Heirloom","Flight"],"is_ascension_mode":false,"campfire_choices":[{"data":"Zap","floor":6.0,"key":"SMITH"},{"data":"Loop","floor":7.0,"key":"SMITH"},{"data":"Dualcast","floor":13.0,"key":"SMITH"}],"circlet_count":0,"master_deck":["Strike_B","Strike_B","Strike_B","Defend_B","Defend_B","Defend_B","Defend_B","Zap+1","Dualcast+1","Loop+1","Biased Cognition"],"relics":["Cracked Core","aspiration:AnachronicSnailShell","CCEMRelics:CocoNut","zeldaRelics:RedTunic","Meat on the Bone","zeldaRelics:CouragePiece","Blue Doll","Replay:Antivirus Software","Calipers"],"acts_visited":["Exordium","TheCity"],"potions_floor_usage":[],"damage_taken":[{"damage":1.0,"enemies":"Cultist","floor":1.0,"turns":3.0},{"damage":41.0,"enemies":"Cultist","floor":2.0,"turns":9.0},{"damage":0.0,"enemies":"2 Louse","floor":5.0,"turns":1.0},{"damage":11.0,"enemies":"Lagavulin","floor":8.0,"turns":6.0},{"damage":8.0,"enemies":"Jaw Worm","floor":10.0,"turns":4.0},{"damage":3.0,"enemies":"Exordium Wildlife","floor":14.0,"turns":3.0},{"damage":6.0,"enemies":"Slime Boss","floor":16.0,"turns":9.0},{"damage":0,"enemies":"Chosen","floor":18,"turns":1}],"seed_played":"6408173481887585983","potions_obtained":[{"floor":1.0,"key":"FearPotion"},{"floor":2.0,"key":"Toxic Potion"},{"floor":5.0,"key":"Energy Potion"},{"floor":10.0,"key":"Flashbang"}],"is_trial":true,"path_per_floor":["M","?","?","?","M","R","R","E","T","M","?","$","R","M","R","B",null,"M"],"character_chosen":"DEFECT","items_purchased":["Replay:Antivirus Software"],"campfire_rested":0,"item_purchase_floors":[12],"current_hp_per_floor":[79,38,38,46,46,46,46,47,47,51,51,51,51,48,48,42,80,80,80],"gold":255,"neow_bonus":"","is_daily":false,"chose_seed":false,"campfire_upgraded":3,"win_rate":0.0,"timestamp":1609521246,"path_taken":["M","?","?","?","M","R","R","E","T","?","?","$","R","M","R","BOSS","M"],"items_purchased_type":["Relic"],"build_version":"2020-12-22","purchased_purges":1,"victory":false,"max_hp_per_floor":[80,80,80,80,80,80,80,80,80,80,80,80,80,80,80,80,80,80,80],"card_choices":[{"not_picked":["Hologram","Auto Shields"],"picked":"Loop","floor":2.0},{"not_picked":["Glacier","Sweeping Beam","Cold Snap"],"picked":"SKIP","floor":8.0},{"not_picked":["Creative AI","ReplayRNGCard"],"picked":"Biased Cognition","floor":16.0}],"player_experience":193010,"relics_obtained":[{"floor":1.0,"key":"CCEMRelics:CocoNut"},{"floor":2.0,"key":"zeldaRelics:RedTunic"},{"floor":5.0,"key":"Meat on the Bone"},{"floor":8.0,"key":"zeldaRelics:CouragePiece"},{"floor":9.0,"key":"zeldaRelics:CouragePiece"},{"floor":10.0,"key":"Blue Doll"},{"floor":14.0,"key":"Calipers"}],"event_choices":[{"damage_healed":0.0,"max_hp_gain":0.0,"max_hp_loss":0.0,"gold_gain":0.0,"event_name":"betterNote:BetterNote","player_choice":"Ignored","floor":11.0,"gold_loss":0.0,"damage_taken":0.0,"cards_obtained":["RobotSpaceExplorer:Counterblock"]}],"is_beta":false,"boss_relics":[{"not_picked":["Replay:Bronze Core","hubris:BlackHole","aspiration:FutureDiary"]}],"items_purged_floors":[12],"is_endless":false,"potions_floor_spawned":[1,2,5,10],"killed_by":"Chosen","ascension_level":0}}