{"host":"rebz3hljwx9r2qks","time":1609462592,"event":{"mods":["BaseMod","DeckTracker","GifTheSpireLib","Googly Eyes","Minty Spire (QoL Compilation)","StSLib","Unceasing Turn Reminder","slay the spire mod where everything is the same but ironclad has a cowboy hat"],"gold_per_floor":[109,123,48,63,83,83,103,118,188,204,279,297,311,51,51,156,156,173,173,185,85,0,0,11,44,44,62,74,92,7,27,27,126,126,140,153,203,220,95,95,115,132,185,199,199,199,215,215,215,215],"floor_reached":51,"playtime":2471,"items_purged":["Defend_G","Tools of the Trade","Predator"],"score":830,"play_id":"06743da2-f334-45e6-93b4-0c5d8a6c6ea5","local_time":"20210101035632","is_ascension_mode":true,"campfire_choices":[{"floor":6,"key":"REST"},{"data":"Venomology","floor":15,"key":"SMITH"},{"data":"Venomology","floor":23,"key":"SMITH"},{"data":"Adrenaline","floor":32,"key":"SMITH"},{"data":"Terror","floor":40,"key":"SMITH"},{"data":"Distraction","floor":49,"key":"SMITH"}],"circlet_count":0,"master_deck":["Survivor+1","Neutralize","Adrenaline+1","Terror+1","Backflip","Venomology+1","PiercingWail","Noxious Fumes","Dagger Throw","Adrenaline+1","Venomology+1","Venomology+1","Bane","Corpse Explosion","Blur","Acrobatics","Prepared","Good Instincts+1","Prepared","Malaise","Bouncing Flask+1","Cloak And Dagger+1","Dagger Spray+1","Distraction+1","Parasite","Catalyst+1"],"relics":["Ring of the Serpent","Mummified Hand","Letter Opener","Pandora\u0027s Box","Matryoshka","Nunchaku","Calipers","MealTicket","Lizard Tail","Strawberry","War Paint"],"acts_visited":["Exordium","TheCity","TheBeyond"],"potions_floor_usage":[5,5,7,8,10,12,13,13,16,16,16,18,18,20,20,24,24,24,24,25,25,25,27,27,28,28,28,28,29,29,29,29,31,31,31,33,33,33,33,35,35,35,36,36,36,37,37,37,37,38,41,41,41,41,42,42,44,44,44,45,46,46,47,47,50,50,50,50,50,50],"damage_taken":[{"damage":0,"enemies":"2 Louse","floor":1,"turns":3},{"damage":0,"enemies":"Cultist","floor":2,"turns":4},{"damage":13,"enemies":"Small Slimes","floor":4,"turns":3},{"damage":8,"enemies":"Exordium Wildlife","floor":5,"turns":4},{"damage":3,"enemies":"Lots of Slimes","floor":7,"turns":5},{"damage":0,"enemies":"Red Slaver","floor":8,"turns":5},{"damage":0,"enemies":"3 Louse","floor":10,"turns":2},{"damage":1,"enemies":"Blue Slaver","floor":12,"turns":4},{"damage":0,"enemies":"Exordium Wildlife","floor":13,"turns":5},{"damage":41,"enemies":"Slime Boss","floor":16,"turns":13},{"damage":4,"enemies":"2 Thieves","floor":18,"turns":2},{"damage":2,"enemies":"Shell Parasite","floor":20,"turns":2},{"damage":0,"enemies":"Centurion and Healer","floor":24,"turns":3},{"damage":0,"enemies":"Gremlin Leader","floor":25,"turns":3},{"damage":0,"enemies":"Snake Plant","floor":27,"turns":3},{"damage":0,"enemies":"Shelled Parasite and Fungi","floor":28,"turns":1},{"damage":0,"enemies":"Centurion and Healer","floor":29,"turns":2},{"damage":0,"enemies":"Snake Plant","floor":31,"turns":3},{"damage":24,"enemies":"Collector","floor":33,"turns":10},{"damage":0,"enemies":"Orb Walker","floor":35,"turns":2},{"damage":0,"enemies":"3 Darklings","floor":36,"turns":2},{"damage":0,"enemies":"Mind Bloom Boss Battle","floor":37,"turns":4},{"damage":4,"enemies":"4 Shapes","floor":38,"turns":3},{"damage":33,"enemies":"Transient","floor":41,"turns":5},{"damage":0,"enemies":"Jaw Worm Horde","floor":42,"turns":2},{"damage":8,"enemies":"Maw","floor":44,"turns":7},{"damage":0,"enemies":"Sphere and 2 Shapes","floor":45,"turns":1},{"damage":0,"enemies":"3 Darklings","floor":46,"turns":1},{"damage":0,"enemies":"Writhing Mass","floor":47,"turns":5},{"damage":43,"enemies":"Time Eater","floor":50,"turns":11}],"seed_played":"3476981728487867558","potions_obtained":[{"floor":1,"key":"SteroidPotion"},{"floor":4,"key":"CunningPotion"},{"floor":10,"key":"Explosive Potion"},{"floor":12,"key":"Regen Potion"},{"floor":13,"key":"SmokeBomb"},{"floor":16,"key":"FairyPotion"},{"floor":25,"key":"BlessingOfTheForge"},{"floor":27,"key":"Poison Potion"},{"floor":31,"key":"Strength Potion"},{"floor":33,"key":"FearPotion"},{"floor":35,"key":"ColorlessPotion"},{"floor":44,"key":"SmokeBomb"}],"is_trial":false,"path_per_floor":["M","M","$","M","M","R","M","M","T","M","?","M","M","$","R","B",null,"M","?","M","$","$","R","M","E","T","M","M","M","?","M","R","B",null,"M","M","?","M","$","R","M","M","T","M","M","M","M","?","R","B",null],"character_chosen":"THE_SILENT","items_purchased":["Letter Opener","Good Instincts"],"campfire_rested":1,"item_purchase_floors":[14,22],"current_hp_per_floor":[49,49,49,36,28,49,46,46,46,46,35,34,48,48,48,7,70,66,66,64,64,64,64,64,64,64,64,64,64,64,64,64,40,70,70,70,70,66,70,70,38,38,45,52,52,52,52,52,52,9],"gold":215,"neow_bonus":"THREE_RARE_CARDS","is_daily":false,"chose_seed":false,"campfire_upgraded":5,"win_rate":0.0,"timestamp":1609462592,"path_taken":["M","M","$","M","M","R","M","M","T","M","?","M","M","$","R","BOSS","M","?","M","?","$","R","M","E","T","M","M","M","?","M","R","BOSS","M","M","?","M","$","R","M","M","T","M","M","M","M","?","R","BOSS"],"items_purchased_type":["Relic","Card"],"build_version":"2020-12-22","purchased_purges":3,"victory":true,"max_hp_per_floor":[70,70,70,70,70,70,70,70,70,70,70,70,70,70,70,70,70,70,70,70,70,70,70,70,70,70,70,70,70,70,70,70,70,70,70,70,70,70,70,70,70,70,77,77,77,77,77,77,77,77],"card_choices":[{"not_picked":["Grand Finale","A Thousand Cuts"],"picked":"Adrenaline","floor":0},{"not_picked":["Expertise","Predator"],"picked":"Terror","floor":1},{"not_picked":["Outmaneuver","Prepared"],"picked":"Backflip","floor":2},{"not_picked":["PiercingWail","Deflect"],"picked":"Venomology","floor":4},{"not_picked":["Expertise","All Out Attack"],"picked":"PiercingWail","floor":5},{"not_picked":["Finisher","Sucker Punch","Terror"],"picked":"SKIP","floor":7},{"not_picked":["Well Laid Plans","Wraith Form v2"],"picked":"Noxious Fumes","floor":8},{"not_picked":["Poisoned Stab","Accuracy","Backflip"],"picked":"SKIP","floor":10},{"not_picked":["All Out Attack","Flechettes","Outmaneuver"],"picked":"SKIP","floor":12},{"not_picked":["Slice","Concentrate"],"picked":"Dagger Throw","floor":13},{"not_picked":["Burst","Storm of Steel"],"picked":"Adrenaline","floor":16},{"not_picked":["Riddle With Holes+1","Masterful Stab","Caltrops"],"picked":"SKIP","floor":18},{"not_picked":["Sucker Punch","Flying Knee","Deadly Poison"],"picked":"SKIP","floor":20},{"not_picked":["Poisoned Stab","Masterful Stab","Dagger Throw"],"picked":"SKIP","floor":24},{"not_picked":["Infinite Blades","Flechettes","Dodge and Roll+1"],"picked":"SKIP","floor":25},{"not_picked":["A Thousand Cuts","Flying Knee","Poisoned Stab"],"picked":"SKIP","floor":27},{"not_picked":["Underhanded Strike","Dagger Throw","Dash"],"picked":"SKIP","floor":28},{"not_picked":["Flying Knee+1","Eviscerate"],"picked":"Prepared","floor":29},{"not_picked":["Dodge and Roll","Deadly Poison+1","Outmaneuver"],"picked":"SKIP","floor":31},{"not_picked":["Tools of the Trade","Wraith Form v2"],"picked":"Malaise","floor":33},{"not_picked":["Flechettes","Concentrate+1"],"picked":"Bouncing Flask+1","floor":35},{"not_picked":["Prepared+1","Quick Slash+1"],"picked":"Cloak And Dagger+1","floor":36},{"not_picked":["Deflect","Eviscerate"],"picked":"Dagger Spray+1","floor":38},{"not_picked":["Masterful Stab+1","Deadly Poison+1","Backstab"],"picked":"SKIP","floor":41},{"not_picked":["Crippling Poison+1","Dash+1","Dodge and Roll"],"picked":"SKIP","floor":42},{"not_picked":["Caltrops","Backstab"],"picked":"Distraction","floor":44},{"not_picked":["Cloak And Dagger+1","Quick Slash"],"picked":"Catalyst+1","floor":47}],"player_experience":715035,"relics_obtained":[{"floor":9,"key":"Mummified Hand"},{"floor":25,"key":"Matryoshka"},{"floor":26,"key":"Nunchaku"},{"floor":26,"key":"Calipers"},{"floor":37,"key":"Lizard Tail"},{"floor":43,"key":"Strawberry"},{"floor":43,"key":"War Paint"}],"event_choices":[{"damage_healed":0,"gold_gain":75,"player_choice":"Gather Gold","damage_taken":11,"max_hp_gain":0,"max_hp_loss":0,"event_name":"World of Goop","floor":11,"gold_loss":0},{"damage_healed":0,"gold_gain":0,"player_choice":"Upgraded","damage_taken":0,"max_hp_gain":0,"max_hp_loss":0,"event_name":"Upgrade Shrine","floor":19,"gold_loss":0,"cards_upgraded":["Venomology"]},{"damage_healed":0,"gold_gain":0,"player_choice":"Obtained Relic","damage_taken":0,"relics_obtained":["MealTicket"],"max_hp_gain":0,"max_hp_loss":0,"event_name":"Addict","floor":30,"gold_loss":85},{"damage_healed":0,"gold_gain":0,"player_choice":"Fight","damage_taken":0,"max_hp_gain":0,"max_hp_loss":0,"event_name":"MindBloom","floor":37,"gold_loss":0},{"damage_healed":0,"gold_gain":0,"player_choice":"Upgraded","damage_taken":0,"max_hp_gain":0,"max_hp_loss":0,"event_name":"Upgrade Shrine","floor":48,"gold_loss":0,"cards_upgraded":["Adrenaline"]}],"is_beta":false,"boss_relics":[{"not_picked":["Runic Dome","Astrolabe"],"picked":"Pandora\u0027s Box"},{"not_picked":["WristBlade","Sozu"],"picked":"Ring of the Serpent"}],"items_purged_floors":[3,21,39],"is_endless":false,"potions_floor_spawned":[1,4,10,12,13,16,25,27,31,33,35,38,44,45,46],"ascension_level":4}}