{"host":"2no1vwhhkhf0ohz3","time":1609503497,"event":{"mods":["AchievementEnabler","BaseMod","Colored Map","DeckTracker","Keyboard Shortcuts","Minty Spire (QoL Compilation)","Relic Stats","SuperFastMode"],"gold_per_floor":[110,110,110,127,144,144,72,72,72,22,22,42,55,55,55,153,153,166,184,200,200,200],"floor_reached":21,"playtime":1520,"items_purged":[],"score":239,"play_id":"339a6408-194b-41c3-8a99-dbbc88aff024","local_time":"20210101211817","is_ascension_mode":true,"campfire_choices":[{"data":"Whirlwind","floor":6,"key":"SMITH"},{"data":"Spot Weakness","floor":8,"key":"SMITH"},{"data":"Bash","floor":15,"key":"SMITH"}],"circlet_count":0,"master_deck":["Strike_R","Strike_R","Strike_R","Defend_R","Defend_R","Defend_R","Defend_R","Bash+1","Whirlwind+1","Sword Boomerang","Spot Weakness+1","Twin Strike","Flex","Shrug It Off","Uppercut","Immolate","Flame Barrier"],"relics":["Burning Blood","NeowsBlessing","Mummified Hand","Ornamental Fan","CultistMask","SacredBark"],"acts_visited":["Exordium","TheCity"],"potions_floor_usage":[],"damage_taken":[{"damage":0,"enemies":"Small Slimes","floor":1,"turns":1},{"damage":0,"enemies":"Jaw Worm","floor":4,"turns":1},{"damage":0,"enemies":"Cultist","floor":5,"turns":1},{"damage":12,"enemies":"Looter","floor":12,"turns":3},{"damage":11,"enemies":"Blue Slaver","floor":13,"turns":3},{"damage":25,"enemies":"Slime Boss","floor":16,"turns":8},{"damage":6,"enemies":"Spheric Guardian","floor":18,"turns":3},{"damage":38,"enemies":"Shell Parasite","floor":19,"turns":5},{"damage":36,"enemies":"Snake Plant","floor":20,"turns":5},{"damage":0,"enemies":"Snecko","floor":21,"turns":1}],"seed_played":"-2387040275827564594","potions_obtained":[{"floor":1,"key":"BlessingOfTheForge"},{"floor":16,"key":"AttackPotion"},{"floor":18,"key":"Strength Potion"}],"is_trial":false,"path_per_floor":["M","?","?","M","M","R","$","R","T","?","T","M","M","?","R","B",null,"M","M","M","M"],"character_chosen":"IRONCLAD","items_purchased":["Twin Strike","Flex"],"campfire_rested":0,"item_purchase_floors":[7,7],"current_hp_per_floor":[78,71,76,82,85,85,85,85,85,85,85,79,74,74,74,55,78,78,46,16,16,16],"gold":200,"neow_bonus":"THREE_ENEMY_KILL","is_daily":false,"chose_seed":false,"campfire_upgraded":3,"win_rate":0.0,"timestamp":1609503497,"path_taken":["M","?","?","M","?","R","?","R","T","?","?","M","M","?","R","BOSS","M","M","M","M"],"items_purchased_type":["Card","Card"],"build_version":"2020-12-22","purchased_purges":0,"victory":false,"max_hp_per_floor":[80,80,85,85,85,85,85,85,85,85,85,85,85,85,85,85,85,85,85,85,85,85],"relic_stats":{"counters":[10,31],"Mummified Hand":[0],"Ornamental Fan":[8],"obtain_stats":[{"NeowsBlessing":0,"Mummified Hand":9,"Ornamental Fan":11,"SacredBark":17,"CultistMask":14,"Burning Blood":0},{"NeowsBlessing":0,"Mummified Hand":3,"Ornamental Fan":3,"SacredBark":6,"CultistMask":5,"Burning Blood":0},{"NeowsBlessing":0,"Mummified Hand":3,"Ornamental Fan":3,"SacredBark":17,"CultistMask":9,"Burning Blood":0}],"Burning Blood":51},"card_choices":[{"not_picked":["Shockwave","Clothesline"],"picked":"Whirlwind","floor":1},{"not_picked":["Cleave","Sever Soul"],"picked":"Sword Boomerang","floor":4},{"not_picked":["Armaments","Dual Wield"],"picked":"Spot Weakness","floor":5},{"not_picked":["Entrench","Body Slam"],"picked":"Shrug It Off","floor":12},{"not_picked":["Dark Embrace","Wild Strike"],"picked":"Uppercut","floor":13},{"not_picked":["Double Tap","Barricade"],"picked":"Immolate","floor":16},{"not_picked":["Thunderclap","Iron Wave","Entrench"],"picked":"SKIP","floor":18},{"not_picked":["Sword Boomerang","Flex","Sentinel"],"picked":"SKIP","floor":19},{"not_picked":["Anger+1","Entrench"],"picked":"Flame Barrier","floor":20}],"player_experience":277581,"relics_obtained":[{"floor":9,"key":"Mummified Hand"},{"floor":11,"key":"Ornamental Fan"}],"event_choices":[{"cards_removed":["Strike_R"],"damage_healed":0,"gold_gain":0,"player_choice":"Card Removal","damage_taken":7,"max_hp_gain":0,"max_hp_loss":0,"event_name":"Golden Wing","floor":2,"gold_loss":0},{"damage_healed":0,"gold_gain":0,"player_choice":"Donut","damage_taken":0,"max_hp_gain":5,"max_hp_loss":0,"event_name":"Big Fish","floor":3,"gold_loss":0},{"cards_removed":["Strike_R"],"damage_healed":0,"gold_gain":0,"player_choice":"Card Removal","damage_taken":0,"max_hp_gain":0,"max_hp_loss":0,"event_name":"The Cleric","floor":10,"gold_loss":50},{"damage_healed":0,"gold_gain":0,"player_choice":"Trade","damage_taken":0,"relics_obtained":["CultistMask"],"max_hp_gain":0,"max_hp_loss":0,"event_name":"FaceTrader","floor":14,"gold_loss":0}],"is_beta":false,"boss_relics":[{"not_picked":["Runic Pyramid","Snecko Eye"],"picked":"SacredBark"}],"items_purged_floors":[],"is_endless":false,"potions_floor_spawned":[1,16,18],"killed_by":"Snecko","ascension_level":8}}