{"host":"za9ilm1uiwmpmin1","time":1609499317,"event":{"mods":["AchievementEnabler","Act Like it!","BaseMod","CapriCore","Dota2Spire","Downfall","Friendly Minions","Gensokyo","KomeijiMod","Lobotomy","LobotomyExtend","Marisa（F雨　魔理沙）","Minty Spire (QoL Compilation)","MostiFishMod","Reorder Act Four","RumiaBox-露米娅的神秘盒子","StSLib","TestMod","The Alterego","The Immortal","Waifu the Spire","[IsaacMod]以撒尖塔","【功能Mod】混沌之环修复补丁"],"gold_per_floor":[-1287,-1287,-1272,-1260,-1260,-1235,-1235,-1208,-1183,-1154,-1135,-1125,-1099,-1081,-1081,-976,-976,-961,-561,-547,-547,-547,-517,-517,-484,-416,-383,-368,-353,-325,-325,-325,-223,-223,-209,-209,-209,-194,-181,-151,-151,-125,-76,-45,-26,-26,-15,-4,-4,-4,-4,-4,-4,-4,21,21],"floor_reached":57,"playtime":2843,"items_purged":["alterego_mod:Strike","alterego_mod:Strike"],"score":2031,"play_id":"446b116e-0195-48ea-8e7c-427bba509bde","local_time":"20210101190837","is_ascension_mode":true,"campfire_choices":[{"data":"alterego_mod:Birthday","floor":15.0,"key":"SMITH"},{"data":"alterego_mod:AlterEgo","floor":24.0,"key":"SMITH"},{"data":"alterego_mod:BigMeatyClaws","floor":32.0,"key":"SMITH"},{"data":"alterego_mod:SakuraFive","floor":41.0,"key":"SMITH"},{"floor":46,"key":"RECALL"},{"data":"alterego_mod:RocketPunch","floor":49,"key":"SMITH"},{"data":"alterego_mod:Defend","floor":54,"key":"SMITH"}],"circlet_count":0,"master_deck":["alterego_mod:Strike","alterego_mod:Strike","alterego_mod:Defend","alterego_mod:Defend+1","alterego_mod:Defend+1","alterego_mod:Defend+1","alterego_mod:BigMeatyClaws+1","alterego_mod:BrynhildrsRune","alterego_mod:TrashNCrash+1","alterego_mod:Cushion+1","alterego_mod:Birthday+1","alterego_mod:RocketPunch+1","alterego_mod:AlterEgo+1","alterego_mod:SakuraFive+1","MokouMod:Strike","alterego_mod:ChallengeComplete+1"],"relics":["HushsDoor","testmod-TestBox","testmod-Laevatain","GuppysPaw","SynthV:MejaisSoulstealer","testmod-Prudence","LetterFromLob","Strawberry","PokeGo","Dota2Spire:ShadowBlade","War Paint","Meat on the Bone","testmod-Temperance","Sundial","UnicornStump","Dota2Spire:BlackKingBar","Boot","SSSystem","ShadowXiaoBlade","CaptainsWheel","Lantern","Juzu Bracelet","testmod-AssaultLearning","PillsDrop"],"acts_visited":["Exordium","Gensokyo:Gensokyo","Gensokyo:Gensokyoer","TheEnding"],"potions_floor_usage":[56,56,56],"damage_taken":[{"damage":0.0,"enemies":"Gensokyo:3_Fairies","floor":1.0,"turns":4.0},{"damage":0.0,"enemies":"Gensokyo:Python","floor":3.0,"turns":2.0},{"damage":7.0,"enemies":"Gensokyo:2_Kodama","floor":4.0,"turns":2.0},{"damage":0.0,"enemies":"Gensokyo:Cirno","floor":6.0,"turns":7.0},{"damage":0.0,"enemies":"Gensokyo:Aya","floor":8.0,"turns":4.0},{"damage":0.0,"enemies":"Gensokyo:Cirno","floor":10.0,"turns":6.0},{"damage":0.0,"enemies":"Gensokyo:Kitsune","floor":11.0,"turns":2.0},{"damage":0.0,"enemies":"Gensokyo:5_Fairies","floor":12.0,"turns":5.0},{"damage":0.0,"enemies":"Gensokyo:Mamizou","floor":13.0,"turns":12.0},{"damage":0.0,"enemies":"Gensokyo:2_Rabbits","floor":14.0,"turns":3.0},{"damage":0.0,"enemies":"Gensokyo:Reimu","floor":16.0,"turns":6.0},{"damage":0.0,"enemies":"Gensokyo:3_Dogs","floor":18.0,"turns":4.0},{"damage":0.0,"enemies":"Gensokyo:2_Gloops","floor":20.0,"turns":4.0},{"damage":0.0,"enemies":"Gensokyo:Reisen","floor":23.0,"turns":2.0},{"damage":0.0,"enemies":"Gensokyo:Tenshi","floor":25.0,"turns":4.0},{"damage":7.0,"enemies":"Gensokyo:Koishi","floor":27.0,"turns":4.0},{"damage":0.0,"enemies":"Gensokyo:Monolith_and_Dog","floor":28.0,"turns":3.0},{"damage":0.0,"enemies":"Gensokyo:Wraith","floor":29.0,"turns":3.0},{"damage":0.0,"enemies":"Gensokyo:Reisen","floor":30.0,"turns":4.0},{"damage":0.0,"enemies":"Gensokyo:Eiki","floor":33.0,"turns":6.0},{"damage":0.0,"enemies":"Gensokyo:3_Boulders","floor":35.0,"turns":3.0},{"damage":0.0,"enemies":"Gensokyo:AncientGuardian","floor":38.0,"turns":2.0},{"damage":0.0,"enemies":"Gensokyo:Dusk_and_Dawn","floor":39.0,"turns":3.0},{"damage":0.0,"enemies":"Gensokyo:Kasen","floor":40.0,"turns":4.0},{"damage":0.0,"enemies":"Gensokyo:Marisa","floor":42.0,"turns":4.0},{"damage":0.0,"enemies":"Gensokyo:Kasen","floor":44.0,"turns":5.0},{"damage":0,"enemies":"Gensokyo:4_Bats","floor":45,"turns":3},{"damage":0,"enemies":"Gensokyo:SeedOfUnknown","floor":47,"turns":2},{"damage":0,"enemies":"Gensokyo:3_Boulders","floor":48,"turns":2},{"damage":12,"enemies":"Gensokyo:Yuyuko","floor":50,"turns":4},{"damage":0,"enemies":"Shield and Spear","floor":55,"turns":4},{"damage":0,"enemies":"The Heart","floor":56,"turns":4}],"seed_played":"7688439800220205276","potions_obtained":[{"floor":4.0,"key":"DistilledChaos"},{"floor":6.0,"key":"Dota2Spire:HealingSalve"},{"floor":12.0,"key":"FearPotion"},{"floor":25.0,"key":"Explosive Potion"},{"floor":27.0,"key":"testmod-TestPotion"},{"floor":28.0,"key":"Dota2Spire:Clarity"},{"floor":30.0,"key":"FearPotion"}],"is_trial":false,"path_per_floor":["M","$","M","M","?","E","?","E","T","E","M","M","E","M","R","B",null,"M","?","M","?","COS","E","R","E","T","E","M","M","E","$","R","B",null,"M","?","?","M","M","E","R","E","T","E","M","R","M","M","R","B",null,null,"$","R","E","B",null],"character_chosen":"The_Alterego","items_purchased":["alterego_mod:SakuraFive"],"campfire_rested":0,"item_purchase_floors":[17],"current_hp_per_floor":[70,70,70,60,57,57,57,66,66,68,70,72,74,74,74,74,66,66,66,66,66,66,66,66,66,66,66,66,66,66,66,66,66,61,61,61,61,61,61,61,61,61,61,61,61,61,61,61,61,61,61,61,61,61,61,61],"gold":21,"neow_bonus":"BOSS_RELIC","is_daily":false,"chose_seed":false,"campfire_upgraded":6,"win_rate":0.0,"timestamp":1609499317,"path_taken":["M","?","M","M","?","E","?","E","T","E","M","?","E","M","R","BOSS","M","?","?","?","COS","E","R","E","T","E","M","M","E","?","R","BOSS","M","?","?","?","M","E","R","E","T","E","M","R","M","M","R","BOSS","$","R","E","BOSS"],"items_purchased_type":["Card"],"build_version":"2020-12-22","purchased_purges":2,"victory":true,"max_hp_per_floor":[70,70,70,67,74,74,74,74,74,74,74,74,74,74,74,74,66,66,66,66,66,66,66,66,66,66,66,66,66,66,66,66,66,61,61,61,61,61,61,61,61,61,61,61,61,61,61,61,61,61,61,61,61,61,61,61],"card_choices":[{"not_picked":["alterego_mod:Birthday","alterego_mod:SideboobHour"],"picked":"alterego_mod:TrashNCrash","floor":1.0},{"not_picked":["alterego_mod:Pet","alterego_mod:Cycle"],"picked":"alterego_mod:Cushion","floor":3.0},{"not_picked":["alterego_mod:Collar","alterego_mod:Undulate","alterego_mod:AlterEgo"],"picked":"SKIP","floor":4.0},{"not_picked":["alterego_mod:Maid","alterego_mod:Pet"],"picked":"alterego_mod:Birthday","floor":6.0},{"not_picked":["alterego_mod:Pet","alterego_mod:AlterEgo","alterego_mod:Birthday"],"picked":"SKIP","floor":8.0},{"not_picked":["alterego_mod:HighServant","alterego_mod:BustOut","alterego_mod:GachaTicket"],"picked":"SKIP","floor":10.0},{"not_picked":["alterego_mod:Skirt","alterego_mod:PerceptionDisorder","alterego_mod:Smother"],"picked":"SKIP","floor":11.0},{"not_picked":["alterego_mod:Undulate","alterego_mod:GIGAMILK","alterego_mod:Maid"],"picked":"SKIP","floor":12.0},{"not_picked":["alterego_mod:Smother","alterego_mod:1TonWallop","alterego_mod:RocketPunch"],"picked":"SKIP","floor":13.0},{"not_picked":["alterego_mod:Smother","alterego_mod:1TonWallop"],"picked":"alterego_mod:RocketPunch","floor":13.0},{"not_picked":["alterego_mod:Undulate","alterego_mod:BiFurious","alterego_mod:DeftHands"],"picked":"SKIP","floor":14.0},{"not_picked":["alterego_mod:GIGAMILK","alterego_mod:BrynhildrRomantia"],"picked":"alterego_mod:AlterEgo","floor":16.0},{"not_picked":["alterego_mod:GoddessCore","alterego_mod:BiFurious","alterego_mod:Crossover"],"picked":"SKIP","floor":18.0},{"not_picked":["alterego_mod:Cycle+1","alterego_mod:Punishment","alterego_mod:SakuraFive"],"picked":"SKIP","floor":20.0},{"not_picked":["alterego_mod:BusterCard+1","alterego_mod:Undulate","alterego_mod:SakuraFive"],"picked":"SKIP","floor":23.0},{"not_picked":["alterego_mod:Undulate+1","alterego_mod:Alter","alterego_mod:Complex"],"picked":"SKIP","floor":25.0},{"not_picked":["alterego_mod:Clones","alterego_mod:GachaTicket+1"],"picked":"alterego_mod:ChallengeComplete+1","floor":27.0},{"not_picked":["alterego_mod:PresenceConcealment","alterego_mod:Smother","alterego_mod:TrashNCrash"],"picked":"SKIP","floor":28.0},{"not_picked":["alterego_mod:DiscoLights+1","alterego_mod:RocketPunch","alterego_mod:Skirt"],"picked":"SKIP","floor":29.0},{"not_picked":["alterego_mod:GachaTicket","alterego_mod:HighServant+1","alterego_mod:MagicResistance"],"picked":"SKIP","floor":30.0},{"not_picked":["alterego_mod:BiFurious","alterego_mod:TrashNCrash","alterego_mod:Support+1"],"picked":"SKIP","floor":35.0},{"not_picked":["alterego_mod:Maid+1","alterego_mod:Rip","alterego_mod:DiscoLights+1"],"picked":"SKIP","floor":38.0},{"not_picked":["alterego_mod:Complex+1","alterego_mod:Pet","alterego_mod:BusterCard+1"],"picked":"SKIP","floor":39.0},{"not_picked":["alterego_mod:Complex","alterego_mod:DestructionOfProperty+1","alterego_mod:Bunnysuit"],"picked":"SKIP","floor":40.0},{"not_picked":["alterego_mod:Table+1","alterego_mod:Bounce","alterego_mod:Pet"],"picked":"SKIP","floor":42.0},{"not_picked":["alterego_mod:Jiggle+1","alterego_mod:Lingerie+1","alterego_mod:Birthday+1"],"picked":"SKIP","floor":44.0},{"not_picked":["alterego_mod:BeGentle+1","alterego_mod:Undulate+1","alterego_mod:InsideBaseball"],"picked":"SKIP","floor":45},{"not_picked":["alterego_mod:DiscoLights","alterego_mod:TrashNCrash+1","alterego_mod:DeftHands"],"picked":"SKIP","floor":47},{"not_picked":["alterego_mod:Table","alterego_mod:TrashNCrash","alterego_mod:GachaTicket"],"picked":"SKIP","floor":48},{"not_picked":["alterego_mod:Lingerie+1","alterego_mod:Punishment","alterego_mod:1TonWallop"],"picked":"SKIP","floor":55}],"player_experience":1213727,"relics_obtained":[{"floor":1.0,"key":"LetterFromLob"},{"floor":6.0,"key":"PokeGo"},{"floor":8.0,"key":"Dota2Spire:ShadowBlade"},{"floor":10.0,"key":"War Paint"},{"floor":13.0,"key":"Meat on the Bone"},{"floor":23.0,"key":"Sundial"},{"floor":25.0,"key":"UnicornStump"},{"floor":26.0,"key":"Dota2Spire:BlackKingBar"},{"floor":27.0,"key":"Boot"},{"floor":30.0,"key":"SSSystem"},{"floor":40.0,"key":"CaptainsWheel"},{"floor":42.0,"key":"Lantern"},{"floor":43.0,"key":"Juzu Bracelet"},{"floor":44.0,"key":"testmod-AssaultLearning"},{"floor":55,"key":"PillsDrop"}],"event_choices":[{"damage_healed":0.0,"max_hp_gain":0.0,"max_hp_loss":0.0,"gold_gain":0.0,"event_name":"给自己的盒子","player_choice":"Swap Relic","floor":7.0,"relics_lost":["Technique"],"gold_loss":0.0,"damage_taken":0.0,"relics_obtained":["Technique"]},{"damage_healed":0.0,"max_hp_gain":0.0,"max_hp_loss":0.0,"gold_gain":400.0,"event_name":"恩洛斯的盘子","player_choice":"Sell","floor":19.0,"relics_lost":["DaveBox"],"gold_loss":0.0,"damage_taken":0.0}],"is_beta":false,"boss_relics":[{"not_picked":["JellyFishMachine","testmod-KeyOfTheVoid"],"picked":"testmod-Temperance"},{"not_picked":[]},{"not_picked":["ExusiaiGun","Dota2Spire:RefresherOrb"],"picked":"ShadowXiaoBlade"},{"not_picked":[]}],"items_purged_floors":[17,34],"is_endless":false,"potions_floor_spawned":[4,6,12,16,25,27,28,29,30,40,42,45,48],"ascension_level":2}}