{"host":"womlpxqjjlvrjm57","time":1609469928,"event":{"mods":["2.2 Compatiblity","A Magickal Journey","Abigail Mod","AchievementEnabler","Act Like it!","Alarm Clock","Aspiration","Astrologer","Bartender","BaseMod","Beaked The Cultist","Bestiary","Better Altar","Better Match","Better Note","Better Sensory Stone","Better Silent Start","Better Skull","Better Third Choice","Better-Laid Plans","BetterRewards","CapriCore","ChefMod","Colored Map","Colored Powertips","Conspire","Curses Come First","DeckTracker","Displayed Cursed Tome","Downfall","Energized Spire","Evolution","Fiend Mod","Fireblade Mod","Friendly Minions","GifTheSpireLib","Gremlin Skip","Halation","Hermit","Hubris","Infinite Spire","Jorbs\u0027s Wanderer Trilogy","Kiyohime（清姬）","Luminous","Magitek Elite","Marisa（霧雨　魔理沙）","Marked Mod","Mimic Mod","Minty Spire (QoL Compilation)","Nova Terra(诺娃·泰拉)","Permanent Neow","QueenMod","Quick Restart","Railgun Mod","Rare Cards Sparkle","Reimu（博丽灵梦）","Relic Stats","Remilia（蕾米莉亚）","Replay The Spire","Robot Space Explorer","Shade Mod","Shop Mod","Small Relic Pack","Spicy Shops","StSLib","Stuff the Spire","The Alterego","The Blackbeard","The Bladedancer","The Blue Laboratory","The Bug Knight","The Cursed","The Death Knight","The Disciple","The Forsaken","The Hierophant","The Immortal","The Judge","The Mystic","The Necromancer","The Runesmith","The Servant 0.9.4","The Valiant","The Wild Card","TheArtist","TheBandit","TheFirefly","TheSwordswoman","Virulent Crown","Waifu the Spire","WarShipGirlsR/战舰少女R mod","slay the spire mod where everything is the same but ironclad has a cowboy hat"],"gold_per_floor":[213,213,228,153,169,169,179,214,288,316,316,316,316],"floor_reached":12,"playtime":649,"items_purged":[],"score":92,"play_id":"bbd8c667-82f2-42fe-a1e6-21ea3d647944","local_time":"20201231215848","is_ascension_mode":true,"campfire_choices":[{"floor":6.0,"key":"REST"}],"circlet_count":0,"master_deck":["BowlingBash","BowlingBash","Strike_P","Strike_P","Defend_P","Defend_P","Defend_P","Defend_P","Eruption","Vigilance","WheelKick","CrushJoints","ReplayUltimateDefense","Violence","Halt","InnerPeace","Collect","Replay:AtTheReady"],"relics":["PureWater","EVO:Axolotl","Strawberry","Matryoshka","Blood Vial","relicPack:OneForAll"],"acts_visited":["Exordium"],"potions_floor_usage":[],"damage_taken":[{"damage":7.0,"enemies":"2 Louse","floor":1.0,"turns":2.0},{"damage":0.0,"enemies":"Small Slimes","floor":3.0,"turns":3.0},{"damage":8.0,"enemies":"Cultist","floor":5.0,"turns":4.0},{"damage":7.0,"enemies":"3 Louse","floor":7.0,"turns":4.0},{"damage":38.0,"enemies":"3 Sentries","floor":8.0,"turns":10.0},{"damage":18.0,"enemies":"Lagavulin","floor":10.0,"turns":4.0},{"damage":18,"enemies":"Gremlin Nob","floor":12,"turns":5}],"seed_played":"-784467865865400727","potions_obtained":[{"floor":1.0,"key":"ZuzhouPotion:ReiMu"},{"floor":7.0,"key":"EssenceOfSteel"},{"floor":8.0,"key":"SteroidPotion"}],"is_trial":false,"path_per_floor":["M","?","M","?","M","R","M","E","T","E","?","E"],"character_chosen":"WATCHER","items_purchased":[],"campfire_rested":1,"item_purchase_floors":[],"current_hp_per_floor":[65,65,65,65,57,72,65,34,34,16,16,0,0],"gold":316,"neow_bonus":"HUNDRED_GOLD","is_daily":false,"chose_seed":false,"campfire_upgraded":0,"win_rate":0.0,"timestamp":1609469928,"path_taken":["M","?","M","?","M","R","M","E","T","E","?","E"],"items_purchased_type":[],"build_version":"2020-12-22","purchased_purges":0,"victory":false,"max_hp_per_floor":[72,72,72,72,72,72,72,79,79,79,79,79,79],"relic_stats":{"Blood Vial":2,"counters":[7,32],"obtain_stats":[{"Blood Vial":10,"relicPack:OneForAll":11,"Matryoshka":9,"Strawberry":8,"EVO:Axolotl":0,"PureWater":0},{"Blood Vial":6,"relicPack:OneForAll":6,"Matryoshka":5,"Strawberry":5,"EVO:Axolotl":0,"PureWater":0},{"Blood Vial":27,"relicPack:OneForAll":27,"Matryoshka":23,"Strawberry":23,"EVO:Axolotl":0,"PureWater":0}]},"card_choices":[{"not_picked":["FlyingSleeves","BowlingBash"],"picked":"WheelKick","floor":1.0},{"not_picked":["EmptyBody","Replay:ManipulateFuture"],"picked":"CrushJoints","floor":3.0},{"not_picked":["The Bomb","Transmutation"],"picked":"ReplayUltimateDefense","floor":4.0},{"not_picked":["Mayhem","expansioncontent:QuickStudy"],"picked":"Violence","floor":4.0},{"not_picked":["EmptyBody","WreathOfFlame"],"picked":"Halt","floor":5.0},{"not_picked":["WaveOfTheHand","FlurryOfBlows"],"picked":"InnerPeace","floor":7.0},{"not_picked":["Swivel","ForeignInfluence"],"picked":"Collect","floor":8.0},{"not_picked":["Study","MarkedMod:OneThousandNeedles"],"picked":"Replay:AtTheReady","floor":10.0}],"player_experience":519739,"relics_obtained":[{"floor":8.0,"key":"Strawberry"},{"floor":9.0,"key":"Matryoshka"},{"floor":10.0,"key":"Blood Vial"}],"event_choices":[{"damage_healed":0.0,"max_hp_gain":0.0,"max_hp_loss":0.0,"gold_gain":0.0,"event_name":"betterMatch:BetterMatch","player_choice":"1","floor":4.0,"gold_loss":0.0,"damage_taken":0.0,"cards_obtained":["betterMatch:ColorlessRareCard","betterMatch:ColorlessRareCard"]}],"is_beta":false,"boss_relics":[],"items_purged_floors":[],"is_endless":false,"potions_floor_spawned":[1,7,8],"killed_by":"Gremlin Nob","ascension_level":1}}