{"host":"4cz9gr89nglr7k8k","time":1609541576,"event":{"mods":["BaseMod","Minty Spire (QoL Compilation)","Relic Stats","Slay-I"],"gold_per_floor":[117,14,30,30,30,30,30,30,30,45,8,8,29,70,70,70,70],"floor_reached":16,"playtime":319,"items_purged":[],"score":196,"play_id":"63e0b404-548d-47b8-87f5-58cec48e9c66","local_time":"20210101235256","is_ascension_mode":true,"campfire_choices":[{"floor":6,"key":"REST"},{"data":"Dark Shackles","floor":8,"key":"SMITH"},{"data":"Demon Form","floor":12,"key":"SMITH"},{"floor":15,"key":"REST"}],"circlet_count":0,"master_deck":["AscendersBane","Strike_R","Strike_R","Strike_R","Strike_R","Strike_R","Defend_R","Defend_R","Defend_R","Defend_R","Bash+1","Dark Shackles+1","Shrug It Off","Demon Form+1","Metallicize","Flex","Shrug It Off"],"relics":["Burning Blood","Golden Idol","Darkstone Periapt","Vajra"],"acts_visited":["Exordium"],"potions_floor_usage":[],"damage_taken":[{"damage":9,"enemies":"Jaw Worm","floor":1,"turns":4},{"damage":0,"enemies":"Cultist","floor":3,"turns":3},{"damage":0,"enemies":"2 Louse","floor":10,"turns":4},{"damage":14,"enemies":"Exordium Wildlife","floor":13,"turns":6},{"damage":54,"enemies":"Gremlin Nob","floor":14,"turns":5},{"damage":45,"enemies":"The Guardian","floor":16,"turns":9}],"seed_played":"7008996893962602545","potions_obtained":[{"floor":3,"key":"ElixirPotion"},{"floor":13,"key":"ElixirPotion"}],"is_trial":false,"path_per_floor":["M","$","M","$","?","R","?","R","T","M","$","R","M","E","R","B"],"character_chosen":"IRONCLAD","items_purchased":["Dark Shackles","Metallicize"],"campfire_rested":2,"item_purchase_floors":[2,11],"current_hp_per_floor":[65,65,71,71,45,67,75,75,75,75,75,75,67,19,41,0,0],"gold":70,"neow_bonus":"UPGRADE_CARD","is_daily":false,"chose_seed":false,"campfire_upgraded":2,"win_rate":0.0,"timestamp":1609541576,"path_taken":["M","$","M","$","?","R","?","R","T","?","?","R","M","E","R","BOSS"],"items_purchased_type":["Card","Card"],"build_version":"2020-12-22","purchased_purges":0,"victory":false,"max_hp_per_floor":[75,75,75,75,75,75,75,75,75,75,75,75,75,75,75,75,75],"relic_stats":{"Darkstone Periapt":0,"counters":[6,31],"Golden Idol":15,"obtain_stats":[{"Darkstone Periapt":9,"Golden Idol":5,"Vajra":14,"Burning Blood":0},{"Darkstone Periapt":2,"Golden Idol":2,"Vajra":5,"Burning Blood":0},{"Darkstone Periapt":7,"Golden Idol":7,"Vajra":22,"Burning Blood":0}],"Burning Blood":24},"card_choices":[{"not_picked":["Body Slam","Sentinel"],"picked":"Intimidate","floor":1},{"not_picked":["Armaments","Rupture"],"picked":"Shrug It Off","floor":3},{"not_picked":["Combust","Thunderclap"],"picked":"Demon Form","floor":10},{"not_picked":["Body Slam","Heavy Blade"],"picked":"Flex","floor":13},{"not_picked":["Combust","Body Slam"],"picked":"Shrug It Off","floor":14}],"player_experience":1472226,"relics_obtained":[{"floor":9,"key":"Darkstone Periapt"},{"floor":14,"key":"Vajra"}],"event_choices":[{"damage_healed":0,"gold_gain":0,"player_choice":"Take Damage","damage_taken":26,"relics_obtained":["Golden Idol"],"max_hp_gain":0,"max_hp_loss":0,"event_name":"Golden Idol","floor":5,"gold_loss":0},{"cards_removed":["Intimidate"],"damage_healed":8,"gold_gain":0,"player_choice":"Offered Uncommon","damage_taken":0,"max_hp_gain":0,"max_hp_loss":0,"event_name":"Bonfire Elementals","floor":7,"gold_loss":0}],"is_beta":false,"boss_relics":[],"items_purged_floors":[],"is_endless":false,"potions_floor_spawned":[3,13],"killed_by":"The Guardian","ascension_level":20}}