{"host":"newqdrzxfhh2im9e","time":1609467683,"event":{"mods":["AchievementEnabler","BaseMod","BetterRewards","Block Reminder","Colored Map","Jorbs\u0027s Wanderer Trilogy","Minty Spire (QoL Compilation)","Rare Cards Sparkle","Shop Mod","StSLib"],"gold_per_floor":[115,129,143,159,174,202,202,222,249,249,260,289,289,301,301,301,301],"floor_reached":16,"playtime":654,"items_purged":[],"score":169,"play_id":"eca5189b-1f68-4454-954c-f9dbdaccf6d2","local_time":"20201231182123","is_ascension_mode":true,"campfire_choices":[{"floor":7,"key":"REST"},{"floor":13,"key":"REST"},{"floor":15,"key":"REST"}],"circlet_count":0,"master_deck":["Strike_B+1","Strike_B","Strike_B","Strike_B+1","Defend_B","Defend_B","Defend_B","Zap","Dualcast","Sunder","Chaos","Conserve Battery","Gash","Genetic Algorithm","Glacier","Go for the Eyes","Core Surge","Reprogram","Force Field"],"relics":["Cracked Core","Whetstone","Lantern","MealTicket","Gremlin Horn"],"acts_visited":["Exordium"],"potions_floor_usage":[5,6,11,12],"damage_taken":[{"damage":2,"enemies":"Jaw Worm","floor":1,"turns":4},{"damage":1,"enemies":"Cultist","floor":2,"turns":3},{"damage":0,"enemies":"Small Slimes","floor":3,"turns":3},{"damage":15,"enemies":"Gremlin Gang","floor":4,"turns":4},{"damage":18,"enemies":"3 Louse","floor":5,"turns":3},{"damage":37,"enemies":"3 Sentries","floor":6,"turns":7},{"damage":2,"enemies":"Exordium Wildlife","floor":8,"turns":5},{"damage":0,"enemies":"Exordium Thugs","floor":11,"turns":3},{"damage":0,"enemies":"Gremlin Nob","floor":12,"turns":2},{"damage":4,"enemies":"Blue Slaver","floor":14,"turns":4},{"damage":70,"enemies":"Slime Boss","floor":16,"turns":17}],"seed_played":"6373955118324970601","potions_obtained":[{"floor":1,"key":"CultistPotion"},{"floor":4,"key":"Weak Potion"},{"floor":6,"key":"LiquidMemories"},{"floor":8,"key":"ColorlessPotion"}],"is_trial":false,"path_per_floor":["M","M","M","M","M","E","R","M","T","?","M","E","R","M","R","B"],"character_chosen":"DEFECT","items_purchased":[],"campfire_rested":3,"item_purchase_floors":[],"current_hp_per_floor":[73,72,72,57,39,2,24,22,22,22,22,22,44,40,62,0,0],"gold":301,"neow_bonus":"RANDOM_COMMON_RELIC","is_daily":false,"chose_seed":false,"campfire_upgraded":0,"win_rate":0.0,"timestamp":1609467683,"path_taken":["M","M","M","M","M","E","R","M","T","?","M","E","R","M","R","BOSS"],"items_purchased_type":[],"build_version":"2020-12-22","purchased_purges":0,"victory":false,"max_hp_per_floor":[75,75,75,75,75,75,75,75,75,75,75,75,75,75,75,75,75],"card_choices":[{"not_picked":["Tempest","Gash"],"picked":"Sunder","floor":1},{"not_picked":["Compile Driver","Conserve Battery"],"picked":"Chaos","floor":2},{"not_picked":["Steam","Ball Lightning"],"picked":"Conserve Battery","floor":3},{"not_picked":["Conserve Battery","Hologram"],"picked":"Gash","floor":4},{"not_picked":["Defragment","Barrage"],"picked":"Genetic Algorithm","floor":5},{"not_picked":["Compile Driver","Double Energy"],"picked":"Glacier","floor":6},{"not_picked":["Ball Lightning","Stack"],"picked":"Go for the Eyes","floor":8},{"not_picked":["BootSequence","Hologram"],"picked":"Core Surge","floor":11},{"not_picked":["Rebound","Streamline"],"picked":"Reprogram","floor":12},{"not_picked":["Leap","Rebound"],"picked":"Force Field","floor":14}],"player_experience":660684,"relics_obtained":[{"floor":6,"key":"Lantern"},{"floor":9,"key":"MealTicket"},{"floor":12,"key":"Gremlin Horn"}],"event_choices":[{"cards_removed":["Defend_B"],"damage_healed":0,"gold_gain":0,"player_choice":"Purged","damage_taken":0,"max_hp_gain":0,"max_hp_loss":0,"event_name":"Purifier","floor":10,"gold_loss":0}],"is_beta":false,"boss_relics":[],"items_purged_floors":[],"is_endless":false,"potions_floor_spawned":[1,4,6,8],"killed_by":"Slime Boss","ascension_level":4}}