{"host":"k0hp5rzz2oj0nliz","time":1609511519,"event":{"mods":["BaseMod","Downfall","Minty Spire (QoL Compilation)","MostiFishMod","StSLib","noobMod"],"gold_per_floor":[99,99,374,222,222,238,288,273,286,286,304,296,317,337,353,466,466,466,486,486,586,612,612,612,626,649,649,649,649,649,649,675,780,780,780,800,810,291,322,380,404,245,245,260,286,286,317,258,284,284],"floor_reached":51,"playtime":3578,"items_purged":["Regret"],"score":743,"play_id":"ef463654-6d13-41bf-a3d9-dbd8e8980f08","local_time":"20210101223159","is_ascension_mode":false,"campfire_choices":[{"floor":1,"key":"RECALL"},{"data":"hexamod:BurningTouch","floor":10,"key":"SMITH"},{"data":"hexamod:ParanormalForm","floor":18,"key":"SMITH"},{"data":"hexamod:FastForward","floor":28,"key":"SMITH"},{"data":"hexamod:SearingWound","floor":30,"key":"SMITH"},{"data":"MostiFishMod:Neptune","floor":35,"key":"SMITH"},{"data":"hexamod:SpectersWail","floor":43,"key":"SMITH"},{"data":"hexamod:Rewind","floor":46,"key":"SMITH"}],"circlet_count":0,"master_deck":["hexamod:Defend+1","hexamod:Defend+1","hexamod:Defend","hexamod:Defend+1","hexamod:Sear","hexamod:Float+1","hexamod:FirstSeal","hexamod:FourthSeal","hexamod:ThirdSeal","hexamod:InspiringFlames+1","hexamod:ShieldOfDarkness","hexamod:CatchUp+1","hexamod:SwordOfDarkness+1","hexamod:BurningTouch+1","hexamod:SearingWound+1","hexamod:SecondSeal","hexamod:EmpoweredFlame+1","hexamod:SwordOfDarkness","hexamod:ParanormalForm+1","hexamod:AdvancingGuard+1","hexamod:ShieldOfDarkness+1","hexamod:FifthSeal","hexamod:SixthSeal","hexamod:BurningTouch+1","hexamod:Incineration+1","hexamod:GhostflameBarrier+1","hexamod:SpectersWail+1","hexamod:FastForward+1","hexamod:GhostShield+1","hexamod:SwordOfDarkness+1","hexamod:CouncilsJustice","hexamod:CouncilsJustice+1","hexamod:CouncilsJustice","hexamod:ShieldOfDarkness+1","hexamod:Rewind+1","hexamod:StepThrough+1","hexamod:ChargedBarrage","MostiFishMod:Neptune+1","MostiFishMod:TheEndOfMoonlight","MostiFishMod:SparklingWater+1","MostiFishMod:FantasySummer","MostiFishMod:NightSea+1","hexamod:FastForward+1","hexamod:ThirdSeal","hexamod:CatchUp+1","hexamod:SixthSeal","hexamod:SecondSeal","hexamod:FirstSeal","hexamod:AdvancingGuard+1","hexamod:ExtraCrispy+1","hexamod:SpectersWail+1","hexamod:FourthSeal","hexamod:GhostShield+1","hexamod:Hexaguard+1","hexamod:DynamicBlow+1","hexamod:AdvancingGuard+1","hexamod:HeatShield+1","hexamod:SpectersWail+1","hexamod:StepThrough","hexamod:ThermalTransfer+1"],"relics":["hexamod:SpiritBrand","DaveBox","ice","downfall:HeartsMalice","SentryEyes","War Paint","Odd Mushroom","RhineFirstAidKit","HornCleat","MoonlightInvasionPlan","SynthV","Dream Catcher","hexamod:MatchstickCase","Turnip","Pen Nib","Omamori","Frozen Egg 2","Lee\u0027s Waffle"],"acts_visited":["Exordium","TheCity","TheBeyond"],"potions_floor_usage":[],"damage_taken":[{"damage":0,"enemies":"Jaw Worm","floor":2,"turns":1},{"damage":0,"enemies":"downfall:FleeingMerchant","floor":4,"turns":1},{"damage":0,"enemies":"Cultist","floor":5,"turns":1},{"damage":0,"enemies":"2 Louse","floor":6,"turns":1},{"damage":0,"enemies":"downfall:FleeingMerchant","floor":8,"turns":4},{"damage":0,"enemies":"Exordium Wildlife","floor":9,"turns":2},{"damage":1,"enemies":"Blue Slaver","floor":11,"turns":3},{"damage":0,"enemies":"The Mushroom Lair","floor":13,"turns":2},{"damage":0,"enemies":"2 Fungi Beasts","floor":14,"turns":2},{"damage":0,"enemies":"Blue Slaver","floor":15,"turns":2},{"damage":25,"enemies":"downfall:Ironclad","floor":16,"turns":7},{"damage":24,"enemies":"Spheric Guardian","floor":19,"turns":4},{"damage":10,"enemies":"Cultist and Chosen","floor":22,"turns":6},{"damage":24,"enemies":"Centurion and Healer","floor":23,"turns":6},{"damage":4,"enemies":"Sentry and Sphere","floor":25,"turns":4},{"damage":0,"enemies":"Snecko","floor":26,"turns":4},{"damage":12,"enemies":"3 Cultists","floor":29,"turns":4},{"damage":18,"enemies":"Centurion and Healer","floor":32,"turns":6},{"damage":10,"enemies":"downfall:Watcher","floor":33,"turns":9},{"damage":0,"enemies":"3 Shapes","floor":36,"turns":2},{"damage":20,"enemies":"3 Darklings","floor":37,"turns":4},{"damage":0,"enemies":"downfall:FleeingMerchant","floor":38,"turns":4},{"damage":12,"enemies":"Jaw Worm Horde","floor":39,"turns":3},{"damage":9,"enemies":"Mind Bloom Boss Battle","floor":40,"turns":6},{"damage":0,"enemies":"downfall:FleeingMerchant","floor":42,"turns":4},{"damage":5,"enemies":"Maw","floor":44,"turns":6},{"damage":9,"enemies":"Sphere and 2 Shapes","floor":45,"turns":4},{"damage":39,"enemies":"Spire Growth","floor":47,"turns":6},{"damage":5,"enemies":"downfall:FleeingMerchant","floor":48,"turns":3},{"damage":11,"enemies":"Maw","floor":49,"turns":4},{"damage":226,"enemies":"downfall:Silent","floor":50,"turns":9}],"seed_played":"2165593424075844718","potions_obtained":[{"floor":6,"key":"LiquidMemories"},{"floor":6,"key":"SkillPotion"},{"floor":9,"key":"Fire Potion"},{"floor":37,"key":"Slimebound:ThreeZeroPotion"}],"is_trial":false,"path_per_floor":["R","M","?","$","M","M","T","$","M","R","M","?","?","M","M","B",null,"R","M","?","?","M","M","T","M","M","?","R","M","R","?","M","B",null,"R","M","M","$","M","?","T","?","R","M","M","R","M","$","M","B",null],"character_chosen":"THE_SPIRIT","items_purchased":["hexamod:ThirdSeal","hexamod:SecondSeal","SynthV","Dream Catcher","hexamod:MatchstickCase","Omamori","Frozen Egg 2","Lee\u0027s Waffle"],"campfire_rested":0,"item_purchase_floors":[4,38,38,38,38,42,48,48],"current_hp_per_floor":[70,70,70,70,70,70,70,70,70,70,70,70,70,70,70,52,70,70,53,53,53,50,33,33,70,70,35,35,23,23,23,12,30,43,43,44,51,51,39,37,37,74,74,69,67,67,28,106,102,54],"gold":284,"neow_bonus":"THREE_ENEMY_KILL","is_daily":false,"chose_seed":false,"campfire_upgraded":7,"win_rate":0.0,"timestamp":1609511519,"path_taken":["R","M","?","$","M","?","T","$","M","R","M","?","?","M","M","BOSS","R","M","?","?","M","M","T","M","M","?","R","M","R","?","M","BOSS","R","M","M","$","M","?","T","?","R","M","M","R","M","$","M","BOSS"],"items_purchased_type":["Card","Card","Relic","Relic","Relic","Relic","Relic","Relic"],"build_version":"2020-12-22","purchased_purges":1,"victory":true,"max_hp_per_floor":[70,70,70,70,70,70,70,70,70,70,70,70,70,70,70,70,70,70,70,70,70,70,70,70,70,70,35,35,35,35,35,35,43,43,43,44,51,56,59,69,69,74,74,80,86,86,94,106,107,124],"card_choices":[{"not_picked":["hexamod:GhostShield","hexamod:RainOfEmbers"],"picked":"hexamod:FirstSeal","floor":2},{"not_picked":["hexamod:GhostflameBarrier","hexamod:CatchUp"],"picked":"hexamod:FourthSeal","floor":4},{"not_picked":["hexamod:HeatShield","hexamod:FastForward"],"picked":"hexamod:InspiringFlames","floor":5},{"not_picked":["hexamod:Haunt","hexamod:GhostLash"],"picked":"hexamod:ShieldOfDarkness","floor":6},{"not_picked":["hexamod:PhantomFireball","hexamod:FastForward"],"picked":"hexamod:CatchUp","floor":8},{"not_picked":["hexamod:NightmareGuise","hexamod:PhantomFireball"],"picked":"hexamod:SwordOfDarkness","floor":8},{"not_picked":["hexamod:NightmareGuise","hexamod:Hexaguard"],"picked":"hexamod:BurningTouch","floor":9},{"not_picked":["hexamod:FastForward","hexamod:DynamicBlow"],"picked":"hexamod:SearingWound","floor":11},{"not_picked":["hexamod:GhostShield","hexamod:ShieldOfDarkness"],"picked":"hexamod:EmpoweredFlame","floor":13},{"not_picked":["hexamod:FirstSeal","hexamod:NightmareStrike"],"picked":"hexamod:SwordOfDarkness","floor":13},{"not_picked":["hexamod:FourthSeal","hexamod:FirstSeal"],"picked":"hexamod:ParanormalForm","floor":14},{"not_picked":["hexamod:InspiringFlames","hexamod:RecurringNightmare"],"picked":"hexamod:AdvancingGuard","floor":15},{"not_picked":["hexamod:RetreatToShadows","hexamod:BacktrackSmack"],"picked":"hexamod:ShieldOfDarkness","floor":15},{"not_picked":["hexamod:WildfireWeapon","hexamod:GhostflameInferno"],"picked":"hexamod:FifthSeal","floor":16},{"not_picked":["hexamod:FirstSeal","hexamod:ThirdSeal"],"picked":"hexamod:SixthSeal","floor":19},{"not_picked":["hexamod:NightmareStrike","hexamod:ThermalTransfer"],"picked":"hexamod:BurningTouch+1","floor":19},{"not_picked":["hexamod:RecurringNightmare","hexamod:SearingWound"],"picked":"hexamod:Incineration","floor":22},{"not_picked":["hexamod:ShieldOfDarkness","hexamod:SwordOfDarkness"],"picked":"hexamod:GhostflameBarrier","floor":22},{"not_picked":["hexamod:AdvancingGuard+1","hexamod:Firestarter+1"],"picked":"hexamod:SpectersWail+1","floor":23},{"not_picked":["hexamod:HeatMetal","hexamod:ShieldOfDarkness+1"],"picked":"hexamod:FastForward","floor":23},{"not_picked":["hexamod:ParanormalForm","hexamod:RecurringNightmare"],"picked":"hexamod:GhostShield+1","floor":25},{"not_picked":["hexamod:FastForward","hexamod:BurningTouch"],"picked":"hexamod:SwordOfDarkness+1","floor":26},{"not_picked":["hexamod:SpectersWail","hexamod:BurningTouch"],"picked":"hexamod:ShieldOfDarkness","floor":29},{"not_picked":["hexamod:RainOfEmbers","hexamod:GhostShield","hexamod:DynamicBlow"],"picked":"SKIP","floor":29},{"not_picked":["hexamod:ThirdSeal","hexamod:GhostOfSpirePast"],"picked":"hexamod:StepThrough+1","floor":32},{"not_picked":["hexamod:NightmareGuise","hexamod:ShieldOfDarkness"],"picked":"hexamod:ChargedBarrage","floor":32},{"not_picked":["hexamod:RadiantFlame+1","hexamod:RainOfEmbers"],"picked":"hexamod:FastForward+1","floor":36},{"not_picked":["hexamod:BurningTouch+1","hexamod:RainOfEmbers","hexamod:NightmareStrike"],"picked":"SKIP","floor":37},{"not_picked":["hexamod:FirstSeal","hexamod:SecondSeal"],"picked":"hexamod:ThirdSeal","floor":38},{"not_picked":["hexamod:HauntingEcho","hexamod:Again+1"],"picked":"hexamod:CatchUp+1","floor":38},{"not_picked":["hexamod:FirstSeal","hexamod:HeatShield+1"],"picked":"hexamod:SixthSeal","floor":38},{"not_picked":["hexamod:FourthSeal","hexamod:ThirdSeal"],"picked":"hexamod:FirstSeal","floor":39},{"not_picked":["hexamod:ChargedBarrage","hexamod:Firestarter"],"picked":"hexamod:AdvancingGuard+1","floor":39},{"not_picked":["hexamod:InspiringFlames+1","hexamod:BacktrackSmack+1","hexamod:NightmareGuise"],"picked":"SKIP","floor":39},{"not_picked":["hexamod:GhostOfSpirePresent+1","hexamod:DynamicBlow+1"],"picked":"hexamod:ExtraCrispy+1","floor":40},{"not_picked":["hexamod:CrushingStance","hexamod:SwordOfDarkness"],"picked":"hexamod:SpectersWail","floor":40},{"not_picked":["hexamod:SixthSeal","hexamod:ThirdSeal"],"picked":"hexamod:FourthSeal","floor":40},{"not_picked":["hexamod:BurningTouch","hexamod:Hexaguard+1"],"picked":"hexamod:GhostShield+1","floor":40},{"not_picked":["hexamod:ThermalTransfer","hexamod:HauntingEcho+1"],"picked":"hexamod:Hexaguard+1","floor":42},{"not_picked":["hexamod:FourthSeal","hexamod:RainOfEmbers","hexamod:RadiantFlame+1"],"picked":"SKIP","floor":42},{"not_picked":["hexamod:AdvancingGuard","hexamod:TimeOfNeed"],"picked":"hexamod:DynamicBlow+1","floor":44},{"not_picked":["hexamod:NightmareStrike","hexamod:DynamicBlow","hexamod:SecondSeal"],"picked":"SKIP","floor":44},{"not_picked":["hexamod:FastForward","hexamod:FirstSeal"],"picked":"hexamod:AdvancingGuard+1","floor":45},{"not_picked":["hexamod:NightmareGuise+1","hexamod:AdvancingGuard+1"],"picked":"hexamod:HeatShield+1","floor":45},{"not_picked":["hexamod:SwordOfDarkness","hexamod:BacktrackSmack+1","hexamod:PhantomCloak+1"],"picked":"SKIP","floor":45},{"not_picked":["hexamod:SixthSeal","hexamod:GhostShield"],"picked":"hexamod:SpectersWail+1","floor":47},{"not_picked":["hexamod:SecondSeal","hexamod:PhantomCloak"],"picked":"hexamod:StepThrough","floor":47},{"not_picked":["hexamod:SwordOfDarkness+1","hexamod:NightmareGuise"],"picked":"hexamod:ThermalTransfer+1","floor":48},{"not_picked":["hexamod:RecurringNightmare+1","hexamod:ThermalTransfer","hexamod:EmpoweredFlame+1"],"picked":"SKIP","floor":49}],"player_experience":184842,"relics_obtained":[{"floor":7,"key":"War Paint"},{"floor":13,"key":"Odd Mushroom"},{"floor":24,"key":"HornCleat"},{"floor":40,"key":"Turnip"},{"floor":41,"key":"Pen Nib"}],"event_choices":[{"damage_healed":0,"gold_gain":0,"player_choice":"Fought Mushrooms","damage_taken":0,"max_hp_gain":0,"max_hp_loss":0,"event_name":"Mushrooms","floor":13,"gold_loss":0},{"damage_healed":0,"gold_gain":0,"player_choice":"Read","damage_taken":0,"max_hp_gain":0,"max_hp_loss":0,"event_name":"The Library","floor":31,"gold_loss":0,"cards_obtained":["hexamod:Rewind"]}],"is_beta":false,"boss_relics":[{"not_picked":["NightmareShop","RhineSuit"],"picked":"RhineFirstAidKit"},{"not_picked":["hexamod:IceCube","ChiXiaoBlade"],"picked":"MoonlightInvasionPlan"}],"items_purged_floors":[4],"is_endless":false,"potions_floor_spawned":[6,9,14,15,16,19,22,32,33,37,44,45,47],"ascension_level":0}}