{"host":"8f5cu9y0fpol72qs","time":1609490673,"event":{"mods":["BaseMod","Colored Map","Highlight Path","Minty Spire (QoL Compilation)","StSLib"],"gold_per_floor":[109,128,146,146,146,166,91,107,130,130,130,169,169,202,202,202,202],"floor_reached":16,"playtime":20760,"items_purged":["Strike_G"],"score":176,"play_id":"e08664ba-55d4-4175-b2f1-bb2978f86906","local_time":"20210101004433","is_ascension_mode":true,"campfire_choices":[{"data":"Wraith Form v2","floor":10,"key":"SMITH"},{"data":"Dash","floor":13,"key":"SMITH"},{"data":"Quick Slash","floor":15,"key":"SMITH"}],"circlet_count":0,"master_deck":["AscendersBane","Strike_G","Strike_G","Defend_G","Defend_G","Defend_G","Defend_G","Defend_G","Survivor","Neutralize+1","Blade Dance","Dash+1","Wraith Form v2+1","Quick Slash+1","Calculated Gamble"],"relics":["Ring of the Snake","Akabeko","Golden Idol","Juzu Bracelet","Regal Pillow"],"acts_visited":["Exordium"],"potions_floor_usage":[14,16],"damage_taken":[{"damage":2,"enemies":"2 Louse","floor":1,"turns":3},{"damage":1,"enemies":"Jaw Worm","floor":2,"turns":3},{"damage":0,"enemies":"Cultist","floor":3,"turns":4},{"damage":1,"enemies":"Looter","floor":6,"turns":4},{"damage":3,"enemies":"3 Louse","floor":8,"turns":4},{"damage":2,"enemies":"Gremlin Nob","floor":12,"turns":5},{"damage":1,"enemies":"Lagavulin","floor":14,"turns":6},{"damage":46,"enemies":"Hexaghost","floor":16,"turns":13}],"seed_played":"-3204778004445252043","potions_obtained":[{"floor":2,"key":"SpeedPotion"},{"floor":3,"key":"FearPotion"},{"floor":14,"key":"Ancient Potion"}],"is_trial":false,"path_per_floor":["M","M","M","?","?","M","$","M","T","R","?","E","R","E","R","B"],"character_chosen":"THE_SILENT","items_purchased":[],"campfire_rested":0,"item_purchase_floors":[],"current_hp_per_floor":[61,60,60,53,53,52,52,49,49,49,49,47,47,46,46,0,0],"gold":202,"neow_bonus":"UPGRADE_CARD","is_daily":false,"chose_seed":false,"campfire_upgraded":3,"win_rate":0.0,"timestamp":1609490673,"path_taken":["M","M","M","?","?","M","$","?","T","R","?","E","R","E","R","BOSS"],"items_purchased_type":[],"build_version":"2020-12-22","purchased_purges":1,"victory":false,"max_hp_per_floor":[70,70,70,70,70,70,70,70,70,70,65,65,65,65,65,65,65],"card_choices":[{"not_picked":["Eviscerate","Prepared"],"picked":"Blade Dance","floor":1},{"not_picked":["Blade Dance","Outmaneuver","Sucker Punch"],"picked":"SKIP","floor":2},{"not_picked":["Flying Knee","PiercingWail"],"picked":"Dash","floor":3},{"not_picked":["Blade Dance","Acrobatics"],"picked":"Quick Slash","floor":6},{"not_picked":["All Out Attack","Bane","Cloak And Dagger"],"picked":"SKIP","floor":8},{"not_picked":["Acrobatics","Quick Slash","Dagger Spray"],"picked":"SKIP","floor":12},{"not_picked":["Accuracy","Tools of the Trade"],"picked":"Calculated Gamble","floor":14}],"player_experience":750218,"relics_obtained":[{"floor":9,"key":"Akabeko"},{"floor":12,"key":"Juzu Bracelet"},{"floor":14,"key":"Regal Pillow"}],"event_choices":[{"cards_removed":["Strike_G"],"damage_healed":0,"gold_gain":0,"player_choice":"Card Removal","damage_taken":7,"max_hp_gain":0,"max_hp_loss":0,"event_name":"Golden Wing","floor":4,"gold_loss":0},{"damage_healed":0,"gold_gain":0,"cards_transformed":["Strike_G"],"player_choice":"Transformed","damage_taken":0,"max_hp_gain":0,"max_hp_loss":0,"event_name":"Transmorgrifier","floor":5,"gold_loss":0,"cards_obtained":["Wraith Form v2"]},{"damage_healed":0,"gold_gain":0,"player_choice":"Lose Max HP","damage_taken":0,"relics_obtained":["Golden Idol"],"max_hp_gain":0,"max_hp_loss":5,"event_name":"Golden Idol","floor":11,"gold_loss":0}],"is_beta":false,"boss_relics":[],"items_purged_floors":[7],"is_endless":false,"potions_floor_spawned":[2,3,14],"killed_by":"Hexaghost","ascension_level":12}}