{"host":"066y5nba5qw19k68","time":1609491240,"event":{"mods":["BaseMod","Colored Powertips","Downfall","Minty Spire (QoL Compilation)","Replay The Spire","Shop Mod","StSLib"],"gold_per_floor":[116,116,143,143,198,276,293,322,322,322,333,322,337,392,392,494,494,460,8,8,25,38,63,63,76,157,157,157],"floor_reached":27,"playtime":3289,"items_purged":["Amnesia"],"score":272,"play_id":"1ec03a71-186a-4eee-b9b2-a60454f8439f","local_time":"20210101165400","is_ascension_mode":false,"campfire_choices":[{"floor":10,"key":"REST"},{"floor":15,"key":"REST"},{"data":"Neutralize","floor":24,"key":"SMITH"}],"circlet_count":0,"master_deck":["Strike_G","Strike_G","Strike_G","Strike_G","Strike_G","Defend_G","Defend_G","Defend_G","Defend_G","Defend_G","Survivor+1","Neutralize+1","Escape Plan","Finisher","Infinite Blades","Outmaneuver","Doppelganger","Backstab","Quick Slash","Hidden Blade","Dagger Throw","After Image","Poisoned Stab","Noxious Fumes","Panache","Deflect+1","ReplayTheSpireMod:Shiv Toss+1","Bouncing Flask+1","Toxin Wave"],"relics":["Ring of the Snake","NeowsBlessing","ReplayTheSpireMod:Ring of Addiction","Potion Belt","Chameleon Ring","ReplayTheSpireMod:Ring of Challenge","Regal Pillow","Replay:Bottled Steam","Letter Opener","Juzu Bracelet","Honey Jar","Strawberry","Ninja Scroll","Eternal Feather"],"acts_visited":["Exordium","TheCity"],"potions_floor_usage":[6,8,14,16,22],"damage_taken":[{"damage":0,"enemies":"Small Slimes","floor":1,"turns":1},{"damage":0,"enemies":"Jaw Worm","floor":5,"turns":1},{"damage":0,"enemies":"Lagavulin","floor":6,"turns":1},{"damage":0,"enemies":"2 Louse","floor":7,"turns":5},{"damage":53,"enemies":"Gremlin Nob","floor":8,"turns":6},{"damage":0,"enemies":"2 Fungi Beasts","floor":11,"turns":4},{"damage":14,"enemies":"Exordium Thugs","floor":12,"turns":4},{"damage":5,"enemies":"3 Louse","floor":13,"turns":3},{"damage":0,"enemies":"2 Fungi Beasts","floor":14,"turns":2},{"damage":30,"enemies":"Fading Forest","floor":16,"turns":11},{"damage":22,"enemies":"2 Thieves","floor":18,"turns":5},{"damage":0,"enemies":"Spheric Guardian","floor":21,"turns":4},{"damage":19,"enemies":"Centurion and Healer","floor":22,"turns":6},{"damage":7,"enemies":"Gremlin Leader","floor":23,"turns":6},{"damage":28,"enemies":"Snake Plant","floor":25,"turns":4},{"damage":31,"enemies":"Cultist and Chosen","floor":27,"turns":4}],"seed_played":"8618097226923899231","potions_obtained":[{"floor":1,"key":"Dexterity Potion"},{"floor":2,"key":"Weak Potion"},{"floor":2,"key":"LiquidBronze"},{"floor":2,"key":"FearPotion"},{"floor":5,"key":"Fire Potion"},{"floor":6,"key":"Languid Potion"},{"floor":11,"key":"champ:CounterPotion"},{"floor":14,"key":"champ:CounterPotion"},{"floor":21,"key":"SteroidPotion"},{"floor":22,"key":"Explosive Potion"}],"is_trial":false,"path_per_floor":["M","?","T","?","M","E","M","E","T","R","M","M","M","M","R","B",null,"M","$","?","M","M","E","R","M","T","M"],"character_chosen":"THE_SILENT","items_purchased":["Noxious Fumes","Panache","Strawberry"],"campfire_rested":2,"item_purchase_floors":[19,19,19],"current_hp_per_floor":[70,70,70,70,70,68,68,15,15,50,50,36,31,31,65,35,66,44,51,71,71,52,45,45,17,17,0,0],"gold":157,"neow_bonus":"THREE_ENEMY_KILL","is_daily":false,"chose_seed":false,"campfire_upgraded":1,"win_rate":0.0,"timestamp":1609491240,"path_taken":["M","?","?","?","M","E","M","E","T","R","M","M","M","M","R","BOSS","M","$","?","M","M","E","R","M","T","M"],"items_purchased_type":["Card","Card","Relic"],"build_version":"2020-12-22","purchased_purges":1,"victory":false,"max_hp_per_floor":[70,70,70,70,70,68,68,68,68,68,68,66,66,66,66,66,66,66,73,71,71,71,71,71,71,69,69,69],"card_choices":[{"not_picked":["ReplayTheSpireMod:Exploit Weakness","Dash"],"picked":"Escape Plan","floor":1},{"not_picked":["Sucker Punch","Blade Dance"],"picked":"Finisher","floor":5},{"not_picked":["Heel Hook","Outmaneuver"],"picked":"Infinite Blades","floor":6},{"not_picked":["Dash","Dodge and Roll"],"picked":"Outmaneuver","floor":7},{"not_picked":["Sneak Up","Endless Agony"],"picked":"Doppelganger","floor":8},{"not_picked":["ReplayTheSpireMod:Scrap Shanks","Dagger Spray"],"picked":"Backstab","floor":11},{"not_picked":["ReplayTheSpireMod:The Works","Replay:Poison Smokescreen"],"picked":"Quick Slash","floor":12},{"not_picked":["Heel Hook","Infinite Blades"],"picked":"Hidden Blade","floor":13},{"not_picked":["Poisoned Stab","Dagger Spray"],"picked":"Dagger Throw","floor":14},{"not_picked":["ReplayTheSpireMod:Necrosis","Malaise"],"picked":"After Image","floor":16},{"not_picked":["Terror","Sucker Punch","Riddle With Holes+1"],"picked":"Poisoned Stab","floor":18},{"not_picked":["Riddle With Holes","Crippling Poison","Slice"],"picked":"Deflect+1","floor":21},{"not_picked":["Eviscerate","Predator","Slice"],"picked":"ReplayTheSpireMod:Shiv Toss+1","floor":22},{"not_picked":["Predator+1","Well Laid Plans","Flying Knee+1"],"picked":"Bouncing Flask+1","floor":23},{"not_picked":["Dagger Spray","Hidden Blade","ReplayTheSpireMod:Tripwire"],"picked":"Toxin Wave","floor":25}],"player_experience":13277,"relics_obtained":[{"floor":2,"key":"ReplayTheSpireMod:Ring of Addiction"},{"floor":2,"key":"Potion Belt"},{"floor":2,"key":"Chameleon Ring"},{"floor":2,"key":"ReplayTheSpireMod:Ring of Challenge"},{"floor":3,"key":"Regal Pillow"},{"floor":6,"key":"Replay:Bottled Steam"},{"floor":8,"key":"Letter Opener"},{"floor":9,"key":"Juzu Bracelet"},{"floor":23,"key":"Ninja Scroll"},{"floor":26,"key":"Eternal Feather"}],"event_choices":[{"damage_healed":0,"gold_gain":0,"player_choice":"Grow","damage_taken":0,"max_hp_gain":0,"max_hp_loss":0,"event_name":"Living Wall","floor":4,"gold_loss":0,"cards_upgraded":["Survivor"]},{"damage_healed":23,"gold_gain":0,"player_choice":"Heal","damage_taken":0,"max_hp_gain":0,"max_hp_loss":0,"event_name":"The Library","floor":20,"gold_loss":0}],"is_beta":false,"boss_relics":[{"not_picked":["Replay:Grab Bag","Ectoplasm"],"picked":"Honey Jar"}],"items_purged_floors":[19],"is_endless":false,"potions_floor_spawned":[1,5,6,11,14,21,22],"killed_by":"Cultist and Chosen","ascension_level":0}}