{"host":"xshq2rhao6qj608z","time":1609517723,"event":{"mods":["AchievementEnabler","BaseMod","BetterRewards","Block Reminder","Colored Powertips","Downfall","Energized Spire","Highlight Path","Infinite Spire","Minty Spire (QoL Compilation)","Quick Restart","Rare Cards Sparkle","Replay The Spire","StSLib","The Blue Laboratory","The Jungle"],"gold_per_floor":[114,114,114,74,88,105,130,130,156,185,203,234,234,249,249,354,354,367,367,367,385,385,385,385,415,415,415,441,441,469,488,488,488,488],"floor_reached":33,"playtime":1707,"items_purged":[],"score":369,"play_id":"c64a8eb8-2d43-4816-a927-a00fa0419e8b","local_time":"20210101191523","is_ascension_mode":true,"campfire_choices":[{"floor":15.0,"key":"REST"},{"data":"Buffer","floor":23.0,"key":"SMITH"},{"data":"Electrodynamics","floor":27.0,"key":"SMITH"},{"floor":29.0,"key":"REST"},{"floor":32.0,"key":"REST"}],"circlet_count":0,"master_deck":["Strike_B+1","Strike_B+1","Strike_B+1","Strike_B+1","Defend_B+1","Defend_B+1","Defend_B+1","Defend_B+1","Zap+1","Dualcast","Self Repair","Guardian:Aged","BasicCrystalCard","Buffer+1","Redo","Parasite","Ball Lightning","Beam Cell","Seek","Beam Cell","Electrodynamics+1","Beam Cell","Defragment+1","White Noise","Go for the Eyes"],"relics":["Cracked Core","NeowsBlessing","ReplayTheSpireMod:Ring of Addiction","Chameleon Ring","Potion Belt","Ring of Shattering","Simple Rune","infinitespire:Beetle Shell","Ginger","Art of War","energizedSpire:NeverEndingSparkler","Omamori","WarpedTongs","Bag of Marbles","infinitespire:EmpoweringShard","Girya","Cables"],"acts_visited":["Exordium","TheCity"],"potions_floor_usage":[33],"damage_taken":[{"damage":0.0,"enemies":"Small Slimes","floor":1.0,"turns":1.0},{"damage":0.0,"enemies":"2 Louse","floor":5.0,"turns":1.0},{"damage":0.0,"enemies":"Cultist","floor":6.0,"turns":1.0},{"damage":28.0,"enemies":"Lagavulin","floor":7.0,"turns":9.0},{"damage":14.0,"enemies":"Replay:BlueRogue","floor":10.0,"turns":7.0},{"damage":10.0,"enemies":"2 Fungi Beasts","floor":11.0,"turns":5.0},{"damage":10.0,"enemies":"Gremlin Nob","floor":12.0,"turns":4.0},{"damage":11.0,"enemies":"Looter","floor":14.0,"turns":2.0},{"damage":2.0,"enemies":"Slime Boss","floor":16.0,"turns":9.0},{"damage":0.0,"enemies":"Spheric Guardian","floor":18.0,"turns":2.0},{"damage":0.0,"enemies":"3 Byrds","floor":21.0,"turns":2.0},{"damage":19.0,"enemies":"Slavers","floor":25.0,"turns":4.0},{"damage":27.0,"enemies":"Replay:Snechameleon","floor":28.0,"turns":3.0},{"damage":23.0,"enemies":"Gremlin Leader","floor":30.0,"turns":5.0},{"damage":16.0,"enemies":"Sentry and Sphere","floor":31.0,"turns":4.0},{"damage":82,"enemies":"LordOfAnnihilation","floor":33,"turns":10}],"seed_played":"8330803822302370769","potions_obtained":[{"floor":3.0,"key":"blueLaboratory:FrostheartPotion"},{"floor":3.0,"key":"blueLaboratory:NullPotion"},{"floor":3.0,"key":"blueLaboratory:HorrorPotion"},{"floor":4.0,"key":"AttackPotion"},{"floor":4.0,"key":"EssenceOfSteel"},{"floor":4.0,"key":"blueLaboratory:NullPotion"},{"floor":6.0,"key":"Explosive Potion"},{"floor":11.0,"key":"FearPotion"},{"floor":14.0,"key":"SteroidPotion"},{"floor":16.0,"key":"blueLaboratory:CorrosionFlask"},{"floor":21.0,"key":"Weak Potion"},{"floor":25.0,"key":"PowerPotion"},{"floor":31.0,"key":"FearPotion"}],"is_trial":false,"path_per_floor":["M","?","?","?","M","M","E","?","T","E","M","E","?","M","R","B",null,"M","?","?","M","?","R","?","E","T","R","E","R","E","M","R","B"],"character_chosen":"DEFECT","items_purchased":[],"campfire_rested":3,"item_purchase_floors":[],"current_hp_per_floor":[75,75,75,75,75,75,52,70,70,63,60,57,42,38,59,57,71,71,71,71,71,71,71,71,57,57,57,37,57,41,32,52,0,0],"gold":488,"neow_bonus":"THREE_ENEMY_KILL","is_daily":false,"chose_seed":false,"campfire_upgraded":2,"win_rate":0.0,"timestamp":1609517723,"path_taken":["M","?","?","?","?","M","E","?","T","E","M","E","?","M","R","BOSS","M","?","?","M","?","R","?","E","T","R","E","R","E","M","R","BOSS"],"items_purchased_type":[],"build_version":"2020-12-22","purchased_purges":0,"victory":false,"max_hp_per_floor":[75,75,75,75,75,75,73,73,73,73,73,73,73,73,73,71,71,71,71,71,71,71,71,71,69,69,69,69,69,69,69,69,69,69],"card_choices":[{"not_picked":["Turbo","Coolheaded"],"picked":"Self Repair","floor":1.0},{"not_picked":["ReplayGash","Stack"],"picked":"BasicCrystalCard","floor":5.0},{"not_picked":["Heatsinks","Turbo"],"picked":"Buffer","floor":6.0},{"not_picked":["Cold Snap","Reinforced Body"],"picked":"Redo","floor":7.0},{"not_picked":["Sunder","Blizzard"],"picked":"Ball Lightning","floor":10.0},{"not_picked":["Scrape","Reinforced Body"],"picked":"Beam Cell","floor":11.0},{"not_picked":["Undo","Coolheaded"],"picked":"Seek","floor":12.0},{"not_picked":["Doom and Gloom","BasicCrystalCard"],"picked":"Beam Cell","floor":14.0},{"not_picked":["Fission","Machine Learning"],"picked":"Electrodynamics","floor":16.0},{"not_picked":["Compile Driver","Tempest+1","Stack"],"picked":"SKIP","floor":18.0},{"not_picked":["BasicCrystalCard","Ball Lightning"],"picked":"Beam Cell","floor":21.0},{"not_picked":["Tempest","Gash"],"picked":"Defragment+1","floor":25.0},{"not_picked":["Fusion","ReplayTheSpireMod:System Scan","Reboot"],"picked":"SKIP","floor":28.0},{"not_picked":["Reprogram","Stack"],"picked":"White Noise","floor":30.0},{"not_picked":["Reinforced Body","Blizzard"],"picked":"Go for the Eyes","floor":31.0}],"player_experience":221921,"relics_obtained":[{"floor":3.0,"key":"ReplayTheSpireMod:Ring of Addiction"},{"floor":3.0,"key":"Chameleon Ring"},{"floor":3.0,"key":"Potion Belt"},{"floor":3.0,"key":"Ring of Shattering"},{"floor":7.0,"key":"Simple Rune"},{"floor":9.0,"key":"infinitespire:Beetle Shell"},{"floor":10.0,"key":"Ginger"},{"floor":12.0,"key":"Art of War"},{"floor":25.0,"key":"Bag of Marbles"},{"floor":26.0,"key":"infinitespire:EmpoweringShard"},{"floor":28.0,"key":"Girya"},{"floor":30.0,"key":"Cables"}],"event_choices":[{"damage_healed":0.0,"max_hp_gain":0.0,"max_hp_loss":0.0,"gold_gain":0.0,"event_name":"Living Wall","player_choice":"Grow","floor":2.0,"gold_loss":0.0,"damage_taken":0.0,"cards_upgraded":["Zap"]},{"damage_healed":0.0,"max_hp_gain":0.0,"max_hp_loss":0.0,"gold_gain":0.0,"event_name":"The Woman in Blue","player_choice":"Bought 3 Potions","floor":4.0,"gold_loss":0.0,"damage_taken":0.0},{"damage_healed":18.0,"max_hp_gain":0.0,"max_hp_loss":0.0,"gold_gain":0.0,"event_name":"Mushrooms","player_choice":"Healed and dodged fight","floor":8.0,"gold_loss":0.0,"damage_taken":0.0,"cards_obtained":["Parasite"]},{"damage_healed":0.0,"max_hp_gain":0.0,"max_hp_loss":0.0,"gold_gain":0.0,"event_name":"Shining Light","player_choice":"Entered Light","floor":13.0,"gold_loss":0.0,"damage_taken":15.0,"cards_upgraded":["Defend_B","Strike_B"]},{"damage_healed":0.0,"max_hp_gain":0.0,"max_hp_loss":0.0,"gold_gain":0.0,"event_name":"Back to Basics","player_choice":"Simplicity","floor":20.0,"gold_loss":0.0,"damage_taken":0.0,"cards_upgraded":["Strike_B","Strike_B","Strike_B","Strike_B","Defend_B","Defend_B","Defend_B","Defend_B"]},{"damage_healed":0.0,"max_hp_gain":0.0,"max_hp_loss":0.0,"gold_gain":0.0,"event_name":"Accursed Blacksmith","player_choice":"Rummage","floor":24.0,"gold_loss":0.0,"damage_taken":0.0,"relics_obtained":["WarpedTongs"],"cards_obtained":["Pain"]}],"is_beta":false,"boss_relics":[{"not_picked":["Coffee Dripper","Velvet Choker"],"picked":"energizedSpire:NeverEndingSparkler"}],"items_purged_floors":[],"is_endless":false,"potions_floor_spawned":[6,11,14,16,21,25,31],"killed_by":"LordOfAnnihilation","ascension_level":3}}