{"host":"0cgp910o8339lr91","time":1609537969,"event":{"mods":["BaseMod","Colored Map","Filter the Spire","Minty Spire (QoL Compilation)","Relic Stats","Slay-I","ojb\u0027s Better Paths Mod","ojb\u0027s Info Mod"],"gold_per_floor":[109,22,38,52,64,97,97,130,130,147,147,174,193,37,37,114,114,126,126,143,68,82,82,113,113,113,146,46,96,96,126,126,197,197,207,260,279,279,295,322,322,338,363,378,406,417,432,461,461,461,461,461,461,68,98,98,98],"floor_reached":56,"playtime":7262,"items_purged":["Regret","Pain","Parasite"],"score":2834,"play_id":"1eef3e65-858b-495a-b94a-9029ef5c6d0c","local_time":"20210101225249","is_ascension_mode":true,"campfire_choices":[{"data":"Vault","floor":7.0,"key":"SMITH"},{"data":"CrushJoints","floor":11.0,"key":"SMITH"},{"data":"1","floor":15.0,"key":"LIFT"},{"data":"2","floor":23.0,"key":"LIFT"},{"data":"3","floor":30.0,"key":"LIFT"},{"data":"Vault","floor":32.0,"key":"SMITH"},{"floor":41,"key":"RECALL"},{"data":"Meditate","floor":49,"key":"SMITH"},{"floor":53,"key":"REST"}],"circlet_count":0,"master_deck":["AscendersBane","Strike_P","Strike_P","Strike_P","Strike_P","Defend_P","Defend_P","Defend_P+1","Defend_P","Eruption","Vigilance","CutThroughFate","Adaptation","Meditate+1","CutThroughFate","SandsOfTime+1","Vault+1","CrushJoints+1","Vault+1","Fasting2+1","Omniscience","Protect+1","Ghostly","Ghostly","Ghostly","WheelKick","Vault+1","Collect+1","SandsOfTime+1"],"relics":["Cursed Key","Orichalcum","Frozen Egg 2","Bird Faced Urn","Girya","Philosopher\u0027s Stone","CloakClasp","Dream Catcher","Gremlin Horn","Boot","Ancient Tea Set","Snecko Eye","FossilizedHelix","Bronze Scales","StrikeDummy","Bag of Marbles","HornCleat","War Paint"],"acts_visited":["Exordium","TheCity","TheBeyond","TheEnding"],"potions_floor_usage":[56,56],"damage_taken":[{"damage":7.0,"enemies":"2 Louse","floor":1.0,"turns":2.0},{"damage":5.0,"enemies":"Small Slimes","floor":3.0,"turns":3.0},{"damage":2.0,"enemies":"Jaw Worm","floor":4.0,"turns":3.0},{"damage":2.0,"enemies":"3 Louse","floor":5.0,"turns":2.0},{"damage":0.0,"enemies":"Lagavulin","floor":6.0,"turns":4.0},{"damage":8.0,"enemies":"3 Sentries","floor":8.0,"turns":6.0},{"damage":6.0,"enemies":"Blue Slaver","floor":10.0,"turns":3.0},{"damage":7.0,"enemies":"Lagavulin","floor":12.0,"turns":4.0},{"damage":7.0,"enemies":"Exordium Thugs","floor":13.0,"turns":2.0},{"damage":0.0,"enemies":"The Guardian","floor":16.0,"turns":14.0},{"damage":5.0,"enemies":"Shell Parasite","floor":18.0,"turns":4.0},{"damage":0.0,"enemies":"2 Thieves","floor":20.0,"turns":2.0},{"damage":0.0,"enemies":"Cultist and Chosen","floor":22.0,"turns":5.0},{"damage":4.0,"enemies":"Book of Stabbing","floor":24.0,"turns":5.0},{"damage":4.0,"enemies":"Gremlin Leader","floor":27.0,"turns":6.0},{"damage":0.0,"enemies":"Slavers","floor":31.0,"turns":3.0},{"damage":16.0,"enemies":"Collector","floor":33.0,"turns":9.0},{"damage":0,"enemies":"3 Shapes","floor":35,"turns":6},{"damage":0,"enemies":"2 Orb Walkers","floor":36,"turns":5},{"damage":0,"enemies":"Orb Walker","floor":37,"turns":2},{"damage":0,"enemies":"Sphere and 2 Shapes","floor":39,"turns":5},{"damage":0,"enemies":"Reptomancer","floor":40,"turns":4},{"damage":0,"enemies":"Jaw Worm Horde","floor":42,"turns":5},{"damage":0,"enemies":"Writhing Mass","floor":44,"turns":4},{"damage":0,"enemies":"Nemesis","floor":45,"turns":3},{"damage":0,"enemies":"Transient","floor":46,"turns":8},{"damage":0,"enemies":"4 Shapes","floor":47,"turns":4},{"damage":0,"enemies":"Reptomancer","floor":48,"turns":4},{"damage":0,"enemies":"Donu and Deca","floor":50,"turns":7},{"damage":0,"enemies":"Time Eater","floor":51,"turns":5},{"damage":0,"enemies":"Shield and Spear","floor":55,"turns":7},{"damage":57,"enemies":"The Heart","floor":56,"turns":9}],"seed_played":"-8259588448020272726","potions_obtained":[{"floor":5.0,"key":"Fire Potion"},{"floor":6.0,"key":"SkillPotion"},{"floor":10.0,"key":"BottledMiracle"},{"floor":12.0,"key":"AttackPotion"},{"floor":13.0,"key":"Block Potion"},{"floor":20.0,"key":"GamblersBrew"},{"floor":24.0,"key":"Block Potion"},{"floor":31.0,"key":"PowerPotion"},{"floor":39,"key":"Swift Potion"}],"is_trial":false,"path_per_floor":["M","$","M","M","M","E","R","E","T","M","R","E","M","$","R","B",null,"M","?","M","?","M","R","E","?","T","E","$","?","R","E","R","B",null,"M","?","M","?","M","E","R","M","T","M","E","M","M","E","R","B","B",null,"R","$","E","B"],"character_chosen":"WATCHER","items_purchased":["Adaptation","Fasting2+1","HornCleat"],"campfire_rested":1,"item_purchase_floors":[2,14,54],"current_hp_per_floor":[54,54,49,47,45,45,45,37,37,31,31,26,19,19,19,23,57,56,56,56,56,60,60,60,34,34,33,33,33,33,34,34,18,30,34,34,34,34,34,34,34,34,34,34,34,34,34,34,34,34,34,34,34,31,31,0,0],"gold":98,"neow_bonus":"BOSS_RELIC","is_daily":false,"chose_seed":false,"campfire_upgraded":4,"win_rate":0.0,"timestamp":1609537969,"path_taken":["M","$","M","M","M","E","R","E","T","M","R","E","M","$","R","BOSS","M","?","M","?","M","R","E","?","T","E","?","?","R","E","R","BOSS","M","?","M","?","M","E","R","M","T","?","E","M","M","E","R","BOSS","BOSS","R","$","E","BOSS"],"items_purchased_type":["Card","Card","Relic"],"build_version":"2020-12-22","purchased_purges":3,"victory":false,"max_hp_per_floor":[68,68,68,68,68,68,68,68,68,68,68,68,68,68,68,68,68,68,68,68,68,68,68,68,34,34,34,34,34,34,34,34,34,34,34,34,34,34,34,34,34,34,34,34,34,34,34,34,34,34,34,34,34,31,31,31,31],"relic_stats":{"Dream Catcher":1,"Gremlin Horn":[19,20],"counters":[32,155],"Bird Faced Urn":[26],"Bronze Scales":[188],"Snecko Eye":[136,144,128,149],"CloakClasp":[480],"Orichalcum":[444],"War Paint":["Defend_P","Vault"],"Cursed Key":3,"Boot":[0],"obtain_stats":[{"Girya":12,"Gremlin Horn":26,"CloakClasp":19,"Orichalcum":6,"Frozen Egg 2":8,"War Paint":55,"Cursed Key":0,"Boot":27,"Ancient Tea Set":31,"Dream Catcher":24,"HornCleat":54,"Bird Faced Urn":9,"Bronze Scales":40,"Snecko Eye":34,"Philosopher\u0027s Stone":17,"Bag of Marbles":48,"PureWater":0,"StrikeDummy":45,"FossilizedHelix":36},{"Girya":8,"Gremlin Horn":14,"CloakClasp":11,"Orichalcum":5,"Frozen Egg 2":6,"War Paint":31,"Cursed Key":0,"Boot":15,"Ancient Tea Set":16,"Dream Catcher":14,"HornCleat":30,"Bird Faced Urn":6,"Bronze Scales":22,"Snecko Eye":17,"Philosopher\u0027s Stone":10,"Bag of Marbles":28,"PureWater":0,"StrikeDummy":25,"FossilizedHelix":19},{"Girya":27,"Gremlin Horn":59,"CloakClasp":47,"Orichalcum":14,"Frozen Egg 2":20,"War Paint":146,"Cursed Key":0,"Boot":65,"Ancient Tea Set":68,"Dream Catcher":59,"HornCleat":139,"Bird Faced Urn":20,"Bronze Scales":99,"Snecko Eye":77,"Philosopher\u0027s Stone":43,"Bag of Marbles":127,"PureWater":0,"StrikeDummy":111,"FossilizedHelix":88}]},"card_choices":[{"not_picked":["WindmillStrike","Wireheading"],"picked":"CutThroughFate","floor":1.0},{"not_picked":["Nirvana","Swivel"],"picked":"Meditate","floor":3.0},{"not_picked":["Study","Fasting2"],"picked":"CutThroughFate","floor":4.0},{"not_picked":["PathToVictory","FollowUp"],"picked":"SandsOfTime","floor":5.0},{"not_picked":["Perseverance","Tantrum"],"picked":"Vault","floor":6.0},{"not_picked":["FlyingSleeves","Swivel"],"picked":"CrushJoints","floor":8.0},{"not_picked":["Consecrate","SashWhip","CrushJoints"],"picked":"SKIP","floor":10.0},{"not_picked":["WindmillStrike","ClearTheMind"],"picked":"Vault","floor":12.0},{"not_picked":["Indignation","Prostrate","FlyingSleeves"],"picked":"SKIP","floor":13.0},{"not_picked":["ConjureBlade","Ragnarok"],"picked":"Omniscience","floor":16.0},{"not_picked":["CutThroughFate","ThirdEye","CrushJoints"],"picked":"SKIP","floor":18.0},{"not_picked":["BowlingBash","ReachHeaven","Consecrate"],"picked":"SKIP","floor":20.0},{"not_picked":["BowlingBash","ReachHeaven","Consecrate"],"picked":"SKIP","floor":20.0},{"not_picked":["Consecrate","Crescendo"],"picked":"Protect+1","floor":22.0},{"not_picked":["ConjureBlade","WreathOfFlame","Indignation"],"picked":"SKIP","floor":24.0},{"not_picked":["WaveOfTheHand","Swivel"],"picked":"WheelKick","floor":27.0},{"not_picked":["Collect","Halt","CrushJoints"],"picked":"SKIP","floor":31.0},{"not_picked":["DevaForm+1","Alpha"],"picked":"Vault","floor":33.0},{"not_picked":["Crescendo+1","FollowUp","FlurryOfBlows"],"picked":"SKIP","floor":35},{"not_picked":["Crescendo+1","FollowUp","FlurryOfBlows"],"picked":"SKIP","floor":35},{"not_picked":["FlyingSleeves+1","Halt"],"picked":"Collect+1","floor":36},{"not_picked":["Indignation","Protect","CarveReality"],"picked":"SKIP","floor":37},{"not_picked":["EmptyFist","Evaluate+1","Fasting2+1"],"picked":"SKIP","floor":39},{"not_picked":["Swivel","SignatureMove"],"picked":"SandsOfTime+1","floor":40},{"not_picked":["SashWhip","Collect","PathToVictory"],"picked":"SKIP","floor":42},{"not_picked":["Collect","Consecrate","Perseverance"],"picked":"SKIP","floor":44},{"not_picked":["ConjureBlade","Sanctity","Crescendo"],"picked":"SKIP","floor":45},{"not_picked":["ClearTheMind","Weave","Consecrate"],"picked":"SKIP","floor":46},{"not_picked":["ClearTheMind","Conclude","ThirdEye+1"],"picked":"SKIP","floor":47},{"not_picked":["WreathOfFlame","Wireheading+1","Vengeance"],"picked":"SKIP","floor":48},{"not_picked":["EmptyFist+1","Protect","PathToVictory+1"],"picked":"SKIP","floor":55}],"player_experience":1325432,"relics_obtained":[{"floor":6.0,"key":"Orichalcum"},{"floor":8.0,"key":"Frozen Egg 2"},{"floor":9.0,"key":"Bird Faced Urn"},{"floor":12.0,"key":"Girya"},{"floor":24.0,"key":"Dream Catcher"},{"floor":26.0,"key":"Gremlin Horn"},{"floor":27.0,"key":"Boot"},{"floor":31.0,"key":"Ancient Tea Set"},{"floor":36,"key":"FossilizedHelix"},{"floor":40,"key":"Bronze Scales"},{"floor":45,"key":"StrikeDummy"},{"floor":48,"key":"Bag of Marbles"},{"floor":55,"key":"War Paint"}],"event_choices":[{"damage_healed":0.0,"max_hp_gain":0.0,"max_hp_loss":0.0,"gold_gain":0.0,"event_name":"The Mausoleum","player_choice":"Opened","floor":19.0,"gold_loss":0.0,"damage_taken":0.0,"relics_obtained":["CloakClasp"],"cards_obtained":["Writhe"]},{"cards_removed":["Writhe"],"damage_healed":0.0,"max_hp_gain":0.0,"max_hp_loss":0.0,"gold_gain":0.0,"event_name":"Beggar","player_choice":"Gave Gold","floor":21.0,"gold_loss":75.0,"damage_taken":0.0},{"damage_healed":0.0,"max_hp_gain":0.0,"max_hp_loss":34.0,"gold_gain":0.0,"event_name":"Ghosts","player_choice":"Became a Ghost","floor":25.0,"gold_loss":0.0,"damage_taken":0.0,"cards_obtained":["Ghostly","Ghostly","Ghostly"]},{"damage_healed":0.0,"max_hp_gain":0.0,"max_hp_loss":0.0,"gold_gain":50.0,"event_name":"Nest","player_choice":"Stole From Cult","floor":29.0,"gold_loss":0.0,"damage_taken":0.0},{"damage_healed":0,"gold_gain":0,"player_choice":"Fight","damage_taken":0,"max_hp_gain":0,"max_hp_loss":0,"event_name":"Mysterious Sphere","floor":36,"gold_loss":0},{"damage_healed":0,"gold_gain":0,"player_choice":"Forge","damage_taken":0,"max_hp_gain":0,"max_hp_loss":0,"event_name":"Accursed Blacksmith","floor":38,"gold_loss":0,"cards_upgraded":["SandsOfTime"]}],"is_beta":false,"boss_relics":[{"not_picked":["Tiny House","SlaversCollar"],"picked":"Philosopher\u0027s Stone"},{"not_picked":["VioletLotus","Coffee Dripper"],"picked":"Snecko Eye"}],"items_purged_floors":[14,28,54],"is_endless":false,"potions_floor_spawned":[5,6,10,12,13,20,24,27,31,39,40,42,44,45],"killed_by":"The Heart","ascension_level":20}}