{"host":"ky7z67tg8zpdk0g7","time":1609510820,"event":{"mods":["BaseMod","Better Third Choice","CapriCore","Displayed Cursed Tome","Energized Spire","Halation","Hubris","Minty Spire (QoL Compilation)","Replay The Spire","Shop Mod","StSLib"],"gold_per_floor":[110,75,250,270,345,372,372,372,396,396,423,434,450,26,26,26,26],"floor_reached":16,"playtime":487,"items_purged":["Doubt"],"score":146,"play_id":"ef664b6b-a7e8-4377-ad8c-47c56023ee52","local_time":"20210101212020","is_ascension_mode":true,"campfire_choices":[{"data":"Life Link","floor":7,"key":"SMITH"},{"data":"Bash","floor":10,"key":"SMITH"},{"data":"Double Tap","floor":15,"key":"SMITH"}],"circlet_count":0,"master_deck":["Strike_R","Strike_R","Strike_R","Strike_R","Defend_R","Defend_R","Defend_R","Defend_R","Bash+1","hubris:CleavingFinish","Ghostly Armor","Life Link+1","Flex","Double Tap+1","ReplayTheSpireMod:Stacked"],"relics":["Burning Blood","Bottled Lightning","Pen Nib","hubris:OldNail","halation:Jellyphish","Replay:Wax Seal","Juzu Bracelet","Sozu"],"acts_visited":["Exordium"],"potions_floor_usage":[16],"damage_taken":[{"damage":8,"enemies":"Jaw Worm","floor":1,"turns":4},{"damage":5,"enemies":"Small Slimes","floor":4,"turns":3},{"damage":41,"enemies":"Replay:BlueRogue","floor":6,"turns":8},{"damage":30,"enemies":"3 Sentries","floor":11,"turns":12},{"damage":0,"enemies":"Cultist","floor":12,"turns":3},{"damage":42,"enemies":"Exordium Thugs","floor":13,"turns":6},{"damage":34,"enemies":"Fading Forest","floor":16,"turns":7}],"seed_played":"4113214558257103014","potions_obtained":[{"floor":4,"key":"SmokeBomb"},{"floor":11,"key":"Cursed Concoction"}],"is_trial":false,"path_per_floor":["M","$","?","M","?","E","R","?","T","R","E","M","M","$","R","B"],"character_chosen":"IRONCLAD","items_purchased":["Life Link","halation:Jellyphish","Replay:Wax Seal","Juzu Bracelet"],"campfire_rested":0,"item_purchase_floors":[2,14,14,14],"current_hp_per_floor":[70,70,70,71,60,25,25,80,80,80,56,62,26,26,26,0,0],"gold":26,"neow_bonus":"TRANSFORM_CARD","is_daily":false,"chose_seed":false,"campfire_upgraded":3,"win_rate":0.0,"timestamp":1609510820,"path_taken":["M","$","?","M","?","E","R","?","T","R","E","?","M","?","R","BOSS"],"items_purchased_type":["Card","Relic","Relic","Relic"],"build_version":"2020-12-22","purchased_purges":1,"victory":false,"max_hp_per_floor":[80,80,80,80,80,80,80,80,80,80,80,80,80,80,80,80,80],"card_choices":[{"not_picked":["Perfected Strike","hubris:SharpeningStone"],"picked":"Ghostly Armor","floor":1},{"not_picked":["Rage","Feel No Pain"],"picked":"Flex","floor":4},{"not_picked":["Second Wind","Iron Wave"],"picked":"Carnage","floor":6},{"not_picked":["Pommel Strike","Heavy Blade"],"picked":"Double Tap","floor":11},{"not_picked":["Second Wind","Thunderclap"],"picked":"ReplayTheSpireMod:Stacked","floor":12},{"not_picked":["Clash","Perfected Strike","Thunderclap"],"picked":"SKIP","floor":13}],"player_experience":61630,"relics_obtained":[{"floor":6,"key":"Bottled Lightning"},{"floor":9,"key":"Pen Nib"},{"floor":11,"key":"hubris:OldNail"}],"event_choices":[{"damage_healed":0,"gold_gain":175,"player_choice":"AGREE","damage_taken":75,"max_hp_gain":0,"max_hp_loss":0,"event_name":"betterThird:BetterSerpent","floor":3,"gold_loss":0},{"damage_healed":0,"gold_gain":75,"player_choice":"Gold","damage_taken":11,"max_hp_gain":0,"max_hp_loss":0,"event_name":"betterThird:BetterGoop","floor":5,"gold_loss":0},{"cards_removed":["Carnage"],"damage_healed":55,"gold_gain":0,"player_choice":"Offered Uncommon","damage_taken":0,"max_hp_gain":0,"max_hp_loss":0,"event_name":"Bonfire Elementals","floor":8,"gold_loss":0}],"is_beta":false,"boss_relics":[],"items_purged_floors":[14],"is_endless":false,"potions_floor_spawned":[4,11],"killed_by":"Fading Forest","ascension_level":7}}