{"host":"jksa5rawk3m4gilz","time":1609500958,"event":{"mods":["BaseMod","Colored Map","Highlight Path","Minty Spire (QoL Compilation)","Quick Restart"],"gold_per_floor":[112,187,204,204,131,131,158,158,181,214,214,230,230,230,230,304,304,324,274,285,285,300,327,327,327,327,327,327],"floor_reached":27,"playtime":1067,"items_purged":[],"score":445,"play_id":"4a767264-9af4-4c5d-bcbd-b22da0b89a5e","local_time":"20210101123558","is_ascension_mode":true,"campfire_choices":[{"data":"Self Repair","floor":6,"key":"SMITH"},{"data":"Defragment","floor":8,"key":"SMITH"},{"data":"Loop","floor":13,"key":"SMITH"},{"data":"Reinforced Body","floor":15,"key":"SMITH"},{"data":"Barrage","floor":25,"key":"SMITH"}],"circlet_count":0,"master_deck":["AscendersBane","Strike_B","Strike_B","Strike_B","Defend_B","Defend_B","Defend_B","Defend_B","Zap","Dualcast","Barrage+1","Reinforced Body+1","Undo","Self Repair+1","Defragment+1","Loop+1","Biased Cognition","Double Energy","Self Repair","Doom and Gloom"],"relics":["FrozenCore","NeowsBlessing","Happy Flower","Ancient Tea Set","Art of War","Lantern","Symbiotic Virus","Gremlin Horn"],"acts_visited":["Exordium","TheCity"],"potions_floor_usage":[16,20,27],"damage_taken":[{"damage":0,"enemies":"2 Louse","floor":1,"turns":1},{"damage":0,"enemies":"Small Slimes","floor":3,"turns":1},{"damage":0,"enemies":"Gremlin Nob","floor":7,"turns":1},{"damage":16,"enemies":"Lagavulin","floor":10,"turns":9},{"damage":1,"enemies":"Jaw Worm","floor":12,"turns":5},{"damage":32,"enemies":"Slime Boss","floor":16,"turns":11},{"damage":7,"enemies":"Spheric Guardian","floor":18,"turns":10},{"damage":15,"enemies":"3 Byrds","floor":20,"turns":7},{"damage":20,"enemies":"Shelled Parasite and Fungi","floor":22,"turns":5},{"damage":27,"enemies":"Book of Stabbing","floor":23,"turns":11},{"damage":50,"enemies":"Gremlin Leader","floor":27,"turns":7}],"seed_played":"422275633975354547","potions_obtained":[{"floor":1,"key":"Ancient Potion"},{"floor":7,"key":"LiquidMemories"},{"floor":12,"key":"Explosive Potion"},{"floor":18,"key":"PowerPotion"},{"floor":22,"key":"Explosive Potion"}],"is_trial":false,"path_per_floor":["M","?","M","?","$","R","E","R","T","E","T","M","R","?","R","B",null,"M","?","M","?","M","E","?","R","T","E"],"character_chosen":"DEFECT","items_purchased":["Self Repair"],"campfire_rested":0,"item_purchase_floors":[5],"current_hp_per_floor":[64,53,53,53,53,53,53,53,53,47,47,56,56,53,53,31,61,64,64,59,59,49,39,39,39,39,0,0],"gold":327,"neow_bonus":"THREE_ENEMY_KILL","is_daily":false,"chose_seed":false,"campfire_upgraded":5,"win_rate":0.0,"timestamp":1609500958,"path_taken":["M","?","M","?","$","R","E","R","T","E","?","M","R","?","R","BOSS","M","?","?","?","M","E","?","R","T","E"],"items_purchased_type":["Card"],"build_version":"2020-12-22","purchased_purges":0,"victory":false,"max_hp_per_floor":[71,71,71,71,71,71,71,71,71,71,71,71,71,71,71,71,71,71,71,71,71,71,71,71,71,71,71,71],"card_choices":[{"not_picked":["Blizzard","Rebound"],"picked":"Barrage","floor":1},{"not_picked":["Rebound","Barrage"],"picked":"Reinforced Body","floor":3},{"not_picked":["Double Energy","Sweeping Beam"],"picked":"Defragment","floor":7},{"not_picked":["Rebound","Redo"],"picked":"Loop","floor":10},{"not_picked":["Rebound","Sweeping Beam","Coolheaded"],"picked":"SKIP","floor":12},{"not_picked":["All For One","Machine Learning"],"picked":"Biased Cognition","floor":16},{"not_picked":["Stack","Turbo"],"picked":"Double Energy","floor":18},{"not_picked":["Gash","Stack"],"picked":"Self Repair","floor":20},{"not_picked":["Beam Cell","Steam","Steam Power"],"picked":"SKIP","floor":22},{"not_picked":["Ball Lightning","Doom and Gloom","Leap"],"picked":"SKIP","floor":23}],"player_experience":2104022,"relics_obtained":[{"floor":7,"key":"Happy Flower"},{"floor":10,"key":"Ancient Tea Set"},{"floor":11,"key":"Art of War"},{"floor":23,"key":"Symbiotic Virus"},{"floor":26,"key":"Gremlin Horn"}],"event_choices":[{"damage_healed":0,"gold_gain":75,"player_choice":"Gather Gold","damage_taken":11,"max_hp_gain":0,"max_hp_loss":0,"event_name":"World of Goop","floor":2,"gold_loss":0},{"damage_healed":0,"gold_gain":0,"cards_transformed":["Strike_B"],"player_choice":"Change","damage_taken":0,"max_hp_gain":0,"max_hp_loss":0,"event_name":"Living Wall","floor":4,"gold_loss":0,"cards_obtained":["Undo"]},{"damage_healed":0,"gold_gain":0,"player_choice":"Success","damage_taken":3,"relics_obtained":["Lantern"],"max_hp_gain":0,"max_hp_loss":0,"event_name":"Scrap Ooze","floor":14,"gold_loss":0},{"damage_healed":0,"gold_gain":0,"player_choice":"Bet on Murderer","damage_taken":0,"max_hp_gain":0,"max_hp_loss":0,"event_name":"The Joust","floor":19,"gold_loss":50},{"damage_healed":0,"gold_gain":0,"player_choice":"Read","damage_taken":0,"max_hp_gain":0,"max_hp_loss":0,"event_name":"The Library","floor":21,"gold_loss":0,"cards_obtained":["Doom and Gloom"]},{"damage_healed":0,"gold_gain":0,"player_choice":"Ignored","damage_taken":0,"max_hp_gain":0,"max_hp_loss":0,"event_name":"Ghosts","floor":24,"gold_loss":0}],"is_beta":false,"boss_relics":[{"not_picked":["Runic Dome","Snecko Eye"],"picked":"FrozenCore"}],"items_purged_floors":[],"is_endless":false,"potions_floor_spawned":[1,7,12,18,22],"killed_by":"Gremlin Leader","ascension_level":14}}