{"host":"2se5dq1do2gp0x9k","time":1609462046,"event":{"mods":["BaseMod","Block Reminder","Colored Map","Colored Powertips","Minty Spire (QoL Compilation)","Relic Stats","StSLib","SuperFastMode","Synergy Search"],"gold_per_floor":[119,133,151,251,264,264,294,314,382,382,402,183,216,236,236,335,335,350,395,261,261,261,288,288,319,399,414,414,221,221,146,146,249,249,260,335,335,59,78,132,132,82,107,133,233,258,276,276,276,276],"floor_reached":51,"playtime":3387,"items_purged":["Strike_P","Strike_P","Strike_P+1","Defend_P+1"],"score":856,"play_id":"8c7b48a2-c2ae-484c-89a4-522a86504bd3","local_time":"20201231164726","is_ascension_mode":false,"campfire_choices":[{"data":"Worship","floor":6.0,"key":"SMITH"},{"data":"Eruption","floor":10.0,"key":"SMITH"},{"data":"Wallop","floor":15.0,"key":"SMITH"},{"data":"Vault","floor":24.0,"key":"SMITH"},{"floor":28.0,"key":"REST"},{"data":"Scrawl","floor":30.0,"key":"SMITH"},{"data":"Worship","floor":32.0,"key":"SMITH"},{"floor":41,"key":"REST"},{"floor":49,"key":"REST"}],"circlet_count":0,"master_deck":["Defend_P+1","Defend_P+1","Defend_P+1","Eruption+1","Vigilance","Worship+1","BowlingBash","Wallop+1","ReachHeaven","Wish","ReachHeaven","ReachHeaven","ThirdEye","TalkToTheHand+1","Vault+1","Swivel+1","Wireheading","RitualDagger","Nirvana","CutThroughFate+1","EmptyBody","Worship+1","ThirdEye+1","ClearTheMind+1","Scrawl+1","MasterReality","ThirdEye","FearNoEvil","Decay","Nirvana+1","CutThroughFate+1","TalkToTheHand"],"relics":["HolyWater","NeowsBlessing","Oddly Smooth Stone","Kunai","Damaru","GoldenEye","Philosopher\u0027s Stone","Dream Catcher","Boot","Pantograph","Orrery","Mango","Whetstone","Smiling Mask","Regal Pillow","Peace Pipe"],"acts_visited":["Exordium","TheCity","TheBeyond"],"potions_floor_usage":[39,39,39,46,50,50],"damage_taken":[{"damage":0.0,"enemies":"Cultist","floor":1.0,"turns":1.0},{"damage":0.0,"enemies":"Small Slimes","floor":2.0,"turns":1.0},{"damage":0.0,"enemies":"Jaw Worm","floor":3.0,"turns":1.0},{"damage":13.0,"enemies":"Large Slime","floor":5.0,"turns":7.0},{"damage":5.0,"enemies":"Lagavulin","floor":7.0,"turns":5.0},{"damage":0.0,"enemies":"2 Fungi Beasts","floor":8.0,"turns":2.0},{"damage":0.0,"enemies":"Exordium Wildlife","floor":11.0,"turns":3.0},{"damage":14.0,"enemies":"Gremlin Nob","floor":13.0,"turns":3.0},{"damage":3.0,"enemies":"Gremlin Gang","floor":14.0,"turns":4.0},{"damage":0.0,"enemies":"Slime Boss","floor":16.0,"turns":4.0},{"damage":0.0,"enemies":"Spheric Guardian","floor":18.0,"turns":3.0},{"damage":0.0,"enemies":"Chosen","floor":19.0,"turns":4.0},{"damage":4.0,"enemies":"Book of Stabbing","floor":23.0,"turns":5.0},{"damage":30.0,"enemies":"Slavers","floor":25.0,"turns":5.0},{"damage":13.0,"enemies":"Snake Plant","floor":27.0,"turns":4.0},{"damage":21.0,"enemies":"Champ","floor":33.0,"turns":8.0},{"damage":16.0,"enemies":"3 Shapes","floor":35.0,"turns":3.0},{"damage":4.0,"enemies":"Mind Bloom Boss Battle","floor":36.0,"turns":8.0},{"damage":22,"enemies":"3 Darklings","floor":39,"turns":6},{"damage":26,"enemies":"Reptomancer","floor":40,"turns":7},{"damage":2,"enemies":"Giant Head","floor":44,"turns":9},{"damage":6,"enemies":"Nemesis","floor":46,"turns":7},{"damage":7,"enemies":"Transient","floor":47,"turns":6},{"damage":64,"enemies":"Donu and Deca","floor":50,"turns":11}],"seed_played":"2549707029889843538","potions_obtained":[{"floor":7.0,"key":"BlessingOfTheForge"},{"floor":8.0,"key":"Weak Potion"},{"floor":11.0,"key":"EntropicBrew"},{"floor":13.0,"key":"SpeedPotion"},{"floor":27.0,"key":"Strength Potion"},{"floor":36.0,"key":"BottledMiracle"},{"floor":44,"key":"SteroidPotion"},{"floor":47,"key":"Ambrosia"}],"is_trial":false,"path_per_floor":["M","M","M","?","M","R","E","M","T","R","M","$","E","M","R","B",null,"M","M","$","?","?","E","R","E","T","M","R","$","R","?","R","B",null,"M","?","?","$","M","E","R","$","T","E","?","E","M","?","R","B",null],"character_chosen":"WATCHER","items_purchased":["Damaru","Wireheading","Worship","Orrery","Whetstone"],"campfire_rested":3,"item_purchase_floors":[12,20,29,29,38],"current_hp_per_floor":[72,72,72,72,59,59,54,54,54,54,54,54,40,37,37,37,72,72,72,72,72,66,62,62,32,32,19,40,40,40,40,40,44,72,56,82,82,82,60,34,59,59,59,57,57,51,44,44,84,22],"gold":276,"neow_bonus":"THREE_ENEMY_KILL","is_daily":false,"chose_seed":false,"campfire_upgraded":6,"win_rate":0.0,"timestamp":1609462046,"path_taken":["M","?","M","?","M","R","E","?","T","R","M","$","E","M","R","BOSS","M","M","$","?","?","E","R","E","T","M","R","$","R","?","R","BOSS","M","?","?","$","?","E","R","?","T","E","?","E","?","?","R","BOSS"],"items_purchased_type":["Relic","Card","Card","Relic","Relic"],"build_version":"2020-12-22","purchased_purges":4,"victory":true,"max_hp_per_floor":[72,72,72,72,72,72,72,72,72,72,72,72,72,72,72,72,72,72,72,72,72,72,72,72,72,72,72,72,72,72,72,72,72,72,72,86,86,86,86,86,86,86,86,86,86,86,86,86,86,86],"relic_stats":{"Peace Pipe":0,"Dream Catcher":3,"Regal Pillow":15,"counters":[24,117],"Pantograph":43,"Kunai":[28],"Whetstone":["TalkToTheHand","CutThroughFate"],"GoldenEye":[169],"Boot":[44],"Smiling Mask":100,"obtain_stats":[{"Regal Pillow":44,"NeowsBlessing":0,"Oddly Smooth Stone":7,"Damaru":12,"Mango":36,"Whetstone":38,"GoldenEye":13,"Boot":25,"Smiling Mask":40,"Peace Pipe":46,"Dream Catcher":23,"Pantograph":26,"Orrery":29,"HolyWater":34,"Philosopher\u0027s Stone":17,"Kunai":9,"PureWater":0},{"Regal Pillow":21,"NeowsBlessing":0,"Oddly Smooth Stone":5,"Damaru":7,"Mango":18,"Whetstone":18,"GoldenEye":8,"Boot":14,"Smiling Mask":20,"Peace Pipe":22,"Dream Catcher":13,"Pantograph":14,"Orrery":15,"HolyWater":16,"Philosopher\u0027s Stone":10,"Kunai":6,"PureWater":0},{"Regal Pillow":93,"NeowsBlessing":0,"Oddly Smooth Stone":15,"Damaru":20,"Mango":71,"Whetstone":71,"GoldenEye":23,"Boot":48,"Smiling Mask":84,"Peace Pipe":100,"Dream Catcher":43,"Pantograph":48,"Orrery":52,"HolyWater":60,"Philosopher\u0027s Stone":31,"Kunai":17,"PureWater":0}]},"card_choices":[{"not_picked":["FlurryOfBlows","ClearTheMind"],"picked":"Worship","floor":1.0},{"not_picked":["Adaptation","Perseverance"],"picked":"BowlingBash","floor":2.0},{"not_picked":["FollowUp","ReachHeaven"],"picked":"Wallop","floor":3.0},{"not_picked":["Consecrate","Evaluate"],"picked":"ReachHeaven","floor":5.0},{"not_picked":["SashWhip","Conclude"],"picked":"Wish","floor":7.0},{"not_picked":["ClearTheMind","SandsOfTime"],"picked":"ReachHeaven","floor":8.0},{"not_picked":["FlurryOfBlows","Consecrate"],"picked":"ReachHeaven","floor":11.0},{"not_picked":["FlyingSleeves","FlurryOfBlows"],"picked":"ThirdEye","floor":13.0},{"not_picked":["CrushJoints","LessonLearned"],"picked":"TalkToTheHand","floor":14.0},{"not_picked":["ConjureBlade","Omniscience"],"picked":"Vault","floor":16.0},{"not_picked":["ClearTheMind","Halt","Indignation+1"],"picked":"SKIP","floor":18.0},{"not_picked":["FollowUp","PathToVictory"],"picked":"Swivel+1","floor":19.0},{"not_picked":["FearNoEvil","CrushJoints"],"picked":"Nirvana","floor":23.0},{"not_picked":["Alpha","BowlingBash+1"],"picked":"CutThroughFate","floor":25.0},{"not_picked":["BowlingBash","Indignation"],"picked":"EmptyBody","floor":27.0},{"not_picked":["BowlingBash","Weave"],"picked":"ThirdEye+1","floor":29.0},{"not_picked":["InnerPeace","Sanctity+1"],"picked":"ClearTheMind+1","floor":29.0},{"not_picked":["FlurryOfBlows","EmptyMind"],"picked":"Scrawl","floor":29.0},{"not_picked":["Judgement","Blasphemy"],"picked":"MasterReality","floor":33.0},{"not_picked":["Consecrate","Study"],"picked":"ThirdEye","floor":35.0},{"not_picked":["Consecrate+1","BowlingBash"],"picked":"FearNoEvil","floor":36.0},{"not_picked":["Prostrate+1","Study+1"],"picked":"Nirvana+1","floor":39},{"not_picked":["SpiritShield","FlurryOfBlows+1"],"picked":"CutThroughFate","floor":40},{"not_picked":["Consecrate","SpiritShield"],"picked":"CutThroughFate+1","floor":44},{"not_picked":["CutThroughFate","Consecrate","CarveReality"],"picked":"SKIP","floor":46},{"not_picked":["Pray","CrushJoints"],"picked":"TalkToTheHand","floor":47}],"player_experience":3676741,"relics_obtained":[{"floor":7.0,"key":"Oddly Smooth Stone"},{"floor":9.0,"key":"Kunai"},{"floor":13.0,"key":"GoldenEye"},{"floor":23.0,"key":"Dream Catcher"},{"floor":25.0,"key":"Boot"},{"floor":26.0,"key":"Pantograph"},{"floor":36.0,"key":"Mango"},{"floor":40,"key":"Smiling Mask"},{"floor":44,"key":"Regal Pillow"},{"floor":46,"key":"Peace Pipe"}],"event_choices":[{"damage_healed":0.0,"max_hp_gain":0.0,"max_hp_loss":0.0,"gold_gain":100.0,"event_name":"Golden Shrine","player_choice":"Pray","floor":4.0,"gold_loss":0.0,"damage_taken":0.0},{"damage_healed":0.0,"max_hp_gain":0.0,"max_hp_loss":0.0,"gold_gain":0.0,"event_name":"Back to Basics","player_choice":"Simplicity","floor":21.0,"gold_loss":0.0,"damage_taken":0.0,"cards_upgraded":["Strike_P","Strike_P","Defend_P","Defend_P","Defend_P","Defend_P"]},{"damage_healed":0.0,"max_hp_gain":0.0,"max_hp_loss":0.0,"gold_gain":0.0,"event_name":"Nest","player_choice":"Joined the Cult","floor":22.0,"gold_loss":0.0,"damage_taken":6.0,"cards_obtained":["RitualDagger"]},{"cards_removed":["Strike_P"],"damage_healed":0.0,"max_hp_gain":0.0,"max_hp_loss":0.0,"gold_gain":0.0,"event_name":"Beggar","player_choice":"Gave Gold","floor":31.0,"gold_loss":75.0,"damage_taken":0.0},{"damage_healed":0.0,"max_hp_gain":0.0,"max_hp_loss":0.0,"gold_gain":0.0,"event_name":"MindBloom","player_choice":"Fight","floor":36.0,"gold_loss":0.0,"damage_taken":0.0},{"damage_healed":0.0,"max_hp_gain":0.0,"max_hp_loss":0.0,"gold_gain":0.0,"event_name":"Wheel of Change","player_choice":"Cursed","floor":37.0,"gold_loss":0.0,"damage_taken":0.0,"cards_obtained":["Decay"]},{"damage_healed":0,"gold_gain":100,"player_choice":"Pray","damage_taken":0,"max_hp_gain":0,"max_hp_loss":0,"event_name":"Golden Shrine","floor":45,"gold_loss":0},{"cards_removed":["CutThroughFate"],"damage_healed":0,"gold_gain":0,"player_choice":"Removed Attack","damage_taken":0,"max_hp_gain":0,"max_hp_loss":0,"event_name":"Falling","floor":48,"gold_loss":0}],"is_beta":false,"boss_relics":[{"not_picked":["Calling Bell","Ectoplasm"],"picked":"Philosopher\u0027s Stone"},{"not_picked":["Sozu","Empty Cage"],"picked":"HolyWater"}],"items_purged_floors":[12,20,38,42],"is_endless":false,"potions_floor_spawned":[7,8,11,13,16,18,27,36,44,47],"ascension_level":0}}