{"host":"wbqphhziwa9rtntc","time":1609498378,"event":{"mods":["AchievementEnabler","Aspiration","BaseMod","Better Altar","Better Match","Better Note","Better Sensory Stone","Better Skull","Better Third Choice","BetterRewards","Clawfect","Colored Map","Conspire","Custom Start","Downfall","GifTheSpireLib","Gremlin Mod","Halation","Hermit","Highlight Path","Hubris","Infinite Spire","Mimic Mod","Minty Spire (QoL Compilation)","Permanent Neow","Replay The Spire","Shade Mod","Shop Mod","Spicy Shops","StSLib","Stuff the Spire","The Jungle","The Problem Sleuth","The Wild Card"],"gold_per_floor":[117,117,137,152,166,166,166,200,239,339,339,354,482,501,501,501,501],"floor_reached":16,"playtime":1300,"items_purged":[],"score":147,"play_id":"e2f6cdf9-57d2-4f4d-a3e3-eec2411802b7","local_time":"20210101025258","is_ascension_mode":false,"campfire_choices":[{"data":"hermit:Virtue","floor":6,"key":"SMITH"},{"floor":11,"key":"REST"},{"floor":15,"key":"REST"}],"circlet_count":0,"master_deck":["hermit:Strike_Hermit","hermit:Strike_Hermit","hermit:Strike_Hermit","hermit:Strike_Hermit","hermit:Defend_Hermit","hermit:Defend_Hermit","hermit:Defend_Hermit","hermit:Defend_Hermit","hermit:Snapshot","hermit:Covet","Madness","hermit:Coalescence","hermit:Headshot","hermit:Virtue+1","hermit:Vantage","hermit:HighCaliber","hermit:TakeAim","hermit:Dive","hermit:TrackingShot","hermit:Ricochet","hermit:BigShot"],"relics":["StuffTheSpire:OccultApparatus","StuffTheSpire:TintedRock","hubris:OldNail","halation:SwordOfLegend","infinitespire:Eraser"],"acts_visited":["Exordium"],"potions_floor_usage":[8,8,10,13,13],"damage_taken":[{"damage":1,"enemies":"Jaw Worm","floor":1,"turns":4},{"damage":0,"enemies":"Cultist","floor":3,"turns":4},{"damage":15,"enemies":"infinitespire:Voidling","floor":4,"turns":4},{"damage":0,"enemies":"3 Louse","floor":5,"turns":2},{"damage":19,"enemies":"3 Sentries","floor":8,"turns":8},{"damage":8,"enemies":"Exordium Wildlife","floor":9,"turns":5},{"damage":31,"enemies":"Gremlin Nob","floor":10,"turns":5},{"damage":4,"enemies":"Exordium Wildlife","floor":12,"turns":6},{"damage":0,"enemies":"3 Sentries","floor":13,"turns":8},{"damage":8,"enemies":"Lots of Slimes","floor":14,"turns":5},{"damage":57,"enemies":"Fading Forest","floor":16,"turns":9}],"seed_played":"-3125907315681496904","potions_obtained":[{"floor":1,"key":"Adrenaline Potion"},{"floor":4,"key":"Swift Potion"},{"floor":8,"key":"PowerPotion"},{"floor":10,"key":"DuplicationPotion"},{"floor":12,"key":"Strength Potion"}],"is_trial":false,"path_per_floor":["M","?","M","M","M","R","?","E","MIM","E","R","M","E","M","R","B"],"character_chosen":"HERMIT","items_purchased":[],"campfire_rested":2,"item_purchase_floors":[],"current_hp_per_floor":[74,74,74,66,66,66,66,47,39,8,29,25,25,17,45,0,0],"gold":501,"neow_bonus":"RANDOM_COLORLESS","is_daily":false,"chose_seed":false,"campfire_upgraded":1,"win_rate":0.0,"timestamp":1609498378,"path_taken":["M","?","?","?","M","R","?","E","MIM","E","R","?","E","M","R","BOSS"],"items_purchased_type":[],"build_version":"2020-12-22","purchased_purges":0,"victory":false,"max_hp_per_floor":[75,75,75,75,75,75,75,75,75,75,75,75,75,75,75,75,75],"card_choices":[{"not_picked":["Trip","Deep Breath"],"picked":"Madness","floor":0},{"not_picked":["hermit:Roulette","hermit:Feint"],"picked":"hermit:Coalescence","floor":1},{"not_picked":["hermit:Desperado","hermit:Feint"],"picked":"hermit:Headshot","floor":3},{"not_picked":["hermit:BodyArmor","hermit:Desperado"],"picked":"hermit:Virtue","floor":4},{"not_picked":["hermit:Gestalt","hermit:Headshot"],"picked":"hermit:Vantage","floor":5},{"not_picked":["hermit:Enervate","hermit:Vantage"],"picked":"hermit:HighCaliber","floor":8},{"not_picked":["hermit:Desperado","hermit:Vantage"],"picked":"hermit:TakeAim","floor":9},{"not_picked":["hermit:Feint","hermit:SprayPray"],"picked":"hermit:Dive","floor":10},{"not_picked":["hermit:Enervate","hermit:FinalCanter"],"picked":"hermit:TrackingShot","floor":12},{"not_picked":["hermit:Enervate","hermit:Vantage"],"picked":"hermit:Ricochet","floor":13},{"not_picked":["hermit:Manifest","hermit:Grudge"],"picked":"hermit:BigShot","floor":14}],"player_experience":104764,"relics_obtained":[{"floor":8,"key":"StuffTheSpire:TintedRock"},{"floor":9,"key":"hubris:OldNail"},{"floor":10,"key":"halation:SwordOfLegend"},{"floor":13,"key":"infinitespire:Eraser"}],"event_choices":[{"damage_healed":0,"gold_gain":0,"player_choice":"Bought 0 Potions","damage_taken":0,"max_hp_gain":0,"max_hp_loss":0,"event_name":"The Woman in Blue","floor":2,"gold_loss":0}],"is_beta":false,"boss_relics":[],"items_purged_floors":[],"is_endless":false,"potions_floor_spawned":[1,4,8,10,12],"killed_by":"Fading Forest","ascension_level":0}}