{"host":"r2b8ojg4o4pyvjvq","time":1609542001,"event":{"mods":["BaseMod","Colored Map","Downfall","Highlight Path","Hubris","Marisa????????","Minty Spire (QoL Compilation)","Quick Restart","Replay The Spire","StSLib","SuperFastMode"],"gold_per_floor":[117,129,129,145,1,1,1,26,26,26,44,57,92,92,92,190,190,208,223,223,243,292,292,99,128,151,151,111,145,145,155,155,260,260,274,284,160,184,204,204,239,239,239,269,269,320,336,350,350,350,350,350,142,173,173,173],"floor_reached":55,"playtime":2029,"items_purged":["Strike_MRS","Defend_MRS+1","Defend_MRS+1"],"score":1147,"play_id":"7af32a37-6b30-40c8-a734-e45739110cb9","local_time":"20210102000001","is_ascension_mode":true,"campfire_choices":[{"data":"GrandCross","floor":6,"key":"SMITH"},{"data":"FairyDestructionRay","floor":10,"key":"SMITH"},{"data":"CollectingQuirk","floor":23,"key":"SMITH"},{"data":"OortCloud","floor":27,"key":"SMITH"},{"data":"OortCloud","floor":30,"key":"SMITH"},{"data":"EnergyFlow","floor":32,"key":"SMITH"},{"floor":40,"key":"REST"},{"data":"ManaRampage","floor":42,"key":"SMITH"},{"floor":45,"key":"REST"},{"floor":49,"key":"RECALL"},{"floor":52,"key":"REST"}],"circlet_count":0,"master_deck":["AscendersBane","Defend_MRS+1","Defend_MRS+1","MasterSpark","UpSweep+1","GrandCross+1","OrrerysSun","FairyDestructionRay+1","SprinkleStarSeal+1","EnergyFlow+1","ManaRampage+1","CollectingQuirk+1","MysteriousBeam","SporeBomb+1","OortCloud+1","OortCloud+1","Parasite","Parasite","ShootTheMoon+1","EarthLightRay","MillisecondPulsars+1","MysteriousBeam+1","GalacticHalo+1","CollectingQuirk+1","MagicAbsorber","AsteroidBelt"],"relics":["MiniHakkero","NeowsBlessing","Vajra","Replay:Bottled Eggs","Bag of Marbles","Question Card","hubris:TinFlute","ExperimentalFamiliar","ShroomBag","Membership Card","Golden Egg","Replay:Rubber Ducky","Blood Vial","Snecko Eye","Regal Pillow","Strawberry","Replay:Ringing Soul","hubris:PeanutButter","Pondfish Scales","MagicBroom","Mummified Hand"],"acts_visited":["Exordium","TheCity","TheBeyond","TheEnding"],"potions_floor_usage":[8,16,29,33,39,41,54,55],"damage_taken":[{"damage":0,"enemies":"Jaw Worm","floor":1,"turns":1},{"damage":0,"enemies":"Cultist","floor":2,"turns":1},{"damage":0,"enemies":"Small Slimes","floor":4,"turns":1},{"damage":20,"enemies":"Lagavulin","floor":8,"turns":4},{"damage":19,"enemies":"Exordium Thugs","floor":11,"turns":3},{"damage":0,"enemies":"Looter","floor":12,"turns":3},{"damage":20,"enemies":"Gremlin Nob","floor":13,"turns":4},{"damage":9,"enemies":"The Guardian","floor":16,"turns":7},{"damage":8,"enemies":"Shell Parasite","floor":18,"turns":4},{"damage":0,"enemies":"Chosen","floor":19,"turns":3},{"damage":4,"enemies":"Snecko","floor":21,"turns":5},{"damage":14,"enemies":"Book of Stabbing","floor":25,"turns":4},{"damage":0,"enemies":"Slavers","floor":29,"turns":1},{"damage":0,"enemies":"3 Cultists","floor":31,"turns":3},{"damage":13,"enemies":"Collector","floor":33,"turns":7},{"damage":40,"enemies":"3 Darklings","floor":35,"turns":4},{"damage":34,"enemies":"3 Shapes","floor":36,"turns":3},{"damage":0,"enemies":"3 Darklings","floor":39,"turns":1},{"damage":26,"enemies":"Reptomancer","floor":41,"turns":5},{"damage":14,"enemies":"R_Hoarder","floor":44,"turns":4},{"damage":0,"enemies":"2 Orb Walkers","floor":46,"turns":1},{"damage":0,"enemies":"Transient","floor":47,"turns":5},{"damage":0,"enemies":"4 Shapes","floor":48,"turns":2},{"damage":68,"enemies":"Donu and Deca","floor":50,"turns":6},{"damage":72,"enemies":"Shield and Spear","floor":54,"turns":4},{"damage":31,"enemies":"The Heart","floor":55,"turns":3}],"seed_played":"2615455906341480226","potions_obtained":[{"floor":1,"key":"Slimebound:ThreeZeroPotion"},{"floor":8,"key":"Elixir"},{"floor":13,"key":"FearPotion"},{"floor":16,"key":"DuplicationPotion"},{"floor":18,"key":"PowerPotion"},{"floor":31,"key":"DuplicationPotion"},{"floor":36,"key":"AttackPotion"},{"floor":46,"key":"Explosive Potion"}],"is_trial":false,"path_per_floor":["M","M","?","M","$","R","T","E","T","R","M","M","E","?","R_BF","B",null,"M","M","?","M","T","R","$","E","T","R","?","E","R","M","R","B",null,"M","M","$","T","M","R","E","R","T","E","R","?","M","M","R","B",null,"R","$","E","B"],"character_chosen":"MARISA","items_purchased":["Vajra","Membership Card","Regal Pillow","MagicBroom"],"campfire_rested":3,"item_purchase_floors":[5,24,37,53],"current_hp_per_floor":[68,68,68,68,68,68,68,48,48,48,29,29,9,9,31,22,62,54,54,54,50,50,50,50,40,40,40,40,42,42,48,48,45,68,34,10,10,17,19,58,41,41,41,36,77,81,90,91,91,27,75,91,91,26,0,0],"gold":173,"neow_bonus":"THREE_ENEMY_KILL","is_daily":false,"chose_seed":false,"campfire_upgraded":7,"win_rate":0.0,"timestamp":1609542001,"path_taken":["M","M","?","?","?","R","?","E","T","R","M","M","E","?","R_BF","BOSS","M","?","?","?","?","R","$","E","T","R","?","E","R","M","R","BOSS","M","?","$","?","M","R","E","R","T","E","R","?","M","M","R","BOSS","R","$","E","BOSS"],"items_purchased_type":["Relic","Relic","Relic","Relic"],"build_version":"2020-12-22","purchased_purges":3,"victory":false,"max_hp_per_floor":[75,75,75,75,75,75,75,75,75,75,75,75,75,75,75,75,75,75,75,75,75,75,75,75,75,75,75,75,75,75,75,75,75,75,75,75,75,82,82,82,85,85,85,88,88,88,91,91,91,91,91,91,91,94,94,94],"card_choices":[{"not_picked":["MachineGunSpark","DoubleSpark"],"picked":"GrandCross","floor":1},{"not_picked":["ChargingUp","GasGiant"],"picked":"OrrerysSun","floor":2},{"not_picked":["EventHorizon","Orbital"],"picked":"FairyDestructionRay","floor":4},{"not_picked":["MachineGunSpark","LuminesStrike","BlazeAway"],"picked":"SKIP","floor":8},{"not_picked":["UnstableBomb","ShootingEcho","StarlightTyphoon"],"picked":"SprinkleStarSeal","floor":11},{"not_picked":["LuminesStrike","GravityBeat","BlazeAway"],"picked":"EnergyFlow","floor":12},{"not_picked":["DC","OneTimeOff","GravityBeat"],"picked":"ManaRampage","floor":13},{"not_picked":["BlazingStar","SatelliteIllusion","SuperNova"],"picked":"CollectingQuirk","floor":16},{"not_picked":["ChargingUp","NonDirectionalLaser","Orbital+1"],"picked":"MysteriousBeam","floor":18},{"not_picked":["GalacticHalo","Occultation+1","LuminesStrike+1"],"picked":"SporeBomb+1","floor":19},{"not_picked":["LuminesStrike","GrandCross","GravityBeat"],"picked":"OortCloud","floor":21},{"not_picked":["AsteroidBelt+1","FairyDestructionRay+1","Orbital"],"picked":"ShootTheMoon","floor":25},{"not_picked":["ChargeUpSpray","PowerUp+1","GrandCross+1","Robbery"],"picked":"SKIP","floor":29},{"not_picked":["OneTimeOff","MilkyWay","MeteoricShower"],"picked":"EarthLightRay","floor":31},{"not_picked":["BlazingStar","FinalSpark","EscapeVelocity"],"picked":"MillisecondPulsars","floor":33},{"not_picked":["GalacticHalo","ShootingEcho+1","OortCloud","EarthLightRay+1"],"picked":"SKIP","floor":35},{"not_picked":["GasGiant+1","6A","GrandCross+1"],"picked":"MysteriousBeam+1","floor":36},{"not_picked":["Singularity+1","UnstableBomb","DarkSpark","GravityBeat"],"picked":"SKIP","floor":39},{"not_picked":["MilkyWay","WitchLeyline+1","GravityBeat+1"],"picked":"GalacticHalo+1","floor":41},{"not_picked":["PowerUp","BigCrunch","OrrerysSun+1"],"picked":"CollectingQuirk","floor":44},{"not_picked":["NonDirectionalLaser","ManaConvection+1","GalacticHalo+1"],"picked":"MagicAbsorber","floor":47},{"not_picked":["MagicAbsorber","UnstableBomb","WitchLeyline","ShootingEcho"],"picked":"SKIP","floor":48},{"not_picked":["GrandCross","LuminesStrike+1","MilkyWay"],"picked":"AsteroidBelt","floor":54}],"player_experience":485886,"relics_obtained":[{"floor":7,"key":"Replay:Bottled Eggs"},{"floor":8,"key":"Bag of Marbles"},{"floor":9,"key":"Question Card"},{"floor":13,"key":"hubris:TinFlute"},{"floor":22,"key":"ShroomBag"},{"floor":25,"key":"Golden Egg"},{"floor":26,"key":"Replay:Rubber Ducky"},{"floor":29,"key":"Blood Vial"},{"floor":38,"key":"Strawberry"},{"floor":41,"key":"Replay:Ringing Soul"},{"floor":44,"key":"hubris:PeanutButter"},{"floor":46,"key":"Pondfish Scales"},{"floor":54,"key":"Mummified Hand"}],"event_choices":[{"cards_removed":["Strike_MRS"],"damage_healed":0,"gold_gain":0,"player_choice":"Offered Basic","damage_taken":0,"max_hp_gain":0,"max_hp_loss":0,"event_name":"Bonfire Elementals","floor":3,"gold_loss":0},{"cards_removed":["Strike_MRS"],"damage_healed":0,"gold_gain":0,"player_choice":"Purged","damage_taken":0,"max_hp_gain":0,"max_hp_loss":0,"event_name":"Purifier","floor":14,"gold_loss":0},{"damage_healed":0,"gold_gain":0,"cards_transformed":["Strike_MRS"],"player_choice":"Transformed","damage_taken":0,"max_hp_gain":0,"max_hp_loss":0,"event_name":"Transmorgrifier","floor":20,"gold_loss":0,"cards_obtained":["OortCloud"]},{"damage_healed":0,"gold_gain":0,"player_choice":"Upgraded Two","damage_taken":0,"max_hp_gain":0,"max_hp_loss":0,"event_name":"Designer","floor":28,"gold_loss":40,"cards_upgraded":["ShootTheMoon","UpSweep"]},{"damage_healed":0,"gold_gain":0,"player_choice":"Fight","damage_taken":0,"max_hp_gain":0,"max_hp_loss":0,"event_name":"Mysterious Sphere","floor":46,"gold_loss":0}],"is_beta":false,"boss_relics":[{"not_picked":["hubris:VirtuousBlindfold","RampagingMagicTools"],"picked":"ExperimentalFamiliar"},{"not_picked":["Philosopher\u0027s Stone","Tiny House"],"picked":"Snecko Eye"}],"items_purged_floors":[24,37,53],"is_endless":false,"potions_floor_spawned":[1,8,13,16,18,25,31,36,46],"killed_by":"The Heart","ascension_level":10}}