{"host":"sc0o2qwpf9j16a4i","time":1609517715,"event":{"mods":["AchievementEnabler","BaseMod","BetterRewards","Block Reminder","Colored Map","Colored Powertips","Custom Start","Highlight Path","Minty Spire (QoL Compilation)","Relic Stats"],"gold_per_floor":[15,29,39,39,50,78,78,104,104,120,120,131,149,178,178,257,257,277,277,64,64,64,89,89,100,100,110,110,110,110,142,142,219,219,229,229,229,51,51,51,101,117,117,17,37,53,53,67,67,67,67,67],"floor_reached":51,"playtime":1687,"items_purged":["Strike_B","Shame"],"score":1385,"play_id":"fa44ca56-f807-40a7-ae27-cd7ae06822d1","local_time":"20210101181515","is_ascension_mode":true,"campfire_choices":[{"floor":7.0,"key":"REST"},{"floor":11.0,"key":"REST"},{"floor":15.0,"key":"REST"},{"floor":24.0,"key":"REST"},{"data":"Biased Cognition","floor":28.0,"key":"SMITH"},{"floor":32.0,"key":"REST"},{"floor":40.0,"key":"REST"},{"floor":47,"key":"REST"},{"floor":49,"key":"RECALL"}],"circlet_count":0,"master_deck":["AscendersBane","Strike_B+1","Strike_B+1","Defend_B+1","Defend_B+1","Defend_B+1","Defend_B+1","Zap","Dualcast+1","Auto Shields","Redo","Genetic Algorithm","Cold Snap","Rip and Tear","Barrage","Sweeping Beam","Static Discharge","Coolheaded","Hologram","Rainbow","Cold Snap","Leap","Multi-Cast","Biased Cognition+1","Compile Driver","Capacitor","Defragment","Reboot","Loop","Barrage","Conserve Battery+1","Buffer","Reboot","CurseOfTheBell","Go for the Eyes","Biased Cognition","Sweeping Beam+1","Injury","Defragment+1","Consume+1","Chill","Compile Driver"],"relics":["Cracked Core","Lantern","Juzu Bracelet","Symbiotic Virus","Mango","Cursed Key","Nloth\u0027s Gift","Ancient Tea Set","NlothsMask","Torii","Calling Bell","Dream Catcher","StrikeDummy","Turnip"],"acts_visited":["Exordium","TheCity","TheBeyond"],"potions_floor_usage":[50,50],"damage_taken":[{"damage":6.0,"enemies":"Cultist","floor":1.0,"turns":3.0},{"damage":0.0,"enemies":"2 Louse","floor":2.0,"turns":3.0},{"damage":10.0,"enemies":"Small Slimes","floor":3.0,"turns":3.0},{"damage":12.0,"enemies":"Red Slaver","floor":5.0,"turns":2.0},{"damage":11.0,"enemies":"Lagavulin","floor":6.0,"turns":7.0},{"damage":16.0,"enemies":"3 Sentries","floor":8.0,"turns":6.0},{"damage":7.0,"enemies":"2 Fungi Beasts","floor":10.0,"turns":2.0},{"damage":5.0,"enemies":"Exordium Wildlife","floor":12.0,"turns":3.0},{"damage":0.0,"enemies":"Exordium Thugs","floor":13.0,"turns":4.0},{"damage":9.0,"enemies":"Lagavulin","floor":14.0,"turns":4.0},{"damage":6.0,"enemies":"Slime Boss","floor":16.0,"turns":9.0},{"damage":6.0,"enemies":"2 Thieves","floor":18.0,"turns":4.0},{"damage":27.0,"enemies":"Gremlin Leader","floor":23.0,"turns":9.0},{"damage":4.0,"enemies":"3 Byrds","floor":25.0,"turns":4.0},{"damage":9.0,"enemies":"Snecko","floor":27.0,"turns":7.0},{"damage":7.0,"enemies":"Book of Stabbing","floor":31.0,"turns":5.0},{"damage":36.0,"enemies":"Collector","floor":33.0,"turns":12.0},{"damage":17.0,"enemies":"3 Darklings","floor":35.0,"turns":7.0},{"damage":0.0,"enemies":"Orb Walker","floor":42.0,"turns":2.0},{"damage":24,"enemies":"3 Darklings","floor":45,"turns":3},{"damage":16,"enemies":"Spire Growth","floor":46,"turns":5},{"damage":1,"enemies":"4 Shapes","floor":48,"turns":7},{"damage":58,"enemies":"Awakened One","floor":50,"turns":22},{"damage":8,"enemies":"Donu and Deca","floor":51,"turns":1}],"seed_played":"-7018379903946289940","potions_obtained":[{"floor":2.0,"key":"PowerPotion"},{"floor":3.0,"key":"Explosive Potion"},{"floor":8.0,"key":"FocusPotion"},{"floor":16.0,"key":"Explosive Potion"},{"floor":18.0,"key":"EssenceOfSteel"},{"floor":35.0,"key":"DistilledChaos"},{"floor":48,"key":"Strength Potion"}],"is_trial":false,"path_per_floor":["M","M","M","?","M","E","R","E","T","M","R","M","M","E","R","B",null,"M","?","$","?","?","E","R","M","T","M","R","?","?","E","R","B",null,"M","?","?","$","T","R","?","M","T","$","M","M","R","M","R","B","B"],"character_chosen":"DEFECT","items_purchased":["Defragment","PowerPotion","Biased Cognition"],"campfire_rested":7,"item_purchase_floors":[20,20,38],"current_hp_per_floor":[58,58,48,27,15,4,25,9,9,2,23,18,18,23,48,42,74,68,68,68,68,68,41,66,62,62,53,53,53,48,41,66,30,71,54,54,54,54,54,78,78,78,78,78,54,38,62,61,61,3,0,0],"gold":67,"neow_bonus":"ONE_RARE_RELIC","is_daily":false,"chose_seed":false,"campfire_upgraded":1,"win_rate":0.0,"timestamp":1609517715,"path_taken":["M","M","?","?","M","E","R","E","T","M","R","M","M","E","R","BOSS","M","?","$","?","?","E","R","M","T","M","R","?","?","E","R","BOSS","M","?","?","$","?","R","?","M","T","?","M","M","R","M","R","BOSS","BOSS"],"items_purchased_type":["Card","Potion","Card"],"build_version":"2020-12-22","purchased_purges":2,"victory":false,"max_hp_per_floor":[71,71,71,71,71,71,71,71,71,71,71,71,71,85,85,85,85,85,85,85,85,85,85,85,85,85,85,85,85,85,85,85,85,85,85,85,81,81,81,81,81,81,81,81,81,81,81,81,81,81,81,81],"relic_stats":{"Dream Catcher":2,"Torii":13,"counters":[24,134],"Turnip":[0],"Juzu Bracelet":3,"Nloth\u0027s Gift":5,"Cursed Key":2,"obtain_stats":[{"Lantern":6,"Torii":31,"Mango":14,"Juzu Bracelet":8,"Cursed Key":17,"Ancient Tea Set":23,"Calling Bell":34,"Dream Catcher":34,"Prayer Wheel":0,"Turnip":34,"Nloth\u0027s Gift":19,"Cracked Core":0,"Symbiotic Virus":9,"StrikeDummy":34,"NlothsMask":29},{"Lantern":5,"Torii":16,"Mango":10,"Juzu Bracelet":6,"Cursed Key":11,"Ancient Tea Set":13,"Calling Bell":17,"Dream Catcher":17,"Prayer Wheel":0,"Turnip":17,"Nloth\u0027s Gift":12,"Cracked Core":0,"Symbiotic Virus":6,"StrikeDummy":17,"NlothsMask":15},{"Lantern":18,"Torii":75,"Mango":37,"Juzu Bracelet":24,"Cursed Key":46,"Ancient Tea Set":59,"Calling Bell":87,"Dream Catcher":87,"Prayer Wheel":0,"Turnip":87,"Nloth\u0027s Gift":50,"Cracked Core":0,"Symbiotic Virus":24,"StrikeDummy":87,"NlothsMask":70}]},"card_choices":[{"not_picked":["Steam","Go for the Eyes"],"picked":"Auto Shields","floor":1.0},{"not_picked":["Steam","Fusion","Scrape"],"picked":"SKIP","floor":1.0},{"not_picked":["Conserve Battery","Stack"],"picked":"Redo","floor":2.0},{"not_picked":["Turbo","Gash"],"picked":"Genetic Algorithm","floor":2.0},{"not_picked":["Hologram","Recycle"],"picked":"Cold Snap","floor":3.0},{"not_picked":["Turbo","Darkness"],"picked":"Rip and Tear","floor":3.0},{"not_picked":["Storm","Turbo"],"picked":"Barrage","floor":5.0},{"not_picked":["Rebound","Aggregate","Coolheaded"],"picked":"SKIP","floor":5.0},{"not_picked":["Thunder Strike","Stack"],"picked":"Sweeping Beam","floor":6.0},{"not_picked":["Amplify","Static Discharge","Fusion"],"picked":"SKIP","floor":8.0},{"not_picked":["Amplify","Fusion"],"picked":"Static Discharge","floor":8.0},{"not_picked":["Beam Cell","Steam Power"],"picked":"Coolheaded","floor":10.0},{"not_picked":["Barrage","Melter"],"picked":"Hologram","floor":10.0},{"not_picked":["Storm","White Noise"],"picked":"Rainbow","floor":12.0},{"not_picked":["Steam","Beam Cell"],"picked":"Cold Snap","floor":12.0},{"not_picked":["Conserve Battery","Darkness"],"picked":"Leap","floor":13.0},{"not_picked":["Reprogram","Chaos","Go for the Eyes"],"picked":"SKIP","floor":13.0},{"not_picked":["Cold Snap","Streamline"],"picked":"Multi-Cast","floor":14.0},{"not_picked":["Multi-Cast","All For One"],"picked":"Biased Cognition","floor":16.0},{"not_picked":["Force Field","Rebound"],"picked":"Compile Driver","floor":18.0},{"not_picked":["Turbo","Streamline+1"],"picked":"Capacitor","floor":18.0},{"not_picked":["Hyperbeam","Stack+1"],"picked":"Loop","floor":23.0},{"not_picked":["Undo","Hologram"],"picked":"Barrage","floor":25.0},{"not_picked":["Turbo","Gash"],"picked":"Conserve Battery+1","floor":27.0},{"not_picked":["Hyperbeam","Cold Snap+1"],"picked":"Buffer","floor":31.0},{"not_picked":["Buffer","Rainbow"],"picked":"Reboot","floor":33.0},{"not_picked":["Double Energy","Conserve Battery"],"picked":"Go for the Eyes","floor":35.0},{"not_picked":["Compile Driver","Steam Power"],"picked":"Sweeping Beam+1","floor":42.0},{"not_picked":["Streamline","Amplify"],"picked":"Defragment+1","floor":45},{"not_picked":["BootSequence+1","Redo+1"],"picked":"Consume+1","floor":46},{"not_picked":["Lockon+1","Fusion+1"],"picked":"Chill","floor":47},{"not_picked":["Stack","Redo"],"picked":"Compile Driver","floor":48}],"player_experience":479308,"relics_obtained":[{"floor":6.0,"key":"Lantern"},{"floor":8.0,"key":"Juzu Bracelet"},{"floor":9.0,"key":"Symbiotic Virus"},{"floor":14.0,"key":"Mango"},{"floor":23.0,"key":"Ancient Tea Set"},{"floor":31.0,"key":"Torii"},{"floor":34.0,"key":"Dream Catcher"},{"floor":34.0,"key":"StrikeDummy"},{"floor":34.0,"key":"Turnip"}],"event_choices":[{"damage_healed":0.0,"max_hp_gain":0.0,"max_hp_loss":0.0,"gold_gain":0.0,"event_name":"Shining Light","player_choice":"Entered Light","floor":4.0,"gold_loss":0.0,"damage_taken":21.0,"cards_upgraded":["Dualcast","Strike_B"]},{"damage_healed":0.0,"max_hp_gain":0.0,"max_hp_loss":0.0,"gold_gain":0.0,"event_name":"N\u0027loth","player_choice":"Traded Relic","floor":19.0,"relics_lost":["Prayer Wheel"],"gold_loss":0.0,"damage_taken":0.0,"relics_obtained":["Nloth\u0027s Gift"]},{"damage_healed":0.0,"max_hp_gain":0.0,"max_hp_loss":0.0,"gold_gain":0.0,"event_name":"Back to Basics","player_choice":"Simplicity","floor":21.0,"gold_loss":0.0,"damage_taken":0.0,"cards_upgraded":["Strike_B","Strike_B","Defend_B","Defend_B","Defend_B","Defend_B"]},{"damage_healed":0.0,"max_hp_gain":0.0,"max_hp_loss":0.0,"gold_gain":0.0,"event_name":"The Library","player_choice":"Read","floor":22.0,"gold_loss":0.0,"damage_taken":0.0,"cards_obtained":["Reboot"]},{"damage_healed":0.0,"max_hp_gain":0.0,"max_hp_loss":0.0,"gold_gain":0.0,"event_name":"FaceTrader","player_choice":"Trade","floor":29.0,"gold_loss":0.0,"damage_taken":0.0,"relics_obtained":["NlothsMask"]},{"damage_healed":0.0,"max_hp_gain":0.0,"max_hp_loss":0.0,"gold_gain":0.0,"event_name":"The Woman in Blue","player_choice":"Bought 0 Potions","floor":30.0,"gold_loss":0.0,"damage_taken":0.0},{"cards_removed":["Strike_B"],"damage_healed":0.0,"max_hp_gain":0.0,"max_hp_loss":0.0,"gold_gain":0.0,"event_name":"Falling","player_choice":"Removed Attack","floor":36.0,"gold_loss":0.0,"damage_taken":0.0},{"damage_healed":0.0,"max_hp_gain":0.0,"max_hp_loss":4.0,"gold_gain":0.0,"event_name":"Winding Halls","player_choice":"Max HP","floor":37.0,"gold_loss":0.0,"damage_taken":0.0},{"damage_healed":0.0,"max_hp_gain":0.0,"max_hp_loss":0.0,"gold_gain":50.0,"event_name":"Golden Shrine","player_choice":"Pray","floor":41.0,"gold_loss":0.0,"damage_taken":0.0}],"is_beta":false,"boss_relics":[{"not_picked":["Ectoplasm","Coffee Dripper"],"picked":"Cursed Key"},{"not_picked":["Velvet Choker","SacredBark"],"picked":"Calling Bell"}],"items_purged_floors":[20,44],"is_endless":false,"potions_floor_spawned":[2,3,5,8,16,18,23,35,48],"killed_by":"Donu and Deca","ascension_level":20}}