{"host":"czyrp3agadxx2eka","time":1609511430,"event":{"mods":["Bard","BaseMod","Beaked The Cultist","BetterRewards","Colored Map","Downfall","Hermit","Hubris","Infinite Spire","Lobotomy","Marisa????????","Minty Spire (QoL Compilation)","Replay The Spire","Shop Mod","StSLib","The Construct","The Cursed","The Elementalist","The Runesmith","TheBandit"],"gold_per_floor":[119,119,119,8,8,43,62,94,121,135,145,145,176,176,176,273,273,284,284,299,309,249,281,294,294,294,294,294],"floor_reached":27,"playtime":2103,"items_purged":["beaked:Strike_Y"],"score":251,"play_id":"97f8d249-03e0-47f2-8b08-576beedc222e","local_time":"20210101123030","is_ascension_mode":false,"campfire_choices":[{"data":"beaked:Ceremony","floor":12,"key":"SMITH"}],"circlet_count":0,"master_deck":["beaked:Strike_Y+1","beaked:Strike_Y+1","beaked:Strike_Y+1","beaked:Strike_Y+1","beaked:Defend_Y+1","beaked:Defend_Y+1","beaked:Defend_Y+1","beaked:Defend_Y+1","beaked:Ceremony","beaked:Ceremony+1","beaked:Ceremony+1","beaked:Insight","beaked:WarriorEssence","beaked:Brace+1","beaked:SurvivalInstinct+1","beaked:TuckingFeathers","beaked:Overexert","beaked:DigDeep","beaked:Struggle+1","beaked:MachineSpirit","beaked:ScreechingChant","beaked:Tweet+1","beaked:VigorBurst","ReplayTheSpireMod:Prepare the Ceremony+1"],"relics":["beaked:MendingPlumage","PreservedInsect","Kunai","Nunchaku","ReplayTheSpireMod:Ninjato","Black Star","hubris:Icosahedron","infinitespire:Satchel","Anchor","Simple Rune"],"acts_visited":["Exordium","TheCity"],"potions_floor_usage":[23,23,24,27],"damage_taken":[{"damage":10,"enemies":"2 Louse","floor":1,"turns":3},{"damage":21,"enemies":"3 Sentries","floor":6,"turns":9},{"damage":11,"enemies":"Jaw Worm","floor":7,"turns":5},{"damage":23,"enemies":"Lagavulin","floor":8,"turns":8},{"damage":25,"enemies":"Small Slimes","floor":10,"turns":5},{"damage":28,"enemies":"3 Louse","floor":11,"turns":5},{"damage":23,"enemies":"Replay:BlueRogue","floor":13,"turns":5},{"damage":46,"enemies":"Slime Boss","floor":16,"turns":7},{"damage":49,"enemies":"3 Byrds","floor":18,"turns":8},{"damage":43,"enemies":"Shell Parasite","floor":20,"turns":7},{"damage":44,"enemies":"Snecko","floor":21,"turns":7},{"damage":71,"enemies":"Slavers","floor":23,"turns":7},{"damage":26,"enemies":"Centurion and Healer","floor":24,"turns":8},{"damage":64,"enemies":"Book of Stabbing","floor":27,"turns":4}],"seed_played":"5802802550611003601","potions_obtained":[{"floor":6,"key":"Languid Potion"},{"floor":8,"key":"SkillPotion"},{"floor":13,"key":"Fire Potion"},{"floor":24,"key":"CultistPotion"}],"is_trial":false,"path_per_floor":["M","?","?","$","?","E","M","E","T","M","M","R","E","?","R_BF","B",null,"M","?","M","M","?","E","M","?","T","E"],"character_chosen":"BEAKED_THE_CULTIST","items_purchased":["beaked:SurvivalInstinct+1"],"campfire_rested":0,"item_purchase_floors":[4],"current_hp_per_floor":[46,46,46,46,36,39,42,39,39,32,28,28,32,32,47,40,50,32,32,50,42,42,6,35,35,35,0,0],"gold":294,"neow_bonus":"THREE_CARDS","is_daily":false,"chose_seed":false,"campfire_upgraded":1,"win_rate":0.0,"timestamp":1609511430,"path_taken":["M","?","?","$","?","E","M","E","T","M","M","R","E","?","R_BF","BOSS","M","?","M","M","?","E","M","?","T","E"],"items_purchased_type":["Card"],"build_version":"2020-12-22","purchased_purges":1,"victory":false,"max_hp_per_floor":[50,50,50,50,50,50,50,50,50,50,50,50,50,50,50,50,50,50,50,50,55,55,55,55,55,55,55,55],"card_choices":[{"not_picked":["beaked:Flinch","beaked:Resilience"],"picked":"beaked:Insight","floor":0},{"not_picked":["beaked:Resilience","beaked:MimicHuntress"],"picked":"beaked:WarriorEssence","floor":1},{"not_picked":["beaked:Insight","beaked:Overpower","beaked:ShadowFade"],"picked":"SKIP","floor":6},{"not_picked":["beaked:Daydream","ReplayTheSpireMod:Wings of Steel"],"picked":"beaked:TuckingFeathers","floor":7},{"not_picked":["beaked:Insight","beaked:Brace"],"picked":"beaked:Overexert","floor":8},{"not_picked":["beaked:Cower","beaked:StunningBlow"],"picked":"beaked:DigDeep","floor":10},{"not_picked":["beaked:SurvivalInstinct","beaked:Foresight"],"picked":"beaked:Struggle","floor":11},{"not_picked":["ReplayTheSpireMod:Wings of Steel","beaked:Roost"],"picked":"beaked:MachineSpirit","floor":13},{"not_picked":["beaked:CheekyTricks","ReplayTheSpireMod:Owlgaze"],"picked":"beaked:ScreechingChant","floor":16},{"not_picked":["beaked:CursingBlood","beaked:BraceForImpact","beaked:RuinSticks"],"picked":"SKIP","floor":18},{"not_picked":["beaked:CursingBlood+1","ReplayTheSpireMod:Wings of Steel"],"picked":"beaked:Tweet+1","floor":20},{"not_picked":["beaked:DigDeep+1","beaked:Struggle"],"picked":"beaked:VigorBurst","floor":21},{"not_picked":["beaked:ShadowFade","beaked:Daydream","beaked:Resilience"],"picked":"SKIP","floor":23},{"not_picked":["beaked:SacrificialAttack","beaked:Replenish"],"picked":"ReplayTheSpireMod:Prepare the Ceremony+1","floor":24}],"player_experience":35373,"relics_obtained":[{"floor":6,"key":"PreservedInsect"},{"floor":8,"key":"Kunai"},{"floor":9,"key":"Nunchaku"},{"floor":13,"key":"ReplayTheSpireMod:Ninjato"},{"floor":23,"key":"infinitespire:Satchel"},{"floor":23,"key":"Anchor"},{"floor":26,"key":"Simple Rune"}],"event_choices":[{"damage_healed":0,"gold_gain":0,"player_choice":"Entered Light","damage_taken":10,"max_hp_gain":0,"max_hp_loss":0,"event_name":"Shining Light","floor":5,"gold_loss":0,"cards_upgraded":["beaked:Defend_Y","beaked:Ceremony"]},{"damage_healed":0,"gold_gain":0,"player_choice":"Ignored","damage_taken":0,"max_hp_gain":0,"max_hp_loss":0,"event_name":"Liars Game","floor":14,"gold_loss":0},{"damage_healed":0,"gold_gain":0,"player_choice":"Simplicity","damage_taken":0,"max_hp_gain":0,"max_hp_loss":0,"event_name":"Back to Basics","floor":25,"gold_loss":0,"cards_upgraded":["beaked:Strike_Y","beaked:Strike_Y","beaked:Strike_Y","beaked:Strike_Y","beaked:Defend_Y","beaked:Defend_Y","beaked:Defend_Y"]}],"is_beta":false,"boss_relics":[{"not_picked":["hubris:Backtick","Snecko Eye"],"picked":"Black Star"}],"items_purged_floors":[4],"is_endless":false,"potions_floor_spawned":[6,8,13,18,20,24],"killed_by":"Book of Stabbing","ascension_level":0}}