{"host":"yiit85oc4oi3nqs8","time":1609517823,"event":{"mods":["AchievementEnabler","BaseMod","Better Third Choice","Block Reminder","DeckTracker","Highlight Path","Keyboard Shortcuts","Minty Spire (QoL Compilation)","MonsterHotkey","Quick Restart","Random Character Button","Relic Stats","StSLib"],"gold_per_floor":[18,18,43,57,73,73,84,84,84],"floor_reached":8,"playtime":444,"items_purged":[],"score":96,"play_id":"c92b2dc1-2944-4247-b8ab-1648a6430821","local_time":"20210102011703","is_ascension_mode":true,"campfire_choices":[],"circlet_count":0,"master_deck":["AscendersBane","Strike_R","Strike_R","Strike_R","Defend_R+1","Defend_R","Defend_R","Defend_R+1","True Grit","Sword Boomerang"],"relics":["Burning Blood","War Paint"],"acts_visited":["Exordium"],"potions_floor_usage":[],"damage_taken":[{"damage":5,"enemies":"Small Slimes","floor":1,"turns":6},{"damage":22,"enemies":"Jaw Worm","floor":4,"turns":11},{"damage":21,"enemies":"Cultist","floor":5,"turns":7},{"damage":25,"enemies":"Gremlin Gang","floor":7,"turns":13},{"damage":0,"enemies":"Gremlin Nob","floor":8,"turns":1}],"seed_played":"3298130438083501540","potions_obtained":[{"floor":4,"key":"Weak Potion"}],"is_trial":false,"path_per_floor":["M","?","T","M","M","?","M","E"],"character_chosen":"IRONCLAD","items_purchased":[],"campfire_rested":0,"item_purchase_floors":[],"current_hp_per_floor":[69,69,69,53,38,38,19,19,19],"gold":84,"neow_bonus":"REMOVE_TWO","is_daily":false,"chose_seed":false,"campfire_upgraded":0,"win_rate":0.0,"timestamp":1609517823,"path_taken":["M","?","?","M","?","?","M","E"],"items_purchased_type":[],"build_version":"2020-12-22","purchased_purges":0,"victory":false,"max_hp_per_floor":[75,75,75,75,75,75,75,75,75],"relic_stats":{"counters":[5,38],"War Paint":["Defend_R","Defend_R"],"obtain_stats":[{"War Paint":3,"Burning Blood":0},{"War Paint":1,"Burning Blood":0},{"War Paint":6,"Burning Blood":0}],"Burning Blood":24},"card_choices":[{"not_picked":["Inflame","Havoc"],"picked":"True Grit","floor":1},{"not_picked":["Armaments","Flex","Seeing Red"],"picked":"SKIP","floor":4},{"not_picked":["Headbutt","Clothesline","Armaments"],"picked":"SKIP","floor":5},{"not_picked":["Dropkick","Uppercut"],"picked":"Sword Boomerang","floor":7}],"player_experience":428794,"relics_obtained":[{"floor":3,"key":"War Paint"}],"event_choices":[{"cards_removed":["Strike_R"],"damage_healed":0,"gold_gain":0,"player_choice":"Forget","damage_taken":0,"max_hp_gain":0,"max_hp_loss":0,"event_name":"Living Wall","floor":2,"gold_loss":0}],"is_beta":false,"boss_relics":[],"items_purged_floors":[],"is_endless":false,"potions_floor_spawned":[4],"killed_by":"Gremlin Nob","ascension_level":20}}