{"host":"n7mxhpjy89lltbhc","time":1609525828,"event":{"mods":["2.2 Compatiblity","Act Like it!","Bard","BaseMod","Better Match","Better Sensory Stone","Better Synergies","Better Third Choice","Better Vampires","BetterRewards","Challenge The Spire","Colored Map","Colored Powertips","Downfall","Gensokyo","Hubris","Infinite Spire","Jedi Mod","Marisa????????","Marked Mod","Minty Spire (QoL Compilation)","Permanent Neow","Rare Cards Sparkle","Relic Sorter","Relic Stats","Replay The Spire","Shop Mod","Small Relic Pack","Spicy Shops","StSLib","Strawberry Spire","The Blue Laboratory","The Disciple","The Marked","The Servant 0.9.4","Uncapped","Waifu the Spire","Wandering Minibosses","vexMod"],"gold_per_floor":[112,112,123,140,158,192,206,206,230,188,188,188,188,203,203,301,301,313,323,16,31,31,31,66,66,90,90,101,118,118,137,137,240,240,251,251,263,282,299,299,45,45,69,89,106,106,106,118,118,118,118,118,42,75,75],"floor_reached":56,"playtime":2683,"items_purged":["Spreading Infection","Injury","CommonCold"],"score":1023,"play_id":"05b640cb-ab28-4de4-8241-ea4ab547ac45","local_time":"25640102013028","is_ascension_mode":false,"campfire_choices":[{"data":"theMarked:BanishingStrike","floor":11.0,"key":"SMITH"},{"data":"theMarked:AttractMetal","floor":13.0,"key":"SMITH"},{"data":"theMarked:ElementalBlade","floor":15.0,"key":"SMITH"},{"data":"theMarked:MuscleMemory","floor":23.0,"key":"SMITH"},{"data":"theMarked:SoldierForm","floor":27.0,"key":"SMITH"},{"floor":32.0,"key":"REST"},{"data":"theMarked:Challenge","floor":40,"key":"SMITH"},{"data":"theMarked:RogueSparks","floor":42,"key":"SMITH"},{"data":"theMarked:Parry","floor":49,"key":"SMITH"},{"data":"theMarked:RepellingDischarge","floor":52,"key":"SMITH"}],"circlet_count":0,"master_deck":["theMarked:Strike","theMarked:Strike","theMarked:Strike","theMarked:Defend","theMarked:Defend","theMarked:Defend","theMarked:Defend","theMarked:SoldierOfQuellstein+1","theMarked:BanishingStrike+1","theMarked:Static","theMarked:ElementalBlade+1","theMarked:AttractMetal+1","theMarked:Seal+1","theMarked:EternalStudent+1","theMarked:Aftermath+1","theMarked:EternalStudent+1","theMarked:MuscleMemory+1","theMarked:SoldierForm+1","theMarked:StartUp","theMarked:Electrify","theMarked:RogueSparks+1","theMarked:ParalyzingBlade","theMarked:Challenge+1","theMarked:AttractMetal+1","theMarked:RogueSparks+1","theMarked:WastefulDefense","theMarked:RepellingDischarge+1","wanderingMiniBosses:FinaleOfPromise","theMarked:Parry+1","Trip","theMarked:ComboAttacks","theMarked:ComboAttacks","Pot Of Greed","Pot Of Greed","Pot Of Greed"],"relics":["theMarked:ArtifactOfAir","strawberrySpire:Treaders","hubris:SlimyHat","betterThird:SlimedRelic","GremlinMask","Replay:Ancient Bell","strawberrySpire:MawJerky","jedi:archwizardhat","Incense Burner","Guide Book","Durian","Omamori","jedi:cryingmask","vexMod:MysteryBossChallenge","Velvet Choker","Dream Catcher","wanderingMiniBosses:Blackblade","Grinning Jar"],"acts_visited":["Exordium","TheCity","TheBeyond","TheEnding"],"potions_floor_usage":[33,33,33,33,38,50,54,55,55],"damage_taken":[{"damage":0.0,"enemies":"2 Louse","floor":1.0,"turns":3.0},{"damage":7.0,"enemies":"infinitespire:Voidling","floor":3.0,"turns":4.0},{"damage":0.0,"enemies":"Small Slimes","floor":4.0,"turns":3.0},{"damage":11.0,"enemies":"Red Slaver","floor":5.0,"turns":3.0},{"damage":10.0,"enemies":"Replay:BlueRogue","floor":6.0,"turns":5.0},{"damage":20.0,"enemies":"Blue Slaver","floor":7.0,"turns":7.0},{"damage":10.0,"enemies":"Exordium Wildlife","floor":14.0,"turns":4.0},{"damage":3.0,"enemies":"Hexaghost","floor":16.0,"turns":7.0},{"damage":0.0,"enemies":"Chosen","floor":18.0,"turns":4.0},{"damage":0.0,"enemies":"3 Byrds","floor":19.0,"turns":7.0},{"damage":27.0,"enemies":"Cultist and Chosen","floor":21.0,"turns":8.0},{"damage":20.0,"enemies":"Replay:Snechameleon","floor":24.0,"turns":6.0},{"damage":2.0,"enemies":"Centurion and Healer","floor":28.0,"turns":5.0},{"damage":13.0,"enemies":"Chosen and Byrds","floor":29.0,"turns":7.0},{"damage":3.0,"enemies":"Sentry and Sphere","floor":31.0,"turns":4.0},{"damage":36,"enemies":"Collector","floor":33,"turns":10},{"damage":0,"enemies":"3 Shapes","floor":35,"turns":3},{"damage":3,"enemies":"Orb Walker","floor":37,"turns":3},{"damage":25,"enemies":"4 Shapes","floor":38,"turns":7},{"damage":0,"enemies":"Maw","floor":39,"turns":7},{"damage":13,"enemies":"3 Darklings","floor":44,"turns":8},{"damage":0,"enemies":"Writhing Mass","floor":45,"turns":5},{"damage":2,"enemies":"Transient","floor":48,"turns":5},{"damage":19,"enemies":"Replay:Hell Engine","floor":50,"turns":12},{"damage":0,"enemies":"Shield and Spear","floor":54,"turns":7},{"damage":62,"enemies":"The Heart","floor":55,"turns":10}],"seed_played":"849210580978122818","potions_obtained":[{"floor":1.0,"key":"EntropicBrew"},{"floor":3.0,"key":"SteroidPotion"},{"floor":7.0,"key":"DistilledChaos"},{"floor":21.0,"key":"Elixir"},{"floor":24.0,"key":"blueLaboratory:CorrosionFlask"},{"floor":33,"key":"EssenceOfSteel"},{"floor":37,"key":"Explosive Potion"},{"floor":44,"key":"Milkshake"},{"floor":45,"key":"Block Potion"}],"is_trial":false,"path_per_floor":["M","?","M","M","M","E","M","?","T","?","R","?","R","M","R","B",null,"M","M","$","M","$","R","E","?","T","R","M","M","?","M","R","B",null,"M","?","M","M","M","R","$","R","T","M","M","?","?","M","R","B",null,"R","$","E","B",null],"character_chosen":"THE_DEFAULT","items_purchased":["theMarked:EternalStudent","Guide Book","theMarked:WastefulDefense","theMarked:ComboAttacks"],"campfire_rested":1,"item_purchase_floors":[20,20,41,53],"current_hp_per_floor":[70,70,70,70,59,49,29,29,29,18,18,18,18,8,8,5,70,70,70,70,43,43,43,32,32,32,32,30,17,17,14,37,1,79,79,79,76,51,51,51,51,51,51,38,38,38,38,36,36,17,79,79,79,83,21],"gold":75,"neow_bonus":"UPGRADE_CARD","is_daily":false,"chose_seed":false,"campfire_upgraded":9,"win_rate":0.0,"timestamp":1609525828,"path_taken":["M","?","?","M","M","E","M","?","T","?","R","?","R","M","R","BOSS","M","M","$","M","?","R","E","?","T","R","M","?","?","M","R","BOSS","M","?","M","M","M","R","$","R","T","M","M","?","?","M","R","BOSS","R","$","E","BOSS"],"items_purchased_type":["Card","Relic","Card","Card"],"build_version":"2020-12-22","purchased_purges":3,"victory":true,"max_hp_per_floor":[70,70,70,70,70,70,70,70,70,70,70,70,70,70,70,70,70,70,70,70,70,70,70,79,79,79,79,79,79,79,79,79,79,79,79,79,79,79,79,79,79,79,79,79,79,79,79,79,79,79,79,79,79,83,83],"relic_stats":{"Dream Catcher":0,"counters":[26,154],"obtain_stats":[{"Guide Book":20,"vexMod:MysteryBossChallenge":34,"Velvet Choker":34,"GremlinMask":12,"hubris:SlimyHat":9,"Replay:Ancient Bell":17,"Incense Burner":17,"Omamori":26,"jedi:archwizardhat":17,"theMarked:ArtifactOfAir":0,"Dream Catcher":43,"strawberrySpire:Treaders":6,"wanderingMiniBosses:Blackblade":44,"betterThird:SlimedRelic":10,"strawberrySpire:MawJerky":17,"jedi:cryingmask":30,"Durian":24,"Grinning Jar":54},{"Guide Book":10,"vexMod:MysteryBossChallenge":16,"Velvet Choker":16,"GremlinMask":6,"hubris:SlimyHat":6,"Replay:Ancient Bell":8,"Incense Burner":8,"Omamori":12,"jedi:archwizardhat":8,"theMarked:ArtifactOfAir":0,"Dream Catcher":20,"strawberrySpire:Treaders":5,"wanderingMiniBosses:Blackblade":21,"betterThird:SlimedRelic":6,"strawberrySpire:MawJerky":8,"jedi:cryingmask":14,"Durian":12,"Grinning Jar":25},{"Guide Book":47,"vexMod:MysteryBossChallenge":87,"Velvet Choker":87,"GremlinMask":25,"hubris:SlimyHat":25,"Replay:Ancient Bell":36,"Incense Burner":36,"Omamori":61,"jedi:archwizardhat":36,"theMarked:ArtifactOfAir":0,"Dream Catcher":107,"strawberrySpire:Treaders":18,"wanderingMiniBosses:Blackblade":115,"betterThird:SlimedRelic":25,"strawberrySpire:MawJerky":36,"jedi:cryingmask":73,"Durian":61,"Grinning Jar":144}]},"card_choices":[{"not_picked":["theMarked:WastefulDefense","theMarked:Generate"],"picked":"theMarked:BanishingStrike","floor":1.0},{"not_picked":["theMarked:ContemptForTheProud","theMarked:HeightenedSenses","theMarked:ResourceFulStrike"],"picked":"SKIP","floor":3.0},{"not_picked":["theMarked:TwofoldDefense","theMarked:WastefulDefense"],"picked":"theMarked:Static","floor":4.0},{"not_picked":["theMarked:Overcharge","theMarked:Frustration"],"picked":"theMarked:ElementalBlade","floor":5.0},{"not_picked":["theMarked:ResourceFulStrike","theMarked:DispelDoubt"],"picked":"theMarked:AttractMetal","floor":6.0},{"not_picked":["theMarked:ResourceFulStrike","theMarked:Parkour"],"picked":"theMarked:Seal","floor":7.0},{"not_picked":["theMarked:WastefulAttack","theMarked:Standoff","theMarked:AttractMetal"],"picked":"SKIP","floor":14.0},{"not_picked":["theMarked:Challenge","theMarked:SuspiciousRaven"],"picked":"theMarked:EternalStudent","floor":16.0},{"not_picked":["Normality","Slimebound:Icky"],"picked":"CommonCold","floor":17.0},{"not_picked":["Decay","hubris:Disease"],"picked":"Spreading Infection","floor":17.0},{"not_picked":["Spreading Infection","Delirium"],"picked":"Injury","floor":17.0},{"not_picked":["theMarked:Static","theMarked:ReduceFriction"],"picked":"theMarked:Aftermath+1","floor":18.0},{"not_picked":["theMarked:BanishingStrike","theMarked:AttractMetal","theMarked:Aftermath"],"picked":"SKIP","floor":19.0},{"not_picked":["theMarked:TwofoldDefense","theMarked:WastefulAttack"],"picked":"theMarked:MuscleMemory","floor":21.0},{"not_picked":["theMarked:AttractMetal","theMarked:Frustration"],"picked":"theMarked:SoldierForm","floor":24.0},{"not_picked":["theMarked:Static","theMarked:WastefulAttack"],"picked":"theMarked:RogueSparks","floor":28.0},{"not_picked":["theMarked:WardOff","theMarked:TwofoldDefense"],"picked":"theMarked:ParalyzingBlade","floor":29.0},{"not_picked":["theMarked:Frustration","theMarked:ElectricStrings","theMarked:HeightenedSenses"],"picked":"SKIP","floor":31.0},{"not_picked":["theMarked:Snap","theMarked:Abjuration"],"picked":"theMarked:Challenge","floor":33},{"not_picked":["theMarked:ChainLightning+1","theMarked:Frustration"],"picked":"theMarked:AttractMetal+1","floor":35},{"not_picked":["theMarked:SwordAndMagic","theMarked:ElementalBlade","theMarked:ResourceFulStrike+1"],"picked":"SKIP","floor":37},{"not_picked":["theMarked:LightningStrikesTwice","theMarked:Convert","theMarked:WastefulDefense"],"picked":"SKIP","floor":38},{"not_picked":["theMarked:ParalyzingBlade+1","theMarked:BanishingStrike"],"picked":"theMarked:RogueSparks+1","floor":39},{"not_picked":["theMarked:Aftermath","theMarked:WastefulAttack"],"picked":"theMarked:RepellingDischarge","floor":44},{"not_picked":[],"picked":"wanderingMiniBosses:FinaleOfPromise","floor":44},{"not_picked":["theMarked:WastefulAttack","theMarked:ThrowWeapon"],"picked":"theMarked:Parry","floor":45},{"not_picked":["ReplayTheSpireMod:Trickstab","expansioncontent:Sear"],"picked":"Trip","floor":46},{"not_picked":["theMarked:ElectricStrings","theMarked:MaelstromOfLightning+1","theMarked:Aftermath"],"picked":"SKIP","floor":48},{"not_picked":["theMarked:GodGivenPower+1","theMarked:ResourceFulStrike","theMarked:Frustration"],"picked":"SKIP","floor":54}],"player_experience":1025150,"relics_obtained":[{"floor":6.0,"key":"strawberrySpire:Treaders"},{"floor":9.0,"key":"hubris:SlimyHat"},{"floor":24.0,"key":"Durian"},{"floor":26.0,"key":"Omamori"},{"floor":43,"key":"Dream Catcher"},{"floor":44,"key":"wanderingMiniBosses:Blackblade"},{"floor":54,"key":"Grinning Jar"}],"event_choices":[{"damage_healed":0.0,"max_hp_gain":0.0,"max_hp_loss":0.0,"gold_gain":0.0,"event_name":"NoteForYourself","player_choice":"Ignored","floor":2.0,"gold_loss":0.0,"damage_taken":0.0},{"damage_healed":0.0,"max_hp_gain":0.0,"max_hp_loss":0.0,"gold_gain":0.0,"event_name":"betterThird:BetterGoop","player_choice":"Slimed","floor":10.0,"gold_loss":42.0,"damage_taken":11.0},{"damage_healed":0.0,"max_hp_gain":0.0,"max_hp_loss":0.0,"gold_gain":0.0,"event_name":"FaceTrader","player_choice":"Trade","floor":12.0,"gold_loss":0.0,"damage_taken":0.0,"relics_obtained":["GremlinMask"]},{"damage_healed":0.0,"max_hp_gain":0.0,"max_hp_loss":0.0,"gold_gain":0.0,"cards_transformed":["theMarked:Strike","theMarked:Strike"],"event_name":"Drug Dealer","player_choice":"Became Test Subject","floor":25.0,"gold_loss":0.0,"damage_taken":0.0,"cards_obtained":["theMarked:StartUp","theMarked:Electrify"]},{"damage_healed":0,"gold_gain":3,"player_choice":"1","damage_taken":0,"max_hp_gain":0,"max_hp_loss":0,"event_name":"betterStone:BetterStone","floor":46,"gold_loss":0}],"is_beta":false,"boss_relics":[{"not_picked":["ReplayTheSpireMod:DimensionalGlitch","Runic Pyramid"],"picked":"Replay:Ancient Bell"},{"not_picked":["jedi:crownofsimplicity","CeramicFish"],"picked":"strawberrySpire:MawJerky"},{"not_picked":["jedi:bottledfury","Replay:Ringing Soul"],"picked":"jedi:archwizardhat"},{"not_picked":["Pondfish Scales","vexMod:RetaliationKit"],"picked":"Incense Burner"},{"not_picked":["Astrolabe","Snecko Heart"],"picked":"vexMod:MysteryBossChallenge"}],"items_purged_floors":[20,41,41],"is_endless":false,"potions_floor_spawned":[1,3,7,16,18,21,24,33,37,44,45],"ascension_level":0}}