{"host":"yiit85oc4oi3nqs8","time":1609496378,"event":{"mods":["AchievementEnabler","BaseMod","Better Third Choice","Block Reminder","DeckTracker","Highlight Path","Keyboard Shortcuts","Minty Spire (QoL Compilation)","MonsterHotkey","Quick Restart","Random Character Button","Relic Stats","StSLib"],"gold_per_floor":[111,111,122,122,47,47,59,59,59,88,88,88,108,108,153,177,195,195,195,212,243,243,243,257,257,257,257,333,333,347,367,367,367,417,317,192,211,211,237,237,237,237,265,276,276,276,276,276,276,311,311,311,324,340,340,340,417,417,429,429,484,484,484,484,484,484,498,498,498,511,511,537,537,560,560,405,405,420,435,435,435,283,283,283,283,283],"floor_reached":87,"playtime":1940,"items_purged":["Strike_R","Bash","Strike_R"],"score":1879,"play_id":"9a2d33f0-b4be-4237-9681-b80a5c1928e9","local_time":"20210101191938","is_ascension_mode":true,"campfire_choices":[{"data":"Armaments","floor":8.0,"key":"SMITH"},{"data":"Juggernaut","floor":9.0,"key":"SMITH"},{"data":"Defend_R","floor":12.0,"key":"SMITH"},{"data":"Searing Blow","floor":14.0,"key":"SMITH"},{"data":"Searing Blow+2","floor":22.0,"key":"SMITH"},{"data":"Searing Blow+3","floor":23.0,"key":"SMITH"},{"data":"Searing Blow+4","floor":26.0,"key":"SMITH"},{"data":"Searing Blow+5","floor":27.0,"key":"SMITH"},{"data":"Searing Blow+6","floor":40.0,"key":"SMITH"},{"data":"Searing Blow+7","floor":41.0,"key":"SMITH"},{"data":"Searing Blow+8","floor":47.0,"key":"SMITH"},{"floor":49.0,"key":"RECALL"},{"data":"Searing Blow+9","floor":51.0,"key":"SMITH"},{"data":"Searing Blow+10","floor":52.0,"key":"SMITH"},{"data":"Searing Blow+11","floor":55.0,"key":"SMITH"},{"data":"Searing Blow+12","floor":56.0,"key":"SMITH"},{"data":"Searing Blow+13","floor":68,"key":"SMITH"},{"data":"Searing Blow+14","floor":69,"key":"SMITH"},{"data":"Searing Blow+15","floor":71,"key":"SMITH"},{"data":"Searing Blow+16","floor":73,"key":"SMITH"},{"data":"Searing Blow+17","floor":80,"key":"SMITH"},{"data":"Searing Blow+18","floor":81,"key":"SMITH"},{"data":"Searing Blow+19","floor":84,"key":"SMITH"},{"data":"Double Tap","floor":85,"key":"SMITH"}],"circlet_count":0,"master_deck":["AscendersBane","Defend_R+1","Defend_R","Defend_R+1","Armaments+1","Disarm","Juggernaut+1","Disarm","Searing Blow+20","Double Tap+1","Carnage","Thunderclap","Feed","Master of Strategy+1"],"relics":["Burning Blood","NeowsBlessing","Question Card","Omamori","Bronze Scales","Happy Flower","Coffee Dripper","PreservedInsect","Red Skull","Bottled Lightning","Akabeko","Pen Nib","Snecko Eye","Torii","Gremlin Horn","Art of War","Blue Candle","War Paint","Medical Kit"],"acts_visited":["Exordium","TheCity","TheBeyond"],"potions_floor_usage":[78],"damage_taken":[{"damage":0.0,"enemies":"Jaw Worm","floor":1.0,"turns":1.0},{"damage":0.0,"enemies":"Cultist","floor":3.0,"turns":1.0},{"damage":0.0,"enemies":"Small Slimes","floor":7.0,"turns":1.0},{"damage":18.0,"enemies":"Lagavulin","floor":10.0,"turns":8.0},{"damage":9.0,"enemies":"Gremlin Gang","floor":13.0,"turns":5.0},{"damage":17.0,"enemies":"Blue Slaver","floor":17.0,"turns":4.0},{"damage":38.0,"enemies":"Gremlin Gang","floor":20.0,"turns":4.0},{"damage":10.0,"enemies":"Lagavulin","floor":21.0,"turns":6.0},{"damage":0.0,"enemies":"Large Slime","floor":24.0,"turns":5.0},{"damage":12.0,"enemies":"Hexaghost","floor":28.0,"turns":8.0},{"damage":0.0,"enemies":"Spheric Guardian","floor":30.0,"turns":1.0},{"damage":9.0,"enemies":"2 Thieves","floor":31.0,"turns":4.0},{"damage":3.0,"enemies":"Snake Plant","floor":37.0,"turns":3.0},{"damage":24.0,"enemies":"Gremlin Leader","floor":39.0,"turns":5.0},{"damage":0.0,"enemies":"Book of Stabbing","floor":43.0,"turns":1.0},{"damage":17.0,"enemies":"Shelled Parasite and Fungi","floor":44.0,"turns":3.0},{"damage":0.0,"enemies":"Gremlin Leader","floor":50.0,"turns":1.0},{"damage":0.0,"enemies":"Snake Plant","floor":53.0,"turns":2.0},{"damage":0.0,"enemies":"Chosen and Byrds","floor":54.0,"turns":2.0},{"damage":8.0,"enemies":"Automaton","floor":57.0,"turns":4.0},{"damage":21.0,"enemies":"3 Darklings","floor":59.0,"turns":5.0},{"damage":14,"enemies":"2 Orb Walkers","floor":61,"turns":3},{"damage":7,"enemies":"3 Shapes","floor":67,"turns":3},{"damage":0,"enemies":"Transient","floor":70,"turns":3},{"damage":0,"enemies":"Reptomancer","floor":72,"turns":1},{"damage":0,"enemies":"4 Shapes","floor":78,"turns":4},{"damage":0,"enemies":"Maw","floor":79,"turns":2},{"damage":0,"enemies":"Time Eater","floor":86,"turns":1}],"seed_played":"-4037866230352709019","potions_obtained":[{"floor":3.0,"key":"ColorlessPotion"},{"floor":7.0,"key":"EntropicBrew"},{"floor":20.0,"key":"BloodPotion"},{"floor":30.0,"key":"ElixirPotion"},{"floor":39.0,"key":"GamblersBrew"}],"is_trial":false,"path_per_floor":["M","?","M","?","$","?","M","R","R","E","E","R","M","R","T","T","M","?","?","M","E","R","R","M","?","R","R","B",null,"M","M","?","?","?","$","?","M","?","E","R","R","?","E","M","T","T","R","T","R","E","R","R","M","M","R","R","B",null,"M","?","?","?","?","$","$","?","M","R","R","M","R","E","R","T","T","$","?","M","M","R","R","$","?","R","R","B",null],"character_chosen":"IRONCLAD","items_purchased":["War Paint","Medical Kit"],"campfire_rested":0,"item_purchase_floors":[76,82],"current_hp_per_floor":[74,63,69,74,74,74,80,80,80,68,68,68,65,65,65,65,54,54,54,22,34,34,34,40,40,40,40,34,69,75,72,72,72,72,72,72,75,75,57,57,57,51,57,46,46,46,46,46,46,52,52,52,58,64,64,64,62,76,61,61,57,57,57,57,57,57,56,56,56,62,62,68,68,68,68,68,68,78,87,87,87,87,87,87,87,87],"gold":283,"neow_bonus":"THREE_ENEMY_KILL","is_daily":false,"chose_seed":false,"campfire_upgraded":23,"win_rate":0.0,"timestamp":1609496378,"path_taken":["M","?","?","?","$","?","M","R","R","E","E","R","M","R","T","T","?","?","?","?","E","R","R","?","?","R","R","BOSS","M","?","?","?","?","?","?","?","?","E","R","R","?","E","?","T","T","R","?","R","E","R","R","M","M","R","R","BOSS","M","?","?","?","?","$","$","?","M","R","R","M","R","E","R","T","T","?","?","M","M","R","R","?","?","R","R","BOSS"],"items_purchased_type":["Relic","Relic"],"build_version":"2020-12-22","purchased_purges":3,"victory":true,"max_hp_per_floor":[75,75,75,80,80,80,80,80,80,80,80,80,80,80,80,80,80,80,80,80,80,80,80,80,80,80,80,80,80,80,80,80,80,80,80,80,80,80,80,80,80,80,80,80,80,80,80,80,80,80,80,80,80,80,80,80,80,80,80,80,84,84,80,80,80,80,80,80,80,80,80,80,80,80,80,80,80,84,87,87,87,87,87,87,87,87],"relic_stats":{"Happy Flower":[20],"Torii":2,"Gremlin Horn":[3,3],"counters":[28,91],"Blue Candle":[0],"PreservedInsect":151,"Pen Nib":[4],"War Paint":["Master of Strategy","Defend_R"],"Question Card":24,"Medical Kit":[0],"Burning Blood":162,"Bronze Scales":[230],"Snecko Eye":[45,42,38,40],"Art of War":[0],"obtain_stats":[{"NeowsBlessing":0,"Happy Flower":21,"Torii":61,"Gremlin Horn":72,"Blue Candle":75,"PreservedInsect":39,"Pen Nib":50,"Omamori":15,"War Paint":76,"Question Card":10,"Medical Kit":82,"Burning Blood":0,"Akabeko":48,"Bronze Scales":16,"Snecko Eye":58,"Coffee Dripper":29,"Art of War":74,"Bottled Lightning":46,"Red Skull":43},{"NeowsBlessing":0,"Happy Flower":8,"Torii":22,"Gremlin Horn":25,"Blue Candle":25,"PreservedInsect":14,"Pen Nib":17,"Omamori":5,"War Paint":25,"Question Card":4,"Medical Kit":27,"Burning Blood":0,"Akabeko":16,"Bronze Scales":5,"Snecko Eye":20,"Coffee Dripper":10,"Art of War":25,"Bottled Lightning":16,"Red Skull":15},{"NeowsBlessing":0,"Happy Flower":30,"Torii":77,"Gremlin Horn":84,"Blue Candle":84,"PreservedInsect":56,"Pen Nib":61,"Omamori":16,"War Paint":84,"Question Card":11,"Medical Kit":90,"Burning Blood":0,"Akabeko":60,"Bronze Scales":16,"Snecko Eye":69,"Coffee Dripper":43,"Art of War":84,"Bottled Lightning":60,"Red Skull":57}]},"card_choices":[{"not_picked":["Pommel Strike","Clash"],"picked":"Armaments","floor":1.0},{"not_picked":["Seeing Red","Inflame"],"picked":"Disarm","floor":3.0},{"not_picked":["Wild Strike","Shrug It Off"],"picked":"Juggernaut","floor":7.0},{"not_picked":["True Grit","Reckless Charge"],"picked":"Disarm","floor":10.0},{"not_picked":["True Grit","Perfected Strike","Combust"],"picked":"Searing Blow","floor":13.0},{"not_picked":["Warcry","Searing Blow","Impervious","Cleave"],"picked":"SKIP","floor":17.0},{"not_picked":["Flame Barrier","Clothesline","Battle Trance","Iron Wave"],"picked":"SKIP","floor":20.0},{"not_picked":["Barricade","Thunderclap","Body Slam","Flex"],"picked":"SKIP","floor":21.0},{"not_picked":["Body Slam","Cleave","True Grit","Inflame"],"picked":"SKIP","floor":24.0},{"not_picked":["Offering","Reaper","Limit Break"],"picked":"Double Tap","floor":28.0},{"not_picked":["Havoc","Thunderclap","Uppercut","Rupture"],"picked":"SKIP","floor":30.0},{"not_picked":["Sword Boomerang","Flex","True Grit","Feel No Pain"],"picked":"SKIP","floor":31.0},{"not_picked":["Anger","Hemokinesis","Rupture","Heavy Blade"],"picked":"SKIP","floor":37.0},{"not_picked":["Warcry","Fire Breathing","Headbutt","Heavy Blade"],"picked":"SKIP","floor":39.0},{"not_picked":["Infernal Blade","Immolate","Dropkick","Bloodletting"],"picked":"SKIP","floor":43.0},{"not_picked":["Twin Strike","Flex","Perfected Strike","Juggernaut"],"picked":"SKIP","floor":44.0},{"not_picked":["Clash","Iron Wave","Inflame","Armaments"],"picked":"SKIP","floor":50.0},{"not_picked":["Anger","Cleave","Body Slam","Pommel Strike"],"picked":"SKIP","floor":53.0},{"not_picked":["Dual Wield+1","Rampage","Seeing Red","Cleave"],"picked":"SKIP","floor":54.0},{"not_picked":["Barricade","Impervious","Corruption"],"picked":"Feed","floor":57.0},{"not_picked":["Shrug It Off","Twin Strike","Headbutt","Armaments"],"picked":"SKIP","floor":59.0},{"not_picked":["Thinking Ahead","Mind Blast","Good Instincts"],"picked":"Master of Strategy","floor":66},{"not_picked":["Flex","Spot Weakness","Pommel Strike+1","Headbutt"],"picked":"SKIP","floor":67},{"not_picked":["Heavy Blade","Reaper","Twin Strike","Perfected Strike"],"picked":"SKIP","floor":70},{"not_picked":["Infernal Blade","Intimidate+1","Metallicize","Reckless Charge"],"picked":"SKIP","floor":72},{"not_picked":["Whirlwind","Dropkick","Heavy Blade","Twin Strike+1"],"picked":"SKIP","floor":78},{"not_picked":["Clash+1","Power Through","Inflame","Heavy Blade"],"picked":"SKIP","floor":79}],"player_experience":414539,"relics_obtained":[{"floor":10.0,"key":"Question Card"},{"floor":15.0,"key":"Omamori"},{"floor":16.0,"key":"Bronze Scales"},{"floor":21.0,"key":"Happy Flower"},{"floor":39.0,"key":"PreservedInsect"},{"floor":43.0,"key":"Red Skull"},{"floor":46.0,"key":"Bottled Lightning"},{"floor":48.0,"key":"Akabeko"},{"floor":50.0,"key":"Pen Nib"},{"floor":61,"key":"Torii"},{"floor":72,"key":"Gremlin Horn"},{"floor":74,"key":"Art of War"},{"floor":75,"key":"Blue Candle"}],"event_choices":[{"damage_healed":0.0,"max_hp_gain":0.0,"max_hp_loss":0.0,"gold_gain":0.0,"event_name":"Wheel of Change","player_choice":"Damaged","floor":2.0,"gold_loss":0.0,"damage_taken":11.0},{"damage_healed":0.0,"max_hp_gain":5.0,"max_hp_loss":0.0,"gold_gain":0.0,"event_name":"Big Fish","player_choice":"Donut","floor":4.0,"gold_loss":0.0,"damage_taken":0.0},{"cards_removed":["Defend_R"],"damage_healed":0.0,"max_hp_gain":0.0,"max_hp_loss":0.0,"gold_gain":0.0,"event_name":"Purifier","player_choice":"Purged","floor":6.0,"gold_loss":0.0,"damage_taken":0.0},{"damage_healed":0.0,"max_hp_gain":0.0,"max_hp_loss":0.0,"gold_gain":0.0,"event_name":"Upgrade Shrine","player_choice":"Upgraded","floor":19.0,"gold_loss":0.0,"damage_taken":0.0,"cards_upgraded":["Searing Blow"]},{"damage_healed":0.0,"max_hp_gain":0.0,"max_hp_loss":0.0,"gold_gain":0.0,"cards_transformed":["Strike_R","Strike_R"],"event_name":"Drug Dealer","player_choice":"Became Test Subject","floor":33.0,"gold_loss":0.0,"damage_taken":0.0,"cards_obtained":["Carnage","Thunderclap"]},{"damage_healed":0.0,"max_hp_gain":0.0,"max_hp_loss":0.0,"gold_gain":50.0,"event_name":"betterThird:BetterNest","player_choice":"Steal","floor":34.0,"gold_loss":0.0,"damage_taken":0.0},{"damage_healed":0.0,"max_hp_gain":0.0,"max_hp_loss":0.0,"gold_gain":0.0,"event_name":"Knowing Skull","player_choice":"","floor":42.0,"potions_obtained":[],"gold_loss":0.0,"damage_taken":6.0,"cards_obtained":[]},{"cards_removed":["Strike_R"],"damage_healed":0.0,"max_hp_gain":0.0,"max_hp_loss":0.0,"gold_gain":0.0,"event_name":"Falling","player_choice":"Removed Attack","floor":60.0,"gold_loss":0.0,"damage_taken":0.0},{"damage_healed":0,"gold_gain":0,"player_choice":"Fight","damage_taken":0,"max_hp_gain":0,"max_hp_loss":0,"event_name":"Mysterious Sphere","floor":61,"gold_loss":0},{"damage_healed":0,"gold_gain":0,"player_choice":"Ignored","damage_taken":0,"max_hp_gain":0,"max_hp_loss":0,"event_name":"Tomb of Lord Red Mask","floor":62,"gold_loss":0},{"damage_healed":0,"gold_gain":0,"player_choice":"Max HP","damage_taken":0,"max_hp_gain":0,"max_hp_loss":4,"event_name":"Winding Halls","floor":63,"gold_loss":0},{"damage_healed":0,"gold_gain":0,"player_choice":"Memory 1","damage_taken":0,"max_hp_gain":0,"max_hp_loss":0,"event_name":"SensoryStone","floor":66,"gold_loss":0}],"is_beta":false,"boss_relics":[{"not_picked":["Empty Cage","Calling Bell"],"picked":"Coffee Dripper"},{"not_picked":["Black Blood","Runic Cube"],"picked":"Snecko Eye"}],"items_purged_floors":[5,35,36],"is_endless":false,"potions_floor_spawned":[3,7,20,30,39,43,50,59,61,72],"ascension_level":15}}