{"host":"uv231blk40vjdojr","time":1609507832,"event":{"mods":["BaseMod","Minty Spire (QoL Compilation)","Relic Stats"],"gold_per_floor":[119,8,22,22,22,54,54,86,86,97,112,112,112,112,112,112,112],"floor_reached":16,"playtime":337,"items_purged":[],"score":205,"play_id":"987d460b-5c87-4d55-b180-d679e3925060","local_time":"20210101143032","is_ascension_mode":true,"campfire_choices":[{"floor":7,"key":"REST"},{"data":"Bash","floor":13,"key":"SMITH"},{"data":"Hemokinesis","floor":15,"key":"SMITH"}],"circlet_count":0,"master_deck":["AscendersBane","Strike_R","Strike_R","Strike_R","Strike_R","Defend_R","Defend_R","Defend_R","Defend_R","Bash+1","Sword Boomerang","Hemokinesis+1","Clothesline","Flame Barrier"],"relics":["Burning Blood","FossilizedHelix","Darkstone Periapt","Paper Frog","Thread and Needle","Frozen Egg 2","Golden Idol"],"acts_visited":["Exordium"],"potions_floor_usage":[10,16],"damage_taken":[{"damage":0,"enemies":"Jaw Worm","floor":1,"turns":3},{"damage":0,"enemies":"Small Slimes","floor":3,"turns":3},{"damage":57,"enemies":"Lagavulin","floor":6,"turns":7},{"damage":26,"enemies":"Gremlin Nob","floor":8,"turns":4},{"damage":0,"enemies":"2 Louse","floor":10,"turns":2},{"damage":31,"enemies":"Gremlin Gang","floor":11,"turns":4},{"damage":27,"enemies":"Slime Boss","floor":16,"turns":4}],"seed_played":"-112099628021933781","potions_obtained":[{"floor":8,"key":"SpeedPotion"},{"floor":10,"key":"Dexterity Potion"},{"floor":11,"key":"SteroidPotion"}],"is_trial":false,"path_per_floor":["M","$","M","?","?","E","R","E","T","M","M","?","R","?","R","B"],"character_chosen":"IRONCLAD","items_purchased":["FairyPotion"],"campfire_rested":1,"item_purchase_floors":[2],"current_hp_per_floor":[68,68,68,74,67,16,38,18,18,24,26,26,26,26,26,0,0],"gold":112,"neow_bonus":"ONE_RARE_RELIC","is_daily":false,"chose_seed":false,"campfire_upgraded":2,"win_rate":0.0,"timestamp":1609507832,"path_taken":["M","$","M","?","?","E","R","E","T","M","M","?","R","?","R","BOSS"],"items_purchased_type":["Potion"],"build_version":"2020-12-22","purchased_purges":0,"victory":false,"max_hp_per_floor":[68,68,68,74,74,74,74,74,74,74,74,67,67,67,67,67,67],"relic_stats":{"Darkstone Periapt":6,"counters":[7,27],"Golden Idol":0,"obtain_stats":[{"Darkstone Periapt":4,"Golden Idol":12,"Thread and Needle":8,"Frozen Egg 2":9,"Burning Blood":0,"FossilizedHelix":0,"Paper Frog":6},{"Darkstone Periapt":2,"Golden Idol":6,"Thread and Needle":4,"Frozen Egg 2":4,"Burning Blood":0,"FossilizedHelix":0,"Paper Frog":3},{"Darkstone Periapt":6,"Golden Idol":23,"Thread and Needle":17,"Frozen Egg 2":17,"Burning Blood":0,"FossilizedHelix":0,"Paper Frog":13}],"Burning Blood":24},"card_choices":[{"not_picked":["Wild Strike","Perfected Strike"],"picked":"Sword Boomerang","floor":1},{"not_picked":["Seeing Red","Infernal Blade","Iron Wave"],"picked":"SKIP","floor":3},{"not_picked":["Power Through","Metallicize"],"picked":"Hemokinesis","floor":6},{"not_picked":["Flex","Iron Wave","Heavy Blade"],"picked":"SKIP","floor":8},{"not_picked":["Twin Strike","Perfected Strike"],"picked":"Clothesline","floor":10},{"not_picked":["Dropkick","Twin Strike"],"picked":"Flame Barrier","floor":11}],"player_experience":544662,"relics_obtained":[{"floor":6,"key":"Paper Frog"},{"floor":8,"key":"Thread and Needle"},{"floor":9,"key":"Frozen Egg 2"}],"event_choices":[{"damage_healed":0,"gold_gain":0,"player_choice":"Box","damage_taken":0,"relics_obtained":["Darkstone Periapt"],"max_hp_gain":0,"max_hp_loss":0,"event_name":"Big Fish","floor":4,"gold_loss":0,"cards_obtained":["Regret"]},{"cards_removed":["Regret"],"damage_healed":0,"gold_gain":0,"player_choice":"Card Removal","damage_taken":7,"max_hp_gain":0,"max_hp_loss":0,"event_name":"Golden Wing","floor":5,"gold_loss":0},{"damage_healed":0,"gold_gain":0,"player_choice":"Lose Max HP","damage_taken":0,"relics_obtained":["Golden Idol"],"max_hp_gain":0,"max_hp_loss":7,"event_name":"Golden Idol","floor":12,"gold_loss":0},{"cards_removed":["Strike_R"],"damage_healed":0,"gold_gain":0,"player_choice":"Purged","damage_taken":0,"max_hp_gain":0,"max_hp_loss":0,"event_name":"Purifier","floor":14,"gold_loss":0}],"is_beta":false,"boss_relics":[],"items_purged_floors":[],"is_endless":false,"potions_floor_spawned":[8,10,11],"killed_by":"Slime Boss","ascension_level":18}}