{"host":"os9owiyb0rak6c8n","time":1609518104,"event":{"mods":["AchievementEnabler","BaseMod","Beaked The Cultist","Better Third Choice","Block Reminder","Colored Map","Colored Powertips","Dio Mod","Minty Spire (QoL Compilation)","Robot Space Explorer","Spicy Shops","StSLib","The Death Knight"],"gold_per_floor":[118,130,34,34,34,34,75,88,88,127,152,152,152,72,72,200,200,223,223,243,342,361,361,397,397,397,446,470,496,509,526,526,622,622,677,677,363,88,98,98,126,139,139,151,162,162,181,233,233,233],"floor_reached":51,"playtime":2362,"items_purged":["DeathKnight:Defend_DeathKnight"],"score":940,"play_id":"325c5703-aad2-43c2-bf96-83973ec7df74","local_time":"20210101172144","is_ascension_mode":true,"campfire_choices":[{"data":"DeathKnight:RuneTap","floor":6,"key":"SMITH"},{"floor":15,"key":"REST"},{"data":"DeathKnight:Runesurge","floor":23,"key":"SMITH"},{"floor":32,"key":"REST"},{"floor":40,"key":"REST"},{"floor":46,"key":"REST"},{"floor":49,"key":"REST"}],"circlet_count":0,"master_deck":["DeathKnight:Strike_DeathKnight","DeathKnight:Strike_DeathKnight","DeathKnight:Strike_DeathKnight","DeathKnight:Strike_DeathKnight","DeathKnight:Strike_DeathKnight","DeathKnight:Defend_DeathKnight","DeathKnight:Defend_DeathKnight","DeathKnight:Defend_DeathKnight+1","DeathKnight:Defend_DeathKnight+1","DeathKnight:RuneTap+1","DeathKnight:RuneStrike+1","DeathKnight:BludPresence","DeathKnight:ChainsOfIce","DeathKnight:SindragosasBreath","DeathKnight:PlagueStrike","DeathKnight:Lichborne","DeathKnight:MindFreeze","DeathKnight:IcyTouch","DeathKnight:FoulBulwark","DeathKnight:Runesurge+1","CurseOfTheBell","DeathKnight:UnholyPresence+1","DeathKnight:BladedArmor+1","DeathKnight:MarkOfBlood","DeathKnight:MutagenicPlague+1","DeathKnight:Frostscythe","DeathKnight:DancingRuneblade","DeathKnight:MindFreeze+1","Parasite","DeathKnight:FrosPresence","Parasite","DeathKnight:Hysteria+1"],"relics":["DeathKnight:BrokenRuneblade","NeowsBlessing","Bloody Idol","Darkstone Periapt","DeathKnight:AbominationHead","Du-Vu Doll","Calling Bell","DeathKnight:CorpseWagon","Gremlin Horn","Calipers","Boot","Orichalcum","DeathKnight:PutricidesVial","Centennial Puzzle","Peace Pipe","Fusion Hammer","Bottled Lightning","Kunai","Toy Ornithopter","War Paint","DeathKnight:LanathelsBloodyNail","Lantern"],"acts_visited":["Exordium","TheCity","TheBeyond"],"potions_floor_usage":[11,16,18,20,24,24,29,30,31,31,42,45,50],"damage_taken":[{"damage":0,"enemies":"2 Louse","floor":1,"turns":1},{"damage":0,"enemies":"Jaw Worm","floor":2,"turns":1},{"damage":0,"enemies":"3 Sentries","floor":7,"turns":1},{"damage":12,"enemies":"Small Slimes","floor":8,"turns":2},{"damage":17,"enemies":"Gremlin Nob","floor":10,"turns":4},{"damage":12,"enemies":"Exordium Wildlife","floor":11,"turns":2},{"damage":0,"enemies":"Hexaghost","floor":16,"turns":7},{"damage":9,"enemies":"Shell Parasite","floor":18,"turns":5},{"damage":12,"enemies":"2 Thieves","floor":20,"turns":4},{"damage":21,"enemies":"Centurion and Healer","floor":22,"turns":5},{"damage":18,"enemies":"Gremlin Leader","floor":24,"turns":5},{"damage":15,"enemies":"Book of Stabbing","floor":29,"turns":5},{"damage":13,"enemies":"Shelled Parasite and Fungi","floor":30,"turns":6},{"damage":0,"enemies":"3 Cultists","floor":31,"turns":3},{"damage":38,"enemies":"StardustCrusaders","floor":33,"turns":6},{"damage":49,"enemies":"3 Darklings","floor":35,"turns":5},{"damage":12,"enemies":"Orb Walker","floor":39,"turns":3},{"damage":39,"enemies":"Reptomancer","floor":41,"turns":5},{"damage":5,"enemies":"Writhing Mass","floor":42,"turns":6},{"damage":0,"enemies":"Sphere and 2 Shapes","floor":44,"turns":1},{"damage":27,"enemies":"Maw","floor":45,"turns":6},{"damage":16,"enemies":"Writhing Mass","floor":47,"turns":5},{"damage":9,"enemies":"3 Darklings","floor":48,"turns":3},{"damage":58,"enemies":"Time Eater","floor":50,"turns":8}],"seed_played":"-3240777312389041286","potions_obtained":[{"floor":7,"key":"AttackPotion"},{"floor":8,"key":"GamblersBrew"},{"floor":10,"key":"SneckoOil"},{"floor":16,"key":"Energy Potion"},{"floor":20,"key":"EntropicBrew"},{"floor":24,"key":"Dexterity Potion"},{"floor":29,"key":"ColorlessPotion"},{"floor":35,"key":"LiquidBronze"},{"floor":41,"key":"Block Potion"},{"floor":44,"key":"AttackPotion"}],"is_trial":false,"path_per_floor":["M","M","$","?","?","R","E","M","T","E","M","?","?","$","R","B",null,"M","?","M","?","M","R","E","?","T","T","T","E","M","M","R","B",null,"M","T","$","$","M","R","E","M","T","M","M","R","M","M","R","B",null],"character_chosen":"DEATH_KNIGHT","items_purchased":["DeathKnight:SindragosasBreath","DeathKnight:FoulBulwark","Kunai","DeathKnight:DancingRuneblade","Toy Ornithopter","War Paint"],"campfire_rested":5,"item_purchase_floors":[3,14,37,38,38,38],"current_hp_per_floor":[75,75,75,57,57,57,57,45,45,28,16,16,16,16,38,38,81,72,72,60,60,39,39,21,21,21,26,31,21,13,18,42,9,81,42,42,42,42,35,59,25,36,36,41,24,50,45,46,73,20],"gold":233,"neow_bonus":"THREE_ENEMY_KILL","is_daily":false,"chose_seed":false,"campfire_upgraded":2,"win_rate":0.0,"timestamp":1609518104,"path_taken":["M","M","$","?","?","R","E","M","T","E","?","?","?","?","R","BOSS","M","?","M","?","M","R","E","?","T","?","?","E","M","M","R","BOSS","M","?","?","$","M","R","E","M","T","M","M","R","M","M","R","BOSS"],"items_purchased_type":["Card","Card","Relic","Card","Relic","Relic"],"build_version":"2020-12-22","purchased_purges":1,"victory":true,"max_hp_per_floor":[75,75,75,75,75,75,75,75,75,75,75,75,75,75,75,75,81,81,81,81,81,81,81,81,81,81,81,81,81,81,81,81,81,81,81,81,81,81,81,81,81,87,87,87,87,87,93,93,93,93],"card_choices":[{"not_picked":["DeathKnight:DreadStrike","DeathKnight:UnholyFrenzy"],"picked":"DeathKnight:BludPresence","floor":1},{"not_picked":["DeathKnight:UnholyPresence","DeathKnight:Hysteria"],"picked":"DeathKnight:ChainsOfIce","floor":2},{"not_picked":["DeathKnight:PathOfFrost","DeathKnight:ThirstingStrike"],"picked":"DeathKnight:PlagueStrike","floor":7},{"not_picked":["DeathKnight:Marrowrend","DeathKnight:HartStrike"],"picked":"DeathKnight:Lichborne","floor":8},{"not_picked":["DeathKnight:FrosPresence","DeathKnight:BloodTap"],"picked":"DeathKnight:MindFreeze","floor":10},{"not_picked":["DeathKnight:UnholyFrenzy","DeathKnight:PathOfFrost"],"picked":"DeathKnight:IcyTouch","floor":11},{"not_picked":["DeathKnight:VampiricBlood","DeathKnight:Defile"],"picked":"DeathKnight:Runesurge","floor":16},{"not_picked":["DeathKnight:DeathsAdvance","DeathKnight:HowlingBlast+1"],"picked":"DeathKnight:UnholyPresence+1","floor":18},{"not_picked":["DeathKnight:DeathCoil+1","DeathKnight:Culling","DeathKnight:Ossuary"],"picked":"SKIP","floor":20},{"not_picked":["DeathKnight:RunicCorruption+1","DeathKnight:DeathRune+1","DeathKnight:ShatteringStrikes"],"picked":"SKIP","floor":22},{"not_picked":["DeathKnight:BloodStrike","DeathKnight:ChainsOfIce"],"picked":"DeathKnight:BladedArmor+1","floor":24},{"not_picked":["DeathKnight:BoneSpear","DeathKnight:Pestilence","DeathKnight:Rot"],"picked":"SKIP","floor":29},{"not_picked":["DeathKnight:ScourgeStrike+1","DeathKnight:DeathGrip"],"picked":"DeathKnight:MarkOfBlood","floor":30},{"not_picked":["DeathKnight:FrosPresence","DeathKnight:RaiseAlly"],"picked":"DeathKnight:MutagenicPlague+1","floor":31},{"not_picked":["DeathKnight:VampiricBlood","DeathKnight:Runesurge"],"picked":"DeathKnight:Frostscythe","floor":33},{"not_picked":["DeathKnight:MindFreeze","DeathKnight:UnholyPresence","DeathKnight:PathOfFrost+1"],"picked":"SKIP","floor":35},{"not_picked":["DeathKnight:GargoyleSkin+1","DeathKnight:Parry","DeathKnight:Contagion+1"],"picked":"SKIP","floor":39},{"not_picked":["DeathKnight:ChainsOfIce","DeathKnight:Ossuary"],"picked":"DeathKnight:MindFreeze+1","floor":41},{"not_picked":["DeathKnight:UnholyAssault","DeathKnight:FrostStrike","DeathKnight:UnholyPresence"],"picked":"SKIP","floor":42},{"not_picked":["DeathKnight:Simulacrum","DeathKnight:BloodStrike","DeathKnight:Marrowrend+1"],"picked":"SKIP","floor":44},{"not_picked":["DeathKnight:ShatteringStrikes+1","DeathKnight:MutagenicPlague"],"picked":"DeathKnight:FrosPresence","floor":45},{"not_picked":["DeathKnight:HartStrike+1","DeathKnight:UnholyPresence"],"picked":"DeathKnight:Hysteria+1","floor":47},{"not_picked":["DeathKnight:FoulBulwark+1","DeathKnight:RunicCorruption+1","DeathKnight:Hemostasis+1"],"picked":"SKIP","floor":48}],"player_experience":519416,"relics_obtained":[{"floor":7,"key":"Darkstone Periapt"},{"floor":9,"key":"DeathKnight:AbominationHead"},{"floor":10,"key":"Du-Vu Doll"},{"floor":17,"key":"DeathKnight:CorpseWagon"},{"floor":17,"key":"Gremlin Horn"},{"floor":17,"key":"Calipers"},{"floor":24,"key":"Boot"},{"floor":26,"key":"Orichalcum"},{"floor":27,"key":"DeathKnight:PutricidesVial"},{"floor":28,"key":"Centennial Puzzle"},{"floor":29,"key":"Peace Pipe"},{"floor":36,"key":"Bottled Lightning"},{"floor":41,"key":"DeathKnight:LanathelsBloodyNail"},{"floor":43,"key":"Lantern"}],"event_choices":[{"damage_healed":0,"gold_gain":0,"player_choice":"Take Damage","damage_taken":18,"relics_obtained":["Golden Idol"],"max_hp_gain":0,"max_hp_loss":0,"event_name":"Golden Idol","floor":4,"gold_loss":0},{"damage_healed":0,"gold_gain":0,"player_choice":"Grow","damage_taken":0,"max_hp_gain":0,"max_hp_loss":0,"event_name":"Living Wall","floor":5,"gold_loss":0,"cards_upgraded":["DeathKnight:RuneStrike"]},{"damage_healed":16,"gold_gain":0,"player_choice":"Leave","damage_taken":0,"max_hp_gain":0,"max_hp_loss":75,"event_name":"betterThird:BetterShining","floor":12,"gold_loss":0},{"damage_healed":0,"gold_gain":0,"player_choice":"LEAVE","damage_taken":0,"max_hp_gain":0,"max_hp_loss":0,"event_name":"betterThird:BetterScrap","floor":13,"gold_loss":0,"cards_obtained":["Recycle"]},{"damage_healed":0,"gold_gain":0,"player_choice":"Ignored","damage_taken":0,"max_hp_gain":0,"max_hp_loss":0,"event_name":"Vampires","floor":19,"gold_loss":0},{"damage_healed":0,"gold_gain":99,"player_choice":"Steal","damage_taken":0,"max_hp_gain":0,"max_hp_loss":0,"event_name":"betterThird:BetterNest","floor":21,"gold_loss":0},{"damage_healed":0,"gold_gain":0,"player_choice":"Gave Idol","damage_taken":0,"relics_obtained":["Bloody Idol"],"max_hp_gain":0,"max_hp_loss":0,"event_name":"Forgotten Altar","floor":25,"relics_lost":["Golden Idol"],"gold_loss":0}],"is_beta":false,"boss_relics":[{"not_picked":["beaked:SacredDeck","SlaversCollar"],"picked":"Calling Bell"},{"not_picked":["Empty Cage","beaked:MawFillet"],"picked":"Fusion Hammer"}],"items_purged_floors":[37],"is_endless":false,"potions_floor_spawned":[7,8,10,16,20,24,29,35,41,44],"ascension_level":3}}