{"host":"q6uiiyan8fxg9uyi","time":1609528805,"event":{"mods":["AchievementEnabler","BaseMod","BetterRewards","Minty Spire (QoL Compilation)","StSLib","SuperFastMode"],"gold_per_floor":[116,127,137,149,20,20,78,78,157,157,195,207,242,270,282,414,426,456,314,314,314,327,371,392,392,392,413,413,413,538,554,554,554,554],"floor_reached":33,"playtime":2054,"items_purged":[],"score":317,"play_id":"0d654996-08a0-4d22-98f6-3927988680f1","local_time":"20210101202005","is_ascension_mode":false,"campfire_choices":[{"data":"Feed","floor":6,"key":"SMITH"},{"floor":8,"key":"REST"},{"data":"Armaments","floor":15,"key":"SMITH"},{"data":"Seeing Red","floor":29,"key":"SMITH"},{"data":"Bandage Up","floor":32,"key":"SMITH"}],"circlet_count":0,"master_deck":["Strike_R+1","Strike_R+1","Strike_R+1","Strike_R+1","Strike_R+1","Defend_R+1","Defend_R+1","Defend_R+1","Defend_R+1","Bash","Armaments+1","Bloodletting","Cleave","Feed+1","Bandage Up+1","Anger","Rampage+1","Shrug It Off","Juggernaut","Shrug It Off","Shrug It Off+1","Headbutt+1","Seeing Red+1","Inflame","Intimidate+1"],"relics":["Burning Blood","NeowsBlessing","Centennial Puzzle","Gremlin Horn","Golden Idol","MawBank","Philosopher\u0027s Stone","PreservedInsect","Molten Egg 2","Juzu Bracelet","Bird Faced Urn","Mango","Toxic Egg 2"],"acts_visited":["Exordium","TheCity"],"potions_floor_usage":[11,14,16,16,23,27,30],"damage_taken":[{"damage":0,"enemies":"Jaw Worm","floor":1,"turns":1},{"damage":0,"enemies":"Small Slimes","floor":2,"turns":2},{"damage":0,"enemies":"Cultist","floor":3,"turns":1},{"damage":10,"enemies":"3 Louse","floor":4,"turns":2},{"damage":45,"enemies":"Lagavulin Event","floor":7,"turns":8},{"damage":13,"enemies":"3 Sentries","floor":11,"turns":9},{"damage":0,"enemies":"2 Fungi Beasts","floor":13,"turns":3},{"damage":13,"enemies":"Large Slime","floor":14,"turns":4},{"damage":51,"enemies":"Slime Boss","floor":16,"turns":12},{"damage":29,"enemies":"Spheric Guardian","floor":18,"turns":6},{"damage":10,"enemies":"2 Thieves","floor":22,"turns":5},{"damage":30,"enemies":"Gremlin Leader","floor":23,"turns":4},{"damage":36,"enemies":"Snake Plant","floor":24,"turns":5},{"damage":3,"enemies":"3 Cultists","floor":27,"turns":5},{"damage":8,"enemies":"Colosseum Slavers","floor":30,"turns":4},{"damage":19,"enemies":"Colosseum Nobs","floor":30,"turns":4},{"damage":17,"enemies":"Centurion and Healer","floor":31,"turns":5},{"damage":114,"enemies":"Collector","floor":33,"turns":11}],"seed_played":"-8567468534092415672","potions_obtained":[{"floor":2,"key":"Energy Potion"},{"floor":3,"key":"Energy Potion"},{"floor":7,"key":"Block Potion"},{"floor":11,"key":"SteroidPotion"},{"floor":22,"key":"PowerPotion"},{"floor":24,"key":"BlessingOfTheForge"},{"floor":27,"key":"LiquidMemories"},{"floor":31,"key":"Energy Potion"}],"is_trial":false,"path_per_floor":["M","M","M","M","$","R","?","R","T","?","E","?","M","M","R","B",null,"M","$","?","?","M","E","M","?","T","M","?","R","?","M","R","B"],"character_chosen":"IRONCLAD","items_purchased":["Bandage Up","Anger","PreservedInsect"],"campfire_rested":1,"item_purchase_floors":[5,5,19],"current_hp_per_floor":[80,80,80,76,76,76,45,70,70,70,71,71,81,78,78,41,90,75,75,75,75,75,55,29,29,29,42,74,74,93,94,94,0,0],"gold":554,"neow_bonus":"THREE_ENEMY_KILL","is_daily":false,"chose_seed":false,"campfire_upgraded":4,"win_rate":0.0,"timestamp":1609528805,"path_taken":["M","M","M","M","$","R","?","R","T","?","E","?","M","M","R","BOSS","M","$","?","?","M","E","M","?","T","M","?","R","?","M","R","BOSS"],"items_purchased_type":["Card","Card","Relic"],"build_version":"2020-12-22","purchased_purges":0,"victory":false,"max_hp_per_floor":[80,80,80,80,80,80,84,84,84,78,82,82,86,86,86,90,90,94,94,94,94,94,94,94,94,94,98,98,98,120,124,124,124,124],"card_choices":[{"not_picked":["Thunderclap","Power Through"],"picked":"Armaments","floor":1},{"not_picked":["Sword Boomerang","Thunderclap"],"picked":"Bloodletting","floor":2},{"not_picked":["Headbutt","Hemokinesis"],"picked":"Cleave","floor":3},{"not_picked":["Cleave","Anger"],"picked":"Feed","floor":4},{"not_picked":["Burning Pact","Combust"],"picked":"Rampage","floor":7},{"not_picked":["Cleave","Body Slam"],"picked":"Pommel Strike","floor":11},{"not_picked":["Thunderclap","Body Slam","Carnage"],"picked":"SKIP","floor":13},{"not_picked":["True Grit","Dual Wield"],"picked":"Shrug It Off","floor":14},{"not_picked":["Impervious","Fiend Fire"],"picked":"Juggernaut","floor":16},{"not_picked":["Sever Soul","Body Slam"],"picked":"Shrug It Off","floor":18},{"not_picked":["Thunderclap+1","Perfected Strike+1"],"picked":"Shrug It Off+1","floor":22},{"not_picked":["Second Wind+1","Power Through","Flame Barrier"],"picked":"SKIP","floor":23},{"not_picked":["Shockwave","Second Wind"],"picked":"Headbutt+1","floor":24},{"not_picked":["Shockwave","Spot Weakness"],"picked":"Seeing Red","floor":27},{"not_picked":["Brutality","Pummel+1"],"picked":"Inflame","floor":30},{"not_picked":["Sever Soul+1","Clothesline+1"],"picked":"Intimidate+1","floor":31}],"player_experience":11922,"relics_obtained":[{"floor":7,"key":"Centennial Puzzle"},{"floor":9,"key":"Gremlin Horn"},{"floor":11,"key":"MawBank"},{"floor":23,"key":"Juzu Bracelet"},{"floor":26,"key":"Bird Faced Urn"},{"floor":30,"key":"Mango"},{"floor":30,"key":"Toxic Egg 2"}],"event_choices":[{"damage_healed":0,"gold_gain":30,"player_choice":"Searched \u00273\u0027 times","damage_taken":0,"max_hp_gain":0,"max_hp_loss":0,"event_name":"Dead Adventurer","floor":7,"gold_loss":0},{"damage_healed":0,"gold_gain":0,"player_choice":"Lose Max HP","damage_taken":0,"relics_obtained":["Golden Idol"],"max_hp_gain":0,"max_hp_loss":6,"event_name":"Golden Idol","floor":10,"gold_loss":0},{"damage_healed":0,"gold_gain":0,"player_choice":"Grow","damage_taken":0,"max_hp_gain":0,"max_hp_loss":0,"event_name":"Living Wall","floor":12,"gold_loss":0,"cards_upgraded":["Rampage"]},{"damage_healed":0,"gold_gain":0,"player_choice":"Simplicity","damage_taken":0,"max_hp_gain":0,"max_hp_loss":0,"event_name":"Back to Basics","floor":20,"gold_loss":0,"cards_upgraded":["Strike_R","Strike_R","Strike_R","Strike_R","Strike_R","Defend_R","Defend_R","Defend_R","Defend_R"]},{"cards_removed":["Pommel Strike"],"damage_healed":0,"gold_gain":0,"player_choice":"Gave Card","damage_taken":0,"relics_obtained":["Molten Egg 2"],"max_hp_gain":0,"max_hp_loss":0,"event_name":"WeMeetAgain","floor":21,"gold_loss":0},{"damage_healed":0,"gold_gain":0,"player_choice":"Ignored","damage_taken":0,"max_hp_gain":0,"max_hp_loss":0,"event_name":"Ghosts","floor":25,"gold_loss":0},{"damage_healed":32,"gold_gain":0,"player_choice":"Heal","damage_taken":0,"max_hp_gain":0,"max_hp_loss":0,"event_name":"The Library","floor":28,"gold_loss":0},{"damage_healed":0,"gold_gain":0,"player_choice":"Fight","damage_taken":0,"max_hp_gain":0,"max_hp_loss":0,"event_name":"Colosseum","floor":30,"gold_loss":0},{"damage_healed":0,"gold_gain":0,"player_choice":"Fought Nobs","damage_taken":0,"max_hp_gain":0,"max_hp_loss":0,"event_name":"Colosseum","floor":30,"gold_loss":0}],"is_beta":false,"boss_relics":[{"not_picked":["Runic Dome","Velvet Choker"],"picked":"Philosopher\u0027s Stone"}],"items_purged_floors":[],"is_endless":false,"potions_floor_spawned":[2,3,7,11,22,24,27,31],"killed_by":"Collector","ascension_level":0}}