{"host":"9d9dhukr2jywmy0f","time":1609520309,"event":{"mods":["2.2 Compatiblity","Alarm Clock","BaseMod","Bestiary","Block Reminder","Colored Map","Colored Powertips","Curses Come First","DeckTracker","Displayed Cursed Tome","Highlight Path","Key Reminder","Keyboard Shortcuts","Koishi","Minty Spire (QoL Compilation)","MonsterHotkey","Potion Indicator Mod","Quick Restart","Rare Cards Sparkle","Relic Sorter","Relic Stats","Spire Birthday Party","StSLib","Synergy Search","Unceasing Turn Reminder","Unknown Chances"],"gold_per_floor":[116,129,145,155,80,105,105,139,139,159,159,159,175,175,175],"floor_reached":14,"playtime":1206,"items_purged":["Koishi:BasicDefend"],"score":158,"play_id":"504019c1-0ab9-4d4b-84a6-c0f95a6b6182","local_time":"20210102005829","is_ascension_mode":true,"campfire_choices":[{"floor":7.0,"key":"REST"},{"data":"Koishi:EmbersOfLove","floor":11,"key":"SMITH"}],"circlet_count":0,"master_deck":["AscendersBane","Koishi:BasicStrike","Koishi:BasicStrike","Koishi:BasicStrike","Koishi:BasicDefend","Koishi:BasicDefend","Koishi:Provoke","Koishi:HauntingSlash","Koishi:EmbersOfLove+1","Koishi:UnconsciousUprising","Koishi:UnconsciousUprising","Koishi:IdleWhim","Koishi:MindNumbingTerror"],"relics":["Koishi:ImaginaryFriend","Bronze Scales","Meat on the Bone","Koishi:ImperfectMetamorphosis","TungstenRod"],"acts_visited":["Exordium"],"potions_floor_usage":[8,14,14],"damage_taken":[{"damage":0.0,"enemies":"Jaw Worm","floor":1.0,"turns":5.0},{"damage":3.0,"enemies":"2 Louse","floor":2.0,"turns":3.0},{"damage":1.0,"enemies":"Small Slimes","floor":3.0,"turns":4.0},{"damage":6.0,"enemies":"Exordium Thugs","floor":4.0,"turns":7.0},{"damage":43.0,"enemies":"Gremlin Nob","floor":6.0,"turns":6.0},{"damage":9,"enemies":"3 Sentries","floor":8,"turns":11},{"damage":0,"enemies":"Blue Slaver","floor":10,"turns":11},{"damage":4,"enemies":"Gremlin Gang","floor":13,"turns":16},{"damage":46,"enemies":"Lagavulin","floor":14,"turns":19}],"seed_played":"-4331014289269488574","potions_obtained":[{"floor":1.0,"key":"DuplicationPotion"},{"floor":6.0,"key":"BlessingOfTheForge"},{"floor":8,"key":"SneckoOil"}],"is_trial":false,"path_per_floor":["M","M","M","M","$","E","R","E","T","M","R","?","M","E"],"character_chosen":"KOISHI","items_purchased":[],"campfire_rested":1,"item_purchase_floors":[],"current_hp_per_floor":[56,54,55,52,52,12,30,33,33,36,36,36,37,0,0],"gold":175,"neow_bonus":"RANDOM_COMMON_RELIC","is_daily":false,"chose_seed":false,"campfire_upgraded":1,"win_rate":0.0,"timestamp":1609520309,"path_taken":["M","M","M","M","$","E","R","E","T","M","R","?","M","E"],"items_purchased_type":[],"build_version":"2020-11-30","purchased_purges":1,"victory":false,"max_hp_per_floor":[60,60,60,60,60,60,60,60,60,60,60,60,60,60,60],"relic_stats":{"counters":[9,82],"Bronze Scales":[149],"obtain_stats":[{"Bronze Scales":0,"Koishi:ImperfectMetamorphosis":8,"TungstenRod":9,"Koishi:ImaginaryFriend":0,"Meat on the Bone":6},{"Bronze Scales":0,"Koishi:ImperfectMetamorphosis":6,"TungstenRod":6,"Koishi:ImaginaryFriend":0,"Meat on the Bone":5},{"Bronze Scales":0,"Koishi:ImperfectMetamorphosis":36,"TungstenRod":36,"Koishi:ImaginaryFriend":0,"Meat on the Bone":25}],"TungstenRod":8,"Meat on the Bone":12},"card_choices":[{"not_picked":["Koishi:Vanish","Koishi:EmbryosDream","Koishi:JumpScare"],"picked":"SKIP","floor":1.0},{"not_picked":["Koishi:Prune","Koishi:ParalyzingFear","Koishi:FidgetySnatcher"],"picked":"SKIP","floor":2.0},{"not_picked":["Koishi:Prune","Koishi:TremblingHands","Koishi:DanmakuParanoia"],"picked":"SKIP","floor":3.0},{"not_picked":["Koishi:Prune","Koishi:ParalyzingFear"],"picked":"Koishi:EmbersOfLove","floor":4.0},{"not_picked":["Koishi:RoseHell","Koishi:RacingHeart"],"picked":"Koishi:UnconsciousUprising","floor":6.0},{"not_picked":["Koishi:RacingHeart","Koishi:PhantomBarrier","Koishi:HeartfeltFancy"],"picked":"SKIP","floor":8},{"not_picked":["Koishi:VengefulSpirit","Koishi:ImGoingToCallYouNow","Koishi:SpiritedAway"],"picked":"SKIP","floor":10},{"not_picked":["Koishi:RacingHeart","Koishi:PhantomStrike"],"picked":"Koishi:MindNumbingTerror","floor":13}],"player_experience":846528,"relics_obtained":[{"floor":6.0,"key":"Meat on the Bone"},{"floor":8,"key":"Koishi:ImperfectMetamorphosis"},{"floor":9,"key":"TungstenRod"}],"event_choices":[{"damage_healed":0,"gold_gain":0,"player_choice":"Ignored","damage_taken":0,"max_hp_gain":0,"max_hp_loss":0,"event_name":"Liars Game","floor":12,"gold_loss":0}],"is_beta":false,"boss_relics":[],"items_purged_floors":[5],"is_endless":false,"potions_floor_spawned":[1,6,8],"killed_by":"Lagavulin","ascension_level":11}}