{"host":"m77rrhbqzv44va4v","time":1609472356,"event":{"mods":["AchievementEnabler","BaseMod","Colored Map","DeckTracker","Keyboard Shortcuts","Minty Spire (QoL Compilation)","StSLib","SuperFastMode","everything is the same but u backflip on backflip"],"gold_per_floor":[109,259,276,287,362,362,362,362],"floor_reached":7,"playtime":151,"items_purged":[],"score":78,"play_id":"aee57e01-eeb1-4eff-a5d3-0649f13fb155","local_time":"20210101123916","is_ascension_mode":true,"campfire_choices":[{"data":"Bash","floor":6.0,"key":"SMITH"}],"circlet_count":0,"master_deck":["AscendersBane","Strike_R","Strike_R","Strike_R","Strike_R","Strike_R","Defend_R","Defend_R","Defend_R","Defend_R","Bash+1","Ghostly Armor","Doubt","Shrug It Off","Cleave"],"relics":["Burning Blood","Incense Burner"],"acts_visited":["Exordium"],"potions_floor_usage":[7],"damage_taken":[{"damage":8.0,"enemies":"2 Louse","floor":1.0,"turns":4.0},{"damage":1.0,"enemies":"Small Slimes","floor":3.0,"turns":3.0},{"damage":14.0,"enemies":"Cultist","floor":4.0,"turns":6.0},{"damage":11,"enemies":"Gremlin Nob","floor":7,"turns":3}],"seed_played":"-8852933188944796729","potions_obtained":[{"floor":1.0,"key":"SkillPotion"}],"is_trial":false,"path_per_floor":["M","?","M","M","?","R","E"],"character_chosen":"IRONCLAD","items_purchased":[],"campfire_rested":0,"item_purchase_floors":[],"current_hp_per_floor":[48,48,53,45,34,34,23,23],"gold":362,"neow_bonus":"ONE_RARE_RELIC","is_daily":false,"chose_seed":false,"campfire_upgraded":1,"win_rate":0.0,"timestamp":1609472356,"path_taken":["M","?","M","M","?","R","E"],"items_purchased_type":[],"build_version":"2020-12-22","purchased_purges":0,"victory":false,"max_hp_per_floor":[75,75,75,75,75,75,75,75],"card_choices":[{"not_picked":["Clash","Headbutt"],"picked":"Ghostly Armor","floor":1.0},{"not_picked":["True Grit","Sword Boomerang"],"picked":"Shrug It Off","floor":3.0},{"not_picked":["Anger","Iron Wave"],"picked":"Cleave","floor":4.0}],"player_experience":866445,"relics_obtained":[],"event_choices":[{"damage_healed":0.0,"max_hp_gain":0.0,"max_hp_loss":0.0,"gold_gain":150.0,"event_name":"Liars Game","player_choice":"AGREE","floor":2.0,"gold_loss":0.0,"damage_taken":0.0,"cards_obtained":["Doubt"]},{"damage_healed":0.0,"max_hp_gain":0.0,"max_hp_loss":0.0,"gold_gain":75.0,"event_name":"World of Goop","player_choice":"Gather Gold","floor":5.0,"gold_loss":0.0,"damage_taken":11.0}],"is_beta":false,"boss_relics":[],"items_purged_floors":[],"is_endless":false,"potions_floor_spawned":[1],"killed_by":"Gremlin Nob","ascension_level":18}}