{"host":"icrrc9b69c1a6188","time":1609477139,"event":{"mods":["Act Like it!","BaseMod","Bestiary","Better Altar","Better Match","Better Note","Better Sensory Stone","Better Skull","Better Third Choice","Block Reminder","Colored Map","Colored Powertips","Curses Come First","Displayed Cursed Tome","Faster Ascension Climbing","HexUI Lib","Jorbs\u0027s Wanderer Trilogy","Minty Spire (QoL Compilation)","Quick Restart","RNG Fix","Random Character Mod","Rare Cards Sparkle","Spicy Shops","StSLib","Unceasing Turn Reminder"],"gold_per_floor":[119,119,119,7,17,17,47,60,60,90,90,90,104,121,121,194,194,209,225,236,248,248,282,282,296,296,296,321,321,321,371,371,371,371],"floor_reached":33,"playtime":1318,"items_purged":["Strike_R"],"score":690,"play_id":"ade266a1-a732-4689-85fe-1b87022e8f7f","local_time":"20201231225859","is_ascension_mode":true,"campfire_choices":[{"data":"Flex","floor":6,"key":"SMITH"},{"data":"Fire Breathing","floor":11,"key":"SMITH"},{"data":"Heavy Blade","floor":15,"key":"SMITH"},{"data":"Battle Trance","floor":24,"key":"SMITH"},{"floor":27,"key":"REST"},{"data":"Disarm","floor":29,"key":"SMITH"},{"data":"Shockwave","floor":32,"key":"SMITH"}],"circlet_count":0,"master_deck":["AscendersBane","Strike_R","Strike_R","Defend_R","Defend_R+1","Defend_R","Defend_R","Bash+1","Flex+1","Reckless Charge","Pommel Strike","Shockwave+1","Fire Breathing+1","Heavy Blade+1","Double Tap","Impervious","Fire Breathing","Wild Strike","Cleave+1","Power Through+1","Thunderclap","Battle Trance+1","Disarm+1","Disarm+1"],"relics":["Burning Blood","NeowsBlessing","Torii","Blood Vial","Nunchaku","Matryoshka","SlaversCollar","Ornamental Fan","Lantern","Meat on the Bone","Juzu Bracelet"],"acts_visited":["Exordium","TheCity"],"potions_floor_usage":[8,19,23,28,33],"damage_taken":[{"damage":0,"enemies":"Cultist","floor":1,"turns":1},{"damage":0,"enemies":"Jaw Worm","floor":5,"turns":1},{"damage":0,"enemies":"3 Sentries","floor":7,"turns":1},{"damage":7,"enemies":"Small Slimes","floor":8,"turns":3},{"damage":25,"enemies":"Lagavulin","floor":10,"turns":5},{"damage":6,"enemies":"Looter","floor":13,"turns":2},{"damage":0,"enemies":"3 Louse","floor":14,"turns":3},{"damage":28,"enemies":"Hexaghost","floor":16,"turns":9},{"damage":9,"enemies":"Chosen","floor":18,"turns":6},{"damage":3,"enemies":"2 Thieves","floor":19,"turns":5},{"damage":14,"enemies":"Centurion and Healer","floor":20,"turns":6},{"damage":29,"enemies":"Snecko","floor":21,"turns":6},{"damage":30,"enemies":"Book of Stabbing","floor":23,"turns":5},{"damage":0,"enemies":"Snake Plant","floor":25,"turns":1},{"damage":0,"enemies":"Gremlin Leader","floor":28,"turns":5},{"damage":107,"enemies":"Champ","floor":33,"turns":12}],"seed_played":"8171331199489936748","potions_obtained":[{"floor":5,"key":"SneckoOil"},{"floor":13,"key":"BloodPotion"},{"floor":16,"key":"Block Potion"},{"floor":19,"key":"SteroidPotion"},{"floor":25,"key":"AttackPotion"}],"is_trial":false,"path_per_floor":["M","?","?","$","M","R","E","M","T","E","R","?","M","M","R","B",null,"M","M","M","M","?","E","R","M","T","R","E","R","?","?","R","B"],"character_chosen":"IRONCLAD","items_purchased":["Reckless Charge"],"campfire_rested":1,"item_purchase_floors":[4],"current_hp_per_floor":[74,69,46,46,52,52,58,59,59,42,42,42,44,52,52,32,64,63,68,62,41,41,19,19,27,27,49,57,57,57,50,50,0,0],"gold":371,"neow_bonus":"THREE_ENEMY_KILL","is_daily":false,"chose_seed":false,"campfire_upgraded":6,"win_rate":0.0,"timestamp":1609477139,"path_taken":["M","?","?","$","?","R","E","?","T","E","R","?","M","M","R","BOSS","M","M","M","M","?","E","R","M","T","R","E","R","?","?","R","BOSS"],"items_purchased_type":["Card"],"build_version":"2020-12-22","purchased_purges":1,"victory":false,"max_hp_per_floor":[75,75,75,75,75,75,75,75,75,75,75,75,75,75,75,75,75,75,75,75,75,75,75,75,75,75,75,75,75,75,75,75,75,75],"card_choices":[{"not_picked":["Sever Soul","Entrench"],"picked":"Flex","floor":1},{"not_picked":["Clash","Sentinel"],"picked":"Pommel Strike","floor":5},{"not_picked":["Perfected Strike","Dual Wield"],"picked":"Shockwave","floor":7},{"not_picked":["Clothesline","Thunderclap","Armaments"],"picked":"SKIP","floor":8},{"not_picked":["Dropkick","Headbutt"],"picked":"Fire Breathing","floor":10},{"not_picked":["Sever Soul","Clothesline"],"picked":"Heavy Blade","floor":13},{"not_picked":["Armaments","Anger"],"picked":"Double Tap","floor":14},{"not_picked":["Berserk","Bludgeon"],"picked":"Impervious","floor":16},{"not_picked":["Armaments+1","Havoc"],"picked":"Fire Breathing","floor":18},{"not_picked":["Carnage","Anger"],"picked":"Wild Strike","floor":19},{"not_picked":["Infernal Blade","Perfected Strike"],"picked":"Cleave+1","floor":20},{"not_picked":["Perfected Strike","Armaments"],"picked":"Power Through+1","floor":21},{"not_picked":["Burning Pact","Rampage"],"picked":"Battle Trance","floor":23},{"not_picked":["Clothesline+1","Bludgeon"],"picked":"Disarm","floor":25},{"not_picked":["Battle Trance","Intimidate"],"picked":"Disarm","floor":28}],"player_experience":716575,"relics_obtained":[{"floor":7,"key":"Blood Vial"},{"floor":9,"key":"Nunchaku"},{"floor":10,"key":"Matryoshka"},{"floor":23,"key":"Ornamental Fan"},{"floor":26,"key":"Lantern"},{"floor":26,"key":"Meat on the Bone"},{"floor":28,"key":"Juzu Bracelet"}],"event_choices":[{"damage_healed":0,"gold_gain":0,"player_choice":"Relic ","damage_taken":5,"max_hp_gain":0,"max_hp_loss":0,"event_name":"betterThird:BetterScrap","floor":2,"gold_loss":0,"cards_obtained":["ForeignInfluence"]},{"damage_healed":69,"gold_gain":0,"player_choice":"Upgrade","damage_taken":23,"max_hp_gain":0,"max_hp_loss":75,"event_name":"betterThird:BetterShining","floor":3,"gold_loss":0,"cards_upgraded":["Defend_R","Bash"]},{"cards_removed":["Strike_R"],"damage_healed":0,"gold_gain":0,"player_choice":"Offered Basic","damage_taken":0,"max_hp_gain":0,"max_hp_loss":0,"event_name":"Bonfire Elementals","floor":12,"gold_loss":0},{"damage_healed":0,"gold_gain":0,"cards_transformed":["Strike_R"],"player_choice":"Transformed","damage_taken":0,"max_hp_gain":0,"max_hp_loss":0,"event_name":"Transmorgrifier","floor":22,"gold_loss":0,"cards_obtained":["Thunderclap"]},{"damage_healed":0,"gold_gain":0,"player_choice":"Forge","damage_taken":0,"max_hp_gain":0,"max_hp_loss":0,"event_name":"Accursed Blacksmith","floor":30,"gold_loss":0,"cards_upgraded":["Disarm"]},{"damage_healed":0,"gold_gain":50,"player_choice":"Touch","damage_taken":7,"max_hp_gain":0,"max_hp_loss":0,"event_name":"FaceTrader","floor":31,"gold_loss":0}],"is_beta":false,"boss_relics":[{"not_picked":["Runic Dome","Pandora\u0027s Box"],"picked":"SlaversCollar"}],"items_purged_floors":[4],"is_endless":false,"potions_floor_spawned":[5,13,16,18,19,25],"killed_by":"Champ","ascension_level":20}}