{"host":"vfg9szunmpjwj08o","time":1609540916,"event":{"mods":["Act Like it!","BaseMod","Challenge The Spire","Colored Map","Colored Powertips","Minty Spire (QoL Compilation)","StSLib","Waifu the Spire"],"gold_per_floor":[119,135,135,145,70,70,101,101,101,101,115,126,155,173,173,173,173],"floor_reached":16,"playtime":516,"items_purged":["Strike_B"],"score":218,"play_id":"a72b262a-9a99-412c-8ba3-a47101638ce8","local_time":"20210101234156","is_ascension_mode":true,"campfire_choices":[{"data":"Zap","floor":6,"key":"SMITH"},{"data":"Dualcast","floor":10,"key":"SMITH"},{"data":"Aggregate","floor":15,"key":"SMITH"}],"circlet_count":0,"master_deck":["AscendersBane","Strike_B","Strike_B","Defend_B","Defend_B","Defend_B","Defend_B","Zap+1","Dualcast+1","Ball Lightning","Aggregate+1","FTL","Machine Learning","Lockon","Reinforced Body","Chill+1","Compile Driver"],"relics":["Cracked Core","FossilizedHelix","Toxic Egg 2"],"acts_visited":["Exordium"],"potions_floor_usage":[16,16],"damage_taken":[{"damage":0,"enemies":"2 Louse","floor":1,"turns":1},{"damage":5,"enemies":"Small Slimes","floor":2,"turns":3},{"damage":0,"enemies":"Cultist","floor":4,"turns":2},{"damage":44,"enemies":"Gremlin Nob","floor":7,"turns":4},{"damage":0,"enemies":"Looter","floor":11,"turns":3},{"damage":3,"enemies":"Exordium Thugs","floor":12,"turns":4},{"damage":15,"enemies":"3 Sentries","floor":13,"turns":8},{"damage":0,"enemies":"2 Fungi Beasts","floor":14,"turns":3},{"damage":18,"enemies":"Hexaghost","floor":16,"turns":9}],"seed_played":"2163613383003852938","potions_obtained":[{"floor":2,"key":"SpeedPotion"},{"floor":4,"key":"FairyPotion"},{"floor":7,"key":"Weak Potion"},{"floor":13,"key":"SkillPotion"}],"is_trial":false,"path_per_floor":["M","M","?","M","$","R","E","?","T","R","M","M","E","M","R","B"],"character_chosen":"DEFECT","items_purchased":[],"campfire_rested":0,"item_purchase_floors":[],"current_hp_per_floor":[64,59,59,59,59,59,15,11,11,11,11,8,16,16,16,0,0],"gold":173,"neow_bonus":"THREE_CARDS","is_daily":false,"chose_seed":false,"campfire_upgraded":3,"win_rate":0.0,"timestamp":1609540916,"path_taken":["M","M","?","M","$","R","E","?","T","R","?","M","E","M","R","BOSS"],"items_purchased_type":[],"build_version":"2020-12-22","purchased_purges":1,"victory":false,"max_hp_per_floor":[71,71,71,71,71,71,71,71,71,71,71,71,71,71,71,71,71],"card_choices":[{"not_picked":["Streamline","Steam"],"picked":"Ball Lightning","floor":0},{"not_picked":["Sweeping Beam","Melter"],"picked":"Aggregate","floor":1},{"not_picked":["Steam","Rip and Tear"],"picked":"FTL","floor":2},{"not_picked":["Tempest","Steam","Doom and Gloom"],"picked":"SKIP","floor":4},{"not_picked":["Stack","Leap"],"picked":"Machine Learning","floor":7},{"not_picked":["Barrage","Conserve Battery"],"picked":"Lockon","floor":11},{"not_picked":["Conserve Battery","Beam Cell"],"picked":"Reinforced Body","floor":12},{"not_picked":["Melter","Skim+1"],"picked":"Chill+1","floor":13},{"not_picked":["Capacitor","Static Discharge"],"picked":"Compile Driver","floor":14}],"player_experience":1029626,"relics_obtained":[{"floor":7,"key":"FossilizedHelix"},{"floor":13,"key":"Toxic Egg 2"}],"event_choices":[{"cards_removed":["Strike_B"],"damage_healed":0,"gold_gain":0,"player_choice":"Forget","damage_taken":0,"max_hp_gain":0,"max_hp_loss":0,"event_name":"Living Wall","floor":3,"gold_loss":0},{"damage_healed":0,"gold_gain":0,"player_choice":"Bought 0 Potions","damage_taken":0,"max_hp_gain":0,"max_hp_loss":0,"event_name":"The Woman in Blue","floor":8,"gold_loss":0}],"is_beta":false,"boss_relics":[],"items_purged_floors":[5],"is_endless":false,"potions_floor_spawned":[2,4,7,11,13],"killed_by":"Hexaghost","ascension_level":19}}