{"host":"usrgk25etjl0nf5i","time":1609544568,"event":{"mods":["2.2 Compatiblity","BaseMod","Downfall","Hubris","Minty Spire (QoL Compilation)","StSLib","SuperFastMode"],"gold_per_floor":[112,131,150,150,169,198,198,209,209,244,260,278,309,9,9,114,114,132,142,71,71,71,105,105,130,130,146,156,186,217,244,256,364,376,398,370,397,90,101,101,101,101,153,41,76,126,137,37,37,37],"floor_reached":51,"playtime":2231,"items_purged":["Defend_R","Shame"],"score":1449,"play_id":"ccaf8252-86ae-4e89-9c79-17517b5a99ae","local_time":"20210101154248","is_ascension_mode":true,"campfire_choices":[{"floor":7,"key":"REST"},{"floor":15,"key":"REST"},{"floor":24,"key":"RECALL"},{"floor":32,"key":"REST"},{"floor":40,"key":"REST"},{"floor":42,"key":"REST"},{"floor":49,"key":"DIG"}],"circlet_count":0,"master_deck":["AscendersBane","Strike_R","Strike_R","Strike_R","Strike_R","Defend_R","Defend_R","Defend_R","Bash","Heavy Blade","Cleave","Whirlwind","Impervious","Battle Trance","Flex","Intimidate","Combust","Flex","Twin Strike","Heavy Blade","Inflame","Barricade","hubris:DuctTapeCard+2","Inflame","Iron Wave","Flex","Shrug It Off+1","Inflame+1","Demon Form+1","Cleave","Fire Breathing+1","Fire Breathing","Rage+1","Feel No Pain","Pummel","Exhume","Warcry","Limit Break"],"relics":["Burning Blood","hubris:CuriousFeather","Pocketwatch","Guardian:GemstoneGun","Ginger","StrikeDummy","PreservedInsect","Fusion Hammer","hubris:AstralHammer","Orichalcum","Gambling Chip","hubris:DuctTape","MawBank","expansioncontent:StudyCardRelic","Mummified Hand","Anchor","Bag of Preparation","Shovel","Bottled Flame"],"acts_visited":["Exordium","TheCity","TheBeyond"],"potions_floor_usage":[10,16,16,23,29,50],"damage_taken":[{"damage":1,"enemies":"Cultist","floor":1,"turns":3},{"damage":2,"enemies":"2 Louse","floor":2,"turns":2},{"damage":9,"enemies":"Jaw Worm","floor":3,"turns":3},{"damage":0,"enemies":"Large Slime","floor":5,"turns":4},{"damage":44,"enemies":"Gremlin Nob","floor":6,"turns":5},{"damage":0,"enemies":"Lots of Slimes","floor":8,"turns":1},{"damage":33,"enemies":"Lagavulin","floor":10,"turns":8},{"damage":2,"enemies":"Gremlin Gang","floor":11,"turns":2},{"damage":0,"enemies":"Large Slime","floor":12,"turns":4},{"damage":29,"enemies":"3 Sentries","floor":13,"turns":5},{"damage":23,"enemies":"The Guardian","floor":16,"turns":8},{"damage":3,"enemies":"Spheric Guardian","floor":18,"turns":3},{"damage":1,"enemies":"3 Byrds","floor":19,"turns":2},{"damage":20,"enemies":"Slavers","floor":23,"turns":4},{"damage":1,"enemies":"Gremlin Leader","floor":25,"turns":3},{"damage":18,"enemies":"Shelled Parasite and Fungi","floor":27,"turns":3},{"damage":17,"enemies":"Centurion and Healer","floor":28,"turns":3},{"damage":7,"enemies":"Slavers","floor":29,"turns":3},{"damage":1,"enemies":"3 Cultists","floor":30,"turns":2},{"damage":4,"enemies":"Cultist and Chosen","floor":31,"turns":3},{"damage":20,"enemies":"hubris:MusketHawk","floor":33,"turns":5},{"damage":16,"enemies":"Orb Walker","floor":35,"turns":3},{"damage":15,"enemies":"3 Shapes","floor":37,"turns":3},{"damage":34,"enemies":"Maw","floor":39,"turns":4},{"damage":37,"enemies":"Nemesis","floor":45,"turns":3},{"damage":2,"enemies":"Mind Bloom Boss Battle","floor":46,"turns":2},{"damage":1,"enemies":"3 Darklings","floor":47,"turns":4},{"damage":5,"enemies":"Donu and Deca","floor":50,"turns":4}],"seed_played":"4980022177419030274","potions_obtained":[{"floor":5,"key":"SpeedPotion"},{"floor":8,"key":"DistilledChaos"},{"floor":10,"key":"hexamod:EctoCoolerPotion"},{"floor":13,"key":"BloodPotion"},{"floor":18,"key":"Explosive Potion"},{"floor":23,"key":"Fire Potion"},{"floor":29,"key":"FairyPotion"},{"floor":31,"key":"HeartOfIron"}],"is_trial":false,"path_per_floor":["M","M","M","?","M","E","R","M","T","E","M","M","E","$","R","B",null,"M","M","$","?","$","E","R","E","T","M","M","E","M","M","R","B",null,"M","?","M","$","M","R","?","R","T","$","E","?","M","$","R","B",null],"character_chosen":"IRONCLAD","items_purchased":["PreservedInsect","Rupture","Inflame","Mummified Hand","Fire Breathing","Feel No Pain","Pummel"],"campfire_rested":5,"item_purchase_floors":[14,14,20,38,38,44,44],"current_hp_per_floor":[56,60,57,57,63,25,49,55,55,28,32,38,15,15,39,38,70,73,78,78,78,78,64,64,69,69,57,46,45,50,52,76,62,76,66,66,57,57,29,53,53,77,77,77,46,50,55,55,55,56],"gold":37,"neow_bonus":"ONE_RARE_RELIC","is_daily":false,"chose_seed":false,"campfire_upgraded":0,"win_rate":0.0,"timestamp":1609544568,"path_taken":["M","M","?","?","M","E","R","?","T","E","M","M","E","$","R","BOSS","M","M","$","?","$","E","R","E","T","M","M","E","M","M","R","BOSS","M","?","?","$","?","R","?","R","T","$","E","?","M","?","R","BOSS"],"items_purchased_type":["Relic","Card","Card","Relic","Card","Card","Card"],"build_version":"2020-12-22","purchased_purges":2,"victory":true,"max_hp_per_floor":[80,80,80,80,80,80,80,80,80,80,80,80,80,80,80,80,80,80,80,80,80,80,80,80,80,80,80,80,80,80,80,80,80,80,80,80,80,80,80,80,80,80,80,80,80,80,80,80,80,80],"card_choices":[{"not_picked":["Sword Boomerang","Pommel Strike"],"picked":"Heavy Blade","floor":1},{"not_picked":["Anger","Thunderclap"],"picked":"Cleave","floor":2},{"not_picked":["True Grit","Wild Strike"],"picked":"Whirlwind","floor":3},{"not_picked":["Rampage","Wild Strike","Perfected Strike"],"picked":"SKIP","floor":5},{"not_picked":["Headbutt","Shrug It Off"],"picked":"Impervious","floor":6},{"not_picked":["Reckless Charge","Blood for Blood"],"picked":"Battle Trance","floor":8},{"not_picked":["Second Wind","Perfected Strike"],"picked":"Flex","floor":10},{"not_picked":["Pommel Strike","Headbutt"],"picked":"Intimidate","floor":11},{"not_picked":["Body Slam","Uppercut"],"picked":"Combust","floor":12},{"not_picked":["Impervious","Armaments"],"picked":"Flex","floor":13},{"not_picked":["Fiend Fire","Corruption"],"picked":"Brutality","floor":16},{"not_picked":["Shrug It Off","Havoc+1"],"picked":"Twin Strike","floor":18},{"not_picked":["Havoc","hubris:SharpeningStone+1"],"picked":"Heavy Blade","floor":19},{"not_picked":["Burning Pact","Feed","Sword Boomerang"],"picked":"SKIP","floor":23},{"not_picked":["Body Slam","Pommel Strike"],"picked":"Barricade","floor":25},{"not_picked":["Intimidate","Power Through"],"picked":"Inflame","floor":27},{"not_picked":["Thunderclap","True Grit"],"picked":"Iron Wave","floor":28},{"not_picked":["Hemokinesis","hubris:CleavingFinish"],"picked":"Flex","floor":29},{"not_picked":["Havoc","Sword Boomerang"],"picked":"Shrug It Off+1","floor":30},{"not_picked":["Seeing Red","Heavy Blade"],"picked":"Inflame+1","floor":31},{"not_picked":["Exhume","Double Tap"],"picked":"Demon Form","floor":33},{"not_picked":["Sentinel","Anger+1"],"picked":"Cleave","floor":35},{"not_picked":["Pommel Strike","Shockwave+1"],"picked":"Fire Breathing+1","floor":37},{"not_picked":["Warcry","Hemokinesis"],"picked":"Rage+1","floor":39},{"not_picked":["Shrug It Off","Iron Wave"],"picked":"Exhume","floor":45},{"not_picked":["Sever Soul","Iron Wave"],"picked":"Warcry","floor":46},{"not_picked":["hubris:CleavingFinish","Shrug It Off"],"picked":"Limit Break","floor":47}],"player_experience":605160,"relics_obtained":[{"floor":6,"key":"Pocketwatch"},{"floor":9,"key":"Guardian:GemstoneGun"},{"floor":10,"key":"Ginger"},{"floor":13,"key":"StrikeDummy"},{"floor":23,"key":"Orichalcum"},{"floor":25,"key":"Gambling Chip"},{"floor":26,"key":"hubris:DuctTape"},{"floor":29,"key":"MawBank"},{"floor":43,"key":"Anchor"},{"floor":45,"key":"Bag of Preparation"},{"floor":46,"key":"Shovel"},{"floor":49,"key":"Bottled Flame"}],"event_choices":[{"cards_removed":["Strike_R"],"damage_healed":0,"gold_gain":0,"player_choice":"Offered Basic","damage_taken":0,"max_hp_gain":0,"max_hp_loss":0,"event_name":"Bonfire Elementals","floor":4,"gold_loss":0},{"damage_healed":0,"gold_gain":0,"player_choice":"Stole Relic","damage_taken":0,"relics_obtained":["hubris:AstralHammer"],"max_hp_gain":0,"max_hp_loss":0,"event_name":"Addict","floor":21,"gold_loss":0,"cards_obtained":["Shame"]},{"damage_healed":0,"gold_gain":0,"player_choice":"Upgrade","damage_taken":0,"max_hp_gain":0,"max_hp_loss":0,"event_name":"Designer","floor":36,"gold_loss":40,"cards_upgraded":["hubris:DuctTapeCard"]},{"damage_healed":0,"gold_gain":0,"player_choice":"Fight","damage_taken":0,"max_hp_gain":0,"max_hp_loss":0,"event_name":"MindBloom","floor":46,"gold_loss":0}],"is_beta":false,"boss_relics":[{"not_picked":["hubris:CrackedHourglass","Pandora\u0027s Box"],"picked":"Fusion Hammer"},{"not_picked":["hubris:Stopwatch","Runic Dome"],"picked":"expansioncontent:StudyCardRelic"}],"items_purged_floors":[14,48],"is_endless":false,"potions_floor_spawned":[5,8,10,13,18,23,29,31,33,35,37,47],"ascension_level":12}}