{"host":"gttgmv2wah99hzdm","time":1609459917,"event":{"mods":["AchievementEnabler","BaseMod","Bestiary","Block Reminder","Filter the Spire","Minty Spire (QoL Compilation)","Relic Stats","ojb\u0027s Better Paths Mod","ojb\u0027s Info Mod"],"gold_per_floor":[111,111,127,139,159,159,159,193,219,219,219],"floor_reached":10,"playtime":402,"items_purged":[],"score":136,"play_id":"261bcc78-f233-414d-a140-a69b4c1abb6e","local_time":"20201231181157","is_ascension_mode":true,"campfire_choices":[{"data":"Sweeping Beam","floor":6,"key":"SMITH"}],"circlet_count":0,"master_deck":["AscendersBane","Strike_B","Strike_B","Strike_B","Strike_B","Defend_B","Defend_B","Defend_B","Zap","Dualcast","Leap","Sweeping Beam","Biased Cognition","Sweeping Beam+1"],"relics":["Coffee Dripper","Ancient Tea Set","Regal Pillow","Juzu Bracelet"],"acts_visited":["Exordium"],"potions_floor_usage":[8,10],"damage_taken":[{"damage":4,"enemies":"Small Slimes","floor":1,"turns":3},{"damage":0,"enemies":"Cultist","floor":3,"turns":3},{"damage":0,"enemies":"2 Louse","floor":4,"turns":3},{"damage":12,"enemies":"Large Slime","floor":5,"turns":5},{"damage":16,"enemies":"Lagavulin","floor":8,"turns":6},{"damage":15,"enemies":"3 Sentries","floor":10,"turns":2}],"seed_played":"3445525762181372532","potions_obtained":[{"floor":3,"key":"AttackPotion"},{"floor":4,"key":"PowerPotion"}],"is_trial":false,"path_per_floor":["M","?","M","M","M","R","?","E","T","E"],"character_chosen":"DEFECT","items_purchased":[],"campfire_rested":0,"item_purchase_floors":[],"current_hp_per_floor":[60,60,60,60,48,48,22,6,6,0,0],"gold":219,"neow_bonus":"BOSS_RELIC","is_daily":false,"chose_seed":false,"campfire_upgraded":1,"win_rate":0.0,"timestamp":1609459917,"path_taken":["M","?","M","?","M","R","?","E","T","E"],"items_purchased_type":[],"build_version":"2020-12-22","purchased_purges":0,"victory":false,"max_hp_per_floor":[71,71,71,71,71,71,71,71,71,71,71],"relic_stats":{"Regal Pillow":0,"counters":[6,22],"Juzu Bracelet":0,"obtain_stats":[{"Regal Pillow":8,"Coffee Dripper":0,"Juzu Bracelet":9,"Cracked Core":0,"Ancient Tea Set":7},{"Regal Pillow":5,"Coffee Dripper":0,"Juzu Bracelet":5,"Cracked Core":0,"Ancient Tea Set":4},{"Regal Pillow":20,"Coffee Dripper":0,"Juzu Bracelet":20,"Cracked Core":0,"Ancient Tea Set":14}]},"card_choices":[{"not_picked":["Beam Cell","Steam"],"picked":"Leap","floor":1},{"not_picked":["Aggregate","Rebound"],"picked":"Sweeping Beam","floor":3},{"not_picked":["Barrage","Double Energy"],"picked":"Biased Cognition","floor":4},{"not_picked":["Aggregate","Streamline"],"picked":"Sweeping Beam","floor":5},{"not_picked":["Darkness","Barrage","Sweeping Beam"],"picked":"SKIP","floor":8}],"player_experience":1056490,"relics_obtained":[{"floor":8,"key":"Regal Pillow"},{"floor":9,"key":"Juzu Bracelet"}],"event_choices":[{"cards_removed":["Defend_B"],"damage_healed":0,"gold_gain":0,"player_choice":"Purged","damage_taken":0,"max_hp_gain":0,"max_hp_loss":0,"event_name":"Purifier","floor":2,"gold_loss":0},{"damage_healed":0,"gold_gain":0,"player_choice":"Success","damage_taken":26,"relics_obtained":["Ancient Tea Set"],"max_hp_gain":0,"max_hp_loss":0,"event_name":"Scrap Ooze","floor":7,"gold_loss":0}],"is_beta":false,"boss_relics":[],"items_purged_floors":[],"is_endless":false,"potions_floor_spawned":[3,4],"killed_by":"3 Sentries","ascension_level":20}}