{"host":"yfjdi361m7pxsbqz","time":1609501152,"event":{"mods":["BaseMod","DeckTracker","Minty Spire (QoL Compilation)","Quick Restart","StSLib","SuperFastMode"],"gold_per_floor":[114,131,131,148,168,195,253,303,330,349,349,359,393,409,409,485,485,495,495,495,545,211,211,240,240,240,268,268,284,301,320,320,394,394,409,420,420,420,79,79,94,107,107,132,132,152,179,193,193,193,193,193],"floor_reached":51,"playtime":1471,"items_purged":[],"score":1408,"play_id":"19954716-38af-42d3-8154-7483786c324c","local_time":"20210101203912","is_ascension_mode":true,"campfire_choices":[{"floor":11.0,"key":"REST"},{"data":"Metamorphosis","floor":15.0,"key":"SMITH"},{"floor":23.0,"key":"REST"},{"data":"Corruption","floor":25.0,"key":"SMITH"},{"floor":28.0,"key":"REST"},{"data":"Heavy Blade","floor":32.0,"key":"SMITH"},{"data":"Dark Embrace","floor":40.0,"key":"SMITH"},{"floor":45.0,"key":"DIG"},{"floor":49,"key":"DIG"}],"circlet_count":0,"master_deck":["AscendersBane","Strike_R","Strike_R","Strike_R","Strike_R","Strike_R","Defend_R","Defend_R","Defend_R","Defend_R","Bash","Metamorphosis+1","Shrug It Off","Corruption+1","Carnage","Flame Barrier","Reaper","Infernal Blade","Pommel Strike","Hemokinesis","Feel No Pain","Reaper","Immolate","Dropkick+1","Heavy Blade+1","Flex+1","Flex+1","Sentinel+1","Reaper","True Grit+1","Heavy Blade","Clumsy","Dark Embrace+1","PanicButton+1","Armaments+1","Shame","Headbutt+1","Feel No Pain","Reaper"],"relics":["Burning Blood","Boot","Tiny Chest","Regal Pillow","Du-Vu Doll","SlaversCollar","Matryoshka","Brimstone","Strawberry","Dream Catcher","Kunai","Toxic Egg 2","Calipers","Cursed Key","Toy Ornithopter","Bottled Tornado","Strange Spoon","Happy Flower","Shovel","Mercury Hourglass","CaptainsWheel","Mummified Hand"],"acts_visited":["Exordium","TheCity","TheBeyond"],"potions_floor_usage":[47,50,50,50,51],"damage_taken":[{"damage":4.0,"enemies":"Jaw Worm","floor":1.0,"turns":4.0},{"damage":8.0,"enemies":"Cultist","floor":2.0,"turns":3.0},{"damage":5.0,"enemies":"2 Louse","floor":4.0,"turns":3.0},{"damage":15.0,"enemies":"Exordium Thugs","floor":5.0,"turns":4.0},{"damage":39.0,"enemies":"Gremlin Nob","floor":6.0,"turns":4.0},{"damage":8.0,"enemies":"Gremlin Nob","floor":7.0,"turns":3.0},{"damage":10.0,"enemies":"2 Fungi Beasts","floor":10.0,"turns":3.0},{"damage":4.0,"enemies":"Red Slaver","floor":12.0,"turns":3.0},{"damage":31.0,"enemies":"3 Sentries","floor":13.0,"turns":8.0},{"damage":9.0,"enemies":"3 Louse","floor":14.0,"turns":4.0},{"damage":45.0,"enemies":"Slime Boss","floor":16.0,"turns":9.0},{"damage":55.0,"enemies":"Chosen","floor":18.0,"turns":5.0},{"damage":32.0,"enemies":"Gremlin Leader","floor":24.0,"turns":5.0},{"damage":56.0,"enemies":"Book of Stabbing","floor":27.0,"turns":4.0},{"damage":37.0,"enemies":"2 Thieves","floor":29.0,"turns":3.0},{"damage":40.0,"enemies":"Centurion and Healer","floor":30.0,"turns":6.0},{"damage":40.0,"enemies":"Snake Plant","floor":31.0,"turns":3.0},{"damage":54.0,"enemies":"Collector","floor":33.0,"turns":6.0},{"damage":31.0,"enemies":"3 Shapes","floor":35.0,"turns":7.0},{"damage":24.0,"enemies":"3 Darklings","floor":36.0,"turns":3.0},{"damage":25.0,"enemies":"Transient","floor":41.0,"turns":6.0},{"damage":24.0,"enemies":"Maw","floor":42.0,"turns":6.0},{"damage":2.0,"enemies":"Mind Bloom Boss Battle","floor":44.0,"turns":2.0},{"damage":11.0,"enemies":"4 Shapes","floor":46.0,"turns":3.0},{"damage":48,"enemies":"Giant Head","floor":47,"turns":5},{"damage":59,"enemies":"Jaw Worm Horde","floor":48,"turns":5},{"damage":90,"enemies":"Donu and Deca","floor":50,"turns":8},{"damage":89,"enemies":"Time Eater","floor":51,"turns":5}],"seed_played":"-7774226513288591701","potions_obtained":[{"floor":1.0,"key":"BlessingOfTheForge"},{"floor":5.0,"key":"FearPotion"},{"floor":7.0,"key":"BloodPotion"},{"floor":12.0,"key":"Energy Potion"},{"floor":24.0,"key":"Energy Potion"},{"floor":29.0,"key":"Strength Potion"},{"floor":30.0,"key":"ElixirPotion"},{"floor":36.0,"key":"LiquidMemories"},{"floor":47,"key":"DuplicationPotion"},{"floor":48,"key":"EntropicBrew"}],"is_trial":false,"path_per_floor":["M","M","?","M","M","E","?","?","T","M","R","M","E","M","R","B",null,"M","?","T","?","$","R","E","R","T","E","R","M","M","M","R","B",null,"M","M","?","T","$","R","M","M","T","?","R","M","E","M","R","B","B"],"character_chosen":"IRONCLAD","items_purchased":["Brimstone","Strawberry","Strange Spoon","Dark Embrace","PanicButton+1"],"campfire_rested":3,"item_purchase_floors":[22,22,39,39,39],"current_hp_per_floor":[68,66,66,67,58,25,23,23,23,19,54,61,41,53,53,19,56,12,12,12,19,26,63,51,51,51,25,62,49,56,37,37,40,66,75,57,57,57,57,57,70,73,73,75,75,75,75,67,67,41,0,0],"gold":193,"neow_bonus":"RANDOM_COLORLESS_2","is_daily":false,"chose_seed":false,"campfire_upgraded":4,"win_rate":0.0,"timestamp":1609501152,"path_taken":["M","M","?","?","M","E","?","?","T","M","R","M","E","?","R","BOSS","M","?","?","?","$","R","E","R","T","E","R","M","?","M","R","BOSS","M","M","?","?","$","R","M","M","T","?","R","?","E","?","R","BOSS","BOSS"],"items_purchased_type":["Relic","Relic","Relic","Card","Card"],"build_version":"2020-12-22","purchased_purges":0,"victory":false,"max_hp_per_floor":[68,68,68,68,68,68,68,68,68,68,68,68,68,68,68,68,68,68,68,68,68,75,75,75,75,75,75,75,75,75,75,75,75,75,75,75,75,75,75,75,75,75,75,75,75,75,75,75,75,75,75,75],"card_choices":[{"not_picked":["Panache","Magnetism"],"picked":"Metamorphosis","floor":0.0},{"not_picked":["Body Slam","Sever Soul","Havoc"],"picked":"SKIP","floor":1.0},{"not_picked":["Twin Strike","Clothesline"],"picked":"Shrug It Off","floor":2.0},{"not_picked":["Warcry","Disarm"],"picked":"Carnage","floor":4.0},{"not_picked":["Infernal Blade","Cleave"],"picked":"Flame Barrier","floor":5.0},{"not_picked":["Ghostly Armor","Iron Wave"],"picked":"Reaper","floor":6.0},{"not_picked":["Twin Strike","Flex"],"picked":"Infernal Blade","floor":7.0},{"not_picked":["Clash","Disarm"],"picked":"Pommel Strike","floor":10.0},{"not_picked":["Metallicize","Wild Strike"],"picked":"Hemokinesis","floor":12.0},{"not_picked":["Inflame","Iron Wave"],"picked":"Feel No Pain","floor":13.0},{"not_picked":["Cleave","Iron Wave"],"picked":"Reaper","floor":14.0},{"not_picked":["Feed","Fiend Fire"],"picked":"Immolate","floor":16.0},{"not_picked":["Clash","Disarm"],"picked":"Dropkick+1","floor":18.0},{"not_picked":["Warcry","Flex"],"picked":"Heavy Blade","floor":24.0},{"not_picked":["Twin Strike","Uppercut+1"],"picked":"Flex+1","floor":27.0},{"not_picked":["Fire Breathing","Thunderclap"],"picked":"Flex+1","floor":28.0},{"not_picked":["Cleave","True Grit+1","Entrench+1"],"picked":"SKIP","floor":29.0},{"not_picked":["Clothesline","Anger+1"],"picked":"Sentinel+1","floor":30.0},{"not_picked":["Iron Wave","Hemokinesis","Rage+1"],"picked":"SKIP","floor":31.0},{"not_picked":["Juggernaut","Barricade"],"picked":"Reaper","floor":33.0},{"not_picked":["Rampage","Headbutt"],"picked":"True Grit+1","floor":35.0},{"not_picked":["Heavy Blade","Cleave+1","Havoc+1"],"picked":"SKIP","floor":36.0},{"not_picked":["Cleave+1","Havoc+1"],"picked":"Heavy Blade","floor":36.0},{"not_picked":["Perfected Strike","Rampage"],"picked":"Armaments+1","floor":41.0},{"not_picked":["Cleave","Armaments+1","Metallicize"],"picked":"SKIP","floor":42.0},{"not_picked":["Iron Wave","Cleave"],"picked":"Headbutt+1","floor":46.0},{"not_picked":["Ghostly Armor+1","Sever Soul"],"picked":"Feel No Pain","floor":47},{"not_picked":["Havoc+1","Seeing Red+1"],"picked":"Reaper","floor":48}],"player_experience":1131727,"relics_obtained":[{"floor":6.0,"key":"Boot"},{"floor":7.0,"key":"Tiny Chest"},{"floor":9.0,"key":"Regal Pillow"},{"floor":13.0,"key":"Du-Vu Doll"},{"floor":20.0,"key":"Matryoshka"},{"floor":24.0,"key":"Dream Catcher"},{"floor":26.0,"key":"Kunai"},{"floor":26.0,"key":"Toxic Egg 2"},{"floor":27.0,"key":"Calipers"},{"floor":38.0,"key":"Toy Ornithopter"},{"floor":38.0,"key":"Bottled Tornado"},{"floor":43.0,"key":"Happy Flower"},{"floor":44.0,"key":"Shovel"},{"floor":45.0,"key":"Mercury Hourglass"},{"floor":47,"key":"CaptainsWheel"},{"floor":49,"key":"Mummified Hand"}],"event_choices":[{"damage_healed":0.0,"max_hp_gain":0.0,"max_hp_loss":0.0,"gold_gain":0.0,"event_name":"Match and Keep!","player_choice":"1 cards matched","floor":3.0,"gold_loss":0.0,"damage_taken":0.0,"cards_obtained":["Corruption"]},{"damage_healed":0.0,"max_hp_gain":0.0,"max_hp_loss":0.0,"gold_gain":0.0,"event_name":"Dead Adventurer","player_choice":"Searched \u00271\u0027 times","floor":7.0,"gold_loss":0.0,"damage_taken":0.0},{"damage_healed":0.0,"max_hp_gain":0.0,"max_hp_loss":0.0,"gold_gain":50.0,"event_name":"Golden Shrine","player_choice":"Pray","floor":8.0,"gold_loss":0.0,"damage_taken":0.0},{"damage_healed":0.0,"max_hp_gain":0.0,"max_hp_loss":0.0,"gold_gain":0.0,"event_name":"Cursed Tome","player_choice":"Ignored","floor":19.0,"gold_loss":0.0,"damage_taken":0.0},{"damage_healed":0.0,"max_hp_gain":0.0,"max_hp_loss":0.0,"gold_gain":50.0,"event_name":"FaceTrader","player_choice":"Touch","floor":21.0,"gold_loss":0.0,"damage_taken":6.0},{"damage_healed":0.0,"max_hp_gain":0.0,"max_hp_loss":0.0,"gold_gain":0.0,"event_name":"Tomb of Lord Red Mask","player_choice":"Ignored","floor":37.0,"gold_loss":0.0,"damage_taken":0.0},{"damage_healed":0.0,"max_hp_gain":0.0,"max_hp_loss":0.0,"gold_gain":0.0,"event_name":"MindBloom","player_choice":"Fight","floor":44.0,"gold_loss":0.0,"damage_taken":0.0}],"is_beta":false,"boss_relics":[{"not_picked":["Empty Cage","Coffee Dripper"],"picked":"SlaversCollar"},{"not_picked":["Philosopher\u0027s Stone","Runic Pyramid"],"picked":"Cursed Key"}],"items_purged_floors":[],"is_endless":false,"potions_floor_spawned":[1,5,7,12,16,18,24,29,30,36,44,47,48],"killed_by":"Time Eater","ascension_level":20}}