{"host":"zntn5kfpqqjb7mu3","time":1609489897,"event":{"mods":["AchievementEnabler","Aspiration","BaseMod","Better-Laid Plans","BetterRewards","Colored Map","Colored Powertips","DNKmod","Decade(王小明)","Friendly Minions","Marked Mod","Minty Spire (QoL Compilation)","Permanent Neow","Quick Restart","Rare Cards Sparkle","Relic Stats","Remove Card Discount Mod","Replay The Spire","StSLib","SuperFastMode","TestMod","Waifu the Spire","vexMod","【遗物卡牌】REMEMod","篝火指南"],"gold_per_floor":[10017,10017,10035,10055,9590,9590,9395,9395,9395],"floor_reached":8,"playtime":276,"items_purged":[],"score":117,"play_id":"cb1f0d0b-cf9a-40c8-a15b-3627c3c1abf7","local_time":"20210101163137","is_ascension_mode":true,"campfire_choices":[{"floor":6,"key":"RECALL"}],"circlet_count":0,"master_deck":["Decade_Attack","Decade_Attack","KamenRide","Decade_SpecialSkill","Decade_Defend","Decade_Defend","Decade_Defend","UnarmedAttack7","Decade_Illusion","Crippling Poison","Masterful Stab","Bane","Dragreder","Hibiki_Attack1","Hibiki_Attack1","REME_EyeOfCthun","UnarmedAttack5"],"relics":["Decadriver","TOEIDeficitBill","testmod-TestBox","REME_ComplimentaryCards","testmod-LifeArmor","Ancient Tea Set","ReplayTheSpireMod:TigerMarble"],"acts_visited":["Exordium"],"potions_floor_usage":[],"damage_taken":[{"damage":0,"enemies":"Cultist","floor":1,"turns":2},{"damage":0,"enemies":"Small Slimes","floor":3,"turns":3},{"damage":0,"enemies":"Jaw Worm","floor":4,"turns":3},{"damage":0,"enemies":"Gremlin Nob","floor":8,"turns":1}],"seed_played":"3401944516408377363","potions_obtained":[],"is_trial":false,"path_per_floor":["M","?","M","M","$","R","$","E"],"character_chosen":"Decade","items_purchased":["REME_EyeOfCthun","testmod-LifeArmor","Ancient Tea Set","ReplayTheSpireMod:TigerMarble","UnarmedAttack5"],"campfire_rested":0,"item_purchase_floors":[5,5,5,7,7],"current_hp_per_floor":[100,100,100,100,100,100,100,100,100],"gold":9395,"neow_bonus":"THREE_CARDS","is_daily":false,"chose_seed":false,"campfire_upgraded":0,"win_rate":0.0,"timestamp":1609489897,"path_taken":["M","?","M","M","$","R","$","E"],"items_purchased_type":["Card","Relic","Relic","Relic","Card"],"build_version":"2020-12-22","purchased_purges":0,"victory":false,"max_hp_per_floor":[100,100,100,100,100,100,100,100,100],"relic_stats":{"counters":[4,9],"obtain_stats":[{"testmod-TestBox":0,"Decadriver":0,"testmod-LifeArmor":5,"ReplayTheSpireMod:TigerMarble":7,"TOEIDeficitBill":0,"Ancient Tea Set":5,"REME_ComplimentaryCards":0},{"testmod-TestBox":0,"Decadriver":0,"testmod-LifeArmor":3,"ReplayTheSpireMod:TigerMarble":3,"TOEIDeficitBill":0,"Ancient Tea Set":3,"REME_ComplimentaryCards":0},{"testmod-TestBox":0,"Decadriver":0,"testmod-LifeArmor":8,"ReplayTheSpireMod:TigerMarble":8,"TOEIDeficitBill":0,"Ancient Tea Set":8,"REME_ComplimentaryCards":0}]},"card_choices":[{"not_picked":["KamenRideDecade","PhotonAcceleration"],"picked":"UnarmedAttack7","floor":1},{"not_picked":["KamenRideRyuki","UnarmedAttack5"],"picked":"Decade_Illusion","floor":1},{"not_picked":["FormRideFlame","DenO_Ax"],"picked":"Dragreder","floor":3},{"not_picked":["FormRide","DenO_Ax","DenO_Sword"],"picked":"SKIP","floor":3},{"not_picked":["UnarmedAttack7","KamenRideHibiki"],"picked":"Hibiki_Attack1","floor":4},{"not_picked":["KamenRideDecade","FormRideGaruru"],"picked":"Hibiki_Attack1","floor":4}],"player_experience":100011,"relics_obtained":[],"event_choices":[],"is_beta":false,"boss_relics":[],"items_purged_floors":[],"is_endless":false,"potions_floor_spawned":[],"killed_by":"Gremlin Nob","ascension_level":9}}