{"host":"cu7v2bzxqo9zajt2","time":1609515486,"event":{"mods":["BaseMod","CapriCore","Hermit","HololiveMod","Koishi","Marisa£¨Ùöéë¡¡Øª×âÞÞ£©","Minty Spire (QoL Compilation)","Prisma Mod","Railgun Mod","StSLib","SuperFastMode","The Bug Knight","The Cursed","The Dragon Tamer","The Gatherer","The Immortal","The Runesmith","WarShipGirlsR/??á´Ò³R mod"],"gold_per_floor":[115,190,8,21,21,50,50,60,60,60,60,73,92,103,103,201,201,217,231,231,134,150,150,167,167,167,167,167,183,183,183,183,183,183,183],"floor_reached":33,"playtime":2064,"items_purged":["DTMod:Strike"],"score":272,"play_id":"6d9519df-8a00-4fac-9ee2-cb6367124f89","local_time":"20210102003806","is_ascension_mode":false,"metric_token":1183,"campfire_choices":[{"floor":7,"key":"REST"},{"data":"DTMod:InvisibleFlame","floor":10,"key":"SMITH"},{"data":"DTMod:GhostSkin","floor":15,"key":"SMITH"},{"data":"DTMod:SealedStrike","floor":23,"key":"SMITH"},{"floor":27,"key":"REST"},{"data":"DTMod:SealedStrike+1","floor":30,"key":"SMITH"},{"floor":32,"key":"REST"}],"dtmod_dragon_data":[9,56,0,-1,8,0],"circlet_count":0,"master_deck":["DTMod:Strike+1","DTMod:Strike+1","DTMod:DoubleHit","DTMod:TargetDefense+1","DTMod:TargetDefense+1","DTMod:SwitchingTactic+1","DTMod:InvisibleFlame+1","DTMod:FlameSlash","DTMod:MagicField","DTMod:ComboAttack","DTMod:BlazingStrike","DTMod:QuickFly","DTMod:GhostSkin+1","DTMod:Feint","DTMod:SealedStrike+2","DTMod:Haste+1","DTMod:ExcessFootwork+1","DTMod:CleansingStrike","DTMod:MasterPlan+1","DTMod:Observe","DTMod:BizarreTactic+1","DTMod:ForkedFire","DTMod:GearUp","DTMod:LightShield","DTMod:ComboAttack+1"],"relics":["DTMod:PactStone","NeowsBlessing","Membership Card","Centennial Puzzle","Letter Opener","Bottled Flame","Astrolabe","Question Card"],"acts_visited":["Exordium","TheCity"],"potions_floor_usage":[18,31,33,33],"damage_taken":[{"damage":0,"enemies":"2 Louse","floor":1,"turns":1},{"damage":0,"enemies":"Jaw Worm","floor":4,"turns":1},{"damage":0,"enemies":"3 Sentries","floor":6,"turns":1},{"damage":0,"enemies":"Cultist","floor":8,"turns":3},{"damage":0,"enemies":"Gremlin Gang","floor":12,"turns":3},{"damage":0,"enemies":"Blue Slaver","floor":13,"turns":4},{"damage":0,"enemies":"Red Slaver","floor":14,"turns":4},{"damage":19,"enemies":"The Guardian","floor":16,"turns":12},{"damage":0,"enemies":"Spheric Guardian","floor":18,"turns":4},{"damage":0,"enemies":"2 Thieves","floor":19,"turns":4},{"damage":12,"enemies":"3 Cultists","floor":22,"turns":7},{"damage":21,"enemies":"Snecko","floor":24,"turns":9},{"damage":0,"enemies":"Snake Plant","floor":29,"turns":5},{"damage":0,"enemies":"Colosseum Slavers","floor":31,"turns":5},{"damage":57,"enemies":"Champ","floor":33,"turns":14}],"seed_played":"6715235656246154729","potions_obtained":[{"floor":4,"key":"LiquidMemories"},{"floor":13,"key":"Strength Potion"},{"floor":18,"key":"Strength Potion"},{"floor":22,"key":"Ancient Potion"},{"floor":29,"key":"DistilledChaos"}],"is_trial":false,"path_per_floor":["M","?","$","M","?","E","R","M","T","R","T","M","M","M","R","B",null,"M","M","?","$","M","R","M","?","T","R","?","M","R","?","R","B"],"character_chosen":"THE_DT","items_purchased":["Membership Card","DTMod:FlameSlash","DTMod:Observe","DTMod:CalculatedDefense"],"campfire_rested":3,"item_purchase_floors":[3,3,21,21],"current_hp_per_floor":[45,34,34,34,25,25,38,38,38,38,38,38,38,38,38,19,45,45,45,45,45,33,33,12,12,12,25,25,25,25,25,38,0,0,0],"gold":183,"neow_bonus":"THREE_ENEMY_KILL","is_daily":false,"chose_seed":false,"campfire_upgraded":4,"win_rate":0.0,"timestamp":1609515486,"path_taken":["M","?","$","M","?","E","R","M","T","R","?","M","M","?","R","BOSS","M","?","?","$","?","R","M","?","T","R","?","M","R","?","R","BOSS"],"items_purchased_type":["Relic","Card","Card","Card"],"build_version":"2020-12-22","purchased_purges":1,"victory":false,"max_hp_per_floor":[45,45,45,45,45,45,45,45,45,45,45,45,45,45,45,45,45,45,45,45,45,45,45,45,45,45,45,45,45,45,45,45,45,45,45],"card_choices":[{"not_picked":["DTMod:ComboAttack","DTMod:Punisher"],"picked":"DTMod:InvisibleFlame","floor":1},{"not_picked":["DTMod:Punisher","DTMod:Training"],"picked":"DTMod:MagicField","floor":4},{"not_picked":["DTMod:HeatWave","DTMod:TauntingStrike"],"picked":"DTMod:ComboAttack","floor":6},{"not_picked":["DTMod:CrossStep","DTMod:BizarreTactic"],"picked":"DTMod:BlazingStrike","floor":8},{"not_picked":["DTMod:BizarreTactic","DTMod:FierySynthesis"],"picked":"DTMod:QuickFly","floor":12},{"not_picked":["DTMod:Threaten","DTMod:Overwhelm"],"picked":"DTMod:GhostSkin","floor":13},{"not_picked":["DTMod:Training","DTMod:BizarreTactic"],"picked":"DTMod:Feint","floor":14},{"not_picked":["DTMod:TriAttack","DTMod:OpeningTactic"],"picked":"DTMod:SealedStrike","floor":16},{"not_picked":["DTMod:Hide+1","DTMod:Training"],"picked":"DTMod:CleansingStrike","floor":18},{"not_picked":["DTMod:CleansingStrike","DTMod:QuickFly"],"picked":"DTMod:MasterPlan+1","floor":19},{"not_picked":["DTMod:MasterPlan","DTMod:Haste"],"picked":"DTMod:BizarreTactic+1","floor":22},{"not_picked":["DTMod:Cover","DTMod:BurningForce"],"picked":"DTMod:ForkedFire","floor":24},{"not_picked":["DTMod:MagicField","DTMod:InvisibleFlame","DTMod:FlameSlash+1"],"picked":"DTMod:ComboAttack+1","floor":29}],"player_experience":68872,"relics_obtained":[{"floor":6,"key":"Centennial Puzzle"},{"floor":9,"key":"Letter Opener"},{"floor":11,"key":"Bottled Flame"},{"floor":26,"key":"Question Card"}],"event_choices":[{"damage_healed":0,"gold_gain":75,"player_choice":"Gather Gold","damage_taken":11,"max_hp_gain":0,"max_hp_loss":0,"event_name":"World of Goop","floor":2,"gold_loss":0},{"damage_healed":0,"gold_gain":0,"player_choice":"Entered Light","damage_taken":9,"max_hp_gain":0,"max_hp_loss":0,"event_name":"Shining Light","floor":5,"gold_loss":0,"cards_upgraded":["DTMod:SwitchingTactic","DTMod:Strike"]},{"damage_healed":0,"gold_gain":0,"player_choice":"Full Heal","damage_taken":0,"max_hp_gain":0,"max_hp_loss":0,"event_name":"Wheel of Change","floor":20,"gold_loss":0},{"damage_healed":0,"gold_gain":0,"cards_transformed":["DTMod:CalculatedDefense","DTMod:Punisher"],"player_choice":"Became Test Subject","damage_taken":0,"max_hp_gain":0,"max_hp_loss":0,"event_name":"Drug Dealer","floor":25,"gold_loss":0,"cards_obtained":["DTMod:GearUp","DTMod:LightShield"]},{"damage_healed":0,"gold_gain":0,"player_choice":"Simplicity","damage_taken":0,"max_hp_gain":0,"max_hp_loss":0,"event_name":"Back to Basics","floor":28,"gold_loss":0,"cards_upgraded":["DTMod:Strike","DTMod:TargetDefense","DTMod:TargetDefense"]},{"damage_healed":0,"gold_gain":0,"player_choice":"Fight","damage_taken":0,"max_hp_gain":0,"max_hp_loss":0,"event_name":"Colosseum","floor":31,"gold_loss":0},{"damage_healed":0,"gold_gain":0,"player_choice":"Fled From Nobs","damage_taken":0,"max_hp_gain":0,"max_hp_loss":0,"event_name":"Colosseum","floor":31,"gold_loss":0}],"is_beta":false,"boss_relics":[{"not_picked":["SacredBark","Ectoplasm"],"picked":"Astrolabe"}],"items_purged_floors":[21],"is_endless":false,"potions_floor_spawned":[4,13,18,22,29,31],"killed_by":"Champ","ascension_level":0}}