{"host":"zekcc3vicrep0och","time":1609507652,"event":{"mods":["AchievementEnabler","BaseMod","Colored Map","Colored Powertips","Displayed Cursed Tome","Minty Spire (QoL Compilation)","Relic Stats","StSLib"],"gold_per_floor":[19,29,44,44,62,62,97,97,123,154,154,154,79,100,100,193,193,206,226,226,236,246,274,274,288,288,30,57,57,85,101,101,178,178,195,207,207,207,6,31,51,83,83,83,83,111,111,137,137,137],"floor_reached":51,"playtime":2870,"items_purged":["Regret","Injury","Defend_R"],"score":1484,"play_id":"07288142-70de-4699-88fd-fc9f7f1a4f9e","local_time":"20210101162732","is_ascension_mode":true,"campfire_choices":[{"data":"Berserk","floor":6.0,"key":"SMITH"},{"data":"Bash","floor":8.0,"key":"SMITH"},{"data":"Perfected Strike","floor":12.0,"key":"SMITH"},{"data":"Armaments","floor":15.0,"key":"SMITH"},{"data":"Shockwave","floor":32.0,"key":"SMITH"},{"floor":44.0,"key":"REST"},{"data":"Demon Form","floor":47,"key":"SMITH"},{"data":"Uppercut","floor":49,"key":"SMITH"}],"circlet_count":0,"master_deck":["AscendersBane","Strike_R","Strike_R","Strike_R","Strike_R","Defend_R","Defend_R","Defend_R","Bash+1","Twin Strike","Cleave","Iron Wave","Perfected Strike+1","Berserk+1","Shrug It Off","Pommel Strike","Disarm","Armaments+1","Shrug It Off","Exhume","Ghostly Armor","Dropkick","Shockwave+1","Shrug It Off","Uppercut+1","Battle Trance+1","Demon Form+1","Whirlwind+1","Shrug It Off+1","Shrug It Off+1","Limit Break+1","CurseOfTheBell","True Grit+1","Madness+1","Madness+1","Disarm+1","Impervious+1","Armaments+1","Intimidate+1"],"relics":["Burning Blood","Prayer Wheel","Bloody Idol","Bag of Marbles","Toy Ornithopter","Bronze Scales","Anchor","SacredBark","Ginger","Toxic Egg 2","FossilizedHelix","Lee\u0027s Waffle","Dream Catcher","Bottled Tornado","Calling Bell","Pen Nib","Eternal Feather","Dead Branch","Pear","Bottled Lightning","Oddly Smooth Stone","Ancient Tea Set","Sundial"],"acts_visited":["Exordium","TheCity","TheBeyond"],"potions_floor_usage":[50],"damage_taken":[{"damage":10.0,"enemies":"Small Slimes","floor":1.0,"turns":4.0},{"damage":4.0,"enemies":"Jaw Worm","floor":2.0,"turns":4.0},{"damage":1.0,"enemies":"Cultist","floor":3.0,"turns":3.0},{"damage":9.0,"enemies":"Red Slaver","floor":5.0,"turns":3.0},{"damage":10.0,"enemies":"3 Sentries","floor":7.0,"turns":6.0},{"damage":22.0,"enemies":"Lagavulin","floor":10.0,"turns":5.0},{"damage":5.0,"enemies":"2 Fungi Beasts","floor":14.0,"turns":3.0},{"damage":13.0,"enemies":"Hexaghost","floor":16.0,"turns":9.0},{"damage":19.0,"enemies":"2 Thieves","floor":18.0,"turns":5.0},{"damage":5.0,"enemies":"Shell Parasite","floor":19.0,"turns":6.0},{"damage":15.0,"enemies":"Shelled Parasite and Fungi","floor":21.0,"turns":6.0},{"damage":11.0,"enemies":"Snecko","floor":22.0,"turns":5.0},{"damage":36.0,"enemies":"Book of Stabbing","floor":23.0,"turns":8.0},{"damage":3.0,"enemies":"Snake Plant","floor":25.0,"turns":4.0},{"damage":25.0,"enemies":"Slavers","floor":28.0,"turns":7.0},{"damage":15.0,"enemies":"Book of Stabbing","floor":30.0,"turns":7.0},{"damage":24.0,"enemies":"Sentry and Sphere","floor":31.0,"turns":7.0},{"damage":38.0,"enemies":"Collector","floor":33.0,"turns":11.0},{"damage":0.0,"enemies":"3 Shapes","floor":35.0,"turns":4.0},{"damage":1.0,"enemies":"3 Darklings","floor":36.0,"turns":3.0},{"damage":8.0,"enemies":"Nemesis","floor":40.0,"turns":7.0},{"damage":59.0,"enemies":"Transient","floor":41.0,"turns":5.0},{"damage":24.0,"enemies":"Reptomancer","floor":42.0,"turns":7.0},{"damage":8,"enemies":"Nemesis","floor":46,"turns":9},{"damage":20,"enemies":"Reptomancer","floor":48,"turns":7},{"damage":44,"enemies":"Time Eater","floor":50,"turns":12}],"seed_played":"6565892306520365015","potions_obtained":[{"floor":2.0,"key":"PowerPotion"},{"floor":5.0,"key":"FearPotion"},{"floor":10.0,"key":"Ancient Potion"},{"floor":23.0,"key":"LiquidMemories"},{"floor":25.0,"key":"SmokeBomb"},{"floor":30.0,"key":"SteroidPotion"},{"floor":36.0,"key":"FairyPotion"},{"floor":46,"key":"AttackPotion"}],"is_trial":false,"path_per_floor":["M","M","M","?","M","R","E","R","T","E","?","R","$","M","R","B",null,"M","M","?","M","M","E","?","M","T","$","E","$","E","M","R","B",null,"M","M","?","?","$","E","M","E","T","R","?","E","R","E","R","B",null],"character_chosen":"IRONCLAD","items_purchased":["Lee\u0027s Waffle","Disarm+1"],"campfire_rested":1,"item_purchase_floors":[27,39],"current_hp_per_floor":[64,66,71,71,68,68,64,64,64,53,53,53,53,54,54,47,68,55,56,56,52,52,27,27,35,35,82,68,68,64,51,51,29,69,80,82,67,67,67,80,32,19,19,67,67,70,91,82,92,59],"gold":137,"neow_bonus":"ONE_RARE_RELIC","is_daily":false,"chose_seed":false,"campfire_upgraded":7,"win_rate":0.0,"timestamp":1609507652,"path_taken":["M","M","M","?","M","R","E","R","T","E","?","R","$","M","R","BOSS","M","M","?","M","M","E","?","?","T","?","E","$","E","M","R","BOSS","M","M","?","?","$","E","M","E","T","R","?","E","R","E","R","BOSS"],"items_purchased_type":["Relic","Card"],"build_version":"2020-12-22","purchased_purges":3,"victory":true,"max_hp_per_floor":[75,75,75,75,75,75,75,75,75,75,75,75,75,75,75,75,75,75,75,75,75,75,75,75,75,75,82,82,82,82,82,82,82,82,82,82,82,82,82,92,92,92,92,92,92,92,92,92,92,92],"relic_stats":{"Lee\u0027s Waffle":47,"counters":[26,157],"Dead Branch":[56],"Eternal Feather":52,"Pen Nib":[8],"Ginger":[12],"Burning Blood":151,"Dream Catcher":1,"Sundial":[0],"Bloody Idol":70,"Bronze Scales":[497],"Prayer Wheel":14,"obtain_stats":[{"Lee\u0027s Waffle":27,"Pear":40,"Golden Idol":4,"SacredBark":17,"Dead Branch":34,"Oddly Smooth Stone":43,"Eternal Feather":34,"Pen Nib":34,"Ginger":23,"Bottled Tornado":30,"Ancient Tea Set":46,"Burning Blood":0,"Calling Bell":34,"Anchor":11,"Dream Catcher":28,"Sundial":48,"Bronze Scales":10,"Bloody Idol":20,"Prayer Wheel":0,"Bag of Marbles":7,"Bottled Lightning":42,"Toxic Egg 2":24,"Toy Ornithopter":9,"FossilizedHelix":26},{"Lee\u0027s Waffle":14,"Pear":21,"Golden Idol":3,"SacredBark":8,"Dead Branch":18,"Oddly Smooth Stone":23,"Eternal Feather":18,"Pen Nib":18,"Ginger":13,"Bottled Tornado":16,"Ancient Tea Set":24,"Burning Blood":0,"Calling Bell":18,"Anchor":6,"Dream Catcher":15,"Sundial":25,"Bronze Scales":6,"Bloody Idol":10,"Prayer Wheel":0,"Bag of Marbles":5,"Bottled Lightning":23,"Toxic Egg 2":13,"Toy Ornithopter":5,"FossilizedHelix":14},{"Lee\u0027s Waffle":71,"Pear":117,"Golden Idol":11,"SacredBark":37,"Dead Branch":103,"Oddly Smooth Stone":129,"Eternal Feather":103,"Pen Nib":103,"Ginger":67,"Bottled Tornado":85,"Ancient Tea Set":138,"Burning Blood":0,"Calling Bell":103,"Anchor":25,"Dream Catcher":78,"Sundial":145,"Bronze Scales":25,"Bloody Idol":48,"Prayer Wheel":0,"Bag of Marbles":20,"Bottled Lightning":129,"Toxic Egg 2":67,"Toy Ornithopter":20,"FossilizedHelix":71}],"Toy Ornithopter":17},"card_choices":[{"not_picked":["Iron Wave","Clothesline"],"picked":"Twin Strike","floor":1.0},{"not_picked":["Anger","Havoc"],"picked":"Cleave","floor":1.0},{"not_picked":["True Grit","Warcry"],"picked":"Iron Wave","floor":2.0},{"not_picked":["Clothesline","Iron Wave","Twin Strike"],"picked":"SKIP","floor":2.0},{"not_picked":["Havoc","Iron Wave"],"picked":"Perfected Strike","floor":3.0},{"not_picked":["Havoc","Armaments"],"picked":"Berserk","floor":3.0},{"not_picked":["Sword Boomerang","Iron Wave"],"picked":"Shrug It Off","floor":5.0},{"not_picked":["Feel No Pain","Twin Strike"],"picked":"Pommel Strike","floor":5.0},{"not_picked":["Flex","Headbutt","Combust"],"picked":"SKIP","floor":7.0},{"not_picked":["Thunderclap","Headbutt"],"picked":"Disarm","floor":10.0},{"not_picked":["Heavy Blade","Demon Form"],"picked":"Armaments","floor":14.0},{"not_picked":["True Grit","Headbutt"],"picked":"Shrug It Off","floor":14.0},{"not_picked":["Limit Break","Brutality"],"picked":"Exhume","floor":16.0},{"not_picked":["Wild Strike","Twin Strike","Havoc"],"picked":"SKIP","floor":18.0},{"not_picked":["Feel No Pain","Thunderclap","Armaments"],"picked":"SKIP","floor":18.0},{"not_picked":["Pommel Strike+1","Clothesline"],"picked":"Ghostly Armor","floor":19.0},{"not_picked":["Wild Strike","Twin Strike","Sever Soul"],"picked":"SKIP","floor":19.0},{"not_picked":["Rupture","Clash+1"],"picked":"Dropkick","floor":21.0},{"not_picked":["Flame Barrier","Battle Trance"],"picked":"Shockwave","floor":21.0},{"not_picked":["Disarm","Iron Wave"],"picked":"Shrug It Off","floor":22.0},{"not_picked":["Burning Pact","Twin Strike+1"],"picked":"Uppercut","floor":22.0},{"not_picked":["True Grit","Whirlwind","Infernal Blade"],"picked":"SKIP","floor":23.0},{"not_picked":["Pummel","Warcry+1"],"picked":"Battle Trance+1","floor":25.0},{"not_picked":["Pommel Strike","Carnage","Perfected Strike"],"picked":"SKIP","floor":25.0},{"not_picked":["Headbutt","Warcry+1"],"picked":"Demon Form","floor":28.0},{"not_picked":["Clothesline","Anger"],"picked":"Whirlwind+1","floor":30.0},{"not_picked":["Body Slam+1","Heavy Blade"],"picked":"Shrug It Off+1","floor":31.0},{"not_picked":["Hemokinesis","Warcry+1"],"picked":"Shrug It Off+1","floor":31.0},{"not_picked":["Juggernaut","Offering+1"],"picked":"Limit Break+1","floor":33.0},{"not_picked":["Armaments+1","Inflame"],"picked":"True Grit+1","floor":35.0},{"not_picked":["Perfected Strike","Shrug It Off+1","Armaments+1"],"picked":"SKIP","floor":35.0},{"not_picked":["Evolve","Dark Embrace","Flex+1"],"picked":"SKIP","floor":36.0},{"not_picked":["Metallicize","Warcry+1","Twin Strike"],"picked":"SKIP","floor":36.0},{"not_picked":["Twin Strike","Thunderclap"],"picked":"Impervious+1","floor":40.0},{"not_picked":["Headbutt","Perfected Strike","Disarm+1"],"picked":"SKIP","floor":41.0},{"not_picked":["Combust","Warcry+1","Hemokinesis"],"picked":"SKIP","floor":41.0},{"not_picked":["Combust+1","Havoc+1","Carnage"],"picked":"SKIP","floor":42.0},{"not_picked":["Hemokinesis","Dropkick"],"picked":"Armaments+1","floor":44.0},{"not_picked":["Clothesline+1","Body Slam","Heavy Blade+1"],"picked":"SKIP","floor":46},{"not_picked":["Headbutt","Rage+1"],"picked":"Intimidate+1","floor":48}],"player_experience":484103,"relics_obtained":[{"floor":7.0,"key":"Bag of Marbles"},{"floor":9.0,"key":"Toy Ornithopter"},{"floor":10.0,"key":"Bronze Scales"},{"floor":23.0,"key":"Ginger"},{"floor":26.0,"key":"FossilizedHelix"},{"floor":28.0,"key":"Dream Catcher"},{"floor":30.0,"key":"Bottled Tornado"},{"floor":34.0,"key":"Pen Nib"},{"floor":34.0,"key":"Eternal Feather"},{"floor":34.0,"key":"Dead Branch"},{"floor":40.0,"key":"Pear"},{"floor":42.0,"key":"Bottled Lightning"},{"floor":43.0,"key":"Oddly Smooth Stone"},{"floor":46,"key":"Ancient Tea Set"},{"floor":48,"key":"Sundial"}],"event_choices":[{"damage_healed":0.0,"max_hp_gain":0.0,"max_hp_loss":0.0,"gold_gain":0.0,"event_name":"Golden Idol","player_choice":"Take Wound","floor":4.0,"gold_loss":0.0,"damage_taken":0.0,"relics_obtained":["Golden Idol"],"cards_obtained":["Injury"]},{"damage_healed":0.0,"max_hp_gain":0.0,"max_hp_loss":0.0,"gold_gain":0.0,"event_name":"Big Fish","player_choice":"Box","floor":11.0,"gold_loss":0.0,"damage_taken":0.0,"relics_obtained":["Anchor"],"cards_obtained":["Regret"]},{"damage_healed":0.0,"max_hp_gain":0.0,"max_hp_loss":0.0,"gold_gain":0.0,"event_name":"Forgotten Altar","player_choice":"Gave Idol","floor":20.0,"relics_lost":["Golden Idol"],"gold_loss":0.0,"damage_taken":0.0,"relics_obtained":["Bloody Idol"]},{"damage_healed":0.0,"max_hp_gain":0.0,"max_hp_loss":0.0,"gold_gain":0.0,"event_name":"WeMeetAgain","player_choice":"Gave Potion","floor":24.0,"gold_loss":0.0,"damage_taken":0.0,"relics_obtained":["Toxic Egg 2"]},{"damage_healed":0.0,"max_hp_gain":0.0,"max_hp_loss":0.0,"gold_gain":0.0,"event_name":"Winding Halls","player_choice":"Embrace Madness","floor":37.0,"gold_loss":0.0,"damage_taken":15.0,"cards_obtained":["Madness","Madness"]},{"damage_healed":0.0,"max_hp_gain":0.0,"max_hp_loss":0.0,"gold_gain":0.0,"event_name":"Tomb of Lord Red Mask","player_choice":"Ignored","floor":38.0,"gold_loss":0.0,"damage_taken":0.0},{"cards_removed":["Strike_R"],"damage_healed":0.0,"max_hp_gain":0.0,"max_hp_loss":0.0,"gold_gain":0.0,"event_name":"Falling","player_choice":"Removed Attack","floor":45.0,"gold_loss":0.0,"damage_taken":0.0}],"is_beta":false,"boss_relics":[{"not_picked":["Ectoplasm","Coffee Dripper"],"picked":"SacredBark"},{"not_picked":["Busted Crown","Runic Cube"],"picked":"Calling Bell"}],"items_purged_floors":[13,27,39],"is_endless":false,"potions_floor_spawned":[2,5,10,23,25,28,30,31,36,46,48],"ascension_level":16}}