{"host":"51fyd6gkml7xavq8","time":1609469657,"event":{"mods":["BaseMod","BetterRewards","Colored Map","Energized Spire","Infinite Spire","Minty Spire (QoL Compilation)","Replay The Spire","Shop Mod","Spicy Shops","StSLib","The Blue Laboratory","[IsaacMod]????"],"gold_per_floor":[118,144,144,151,158,158,181,181,181,181,223,258,35,42,42],"floor_reached":14,"playtime":567,"items_purged":[],"score":103,"play_id":"296425c4-e4eb-4775-a7ff-690a07e6d56a","local_time":"20201231235417","is_ascension_mode":true,"campfire_choices":[{"data":"Replay:Fractal Strike","floor":6,"key":"SMITH"},{"data":"Disarm","floor":8,"key":"SMITH"},{"data":"Bash","floor":10,"key":"SMITH"}],"circlet_count":0,"master_deck":["Strike_R","Strike_R","Strike_R","Strike_R","Strike_R","Defend_R","Defend_R","Defend_R","Defend_R","Bash+1","Replay:Undeath\u0027s Touch","Disarm+1","Replay:Fractal Strike+1","Metallicize"],"relics":["Burning Blood","HushsDoor","SalivaCoin","infinitespire:Satchel","Ornamental Fan","Replay:Baseball","Replay:Towering Pillar of Hats","SteamSale","MerchantsRug"],"acts_visited":["Exordium"],"potions_floor_usage":[11,11,11,11],"damage_taken":[{"damage":7,"enemies":"Small Slimes","floor":1,"turns":4},{"damage":2,"enemies":"2 Louse","floor":2,"turns":4},{"damage":4,"enemies":"Jaw Worm","floor":7,"turns":4},{"damage":22,"enemies":"Gremlin Nob","floor":11,"turns":5},{"damage":17,"enemies":"Lagavulin","floor":14,"turns":2}],"seed_played":"-1913628471801181642","potions_obtained":[{"floor":2,"key":"EntropicBrew"}],"is_trial":false,"path_per_floor":["M","M","?","?","?","R","M","R","T","R","E","?","$","E"],"character_chosen":"IRONCLAD","items_purchased":["SteamSale","MerchantsRug"],"campfire_rested":0,"item_purchase_floors":[13,13],"current_hp_per_floor":[79,80,80,73,54,54,56,56,56,56,40,15,15,0,0],"gold":42,"neow_bonus":"","is_daily":false,"chose_seed":false,"campfire_upgraded":3,"win_rate":0.0,"timestamp":1609469657,"path_taken":["M","M","?","?","?","R","M","R","T","R","E","?","?","E"],"items_purchased_type":["Relic","Relic"],"build_version":"2020-12-22","purchased_purges":0,"victory":false,"max_hp_per_floor":[80,80,80,80,80,80,80,80,80,80,80,80,80,80,80],"card_choices":[{"not_picked":["Inflame","Headbutt"],"picked":"Replay:Undeath\u0027s Touch","floor":1},{"not_picked":["Whirlwind","Feel No Pain"],"picked":"Disarm","floor":2},{"not_picked":["infinitespire:Menacing","infinitespire:Punishment"],"picked":"Replay:Fractal Strike","floor":5},{"not_picked":["Iron Wave","Perfected Strike","Replay:Undeath\u0027s Touch"],"picked":"SKIP","floor":7},{"not_picked":["Cleave","Clash"],"picked":"Metallicize","floor":11}],"player_experience":452619,"relics_obtained":[{"floor":9,"key":"Ornamental Fan"},{"floor":11,"key":"Replay:Baseball"}],"event_choices":[{"damage_healed":0,"gold_gain":0,"player_choice":"Box","damage_taken":0,"relics_obtained":["infinitespire:Satchel"],"max_hp_gain":0,"max_hp_loss":0,"event_name":"Big Fish","floor":3,"gold_loss":0,"cards_obtained":["Regret"]},{"cards_removed":["Regret"],"damage_healed":0,"gold_gain":0,"player_choice":"Card Removal","damage_taken":7,"max_hp_gain":0,"max_hp_loss":0,"event_name":"Golden Wing","floor":4,"gold_loss":0},{"damage_healed":0,"gold_gain":0,"player_choice":"Success","damage_taken":25,"relics_obtained":["Replay:Towering Pillar of Hats"],"max_hp_gain":0,"max_hp_loss":0,"event_name":"Scrap Ooze","floor":12,"gold_loss":0}],"is_beta":false,"boss_relics":[],"items_purged_floors":[],"is_endless":false,"potions_floor_spawned":[2],"killed_by":"Lagavulin","ascension_level":4}}