{"host":"g1wmg2w41xhsnw8g","time":1609491646,"event":{"mods":["2.2 Compatiblity","Act Like it!","Aspiration","BaseMod","Better Altar","Better Match","Better Note","Better Sensory Stone","Better Skull","Better Third Choice","BetterRewards","Booster Modes","CapriCore","ChefMod","Clawfect","Colored Map","Colored Powertips","Curses Come First","Defuse TimeMaze Blight","Displayed Cursed Tome","Evolution","Friendly Minions","GifTheSpireLib","Googly Eyes","Infinite Spire","Minty Spire (QoL Compilation)","Red Circlet Mod","Relic Sorter","SCP261 Mod","Shop Mod","Spicy Shops","StSLib","The Sage","Transform Curses","Wandering Minibosses","????"],"gold_per_floor":[119,119,119,133,144,144,144,177,201,201,223,253,273,120,120,217,217,227,137,137,137],"floor_reached":20,"playtime":1208,"items_purged":[],"score":215,"play_id":"91383068-5e70-4d81-b4e8-b0c539229fcb","local_time":"20210101040046","daily_mods":["SealedDeck","Specialized","Heirloom","Elite Swarm"],"is_ascension_mode":true,"campfire_choices":[{"data":"chefmod:Puree","floor":6,"key":"SMITH"},{"data":"chefmod:FrozenTuna","floor":10,"key":"SMITH"},{"data":"chefmod:RaidPantry","floor":15,"key":"SMITH"}],"circlet_count":0,"master_deck":["chefmod:Flambe","chefmod:Flambe","chefmod:Flambe","chefmod:ZaruSoba","chefmod:BaoBuns+1","chefmod:ColdSteel","chefmod:Gelato","chefmod:Chop","chefmod:Escargot","chefmod:PotatoGratin","chefmod:AlooGobi","chefmod:Mince","chefmod:PrepCook","chefmod:Puree+1","Burn","chefmod:Omelette","chefmod:SaveForLater","chefmod:LocoMoco","chefmod:FrozenTuna+1","chefmod:RaidPantry+1","chefmod:SushiPlatter"],"relics":["chefmod:TrustyPot","EVO:Axolotl","FossilizedHelix","infinitespire:PuzzleCube","Nunchaku","Odd Mushroom","InkBottle","infinitespire:CursedDice","Black Star"],"acts_visited":["Exordium","TheCity"],"potions_floor_usage":[5,8,8,8,16],"damage_taken":[{"damage":0,"enemies":"2 Louse","floor":1,"turns":1},{"damage":0,"enemies":"Jaw Worm","floor":4,"turns":2},{"damage":0,"enemies":"Cultist","floor":5,"turns":3},{"damage":0,"enemies":"3 Sentries","floor":8,"turns":7},{"damage":9,"enemies":"The Mushroom Lair","floor":11,"turns":3},{"damage":18,"enemies":"Lagavulin","floor":12,"turns":6},{"damage":0,"enemies":"Large Slime","floor":13,"turns":4},{"damage":20,"enemies":"Slime Boss","floor":16,"turns":7},{"damage":80,"enemies":"Spheric Guardian","floor":18,"turns":9},{"damage":46,"enemies":"3 Byrds","floor":20,"turns":5}],"seed_played":"3711765465183072507","potions_obtained":[{"floor":3,"key":"SCP261:EnergyGasPotion"},{"floor":3,"key":"Energy Potion"},{"floor":3,"key":"Swift Potion"},{"floor":4,"key":"chefmod:PotionOfPlenty"},{"floor":5,"key":"Block Potion"},{"floor":13,"key":"chefmod:PotionOfPlenty"}],"is_trial":true,"path_per_floor":["M","?","?","M","M","R","?","E","T","R","?","E","M","$","R","B",null,"M","?","M"],"character_chosen":"THE_CHEF","items_purchased":["infinitespire:CursedDice"],"campfire_rested":0,"item_purchase_floors":[14],"current_hp_per_floor":[76,76,76,76,76,76,76,76,76,76,67,49,49,49,49,29,76,46,46,0,0],"gold":137,"neow_bonus":"","is_daily":false,"chose_seed":false,"campfire_upgraded":3,"win_rate":0.0,"timestamp":1609491646,"path_taken":["M","?","?","M","?","R","?","E","T","R","?","E","M","?","R","BOSS","M","?","M"],"items_purchased_type":["Relic"],"build_version":"2020-12-22","purchased_purges":0,"victory":false,"max_hp_per_floor":[76,76,76,76,76,76,76,76,76,76,76,76,76,76,76,76,76,76,76,76,76],"card_choices":[{"not_picked":["chefmod:ColdSteel","chefmod:CuttingBoard"],"picked":"chefmod:Puree","floor":1},{"not_picked":["chefmod:DoubleChop","chefmod:Gelato"],"picked":"chefmod:Omelette","floor":4},{"not_picked":["chefmod:DinoKale","chefmod:Granita"],"picked":"chefmod:SaveForLater","floor":5},{"not_picked":["chefmod:DeepFreeze","chefmod:SushiPlatter"],"picked":"chefmod:FrozenTuna","floor":8},{"not_picked":["chefmod:FrozenTuna","chefmod:Mince"],"picked":"chefmod:RaidPantry","floor":12},{"not_picked":["chefmod:FireUp","chefmod:TonkotsuRamen","chefmod:Chop"],"picked":"SKIP","floor":13},{"not_picked":["chefmod:PrepCook","chefmod:DeepFreeze"],"picked":"chefmod:SushiPlatter","floor":16},{"not_picked":["chefmod:Chop","chefmod:KnifeFlurry","chefmod:BaoBuns"],"picked":"SKIP","floor":18}],"player_experience":841464,"relics_obtained":[{"floor":8,"key":"infinitespire:PuzzleCube"},{"floor":9,"key":"Nunchaku"},{"floor":11,"key":"Odd Mushroom"},{"floor":12,"key":"InkBottle"}],"event_choices":[{"damage_healed":76,"gold_gain":0,"player_choice":"Embrace Burn","damage_taken":0,"max_hp_gain":0,"max_hp_loss":76,"event_name":"betterThird:BetterShining","floor":2,"gold_loss":0},{"damage_healed":0,"gold_gain":0,"player_choice":"Got Potions","damage_taken":0,"max_hp_gain":0,"max_hp_loss":0,"event_name":"Lab","floor":3,"gold_loss":0},{"damage_healed":0,"gold_gain":0,"cards_transformed":["chefmod:Flambe"],"player_choice":"Change","damage_taken":0,"max_hp_gain":0,"max_hp_loss":0,"event_name":"Living Wall","floor":7,"gold_loss":0,"cards_obtained":["chefmod:LocoMoco"]},{"damage_healed":0,"gold_gain":0,"player_choice":"Fought Mushrooms","damage_taken":0,"max_hp_gain":0,"max_hp_loss":0,"event_name":"Mushrooms","floor":11,"gold_loss":0},{"cards_removed":["chefmod:Flambe"],"damage_healed":0,"gold_gain":0,"player_choice":"Upgrade and Remove","damage_taken":0,"max_hp_gain":0,"max_hp_loss":0,"event_name":"Designer","floor":19,"gold_loss":90,"cards_upgraded":["chefmod:BaoBuns"]}],"is_beta":false,"boss_relics":[{"not_picked":["aspiration:PoetsPen","chefmod:PepperMill"],"picked":"Black Star"}],"items_purged_floors":[],"is_endless":false,"potions_floor_spawned":[4,5,13],"killed_by":"3 Byrds","ascension_level":1}}