{"host":"jksa5rawk3m4gilz","time":1609517663,"event":{"mods":["BaseMod","Colored Map","Highlight Path","Minty Spire (QoL Compilation)","Quick Restart"],"gold_per_floor":[112,62,73,73,93,93,125,145,172,172,172,172,192,38,38,38,38],"floor_reached":16,"playtime":373,"items_purged":[],"score":170,"play_id":"17a8ab57-83e2-4aca-a011-f0f7e177cd43","local_time":"20210101171423","is_ascension_mode":true,"campfire_choices":[{"data":"Reinforced Body","floor":6,"key":"SMITH"},{"floor":10,"key":"REST"},{"floor":12,"key":"REST"},{"data":"Doom and Gloom","floor":15,"key":"SMITH"}],"circlet_count":0,"master_deck":["AscendersBane","Strike_B","Strike_B","Strike_B","Defend_B","Defend_B","Defend_B","Defend_B+1","Zap+1","Dualcast","Decay","Chrysalis+1","Doom and Gloom+1","Reinforced Body+1","Loop","Parasite","Glacier"],"relics":["Cracked Core","Boot","Art of War","War Paint"],"acts_visited":["Exordium"],"potions_floor_usage":[],"damage_taken":[{"damage":2,"enemies":"Jaw Worm","floor":1,"turns":4},{"damage":5,"enemies":"Small Slimes","floor":3,"turns":3},{"damage":3,"enemies":"Cultist","floor":5,"turns":4},{"damage":34,"enemies":"Lagavulin","floor":7,"turns":12},{"damage":17,"enemies":"Exordium Wildlife","floor":8,"turns":4},{"damage":16,"enemies":"Blue Slaver","floor":13,"turns":5},{"damage":0,"enemies":"Hexaghost","floor":16,"turns":1}],"seed_played":"7996960632736875911","potions_obtained":[{"floor":1,"key":"LiquidBronze"},{"floor":5,"key":"Weak Potion"},{"floor":7,"key":"SkillPotion"}],"is_trial":false,"path_per_floor":["M","?","M","?","M","R","E","M","T","R","?","R","M","$","R","B"],"character_chosen":"DEFECT","items_purchased":["War Paint"],"campfire_rested":2,"item_purchase_floors":[14],"current_hp_per_floor":[62,62,57,57,54,54,20,3,3,24,41,62,46,46,46,46,46],"gold":38,"neow_bonus":"RANDOM_COLORLESS_2","is_daily":false,"chose_seed":false,"campfire_upgraded":2,"win_rate":0.0,"timestamp":1609517663,"path_taken":["M","?","M","?","?","R","E","M","T","R","?","R","M","?","R","BOSS"],"items_purchased_type":["Relic"],"build_version":"2020-12-22","purchased_purges":0,"victory":false,"max_hp_per_floor":[71,71,71,71,71,71,71,71,71,71,71,71,71,71,71,71,71],"card_choices":[{"not_picked":["Secret Technique","Transmutation"],"picked":"Chrysalis","floor":0},{"not_picked":["Skim","Aggregate"],"picked":"Doom and Gloom","floor":1},{"not_picked":["Turbo","Ball Lightning","Skim"],"picked":"SKIP","floor":3},{"not_picked":["Go for the Eyes","Hologram"],"picked":"Reinforced Body","floor":5},{"not_picked":["Turbo","Streamline","Go for the Eyes"],"picked":"SKIP","floor":7},{"not_picked":["Redo","Hologram"],"picked":"Loop","floor":8},{"not_picked":["Compile Driver","Heatsinks"],"picked":"Glacier","floor":13}],"player_experience":2106470,"relics_obtained":[{"floor":7,"key":"Boot"},{"floor":9,"key":"Art of War"}],"event_choices":[{"cards_removed":["Strike_B"],"damage_healed":0,"gold_gain":0,"player_choice":"Card Removal","damage_taken":0,"max_hp_gain":0,"max_hp_loss":0,"event_name":"The Cleric","floor":2,"gold_loss":50},{"damage_healed":0,"gold_gain":0,"player_choice":"Forge","damage_taken":0,"max_hp_gain":0,"max_hp_loss":0,"event_name":"Accursed Blacksmith","floor":4,"gold_loss":0,"cards_upgraded":["Chrysalis"]},{"damage_healed":17,"gold_gain":0,"player_choice":"Healed and dodged fight","damage_taken":0,"max_hp_gain":0,"max_hp_loss":0,"event_name":"Mushrooms","floor":11,"gold_loss":0,"cards_obtained":["Parasite"]}],"is_beta":false,"boss_relics":[],"items_purged_floors":[],"is_endless":false,"potions_floor_spawned":[1,5,7],"killed_by":"Hexaghost","ascension_level":14}}