{"host":"7hpq7e8rzvzbnf1s","time":1609506611,"event":{"mods":["Arknights The Spire","BaseMod","Minty Spire (QoL Compilation)","Quick Restart","StSLib","Waifu the Spire"],"gold_per_floor":[114,134,151,76,92,92,126,126,126,126,142,142,160,160,160,258,258,273,273,273,273,273,273,283,107,107,31,31,49,49,49,49,148,198,212,232,14,14,31,31,60,60,86,11,0,0,12,12,12],"floor_reached":48,"playtime":2252,"items_purged":["ats:Defend","ats:Strike V","ats:Strike G","ats:Strike S"],"score":481,"play_id":"cb691587-72fd-4d78-a7bb-00453dadebe6","local_time":"20210101211011","is_ascension_mode":false,"campfire_choices":[{"data":"ats:Emotion Absorption","floor":6,"key":"SMITH"},{"data":"ats:Composite Medical Shells","floor":8,"key":"SMITH"},{"floor":10,"key":"RECALL"},{"data":"ats:Shadow Raid","floor":12,"key":"SMITH"},{"data":"ats:Encircling Forest","floor":15,"key":"SMITH"},{"data":"ats:Dogmatic Field","floor":23,"key":"SMITH"},{"data":"ats:Part Time Job","floor":28,"key":"SMITH"},{"data":"J.A.X.","floor":32,"key":"SMITH"},{"data":"Ghostly","floor":40,"key":"SMITH"},{"data":"Ghostly","floor":42,"key":"SMITH"},{"data":"Ghostly","floor":46,"key":"SMITH"}],"circlet_count":0,"master_deck":["ats:Armor Crushing Shot","ats:Defend","ats:Defend+1","ats:Defend","ats:Emotion Absorption+1","ats:Shadow Raid+1","ats:Cat Scratch","ats:Composite Medical Shells+1","ats:Shell Defense","ats:Apocalypse","ats:Curse Doll","ats:Encircling Forest+1","ats:Dogmatic Field+1","ats:Hammer On+1","Ghostly+1","Ghostly+1","Ghostly+1","Ghostly","Ghostly","ats:Automatic Cover","ats:Part Time Job+1","ats:Revitalization+1","J.A.X.+1","ats:Shadow Assault","ats:Counter Healing Mode+1","ats:Healing Strengthening+1","ats:Apocalypse","The Bomb","ats:Shell Defense","ats:Blood Oath+1"],"relics":["ats:Sanity","Orichalcum","ats:Originium","Omamori","Anchor","Coffee Dripper","Blue Candle","ats:Industrial Water Cannon","White Beast Statue","Tiny House","Membership Card","Dream Catcher","Red Mask"],"acts_visited":["Exordium","TheCity","TheBeyond"],"potions_floor_usage":[],"damage_taken":[{"damage":4.0,"enemies":"Small Slimes","floor":1.0,"turns":4.0},{"damage":6.0,"enemies":"Jaw Worm","floor":2.0,"turns":4.0},{"damage":6,"enemies":"2 Louse","floor":3,"turns":3},{"damage":0,"enemies":"2 Fungi Beasts","floor":5,"turns":3},{"damage":27,"enemies":"Gremlin Nob","floor":7,"turns":7},{"damage":1,"enemies":"3 Louse","floor":11,"turns":5},{"damage":4,"enemies":"Blue Slaver","floor":13,"turns":5},{"damage":52,"enemies":"Slime Boss","floor":16,"turns":19},{"damage":17,"enemies":"3 Byrds","floor":18,"turns":4},{"damage":0,"enemies":"Spheric Guardian","floor":24,"turns":7},{"damage":12,"enemies":"Snake Plant","floor":29,"turns":6},{"damage":52,"enemies":"Collector","floor":33,"turns":11},{"damage":3,"enemies":"3 Shapes","floor":35,"turns":5},{"damage":34,"enemies":"3 Darklings","floor":36,"turns":5},{"damage":60,"enemies":"Writhing Mass","floor":39,"turns":9},{"damage":58,"enemies":"Nemesis","floor":41,"turns":11},{"damage":54,"enemies":"Spire Growth","floor":47,"turns":7},{"damage":72,"enemies":"Maw","floor":48,"turns":9}],"seed_played":"-8690292629871337996","potions_obtained":[{"floor":3,"key":"SpeedPotion"},{"floor":5,"key":"Swift Potion"},{"floor":13,"key":"FearPotion"},{"floor":34,"key":"Swift Potion"}],"is_trial":false,"path_per_floor":["M","M","M","$","M","R","E","R","T","R","M","R","M","?","R","B",null,"M","?","?","?","?","R","M","$","T","$","R","M","?","?","R","B",null,"M","M","$","?","M","R","E","R","T","$","?","R","M","M"],"character_chosen":"DOCTOR_CLASS","items_purchased":["ats:Automatic Cover","ats:Part Time Job","Membership Card"],"campfire_rested":0,"item_purchase_floors":[25,27,37],"current_hp_per_floor":[68,62,56,56,56,56,29,29,29,29,34,34,36,36,36,10,72,67,36,36,32,32,32,41,41,41,41,41,41,41,41,41,31,46,46,46,46,46,27,27,41,41,41,41,41,41,46,0,0],"gold":12,"neow_bonus":"RANDOM_COMMON_RELIC","is_daily":false,"chose_seed":false,"campfire_upgraded":10,"win_rate":0.0,"timestamp":1609506611,"path_taken":["M","M","M","$","M","R","E","R","T","R","M","R","M","?","R","BOSS","M","?","?","?","?","R","M","$","T","$","R","?","?","?","R","BOSS","M","M","$","?","M","R","E","R","T","$","?","R","M","M"],"items_purchased_type":["Card","Card","Relic"],"build_version":"2020-12-22","purchased_purges":4,"victory":false,"max_hp_per_floor":[72,72,72,72,72,72,72,72,72,72,72,72,72,72,72,72,72,72,36,36,41,41,41,41,41,41,41,41,41,41,41,41,41,46,46,46,46,46,46,46,46,46,46,46,46,46,46,46,46],"card_choices":[{"not_picked":["ats:Leaping Hammer","ats:Powerful Strike"],"picked":"ats:Shadow Raid","floor":1.0},{"not_picked":["ats:Consecutive Shot Auto","ats:Shadow Raid"],"picked":"ats:Cat Scratch","floor":2},{"not_picked":["ats:Flame Of Heaven","ats:Hammer On"],"picked":"ats:Composite Medical Shells","floor":3},{"not_picked":["ats:Powerful Strike","ats:Leaping Hammer"],"picked":"ats:Shell Defense","floor":5},{"not_picked":["ats:Directed Diagnosis","ats:Spore Proliferation"],"picked":"ats:Apocalypse","floor":7},{"not_picked":["ats:Shell Defense","ats:Demon Strength"],"picked":"ats:Curse Doll","floor":11},{"not_picked":["ats:Automatic Cover","ats:Childhood Dance"],"picked":"ats:Encircling Forest","floor":13},{"not_picked":["ats:True Silver Slash","ats:Ambush"],"picked":"ats:Dogmatic Field","floor":16},{"not_picked":["ats:Encircling Forest","ats:Hook Shot"],"picked":"ats:Hammer On+1","floor":18},{"not_picked":["ats:Flame Of Heaven","ats:Burning Ground","ats:Poison Spread"],"picked":"SKIP","floor":24},{"not_picked":["ats:Blood Oath","ats:Explosion Area Strengthen"],"picked":"ats:Revitalization+1","floor":29},{"not_picked":["ats:Volcano","ats:True Silver Slash"],"picked":"ats:Shadow Assault","floor":33},{"not_picked":["ats:Apocalypse","ats:Curse Doll"],"picked":"ats:Counter Healing Mode+1","floor":34},{"not_picked":["ats:Explosion Area Strengthen","ats:Leaping Hammer"],"picked":"ats:Healing Strengthening+1","floor":35},{"not_picked":["ats:Curse Doll+1","ats:Assault Order"],"picked":"ats:Apocalypse","floor":36},{"not_picked":["Bandage Up","Metamorphosis"],"picked":"The Bomb","floor":38},{"not_picked":["ats:Consecutive Shot Auto+1","ats:Cat Scratch+1"],"picked":"ats:Shell Defense","floor":39},{"not_picked":["ats:Soul Absorption+1","ats:Leaping Hammer"],"picked":"ats:Blood Oath+1","floor":41},{"not_picked":["ats:Explosion Area Strengthen+1","ats:Rapid Magazine+1","ats:Red Shift"],"picked":"SKIP","floor":47}],"player_experience":185274,"relics_obtained":[{"floor":7,"key":"ats:Originium"},{"floor":7,"key":"Omamori"},{"floor":9,"key":"Anchor"},{"floor":26,"key":"ats:Industrial Water Cannon"},{"floor":41,"key":"ats:Originium"},{"floor":41,"key":"Dream Catcher"}],"event_choices":[{"cards_removed":["ats:Strike C"],"damage_healed":0,"gold_gain":0,"player_choice":"Forget","damage_taken":0,"max_hp_gain":0,"max_hp_loss":0,"event_name":"Living Wall","floor":14,"gold_loss":0},{"damage_healed":0,"gold_gain":0,"player_choice":"Became a Ghost","damage_taken":0,"max_hp_gain":0,"max_hp_loss":36,"event_name":"Ghosts","floor":19,"gold_loss":0,"cards_obtained":["Ghostly","Ghostly","Ghostly","Ghostly","Ghostly"]},{"damage_healed":0,"gold_gain":0,"player_choice":"Opened","damage_taken":0,"relics_obtained":["Blue Candle"],"max_hp_gain":0,"max_hp_loss":0,"event_name":"The Mausoleum","floor":20,"gold_loss":0,"cards_obtained":["Writhe"]},{"damage_healed":0,"gold_gain":0,"player_choice":"Shed Blood","damage_taken":9,"max_hp_gain":5,"max_hp_loss":0,"event_name":"Forgotten Altar","floor":21,"gold_loss":0},{"damage_healed":0,"gold_gain":0,"player_choice":"Ignored","damage_taken":0,"max_hp_gain":0,"max_hp_loss":0,"event_name":"Vampires","floor":22,"gold_loss":0},{"damage_healed":0,"gold_gain":0,"player_choice":"Obtain J.A.X.","damage_taken":0,"max_hp_gain":0,"max_hp_loss":0,"event_name":"Drug Dealer","floor":30,"gold_loss":0,"cards_obtained":["J.A.X."]},{"damage_healed":0,"gold_gain":0,"player_choice":"Stole Relic","damage_taken":0,"relics_obtained":["White Beast Statue"],"max_hp_gain":0,"max_hp_loss":0,"event_name":"Addict","floor":31,"gold_loss":0,"cards_obtained":["Shame"]},{"damage_healed":0,"gold_gain":0,"player_choice":"Memory 1","damage_taken":0,"max_hp_gain":0,"max_hp_loss":0,"event_name":"SensoryStone","floor":38,"gold_loss":0},{"damage_healed":0,"gold_gain":0,"player_choice":"Paid","damage_taken":0,"relics_obtained":["Red Mask"],"max_hp_gain":0,"max_hp_loss":0,"event_name":"Tomb of Lord Red Mask","floor":45,"gold_loss":11}],"is_beta":false,"boss_relics":[{"not_picked":["Pandora\u0027s Box","Philosopher\u0027s Stone"],"picked":"Coffee Dripper"},{"not_picked":["Velvet Choker","SacredBark"],"picked":"Tiny House"}],"items_purged_floors":[4,25,37,44],"is_endless":false,"potions_floor_spawned":[3,5,13,24,29,33,35,36,39,41,47],"killed_by":"Maw","ascension_level":0}}