{"host":"709gjpjg43u3i5a8","time":1609504055,"event":{"mods":["Act Like it!","BaseMod","Colored Map","Colored Powertips","Downfall","Duelist Mod","Gensokyo","GifTheSpireLib","Hallownest","Hermit","Hubris","Infinite Spire","Koishi","Marisa????????","Minty Spire (QoL Compilation)","Remilia??????","Shop Mod","StSLib","Td1madao Mod","The Administrix","The Animator","The Bug Knight","The Construct","The Cursed","The Disciple","The Hierophant","The Jungle","The Necromancer","The Poker Player","The Runesmith","The Servant 0.9.4"],"gold_per_floor":[137,157,157,157,170,199,199,225,225,225,238,238,272,272,272,373,373,383,8,8,20,20,20,69,95,95,75,2,20,20,45,45,144,144,154,154,199,212,224,259,259,288,337,353,367,397,416,451,463,573,585,585],"floor_reached":51,"playtime":5633,"items_purged":[],"score":1088,"play_id":"0c7cca5b-765a-4520-87be-5f1c6faaaed1","local_time":"20210101052735","is_ascension_mode":true,"campfire_choices":[{"data":"theDuelist:YukiOnnaAbsolute","floor":7,"key":"SMITH"},{"data":"theDuelist:RobbinZombie","floor":12,"key":"SMITH"},{"data":"theDuelist:ShallowGrave","floor":15,"key":"SMITH"},{"floor":23,"key":"REST"},{"floor":30,"key":"REST"},{"data":"theDuelist:SuperPolymerization","floor":32,"key":"SMITH"},{"data":"theDuelist:UltraPolymerization","floor":41,"key":"SMITH"},{"floor":49,"key":"RECALL"}],"circlet_count":0,"master_deck":["theDuelist:ArmoredZombie","theDuelist:CocoonEvolution+1","theDuelist:BookEclipse","theDuelist:DimensionBurial+1","theDuelist:VampireRedBaron","theDuelist:ArmoredZombie","theDuelist:VampireKingdom","theDuelist:ArmoredZombie","theDuelist:ZombieCorpse","theDuelist:BookEclipse+1","theDuelist:ShiranuiSpectralswordShade","theDuelist:SuperPolymerization+1","theDuelist:VampireLady","theDuelist:DimensionBurial+1","theDuelist:ZombieCorpse","theDuelist:ShallowGrave+1","theDuelist:VampireSucker","theDuelist:ZombieCorpse","theDuelist:BattleFusion","theDuelist:DimensionBurial+1","theDuelist:ZombieCorpse","theDuelist:ClownZombie","theDuelist:ZombieCorpse","theDuelist:YukiOnnaAbsolute+1","theDuelist:ZombieCorpse","theDuelist:CardSafeReturn+1","theDuelist:ParallelWorldFusion+1","theDuelist:FusionGuard","theDuelist:RobbinZombie+1","theDuelist:GhostrickWarwolf+1","theDuelist:FusionWeapon","theDuelist:ZombieCorpse","theDuelist:ZombieCorpse","theDuelist:GhostrickSocuteboss","theDuelist:ZombieCorpse","theDuelist:TutanMask","theDuelist:Nameless:Power:ForbiddenLance","theDuelist:VampireLady","theDuelist:UltraPolymerization+1","theDuelist:ZombieCorpse","theDuelist:ClownZombie","infinitespire:UltimateForm","theDuelist:DecayedCommander+1","theDuelist:FusionGuard+1","theDuelist:OverpoweringEye+1","theDuelist:InstantFusion+1"],"relics":["theDuelist:MillenniumPuzzle","theDuelist:CardPoolRelic","theDuelist:CardPoolBasicRelic","theDuelist:BoosterPackPoolRelic","theDuelist:CardPoolAddRelic","theDuelist:CardPoolMinusRelic","theDuelist:CardPoolSaveRelic","theDuelist:CardPoolOptionsRelic","hubris:Icosahedron","Smiling Mask","Paper Crane","theDuelist:BoosterExtraAllRaresRelic","Toy Ornithopter","SlaversCollar","Orrery","Potion Belt","theDuelist:ZoneToken","theDuelist:MillenniumKey","Ginger","Bird Faced Urn","theDuelist:ResummonerMight","Bag of Preparation","Kunai","Centennial Puzzle","Busted Crown","Tough Bandages","hubris:SphereOfDissonance","Dream Catcher","Akabeko","StrikeDummy","MawBank","theDuelist:GamblerChip"],"acts_visited":["Exordium","TheCity","TheBeyond","Exordium"],"potions_floor_usage":[8,33,33,33,46,46,46],"damage_taken":[{"damage":1,"enemies":"2 Louse","floor":1,"turns":4},{"damage":0,"enemies":"Small Slimes","floor":2,"turns":2},{"damage":0,"enemies":"Cultist","floor":5,"turns":2},{"damage":16,"enemies":"Lagavulin","floor":6,"turns":4},{"damage":0,"enemies":"3 Sentries","floor":8,"turns":5},{"damage":0,"enemies":"Exordium Wildlife","floor":11,"turns":2},{"damage":0,"enemies":"HollowMod:MossKnight","floor":13,"turns":4},{"damage":10,"enemies":"The Guardian","floor":16,"turns":11},{"damage":60,"enemies":"3 Byrds","floor":18,"turns":8},{"damage":0,"enemies":"Chosen","floor":21,"turns":5},{"damage":15,"enemies":"Chosen","floor":24,"turns":3},{"damage":20,"enemies":"Gremlin Leader","floor":25,"turns":4},{"damage":0,"enemies":"Snecko","floor":29,"turns":2},{"damage":8,"enemies":"Nightmare","floor":31,"turns":5},{"damage":34,"enemies":"Collector","floor":33,"turns":5},{"damage":10,"enemies":"Orb Walker","floor":35,"turns":4},{"damage":44,"enemies":"2 Orb Walkers","floor":37,"turns":7},{"damage":0,"enemies":"3 Darklings","floor":38,"turns":4},{"damage":0,"enemies":"Writhing Mass","floor":39,"turns":3},{"damage":0,"enemies":"Nemesis","floor":40,"turns":3},{"damage":13,"enemies":"Reptomancer","floor":42,"turns":4},{"damage":19,"enemies":"Sphere and 2 Shapes","floor":44,"turns":3},{"damage":0,"enemies":"Spire Growth","floor":45,"turns":2},{"damage":0,"enemies":"Nightmare","floor":46,"turns":6},{"damage":0,"enemies":"Jaw Worm Horde","floor":47,"turns":3},{"damage":12,"enemies":"Reptomancer","floor":48,"turns":3},{"damage":0,"enemies":"hubris:GrandSnecko","floor":50,"turns":1}],"seed_played":"7761853891986892441","potions_obtained":[{"floor":1,"key":"Fire Potion"},{"floor":2,"key":"Weak Potion"},{"floor":8,"key":"DistilledChaos"},{"floor":13,"key":"theDuelist:CoolBottle"},{"floor":25,"key":"Block Potion"},{"floor":27,"key":"CultistPotion"},{"floor":29,"key":"theDuelist:SealedPack"},{"floor":33,"key":"theDuelist:TokenPotion"},{"floor":40,"key":"Fire Potion"},{"floor":44,"key":"theDuelist:FlamingBottle"},{"floor":45,"key":"theDuelist:Soulbrew"},{"floor":47,"key":"EssenceOfDarkness"},{"floor":50,"key":"BloodPotion"}],"is_trial":false,"path_per_floor":["M","M","?","?","M","E","R","E","T","?","M","R","E","?","R","B",null,"M","$","?","M","AVR","R","?","E","T","?","$","M","R","NM","R","B",null,"M","?","?","M","M","E","R","E","T","M","M","NM","M","E","R","B",null],"character_chosen":"THE_DUELIST","items_purchased":["theDuelist:SoulAbsorbingBone","Orrery","Potion Belt","theDuelist:VampireKingdom"],"campfire_rested":2,"item_purchase_floors":[19,19,19,28],"current_hp_per_floor":[79,79,89,89,89,73,73,73,73,67,67,67,67,67,67,57,90,30,30,30,30,30,57,42,24,24,24,24,24,51,45,45,30,90,82,82,44,50,52,54,54,47,47,30,34,55,59,49,49,53,90,90],"gold":585,"neow_bonus":"UPGRADE_CARD","is_daily":false,"chose_seed":false,"campfire_upgraded":5,"win_rate":0.0,"timestamp":1609504055,"path_taken":["M","M","?","?","M","E","R","E","T","?","M","R","E","?","R","BOSS","M","$","?","M","AVR","R","?","E","T","?","$","M","R","NM","R","BOSS","M","?","?","M","M","E","R","E","T","M","M","NM","M","E","R","BOSS"],"items_purchased_type":["Card","Relic","Relic","Card"],"build_version":"2020-12-22","purchased_purges":0,"victory":false,"max_hp_per_floor":[80,80,90,90,90,90,90,90,90,90,90,90,90,90,90,90,90,90,90,90,90,90,90,90,90,90,90,90,90,90,90,90,90,90,90,90,90,90,90,90,90,90,90,90,90,90,90,90,90,90,90,90],"card_choices":[{"not_picked":["theDuelist:WightLady","theDuelist:OvertexQoatlus","theDuelist:NecroworldBanshee","theDuelist:Kasha"],"picked":"theDuelist:VampireLady","floor":1},{"not_picked":["theDuelist:VendreadNightmare","theDuelist:VendreadDaybreak","theDuelist:UltraPolymerization","theDuelist:BookEclipse"],"picked":"theDuelist:RobbinZombie","floor":2},{"not_picked":["theDuelist:CorrodingShark","theDuelist:CallHaunted","theDuelist:RedHeadedOni","theDuelist:FutureFusion"],"picked":"theDuelist:HumptyGrumpty","floor":5},{"not_picked":["theDuelist:RyuKokki","theDuelist:Necroface","theDuelist:ZombieTiger","theDuelist:ZombieMaster"],"picked":"theDuelist:YukiOnnaAbsolute","floor":6},{"not_picked":["theDuelist:ShiranuiSpiritmaster","theDuelist:ShiranuiSunsaga","theDuelist:ShiranuiSwordmaster","theDuelist:ShiranuiSwordsaga"],"picked":"theDuelist:ShiranuiSamuraisaga","floor":8},{"not_picked":["theDuelist:AshBlossom","theDuelist:VampireLady","theDuelist:GhostrickGhoul","theDuelist:Zombina"],"picked":"theDuelist:GhostBelle","floor":11},{"not_picked":["theDuelist:SkullServant","theDuelist:DoubleCoston","theDuelist:FusionTag","theDuelist:VampireFraulein"],"picked":"theDuelist:VampireFamiliar","floor":13},{"not_picked":["theDuelist:VampireGrace","theDuelist:UltraPolymerization","theDuelist:MonsterReborn","theDuelist:DecayedCommander"],"picked":"theDuelist:BookEclipse","floor":16},{"not_picked":["theDuelist:GhostrickJiangshi","theDuelist:OvertexQoatlus","theDuelist:GhostrickAlucard+1","theDuelist:AntiFusionDevice"],"picked":"theDuelist:VampireLady","floor":18},{"not_picked":["theDuelist:DespairFromDark+1","theDuelist:VampireScarletScourge","theDuelist:ZombieMammoth","theDuelist:Chopman+1"],"picked":"theDuelist:FusionGuard","floor":19},{"not_picked":["theDuelist:YukiOnnaAbsolute","theDuelist:Scapeghost","theDuelist:RobbinZombie","theDuelist:FusionGuard"],"picked":"theDuelist:UltraPolymerization","floor":19},{"not_picked":["theDuelist:VampireHunter","theDuelist:TributeDoomed","theDuelist:DoomkingBalerdroch","theDuelist:FearFromDark"],"picked":"theDuelist:VampireSucker","floor":19},{"not_picked":["theDuelist:ForbiddenLance+1","theDuelist:FuryFire+1","theDuelist:MagicalGhost","theDuelist:RedMedicine+1"],"picked":"theDuelist:DimensionBurial+1","floor":19},{"not_picked":["theDuelist:VampireLord","theDuelist:GhostrickSkeleton","theDuelist:GhostrickGhoul","theDuelist:OboroGuruma"],"picked":"theDuelist:VampireRedBaron","floor":19},{"not_picked":["theDuelist:VendreadCore","theDuelist:VampireFamiliar+1","theDuelist:NecroworldBanshee","theDuelist:Chewbone"],"picked":"theDuelist:FusionWeapon","floor":21},{"not_picked":["theDuelist:GhostrickYeti","theDuelist:FusionTag","theDuelist:VampireGrimson","theDuelist:BoneMouse"],"picked":"theDuelist:BattleFusion","floor":24},{"not_picked":["theDuelist:DarkFusion+1","theDuelist:MagicalGhost","theDuelist:RedMedicine+1","theDuelist:ForbiddenLance+1"],"picked":"theDuelist:DimensionBurial+1","floor":25},{"not_picked":["theDuelist:VendreadNights+1","theDuelist:FusionWeapon","theDuelist:ZombieWorld+1","theDuelist:VendreadCharge"],"picked":"theDuelist:SuperPolymerization","floor":29},{"not_picked":["theDuelist:VampireScarletScourge+1","theDuelist:VampireGrimson","theDuelist:VampireFraulein","theDuelist:VampireDuke"],"picked":"theDuelist:VampireLady","floor":31},{"not_picked":["theDuelist:VendreadStriges","theDuelist:VendreadDaybreak","theDuelist:UltraPolymerization+1","theDuelist:RobbinZombie"],"picked":"theDuelist:BookLife","floor":33},{"not_picked":["theDuelist:SkullServant+1","theDuelist:VampireFraulein+1"],"picked":"theDuelist:ParallelWorldFusion+1","floor":35},{"not_picked":["theDuelist:VampireKingdom+1","theDuelist:Mausoleum+1"],"picked":"theDuelist:CardSafeReturn+1","floor":37},{"not_picked":["theDuelist:Relinkuriboh+1","theDuelist:SkullFlame+1"],"picked":"theDuelist:GhostrickSocuteboss","floor":38},{"not_picked":["theDuelist:VampireKingdom","theDuelist:Polymerization+1"],"picked":"theDuelist:DimensionBurial+1","floor":39},{"not_picked":["theDuelist:SoulRelease","theDuelist:RobbinZombie+1"],"picked":"theDuelist:BookEclipse+1","floor":40},{"not_picked":["theDuelist:Wasteland+1","theDuelist:SoulAbsorbingBone+1","theDuelist:GhostrickScare+1","theDuelist:ZombieMaster"],"picked":"theDuelist:DecayedCommander+1","floor":42},{"not_picked":["theDuelist:VendreadBattlelord+1","theDuelist:GhostrickSkeleton+1"],"picked":"theDuelist:GhostrickWarwolf+1","floor":44},{"not_picked":["theDuelist:FlameGhost","theDuelist:Skullgios+1"],"picked":"theDuelist:ShiranuiSpectralswordShade","floor":45},{"not_picked":["infinitespire:Gouge","infinitespire:Starlight"],"picked":"infinitespire:UltimateForm","floor":46},{"not_picked":["theDuelist:SouleatingOviraptor+1","theDuelist:Necroface+1","theDuelist:DespairFromDark+1","theDuelist:ZombieMaster+1"],"picked":"theDuelist:DecayedCommander+1","floor":46},{"not_picked":["theDuelist:VendreadDaybreak+1","theDuelist:RobbinZombie+1"],"picked":"theDuelist:FusionGuard+1","floor":47},{"not_picked":["theDuelist:VendreadStriges+1","theDuelist:MonsterReborn"],"picked":"theDuelist:OverpoweringEye+1","floor":48},{"not_picked":["theDuelist:VendreadDaybreak+1","theDuelist:UltraPolymerization"],"picked":"theDuelist:InstantFusion+1","floor":50}],"player_experience":437753,"relics_obtained":[{"floor":6,"key":"Smiling Mask"},{"floor":8,"key":"Paper Crane"},{"floor":13,"key":"Toy Ornithopter"},{"floor":24,"key":"Ginger"},{"floor":24,"key":"Bird Faced Urn"},{"floor":24,"key":"theDuelist:ResummonerMight"},{"floor":25,"key":"Bag of Preparation"},{"floor":26,"key":"Kunai"},{"floor":31,"key":"Centennial Puzzle"},{"floor":37,"key":"Tough Bandages"},{"floor":40,"key":"hubris:SphereOfDissonance"},{"floor":42,"key":"Dream Catcher"},{"floor":43,"key":"Akabeko"},{"floor":46,"key":"StrikeDummy"},{"floor":48,"key":"MawBank"}],"event_choices":[{"power_reward":4,"total_magic_score":34,"gold_gain":0,"duelist":true,"damage_taken":0,"relics_obtained":[],"points":8,"max_hp_gain":10,"max_hp_loss":0,"spent_points":{"magic":0,"greed":0,"war":0,"power":4,"hunger":4},"event_name":"Nameless Tomb","hunger_reward":4,"floor":3,"gold_loss":0,"cards_obtained":["theDuelist:Nameless:Power:ForbiddenLance"]},{"damage_healed":0,"gold_gain":0,"player_choice":"Dig - random Duelist relic","duelist":true,"damage_taken":0,"max_hp_gain":0,"max_hp_loss":0,"event_name":"Aknamkanon\u0027s Tomb","floor":10,"gold_loss":0},{"damage_healed":0,"gold_gain":0,"player_choice":"Leave","duelist":true,"damage_taken":0,"max_hp_gain":0,"max_hp_loss":0,"event_name":"Relic Duplicator","floor":14,"gold_loss":0},{"damage_healed":0,"gold_gain":0,"player_choice":"Ignored","damage_taken":0,"max_hp_gain":0,"max_hp_loss":0,"event_name":"Vampires","floor":20,"gold_loss":0},{"damage_healed":0,"gold_gain":0,"player_choice":"Fight","duelist":true,"damage_taken":0,"max_hp_gain":0,"max_hp_loss":0,"event_name":"Battle City","floor":24,"gold_loss":0},{"damage_healed":0,"gold_gain":0,"player_choice":"Bought 1 Potion","damage_taken":0,"max_hp_gain":0,"max_hp_loss":0,"event_name":"The Woman in Blue","floor":27,"gold_loss":0},{"cards_removed":["theDuelist:PetitMoth"],"damage_healed":0,"gold_gain":0,"player_choice":"Removed Skill","damage_taken":0,"max_hp_gain":0,"max_hp_loss":0,"event_name":"Falling","floor":36,"gold_loss":0},{"damage_healed":0,"gold_gain":0,"player_choice":"Fight","damage_taken":0,"max_hp_gain":0,"max_hp_loss":0,"event_name":"Mysterious Sphere","floor":37,"gold_loss":0}],"is_beta":false,"boss_relics":[{"not_picked":["Tiny House","Sozu"],"picked":"SlaversCollar"},{"not_picked":["hubris:GrandSneckoEye","Astrolabe"],"picked":"Busted Crown"},{"not_picked":["SacredBark","Empty Cage"],"picked":"theDuelist:GamblerChip"}],"items_purged_floors":[],"is_endless":true,"potions_floor_spawned":[1,2,8,13,25,29,33,40,44,45,47,50],"ascension_level":2}}