{"host":"bf9sa99gaumonoeu","time":1609543983,"event":{"mods":["AchievementEnabler","Act Like it!","BaseMod","Colored Map","Colored Powertips","Downfall","Friendly Minions","Gensokyo","Hallownest","Hermit","Jorbs\u0027s Wanderer Trilogy","Lobotomy","Marisa????????","Minty Spire (QoL Compilation)","Remilia??????","Replay The Spire","Shop Mod","StSLib","The Animator","The Bug Knight","The Cursed","The Disciple","The Hierophant","The Jungle","The Senshi","The Servant 0.9.4"],"gold_per_floor":[19,19,39,50,64,90,102,102,125,141,15,48,68,68,68,165,165,178,196,196,196,215,215,225,225,225,225,225,225,253,253,263,98,98,98,98],"floor_reached":35,"playtime":3813,"items_purged":["Strike_RM"],"score":314,"play_id":"491e3ac5-ce3d-4397-8332-3a8fe1d0e493","local_time":"20210101213303","is_ascension_mode":false,"campfire_choices":[{"data":"KillingBlow","floor":8,"key":"SMITH"},{"data":"AfternoonTea","floor":15,"key":"SMITH"},{"data":"ScarletShoot","floor":27,"key":"SMITH"},{"data":"RedMoon","floor":31,"key":"SMITH"},{"data":"ScarletCoffin","floor":34,"key":"SMITH"}],"circlet_count":0,"master_deck":["Strike_RM","Strike_RM","Strike_RM","Defend_RM","Defend_RM","Defend_RM","Defend_RM","RedMoon+1","ScarletShoot+1","DiffusionOfMisfortune","FitfulNightmare","StarOfDavid","EndlessAdversity","KillingBlow+1","EternalNight","MiserableFate","UnstableMagic","DiffusionOfMisfortune","AfternoonTea+1","BloodyCatastrophe","VampireFantasy","ScarletDevil","UnstableMagic","ScarletSymphony","ScarletCoffin","ScarletCoffin+1"],"relics":["ScarletHat","StrikeDummy","Bag of Marbles","Simple Rune","HollowMod:LifeEnderRelic","Coffee Dripper","ReplayTheSpireMod:Ninjato","Ring of Hypnosis","Sundial","ReplayFunnel"],"acts_visited":["Exordium","Exordium"],"potions_floor_usage":[16,16,18,19,19,32,35,35,35],"damage_taken":[{"damage":0,"enemies":"Cultist","floor":1,"turns":3},{"damage":1,"enemies":"Jaw Worm","floor":3,"turns":2},{"damage":0,"enemies":"Small Slimes","floor":4,"turns":5},{"damage":0,"enemies":"Exordium Thugs","floor":5,"turns":3},{"damage":14,"enemies":"HollowMod:MossKnight","floor":6,"turns":11},{"damage":0,"enemies":"Looter","floor":7,"turns":2},{"damage":0,"enemies":"3 Louse","floor":10,"turns":1},{"damage":4,"enemies":"Replay:BlueRogue","floor":12,"turns":4},{"damage":0,"enemies":"Exordium Wildlife","floor":13,"turns":2},{"damage":26,"enemies":"Fading Forest","floor":16,"turns":11},{"damage":0,"enemies":"Shell Parasite","floor":18,"turns":2},{"damage":24,"enemies":"theJungle:Flameango_and_Byrd","floor":19,"turns":3},{"damage":12,"enemies":"theJungle:Snecko_Cultist_And_Trap","floor":22,"turns":2},{"damage":18,"enemies":"theJungle:Lyon","floor":24,"turns":3},{"damage":7,"enemies":"theJungle:MamaSnecko","floor":30,"turns":7},{"damage":25,"enemies":"theJungle:JungleHuntersEncounter","floor":32,"turns":5},{"damage":66,"enemies":"theJungle:FunGuy","floor":35,"turns":20}],"seed_played":"6823564355612675331","potions_obtained":[{"floor":6,"key":"BlessingOfTheForge"},{"floor":10,"key":"AttackPotion"},{"floor":13,"key":"Swift Potion"},{"floor":16,"key":"EntropicBrew"},{"floor":22,"key":"LiquidMemories"},{"floor":30,"key":"champ:CounterPotion"}],"is_trial":false,"path_per_floor":["M","$","M","M","M","E","M","R","T","M","$","E","M","T","R","B",null,"M","M","?","T","M","?","M","?","T","R","PTL","PTL","E","R","M","$","R","B"],"character_chosen":"REMILIA","items_purchased":["UnstableMagic","BlessingOfTheForge","ScarletCoffin"],"campfire_rested":0,"item_purchase_floors":[11,33,33],"current_hp_per_floor":[89,89,88,89,89,79,79,79,79,79,79,77,77,77,77,72,89,89,65,65,65,53,65,51,51,51,51,51,51,57,57,36,36,36,0,0],"gold":98,"neow_bonus":"TWENTY_PERCENT_HP_BONUS","is_daily":false,"chose_seed":false,"campfire_upgraded":5,"win_rate":0.0,"timestamp":1609543983,"path_taken":["M","?","M","M","M","E","M","R","T","M","$","E","M","?","R","BOSS","M","M","?","?","M","?","M","?","T","R","PTL","PTL","E","R","M","$","R","BOSS"],"items_purchased_type":["Card","Potion","Card"],"build_version":"2020-12-22","purchased_purges":1,"victory":false,"max_hp_per_floor":[89,89,89,89,89,89,89,89,89,89,89,89,89,89,89,89,89,89,89,89,89,89,89,89,89,89,89,89,89,89,89,89,89,89,89,89],"card_choices":[{"not_picked":["UnstableMagic","MastersStateliness"],"picked":"DiffusionOfMisfortune","floor":1},{"not_picked":["TricksterDevil","UltimateOffering"],"picked":"FitfulNightmare","floor":3},{"not_picked":["DiffusionOfMisfortune","HunterOfTheNight"],"picked":"StarOfDavid","floor":4},{"not_picked":["ScarletDream","BloodHunter"],"picked":"EndlessAdversity","floor":5},{"not_picked":["BloodAndWine","ScarletSymphony"],"picked":"KillingBlow","floor":6},{"not_picked":["RedRainbow","ScarletGensokyo"],"picked":"EternalNight","floor":7},{"not_picked":["VampirishNight","MastersStateliness"],"picked":"MiserableFate","floor":10},{"not_picked":["Stigmanizer","NightDance"],"picked":"DiffusionOfMisfortune","floor":12},{"not_picked":["ScarletGensokyo","MastersStateliness"],"picked":"AfternoonTea","floor":13},{"not_picked":["BloodySeventeenLaser","ChaoticDestiny"],"picked":"BloodyCatastrophe","floor":16},{"not_picked":["VampirishNight","UnderTheZenith","Stigmanizer"],"picked":"SKIP","floor":18},{"not_picked":["BloodHunter","ScarletDream"],"picked":"VampireFantasy","floor":19},{"not_picked":["MastersStateliness","ScarletImprint"],"picked":"ScarletDevil","floor":22},{"not_picked":["ScarletImprint","UltimateOffering","EquivalentExchange"],"picked":"SKIP","floor":24},{"not_picked":["CharismaGuard","BombardNight"],"picked":"UnstableMagic","floor":30},{"not_picked":["Septette","ScarletGensokyo"],"picked":"ScarletSymphony","floor":32}],"player_experience":674020,"relics_obtained":[{"floor":6,"key":"StrikeDummy"},{"floor":9,"key":"Bag of Marbles"},{"floor":12,"key":"Simple Rune"},{"floor":14,"key":"HollowMod:LifeEnderRelic"},{"floor":21,"key":"ReplayTheSpireMod:Ninjato"},{"floor":25,"key":"Ring of Hypnosis"},{"floor":26,"key":"Sundial"},{"floor":30,"key":"ReplayFunnel"}],"event_choices":[],"is_beta":false,"boss_relics":[{"not_picked":["Replay:Drink Me","Runic Pyramid"],"picked":"Coffee Dripper"}],"items_purged_floors":[11],"is_endless":false,"potions_floor_spawned":[6,10,13,16,22,24,30],"killed_by":"theJungle:FunGuy","ascension_level":0}}