{"host":"ifd7sfhtlbe34qll","time":1609523427,"event":{"mods":["2.2 Compatiblity","BaseMod","Block Reminder","Colored Map","Curses Come First","Downfall","Highlight Path","Minty Spire (QoL Compilation)","Potion Indicator Mod","Quick Restart","Relic Stats","StSLib"],"gold_per_floor":[99,114,125,125,125,143,143,160,160,175,208,208,226,255,265,265,265,265],"floor_reached":16,"playtime":956,"items_purged":[],"score":228,"play_id":"3671fceb-42a6-48f3-abd3-a154a3fd3d0a","local_time":"20210101115027","is_ascension_mode":true,"campfire_choices":[{"data":"Guardian:TwinSlam","floor":1.0,"key":"SMITH"},{"data":"Guardian:CurlUp","floor":9,"key":"SMITH"},{"floor":12,"key":"REST"}],"circlet_count":0,"master_deck":["AscendersBane","Guardian:Strike_Guardian","Guardian:Strike_Guardian","Guardian:Strike_Guardian","Guardian:Defend_Guardian","Guardian:Defend_Guardian","Guardian:Defend_Guardian","Guardian:Defend_Guardian","Guardian:CurlUp+1","Guardian:TwinSlam+1","Guardian:PrimingBeam","Guardian:PrimingBeam","Guardian:RollAttack","Guardian:Harden","Guardian:Preprogram","Guardian:BaubleBeam","Guardian:Reroute","Guardian:Gem_Crimson","Guardian:Gem_Yellow"],"relics":["Black Star","Omamori","Vajra","Bottled Flame","Pen Nib","Akabeko"],"acts_visited":["Exordium"],"potions_floor_usage":[11,16],"damage_taken":[{"damage":8.0,"enemies":"2 Louse","floor":2.0,"turns":3.0},{"damage":12.0,"enemies":"Small Slimes","floor":3.0,"turns":4.0},{"damage":9.0,"enemies":"Jaw Worm","floor":6.0,"turns":4.0},{"damage":4,"enemies":"Large Slime","floor":8,"turns":5},{"damage":8,"enemies":"Exordium Wildlife","floor":10,"turns":4},{"damage":11,"enemies":"Gremlin Nob","floor":11,"turns":4},{"damage":15,"enemies":"Exordium Thugs","floor":13,"turns":4},{"damage":15,"enemies":"Lagavulin","floor":14,"turns":6},{"damage":13,"enemies":"Large Slime","floor":15,"turns":4},{"damage":83,"enemies":"downfall:Defect","floor":16,"turns":11}],"seed_played":"8166760227564941363","potions_obtained":[{"floor":2.0,"key":"BlessingOfTheForge"},{"floor":8,"key":"Guardian:AcceleratePotion"},{"floor":13,"key":"FairyPotion"},{"floor":15,"key":"Guardian:StasisDiscoveryPotion"}],"is_trial":false,"path_per_floor":["R","M","M","?","?","M","T","M","R","M","E","R","M","E","M","B"],"character_chosen":"GUARDIAN","items_purchased":[],"campfire_rested":1,"item_purchase_floors":[],"current_hp_per_floor":[65,57,45,69,69,60,60,56,56,48,37,58,43,28,15,0,0,0],"gold":265,"neow_bonus":"BOSS_RELIC","is_daily":false,"chose_seed":false,"campfire_upgraded":2,"win_rate":0.0,"timestamp":1609523427,"path_taken":["R","M","M","?","?","?","T","M","R","M","E","R","M","E","M","BOSS"],"items_purchased_type":[],"build_version":"2020-12-22","purchased_purges":0,"victory":false,"max_hp_per_floor":[72,72,72,72,72,72,72,72,72,72,72,72,72,72,72,72,72,72],"relic_stats":{"counters":[10,49],"Pen Nib":[2],"Black Star":2,"obtain_stats":[{"Bottled Flame":11,"Guardian:ModeShifter":0,"Vajra":11,"Pen Nib":14,"Black Star":0,"Omamori":7,"Akabeko":14},{"Bottled Flame":6,"Guardian:ModeShifter":0,"Vajra":6,"Pen Nib":8,"Black Star":0,"Omamori":3,"Akabeko":8},{"Bottled Flame":24,"Guardian:ModeShifter":0,"Vajra":24,"Pen Nib":34,"Black Star":0,"Omamori":11,"Akabeko":34}]},"card_choices":[{"not_picked":["Guardian:TemporalShield","Guardian:Gem_Red"],"picked":"Guardian:PrimingBeam","floor":2.0},{"not_picked":["Guardian:TemporalStrike","Guardian:Gem_Cyan"],"picked":"Guardian:PrimingBeam","floor":3.0},{"not_picked":["Guardian:Repulse","Guardian:Suspension"],"picked":"Guardian:RollAttack","floor":6.0},{"not_picked":["Guardian:PiercingHide","Guardian:Gem_Yellow"],"picked":"Guardian:Harden","floor":8},{"not_picked":["Guardian:Planning","Guardian:Incinerate"],"picked":"Guardian:Preprogram","floor":10},{"not_picked":["Guardian:RollAttack","Guardian:PolyBeam"],"picked":"Guardian:BaubleBeam","floor":11},{"not_picked":["Guardian:RefractedBeam","Guardian:WalkerClaw"],"picked":"Guardian:Reroute","floor":13},{"not_picked":["Guardian:ShieldCharger","Guardian:Repulse"],"picked":"Guardian:Gem_Crimson","floor":14},{"not_picked":["Guardian:WalkerClaw","Guardian:Gem_Green"],"picked":"Guardian:Gem_Yellow","floor":15}],"player_experience":1637869,"relics_obtained":[{"floor":7.0,"key":"Omamori"},{"floor":11,"key":"Vajra"},{"floor":11,"key":"Bottled Flame"},{"floor":14,"key":"Pen Nib"},{"floor":14,"key":"Akabeko"}],"event_choices":[{"damage_healed":24.0,"max_hp_gain":0.0,"max_hp_loss":0.0,"gold_gain":0.0,"event_name":"Big Fish","player_choice":"Banana","floor":4.0,"gold_loss":0.0,"damage_taken":0.0}],"is_beta":false,"boss_relics":[],"items_purged_floors":[],"is_endless":false,"potions_floor_spawned":[2,8,13,15],"killed_by":"downfall:Defect","ascension_level":20}}