{"host":"94aus4jnk6thj94q","time":1609519246,"event":{"mods":["BaseMod","Minty Spire (QoL Compilation)","Quick Restart","StSLib"],"gold_per_floor":[112,92,16,16,34,62,62,138,138,138,157,170,183,224,224,352,352,366,66,66,66,0,0,25,25,25,25,25,25,68,82,82,202,202,223,241,90,90,90],"floor_reached":38,"playtime":1445,"items_purged":[],"score":425,"play_id":"41006bdf-dce9-43f3-a419-f089f13e2c17","local_time":"20210101184046","is_ascension_mode":false,"campfire_choices":[{"floor":7.0,"key":"RECALL"},{"floor":15.0,"key":"REST"},{"floor":23,"key":"REST"},{"floor":25,"key":"REST"},{"data":"Reaper","floor":27,"key":"SMITH"},{"floor":32,"key":"REST"}],"circlet_count":0,"master_deck":["Strike_R","Strike_R","Strike_R","Strike_R","Strike_R","Defend_R","Defend_R","Defend_R","Defend_R","Bash","Inflame","Metallicize","Cleave","Body Slam","Spot Weakness","Heavy Blade","Reaper+1","Heavy Blade","Flex","Fire Breathing","Reaper","Combust+1"],"relics":["Burning Blood","NeowsBlessing","Anchor","Kunai","Golden Idol","Potion Belt","Mark of Pain","Tiny Chest","StrikeDummy","Toxic Egg 2","Singing Bowl","Busted Crown","Lantern"],"acts_visited":["Exordium","TheCity","TheBeyond"],"potions_floor_usage":[18,30,31,33],"damage_taken":[{"damage":0.0,"enemies":"2 Louse","floor":1.0,"turns":1.0},{"damage":0.0,"enemies":"Jaw Worm","floor":5.0,"turns":1.0},{"damage":0.0,"enemies":"3 Sentries","floor":6.0,"turns":1.0},{"damage":0.0,"enemies":"Small Slimes","floor":11.0,"turns":3.0},{"damage":5.0,"enemies":"Looter","floor":12.0,"turns":3.0},{"damage":10.0,"enemies":"2 Fungi Beasts","floor":13.0,"turns":4.0},{"damage":13.0,"enemies":"Lagavulin","floor":14.0,"turns":4.0},{"damage":58,"enemies":"Hexaghost","floor":16,"turns":9},{"damage":23,"enemies":"3 Byrds","floor":18,"turns":5},{"damage":19,"enemies":"2 Thieves","floor":24,"turns":4},{"damage":45,"enemies":"Slavers","floor":30,"turns":6},{"damage":34,"enemies":"3 Cultists","floor":31,"turns":5},{"damage":68,"enemies":"Champ","floor":33,"turns":12},{"damage":20,"enemies":"Orb Walker","floor":35,"turns":4},{"damage":20,"enemies":"3 Shapes","floor":36,"turns":4},{"damage":20,"enemies":"Spire Growth","floor":38,"turns":3}],"seed_played":"-9140741796593387997","potions_obtained":[{"floor":1.0,"key":"Swift Potion"},{"floor":11.0,"key":"EntropicBrew"},{"floor":13.0,"key":"FearPotion"},{"floor":16,"key":"Explosive Potion"},{"floor":18,"key":"BloodPotion"},{"floor":24,"key":"SpeedPotion"},{"floor":30,"key":"ColorlessPotion"},{"floor":35,"key":"DuplicationPotion"}],"is_trial":false,"path_per_floor":["M","?","$","?","M","E","R","T","T","?","M","M","M","E","R","B",null,"M","$","?","?","?","R","M","R","T","R","T","$","E","M","R","B",null,"M","M","$","M"],"character_chosen":"IRONCLAD","items_purchased":["Metallicize","Tiny Chest","Heavy Blade","Flex","Fire Breathing","Lantern"],"campfire_rested":4,"item_purchase_floors":[3,19,19,19,19,37],"current_hp_per_floor":[80,80,80,80,80,80,80,80,80,80,80,80,76,69,80,28,80,69,69,69,69,69,80,67,80,80,80,80,80,62,62,84,33,84,70,58,58,38,38],"gold":90,"neow_bonus":"THREE_ENEMY_KILL","is_daily":false,"chose_seed":false,"campfire_upgraded":1,"win_rate":0.0,"timestamp":1609519246,"path_taken":["M","?","$","?","M","E","R","?","T","?","M","M","M","E","R","BOSS","M","$","?","?","?","R","M","R","T","R","?","?","E","M","R","BOSS","M","M","$","M"],"items_purchased_type":["Card","Relic","Card","Card","Card","Relic"],"build_version":"2020-12-22","purchased_purges":0,"victory":false,"max_hp_per_floor":[80,80,80,80,80,80,80,80,80,80,80,80,80,80,80,80,80,80,80,80,80,80,80,80,80,80,80,80,80,82,84,84,84,84,84,86,86,86,86],"card_choices":[{"not_picked":["Pommel Strike","Thunderclap"],"picked":"Inflame","floor":1.0},{"not_picked":["Bloodletting","Burning Pact"],"picked":"Cleave","floor":5.0},{"not_picked":["Exhume","Shockwave","Clash"],"picked":"SKIP","floor":6.0},{"not_picked":["Hemokinesis","Rupture"],"picked":"Body Slam","floor":11.0},{"not_picked":["Dark Embrace","Battle Trance","Anger"],"picked":"SKIP","floor":12.0},{"not_picked":["Body Slam","Dropkick"],"picked":"Spot Weakness","floor":13.0},{"not_picked":["Warcry","Sever Soul"],"picked":"Heavy Blade","floor":14.0},{"not_picked":["Exhume","Bludgeon"],"picked":"Reaper","floor":16},{"not_picked":["Power Through+1","Havoc","Warcry"],"picked":"SKIP","floor":18},{"not_picked":["Thunderclap","Warcry","Pummel"],"picked":"SKIP","floor":24},{"not_picked":["Fire Breathing","Anger","Corruption"],"picked":"Singing Bowl","floor":30},{"not_picked":["Headbutt","Shrug It Off+1","Reckless Charge"],"picked":"Singing Bowl","floor":31},{"not_picked":["Bludgeon","Berserk"],"picked":"Reaper","floor":33},{"not_picked":[],"picked":"Combust+1","floor":35},{"not_picked":["Twin Strike+1"],"picked":"Singing Bowl","floor":36}],"player_experience":5676775,"relics_obtained":[{"floor":6.0,"key":"Anchor"},{"floor":8.0,"key":"Kunai"},{"floor":14.0,"key":"Potion Belt"},{"floor":26,"key":"StrikeDummy"},{"floor":28,"key":"Toxic Egg 2"},{"floor":30,"key":"Singing Bowl"}],"event_choices":[{"damage_healed":0.0,"max_hp_gain":0.0,"max_hp_loss":0.0,"gold_gain":0.0,"event_name":"World of Goop","player_choice":"Left Gold","floor":2.0,"gold_loss":20.0,"damage_taken":0.0},{"damage_healed":0.0,"max_hp_gain":0.0,"max_hp_loss":0.0,"gold_gain":0.0,"event_name":"Golden Wing","player_choice":"Ignored","floor":4.0,"gold_loss":0.0,"damage_taken":0.0},{"damage_healed":0.0,"max_hp_gain":0.0,"max_hp_loss":0.0,"gold_gain":0.0,"event_name":"Golden Idol","player_choice":"Take Wound","floor":10.0,"gold_loss":0.0,"damage_taken":0.0,"relics_obtained":["Golden Idol"],"cards_obtained":["Injury"]},{"cards_removed":["Injury"],"damage_healed":0,"gold_gain":0,"player_choice":"Elegance","damage_taken":0,"max_hp_gain":0,"max_hp_loss":0,"event_name":"Back to Basics","floor":20,"gold_loss":0},{"damage_healed":0,"gold_gain":0,"player_choice":"Paid Fearfully","damage_taken":0,"max_hp_gain":0,"max_hp_loss":0,"event_name":"Masked Bandits","floor":22,"gold_loss":66}],"is_beta":false,"boss_relics":[{"not_picked":["Philosopher\u0027s Stone","Sozu"],"picked":"Mark of Pain"},{"not_picked":["Tiny House","Cursed Key"],"picked":"Busted Crown"}],"items_purged_floors":[],"is_endless":false,"potions_floor_spawned":[1,11,13,16,18,24,30,35],"killed_by":"Spire Growth","ascension_level":0}}