{"host":"cjczijzq2n4uvi0v","time":1609476750,"event":{"mods":["2.2 Compatiblity","Act Like it!","Aspiration","Astrologer","BaseMod","BetterRewards","Challenge The Spire","Colored Map","Colored Powertips","Conspire","Elementarium","Gensokyo","GifTheSpireLib","GungeonMod","Halation","Hallownest","Highlight Path","Hubris","Infinite Spire","Jorbs\u0027s Wanderer Trilogy","Lobotomy","Mimic Mod","Minty Spire (QoL Compilation)","Pale of the Ancients","Permanent Neow","Rare Cards Sparkle","Replay The Spire","Shop Mod","Spikes Relics","StSLib","Stuff the Spire","The Animator","The Bug Knight","The Construct","The Disciple","The Factory","The Jungle","The Problem Sleuth","Unknown Chances","Wandering Minibosses"],"gold_per_floor":[115,1587,1600,1600,1600,1600,1630,1630,1663,1674,1687,1707,1727,3045,3045,3045,3045],"floor_reached":16,"playtime":792,"items_purged":["Strike_B","Writhe"],"score":202,"play_id":"93c4e9c5-433e-4b1c-99b3-ae48a72b26d9","local_time":"20210101045230","is_ascension_mode":false,"campfire_choices":[{"data":"Defragment","floor":6,"key":"SMITH"},{"data":"StuffTheSpire:BrainWave","floor":15,"key":"SMITH"}],"circlet_count":0,"master_deck":["Strike_B","Strike_B","Strike_B","Defend_B","Defend_B","Defend_B","Defend_B","Zap","Dualcast","Fission","Defragment+1","hubris:Ukulele","Replay:Bootleg Shield Generator","StuffTheSpire:BrainWave+1","RefreshScreen","Ball Lightning","Double Energy","StuffTheSpire:Synthwave"],"relics":["Cracked Core","DemoMod:ClearGuonStone","hubris:Towel","StuffTheSpire:TintedRock","StuffTheSpire:HeavyRock","halation:PromiseList","DemoMod:MonsterBlood","Meat on the Bone","hubris:HerbalPaste"],"acts_visited":["Hallownest:Greenpath"],"potions_floor_usage":[7,13],"damage_taken":[{"damage":7,"enemies":"Hallownest:monsterHuskGuard","floor":1,"turns":4},{"damage":0,"enemies":"Hallownest:2_Baldur","floor":3,"turns":3},{"damage":16,"enemies":"Hallownest:eliteMossKnight","floor":7,"turns":9},{"damage":0,"enemies":"Hallownest:2_MossCreeps","floor":9,"turns":7},{"damage":0,"enemies":"Hallownest:2_MossCreeps","floor":10,"turns":4},{"damage":0,"enemies":"Hallownest:monsterMossCharger","floor":11,"turns":2},{"damage":2,"enemies":"Hallownest:monsterFoolEater","floor":12,"turns":3},{"damage":0,"enemies":"Hallownest:monsterAspidMother","floor":13,"turns":3},{"damage":73,"enemies":"Hallownest:BossHornet","floor":16,"turns":7}],"seed_played":"-2875548830882483545","potions_obtained":[{"floor":1,"key":"BlessingOfTheForge"},{"floor":10,"key":"Weak Potion"},{"floor":12,"key":"DuplicationPotion"}],"is_trial":false,"path_per_floor":["M","$","M","?","?","R","E","?","MIM","M","M","M","M","$","R","B"],"character_chosen":"DEFECT","items_purchased":["DemoMod:ClearGuonStone","DemoMod:WeirdEgg","hubris:Ukulele","Replay:Bootleg Shield Generator","DemoMod:MonsterBlood","Meat on the Bone","hubris:HerbalPaste","StuffTheSpire:Synthwave"],"campfire_rested":0,"item_purchase_floors":[2,2,2,2,14,14,14,14],"current_hp_per_floor":[68,68,68,68,77,77,61,61,61,61,61,59,59,66,66,0,0],"gold":3045,"neow_bonus":"ONE_RANDOM_RARE_CARD","is_daily":false,"chose_seed":false,"campfire_upgraded":2,"win_rate":0.0,"timestamp":1609476750,"path_taken":["M","$","M","?","?","R","E","?","MIM","M","M","M","M","$","R","BOSS"],"items_purchased_type":["Relic","Relic","Card","Card","Relic","Relic","Relic","Card"],"build_version":"2020-12-22","purchased_purges":2,"victory":false,"max_hp_per_floor":[75,75,75,75,84,84,84,84,84,84,84,84,84,91,91,91,91],"card_choices":[{"not_picked":["Gash","Stack"],"picked":"Defragment","floor":1},{"not_picked":["Steam Power","conspire:SharedLibrary","Go for the Eyes"],"picked":"SKIP","floor":3},{"not_picked":["Barrage","Hologram","Leap"],"picked":"SKIP","floor":7},{"not_picked":["StuffTheSpire:Rapture","StuffTheSpire:Vigor"],"picked":"StuffTheSpire:BrainWave","floor":8},{"not_picked":["Cold Snap","Coolheaded"],"picked":"RefreshScreen","floor":9},{"not_picked":["Hello World","Leap","Coolheaded"],"picked":"SKIP","floor":10},{"not_picked":["BasicCrystalCard","Cold Snap"],"picked":"Ball Lightning","floor":11},{"not_picked":["Stack","Barrage"],"picked":"Double Energy","floor":12},{"not_picked":["Cold Snap","ReplayTheSpireMod:Repulse","Streamline"],"picked":"SKIP","floor":13}],"player_experience":36581,"relics_obtained":[{"floor":7,"key":"StuffTheSpire:TintedRock"},{"floor":9,"key":"StuffTheSpire:HeavyRock"},{"floor":9,"key":"halation:PromiseList"}],"event_choices":[],"is_beta":false,"boss_relics":[],"items_purged_floors":[2,14],"is_endless":false,"potions_floor_spawned":[1,10,12],"killed_by":"Hallownest:BossHornet","ascension_level":0}}