{"host":"ko4b5atusvmax52d","time":1609461677,"event":{"mods":["AchievementEnabler","Act Like it!","Aspiration","BaseMod","Better Third Choice","BetterRewards","Friendly Minions","Halation","Hermit","Hubris","Infinite Spire","Koishi","Marisa????????","Minty Spire (QoL Compilation)","Rare Cards Sparkle","Replay The Spire","Shade Mod","Spicy Shops","StSLib","SuperFastMode","The Animator","The Bug Knight","The Hierophant","The Senshi","The Wild Card","Wandering Minibosses","vexMod"],"gold_per_floor":[124,124,28,53,53,53,75,75,75,75,107,107,137,156,156,161,161],"floor_reached":16,"playtime":712,"items_purged":[],"score":100,"play_id":"649a2efa-02f9-44ab-8531-e09b0ddf2141","local_time":"20210101014117","is_ascension_mode":false,"campfire_choices":[{"data":"animator:Pride","floor":6,"key":"SMITH"},{"data":"animator:Gluttony","floor":10,"key":"SMITH"},{"data":"animator:MaesHughes","floor":12,"key":"SMITH"},{"floor":15,"key":"REST"}],"circlet_count":0,"master_deck":["animator:Strike_FullmetalAlchemist","animator:Defend_FullmetalAlchemist","animator:ElricEdward+1","animator:ElricAlphonse","animator:Shalltear","animator:Pride+1","animator:Strike_Overlord","animator:Strike_AccelWorld","animator:Strike_Elsword","animator:Defend_Overlord","animator:Defend_Kancolle","animator:Gluttony+1","animator:ElricEdward+1","animator:MaesHughes+1","animator:Entoma","animator:ElricEdward"],"relics":["animator:LivingPicture","animator:TheMissingPiece","animator:PurgingStone","hubris:TinFlute","Durian"],"acts_visited":["Exordium"],"potions_floor_usage":[],"damage_taken":[{"damage":9,"enemies":"Jaw Worm","floor":1,"turns":4},{"damage":5,"enemies":"2 Louse","floor":4,"turns":3},{"damage":1,"enemies":"Cultist","floor":7,"turns":3},{"damage":6,"enemies":"2 Fungi Beasts","floor":11,"turns":6},{"damage":33,"enemies":"Gremlin Nob","floor":13,"turns":5},{"damage":16,"enemies":"Large Slime","floor":14,"turns":4},{"damage":37,"enemies":"Fading Forest","floor":16,"turns":9}],"seed_played":"3687279603455147022","potions_obtained":[{"floor":14,"key":"Reflective Coating"}],"is_trial":false,"path_per_floor":["M","?","?","M","T","R","M","?","T","R","M","R","E","M","R","B"],"character_chosen":"THE_ANIMATOR","items_purchased":[],"campfire_rested":1,"item_purchase_floors":[],"current_hp_per_floor":[57,57,57,53,53,53,52,52,52,52,46,46,18,2,23,0,0],"gold":161,"neow_bonus":"TRANSFORM_CARD","is_daily":false,"chose_seed":false,"campfire_upgraded":3,"win_rate":0.0,"timestamp":1609461677,"path_taken":["M","?","?","M","?","R","?","?","T","R","M","R","E","M","R","BOSS"],"items_purchased_type":[],"build_version":"2020-12-22","purchased_purges":0,"victory":false,"max_hp_per_floor":[66,66,66,67,67,67,67,67,67,67,67,67,72,72,72,72,72],"card_choices":[{"not_picked":["animator:PandorasActor","animator:Kuribayashi"],"picked":"animator:Pride","floor":1},{"not_picked":["animator:Shion","animator:HiiragiShinya"],"picked":"animator:Gluttony","floor":4},{"not_picked":["animator:Yoichi","animator:Souei"],"picked":"animator:ElricEdward","floor":7},{"not_picked":["animator:Sloth","animator:ElricEdward"],"picked":"animator:MaesHughes","floor":11},{"not_picked":["animator:Sonic","animator:ElricEdward"],"picked":"animator:Entoma","floor":13},{"not_picked":["animator:DwarfShaman","animator:Kuribayashi"],"picked":"animator:ElricEdward","floor":14}],"player_experience":244443,"relics_obtained":[{"floor":9,"key":"hubris:TinFlute"},{"floor":13,"key":"Durian"}],"event_choices":[],"is_beta":false,"boss_relics":[],"items_purged_floors":[],"is_endless":false,"potions_floor_spawned":[7,14],"killed_by":"Fading Forest","ascension_level":0}}