{"host":"zit9o0ax6c2l3y2b","time":1609475858,"event":{"mods":["Aspiration","BaseMod","Colored Map","Conspire","Downfall","Glutton Mod","Hermit","Hubris","Infinite Spire","Minty Spire (QoL Compilation)","Random Character Button","Relic Filter","Replay The Spire","Shade Mod","Shop Mod","StSLib","The Construct","The Cursed","The Disciple","The Runesmith","TheArtist"],"gold_per_floor":[0,11,27,37,37,37,60,60,60,60,79,98,117,147,160,265,265,265,275,287,20,20,20,43,58,58,85,85,103,123,108,125,223,223,223,241,275,354,256,333,333,470,682,682,757,573,635,101,163,235],"floor_reached":51,"playtime":3646,"items_purged":[],"score":955,"play_id":"baca2dd1-d1f4-4c59-9dd5-c0bf889e0f34","local_time":"20201231233738","is_ascension_mode":true,"campfire_choices":[{"data":"hexamod:Float","floor":1.0,"key":"SMITH"},{"data":"hexamod:BurningTouch","floor":6.0,"key":"SMITH"},{"data":"hexamod:InspiringFlames","floor":8.0,"key":"SMITH"},{"data":"hexamod:GiftsFromTheDead","floor":18.0,"key":"SMITH"},{"data":"hexamod:RetreatToShadows","floor":23.0,"key":"SMITH"},{"data":"hexamod:TimeOfNeed","floor":26.0,"key":"SMITH"},{"data":"hexamod:ExtraCrispy","floor":35.0,"key":"SMITH"}],"circlet_count":0,"master_deck":["hexamod:Strike+1","hexamod:Strike","hexamod:Strike","hexamod:Defend+1","hexamod:Defend+1","hexamod:Defend","hexamod:Sear","hexamod:Float+1","hexamod:BurningTouch+1","hexamod:InspiringFlames+1","hexamod:SpectersWail","infinitespire:Oblivion","hexamod:RetreatToShadows+1","hexamod:ExtraCrispy+1","hexamod:Hexaguard","hexamod:FlamesFromBeyond","hexamod:NecessarySacrifice+1","hexamod:NightmareStrike","hexamod:GiftsFromTheDead+1","hexamod:FirstSeal","hexamod:ThirdSeal","hexamod:TimeOfNeed+1","hexamod:NightmareGuise+1","hexamod:PowerFromBeyond","hexamod:ShieldOfDarkness+1","hexamod:SixthSeal","hexamod:ParanormalForm+1","hexamod:Hexaguard+1","hexamod:Hexaguard+1","CurseOfTheBell","expansioncontent:DashGenerateEvil"],"relics":["hexamod:SpiritBrand","Bird Faced Urn","Pet Ghost","hubris:Towel","Dead Branch","Black Star","construct:FoamFinger","infinitespire:Lucky Rock","hubris:SlimyHat","Anchor","hubris:BlackHole","Replay:Bandana","TheAbacus","Mercury Hourglass","Oddly Smooth Stone","Calling Bell","MealTicket","Bag of Preparation","Quantum Egg","ReplayTheSpireMod:Lightbulb","Nunchaku","Shuriken","Pondfish Scales"],"acts_visited":["Exordium","TheCity","TheBeyond"],"potions_floor_usage":[],"damage_taken":[{"damage":0.0,"enemies":"Cultist","floor":2.0,"turns":3.0},{"damage":0.0,"enemies":"Jaw Worm","floor":3.0,"turns":3.0},{"damage":2.0,"enemies":"2 Louse","floor":4.0,"turns":4.0},{"damage":7.0,"enemies":"Exordium Thugs","floor":11.0,"turns":5.0},{"damage":2.0,"enemies":"2 Fungi Beasts","floor":12.0,"turns":4.0},{"damage":1.0,"enemies":"Gremlin Gang","floor":13.0,"turns":4.0},{"damage":5.0,"enemies":"3 Sentries","floor":14.0,"turns":6.0},{"damage":0.0,"enemies":"Exordium Wildlife","floor":15.0,"turns":2.0},{"damage":9.0,"enemies":"downfall:Ironclad","floor":16.0,"turns":4.0},{"damage":9.0,"enemies":"3 Byrds","floor":19.0,"turns":4.0},{"damage":0.0,"enemies":"Spheric Guardian","floor":20.0,"turns":3.0},{"damage":0.0,"enemies":"downfall:FleeingMerchant","floor":21.0,"turns":4.0},{"damage":6.0,"enemies":"Snecko","floor":25.0,"turns":4.0},{"damage":12.0,"enemies":"Nightmare","floor":27.0,"turns":7.0},{"damage":0.0,"enemies":"Centurion and Healer","floor":29.0,"turns":5.0},{"damage":0.0,"enemies":"Cultist and Chosen","floor":30.0,"turns":4.0},{"damage":0.0,"enemies":"downfall:FleeingMerchant","floor":31.0,"turns":4.0},{"damage":6.0,"enemies":"3 Cultists","floor":32.0,"turns":5.0},{"damage":14.0,"enemies":"downfall:Silent","floor":33.0,"turns":5.0},{"damage":0.0,"enemies":"Orb Walker","floor":36.0,"turns":1.0},{"damage":0.0,"enemies":"conspire:MimicChest","floor":37.0,"turns":1.0},{"damage":3.0,"enemies":"3 Shapes","floor":38.0,"turns":1.0},{"damage":0.0,"enemies":"downfall:FleeingMerchant","floor":39.0,"turns":1.0},{"damage":0.0,"enemies":"3 Darklings","floor":40.0,"turns":2.0},{"damage":0.0,"enemies":"Giant Head","floor":42.0,"turns":1.0},{"damage":0,"enemies":"Transient","floor":43,"turns":2},{"damage":0,"enemies":"R_Hoarder","floor":45,"turns":2},{"damage":0,"enemies":"Nightmare","floor":47,"turns":1},{"damage":0,"enemies":"Sphere and 2 Shapes","floor":49,"turns":1},{"damage":0,"enemies":"downfall:Defect","floor":50,"turns":1}],"seed_played":"-8351551072085793930","potions_obtained":[{"floor":4.0,"key":"Dexterity Potion"},{"floor":12.0,"key":"champ:CounterPotion"},{"floor":13.0,"key":"FearPotion"},{"floor":16.0,"key":"hexamod:DoubleChargePotion"},{"floor":19.0,"key":"Strength Potion"},{"floor":25.0,"key":"EssenceOfSteel"},{"floor":49,"key":"Flashbang"}],"is_trial":false,"path_per_floor":["R","M","M","M","?","R","T","R","?","?","M","M","M","E","M","B",null,"R","M","M","$","?","R","T","M","R","NM","?","M","M","$","M","B",null,"R","M","?","M","$","M","T","E","M","?","E","$","NM","$","M","B",null],"character_chosen":"THE_SPIRIT","items_purchased":["construct:FoamFinger","hexamod:Hexaguard","TheAbacus","Mercury Hourglass","expansioncontent:DashGenerateEvil","Shuriken","Pondfish Scales"],"campfire_rested":0,"item_purchase_floors":[21,39,39,39,46,48,48],"current_hp_per_floor":[70,70,70,68,50,50,50,50,50,50,43,43,44,41,43,34,70,70,61,67,70,70,70,70,70,70,70,70,70,70,70,70,70,70,70,70,70,69,69,70,70,70,70,70,70,70,70,70,70,70],"gold":235,"neow_bonus":"ONE_RARE_RELIC","is_daily":false,"chose_seed":false,"campfire_upgraded":7,"win_rate":0.0,"timestamp":1609475858,"path_taken":["R","M","M","M","?","R","T","R","?","?","M","M","?","E","M","BOSS","R","M","M","$","?","R","T","?","R","NM","?","M","M","$","M","BOSS","R","M","?","M","?","M","T","E","?","?","E","$","NM","$","M","BOSS"],"items_purchased_type":["Relic","Card","Relic","Relic","Card","Relic","Relic"],"build_version":"2020-12-22","purchased_purges":0,"victory":true,"max_hp_per_floor":[70,70,70,70,70,70,70,70,70,70,70,70,70,70,70,70,70,70,70,70,70,70,70,70,70,70,70,70,70,70,70,70,70,70,70,70,70,70,70,70,70,70,70,70,70,70,70,70,70,70],"card_choices":[{"not_picked":["hexamod:SwordOfDarkness","hexamod:ThermalTransfer"],"picked":"hexamod:BurningTouch","floor":2.0},{"not_picked":["hexamod:RainOfEmbers","hexamod:FastForward"],"picked":"hexamod:InspiringFlames","floor":3.0},{"not_picked":["hexamod:GhostLash","hexamod:ParanormalForm"],"picked":"hexamod:SpectersWail","floor":4.0},{"not_picked":["hubris:Rewind","infinitespire:FutureSight"],"picked":"infinitespire:Oblivion","floor":5.0},{"not_picked":["hexamod:SpectralSpark","hexamod:RecurringNightmare"],"picked":"hexamod:ExtraCrispy","floor":11.0},{"not_picked":["hexamod:ShieldOfDarkness","hexamod:GhostLash"],"picked":"hexamod:Hexaguard","floor":12.0},{"not_picked":["hexamod:GhostOfSpirePresent","hexamod:Firestarter"],"picked":"hexamod:FlamesFromBeyond","floor":13.0},{"not_picked":["hexamod:BacktrackSmack","hexamod:ShieldOfDarkness"],"picked":"hexamod:NecessarySacrifice","floor":14.0},{"not_picked":["hexamod:BacktrackSmack","hexamod:InspiringFlames"],"picked":"hexamod:NightmareStrike","floor":15.0},{"not_picked":["hexamod:TimeOfNeed","hexamod:GhostflameInferno"],"picked":"hexamod:GiftsFromTheDead","floor":16.0},{"not_picked":["hexamod:SoulSteal","hexamod:Firestarter"],"picked":"hexamod:FirstSeal","floor":19.0},{"not_picked":["hexamod:GhostflameBarrier","hexamod:SpectersWail","hexamod:HauntingEcho+1"],"picked":"SKIP","floor":20.0},{"not_picked":["hexamod:Firestarter","hexamod:BurningTouch"],"picked":"hexamod:ThirdSeal","floor":21.0},{"not_picked":["hexamod:ExtraCrispy+1","hexamod:SkipABeat"],"picked":"hexamod:TimeOfNeed","floor":25.0},{"not_picked":["hexamod:GhostLash","hexamod:BurningTouch+1","hexamod:AdvancingGuard"],"picked":"SKIP","floor":25.0},{"not_picked":["hexamod:ThermalTransfer","hexamod:GhostLash"],"picked":"hexamod:NightmareGuise+1","floor":27.0},{"not_picked":["hexamod:BacktrackSmack","hexamod:SkipABeat"],"picked":"hexamod:PowerFromBeyond","floor":27.0},{"not_picked":["hexamod:ShieldOfDarkness","hexamod:GhostOfSpireFuture","hexamod:NightmareGuise"],"picked":"SKIP","floor":29.0},{"not_picked":["hexamod:GhostShield","hexamod:HeatMetal+1","hexamod:RetreatToShadows+1"],"picked":"SKIP","floor":29.0},{"not_picked":["hexamod:GhostShield","hexamod:PhantomCloak+1"],"picked":"hexamod:ShieldOfDarkness+1","floor":30.0},{"not_picked":["hexamod:FlamesFromBeyond+1","hexamod:AdvancingGuard","hexamod:DynamicBlow"],"picked":"SKIP","floor":30.0},{"not_picked":["hexamod:GhostLash+1","hexamod:EtherealExpedition","hexamod:SpectralSpark"],"picked":"SKIP","floor":31.0},{"not_picked":["hexamod:SpectersWail","hexamod:HeatCrush","hexamod:HeatMetal"],"picked":"SKIP","floor":32.0},{"not_picked":["hexamod:TurnItUp","hexamod:EmpoweringStance"],"picked":"hexamod:SixthSeal","floor":33.0},{"not_picked":["hexamod:GhostLash","hexamod:InspiringFlames+1","hexamod:EmpoweredFlame+1"],"picked":"SKIP","floor":36.0},{"not_picked":["hexamod:Incineration","hexamod:BurningTouch+1"],"picked":"hexamod:ParanormalForm","floor":37.0},{"not_picked":["hexamod:NightmareStrike+1","hexamod:RetreatToShadows","hexamod:EmpoweringStance"],"picked":"SKIP","floor":38.0},{"not_picked":["hexamod:InspiringFlames","hexamod:ThermalTransfer+1","hexamod:RainOfEmbers"],"picked":"SKIP","floor":39.0},{"not_picked":["hexamod:GhostShield","hexamod:GhostLash+1","hexamod:GhostOfSpirePresent"],"picked":"SKIP","floor":40.0},{"not_picked":["hexamod:PhantomFireball","hexamod:GhostOfSpirePresent+1","hexamod:Haunt"],"picked":"SKIP","floor":42.0},{"not_picked":["hexamod:HauntingEcho","hexamod:RainOfEmbers","hexamod:NightmareStrike+1"],"picked":"SKIP","floor":43},{"not_picked":["hexamod:GhostShield+1","hexamod:BurningTouch+1","hexamod:SpectersWail+1"],"picked":"SKIP","floor":43},{"not_picked":["hexamod:InspiringFlames+1","hexamod:GiftsFromTheDead","hexamod:BurningTouch+1"],"picked":"SKIP","floor":45},{"not_picked":["hexamod:DynamicBlow+1","hexamod:InspiringFlames+1","hexamod:FlamesFromBeyond"],"picked":"SKIP","floor":47},{"not_picked":["hexamod:Hexaguard","hexamod:CatchUp+1","hexamod:TurnItUp"],"picked":"SKIP","floor":47},{"not_picked":["hexamod:NightmareGuise+1","hexamod:SpectralSpark","hexamod:HauntingEcho+1"],"picked":"SKIP","floor":49},{"not_picked":["hexamod:SpectralAdrenaline+1","hexamod:SoulSteal","hexamod:RainOfEmbers+1"],"picked":"SKIP","floor":49}],"player_experience":430024,"relics_obtained":[{"floor":7.0,"key":"Pet Ghost"},{"floor":14.0,"key":"Dead Branch"},{"floor":24.0,"key":"infinitespire:Lucky Rock"},{"floor":27.0,"key":"hubris:SlimyHat"},{"floor":27.0,"key":"Anchor"},{"floor":37.0,"key":"Replay:Bandana"},{"floor":41.0,"key":"Oddly Smooth Stone"},{"floor":42.0,"key":"Calling Bell"},{"floor":42.0,"key":"MealTicket"},{"floor":45,"key":"Bag of Preparation"},{"floor":45,"key":"Quantum Egg"},{"floor":47,"key":"ReplayTheSpireMod:Lightbulb"},{"floor":47,"key":"Nunchaku"}],"event_choices":[{"damage_healed":0.0,"max_hp_gain":0.0,"max_hp_loss":0.0,"gold_gain":0.0,"cards_transformed":["hexamod:Defend"],"event_name":"Transmorgrifier","player_choice":"Transformed","floor":10.0,"gold_loss":0.0,"damage_taken":0.0,"cards_obtained":["hexamod:RetreatToShadows"]},{"cards_removed":["hexamod:Strike"],"damage_healed":0.0,"max_hp_gain":0.0,"max_hp_loss":0.0,"gold_gain":0.0,"event_name":"Purifier","player_choice":"Purged","floor":22.0,"gold_loss":0.0,"damage_taken":0.0}],"is_beta":false,"boss_relics":[{"not_picked":["Busted Crown","Empty Cage"],"picked":"Black Star"},{"not_picked":["aspiration:DefectSkillbook","ReplayTheSpireMod:DimensionalGlitch"],"picked":"hubris:BlackHole"}],"items_purged_floors":[],"is_endless":false,"potions_floor_spawned":[4,12,13,16,19,20,25,29,36,42,43,45,49],"ascension_level":1}}