{"host":"3jpwrwmmgyabjceh","time":1609515499,"event":{"mods":["AchievementEnabler","BaseMod","Colored Map","Colored Powertips","Highlight Path","Minty Spire (QoL Compilation)","Quick Restart","Relic Stats","StSLib","SuperFastMode"],"gold_per_floor":[114,133,133,54,54,81,81,81,129,158,170,194,220,232,244,364,376,415,477,284,302,27,27,69,69,93,18,18,37,37,52,52,163,163,174,183,242,267,24,49,69,78,78,121,121,155,165,204,204,204,204],"floor_reached":50,"playtime":1648,"items_purged":["Strike_R","Strike_R"],"score":733,"play_id":"e8279d9e-95cb-48e1-8813-949d34243367","local_time":"20210101183819","is_ascension_mode":true,"campfire_choices":[{"data":"Whirlwind","floor":7,"key":"SMITH"},{"data":"Bash","floor":11,"key":"SMITH"},{"data":"Clothesline","floor":15,"key":"SMITH"},{"data":"Shrug It Off","floor":23,"key":"SMITH"},{"data":"Inflame","floor":28,"key":"SMITH"},{"data":"Battle Trance","floor":30,"key":"SMITH"},{"data":"Inflame","floor":32,"key":"SMITH"},{"floor":49,"key":"RECALL"}],"circlet_count":0,"master_deck":["Strike_R+1","Defend_R","Defend_R","Defend_R","Defend_R","Bash+1","Armaments+1","Whirlwind+1","Twin Strike+1","Clothesline+1","Iron Wave","Flame Barrier","Double Tap","True Grit+1","Feed+1","Inflame+1","Shrug It Off+1","Inflame+1","Battle Trance+1","Limit Break","Discovery","Ghostly Armor+1","Headbutt+1","Inflame+1","Writhe","Brutality","Shrug It Off","Whirlwind"],"relics":["Coffee Dripper","Bronze Scales","MawBank","CeramicFish","SacredBark","Meat on the Bone","Happy Flower","Philosopher\u0027s Stone","CaptainsWheel","Whetstone","Gambling Chip","Strawberry","Bird Faced Urn","Bag of Marbles"],"acts_visited":["Exordium","TheCity","TheBeyond"],"potions_floor_usage":[6,16,24,31,33,41,44,46,47,48],"damage_taken":[{"damage":5,"enemies":"Small Slimes","floor":1,"turns":4},{"damage":2,"enemies":"Jaw Worm","floor":2,"turns":3},{"damage":15,"enemies":"Lagavulin","floor":6,"turns":5},{"damage":4,"enemies":"2 Louse","floor":10,"turns":2},{"damage":0,"enemies":"Red Slaver","floor":12,"turns":2},{"damage":0,"enemies":"3 Louse","floor":13,"turns":2},{"damage":16,"enemies":"Hexaghost","floor":16,"turns":9},{"damage":13,"enemies":"Spheric Guardian","floor":18,"turns":4},{"damage":0,"enemies":"Chosen","floor":21,"turns":3},{"damage":50,"enemies":"Slavers","floor":24,"turns":5},{"damage":4,"enemies":"Snecko","floor":29,"turns":6},{"damage":0,"enemies":"Centurion and Healer","floor":31,"turns":5},{"damage":43,"enemies":"Automaton","floor":33,"turns":8},{"damage":2,"enemies":"3 Shapes","floor":35,"turns":5},{"damage":0,"enemies":"Mind Bloom Boss Battle","floor":37,"turns":3},{"damage":35,"enemies":"3 Darklings","floor":38,"turns":5},{"damage":0,"enemies":"Transient","floor":40,"turns":5},{"damage":5,"enemies":"Spire Growth","floor":41,"turns":4},{"damage":27,"enemies":"Reptomancer","floor":44,"turns":6},{"damage":40,"enemies":"Nemesis","floor":46,"turns":5},{"damage":16,"enemies":"4 Shapes","floor":47,"turns":6},{"damage":48,"enemies":"Giant Head","floor":48,"turns":7},{"damage":47,"enemies":"Time Eater","floor":50,"turns":5}],"seed_played":"1356048985800431298","potions_obtained":[{"floor":1,"key":"SkillPotion"},{"floor":2,"key":"ElixirPotion"},{"floor":12,"key":"Weak Potion"},{"floor":18,"key":"AttackPotion"},{"floor":24,"key":"SkillPotion"},{"floor":29,"key":"Block Potion"},{"floor":40,"key":"Dexterity Potion"},{"floor":41,"key":"Regen Potion"},{"floor":44,"key":"Weak Potion"},{"floor":45,"key":"Regen Potion"},{"floor":45,"key":"GamblersBrew"},{"floor":46,"key":"Fire Potion"}],"is_trial":false,"path_per_floor":["M","M","?","$","?","E","R","?","T","M","R","M","M","?","R","B",null,"M","?","$","M","$","R","E","?","T","?","R","M","R","M","R","B",null,"M","?","?","M","$","M","M","?","T","E","?","E","M","E","R","B"],"character_chosen":"IRONCLAD","items_purchased":["Whirlwind","Feed","Inflame","Meat on the Bone","Shrug It Off","Whetstone"],"campfire_rested":0,"item_purchase_floors":[4,20,20,22,22,39],"current_hp_per_floor":[75,73,57,57,50,35,35,35,35,31,31,31,31,31,31,15,80,67,67,67,67,67,67,29,55,55,55,55,51,51,54,54,23,83,85,80,80,48,48,48,55,78,78,96,96,56,62,34,34,0,0],"gold":204,"neow_bonus":"BOSS_RELIC","is_daily":false,"chose_seed":false,"campfire_upgraded":7,"win_rate":0.0,"timestamp":1609515499,"path_taken":["M","M","?","$","?","E","R","?","T","M","R","?","M","?","R","BOSS","M","?","$","?","$","R","E","?","T","?","R","M","R","M","R","BOSS","M","?","?","M","$","M","?","?","T","E","?","E","?","E","R","BOSS"],"items_purchased_type":["Card","Card","Card","Relic","Card","Relic"],"build_version":"2020-12-22","purchased_purges":2,"victory":false,"max_hp_per_floor":[80,80,80,80,80,80,80,80,80,80,80,80,80,80,80,80,80,80,80,80,80,80,80,80,80,80,80,80,80,80,83,83,83,83,87,87,87,90,90,90,90,90,90,97,97,97,101,101,101,101,101],"relic_stats":{"Happy Flower":[23],"counters":[23,109],"Bronze Scales":[230],"CeramicFish":144,"Gambling Chip":[18],"Bird Faced Urn":[22],"Whetstone":["Feed","Twin Strike"],"MawBank":132,"obtain_stats":[{"Happy Flower":24,"CeramicFish":14,"SacredBark":17,"Whetstone":39,"MawBank":9,"Burning Blood":0,"CaptainsWheel":37,"Bronze Scales":6,"Gambling Chip":43,"Strawberry":44,"Bird Faced Urn":46,"Philosopher\u0027s Stone":34,"Coffee Dripper":0,"Bag of Marbles":48,"Meat on the Bone":22},{"Happy Flower":10,"CeramicFish":6,"SacredBark":7,"Whetstone":16,"MawBank":3,"Burning Blood":0,"CaptainsWheel":15,"Bronze Scales":3,"Gambling Chip":18,"Strawberry":19,"Bird Faced Urn":20,"Philosopher\u0027s Stone":13,"Coffee Dripper":0,"Bag of Marbles":22,"Meat on the Bone":9},{"Happy Flower":39,"CeramicFish":18,"SacredBark":27,"Whetstone":71,"MawBank":12,"Burning Blood":0,"CaptainsWheel":66,"Bronze Scales":12,"Gambling Chip":80,"Strawberry":86,"Bird Faced Urn":91,"Philosopher\u0027s Stone":58,"Coffee Dripper":0,"Bag of Marbles":104,"Meat on the Bone":34}],"Meat on the Bone":60},"card_choices":[{"not_picked":["Burning Pact","Evolve","Power Through"],"picked":"SKIP","floor":1},{"not_picked":["Feel No Pain","Bloodletting"],"picked":"Armaments","floor":2},{"not_picked":["Bloodletting","Blood for Blood"],"picked":"Twin Strike","floor":6},{"not_picked":["Warcry","Havoc"],"picked":"Clothesline","floor":10},{"not_picked":["Feel No Pain","Armaments"],"picked":"Iron Wave","floor":12},{"not_picked":["Sentinel","Whirlwind"],"picked":"Flame Barrier","floor":13},{"not_picked":["Berserk","Juggernaut"],"picked":"Double Tap","floor":16},{"not_picked":["Rampage","Body Slam"],"picked":"True Grit+1","floor":18},{"not_picked":["Twin Strike","Infernal Blade","Cleave"],"picked":"SKIP","floor":21},{"not_picked":["Clash","Anger"],"picked":"Inflame","floor":24},{"not_picked":["True Grit+1","Pummel"],"picked":"Battle Trance","floor":29},{"not_picked":["Intimidate","Perfected Strike+1","Cleave"],"picked":"SKIP","floor":31},{"not_picked":["Fiend Fire","Double Tap"],"picked":"Limit Break","floor":33},{"not_picked":["Heavy Blade+1","Flame Barrier","Rupture"],"picked":"SKIP","floor":35},{"not_picked":["Madness","Forethought"],"picked":"Discovery","floor":36},{"not_picked":["Blood for Blood+1","Uppercut+1"],"picked":"Ghostly Armor+1","floor":37},{"not_picked":["Shrug It Off","Havoc+1"],"picked":"Headbutt+1","floor":38},{"not_picked":["Havoc","Anger"],"picked":"Inflame+1","floor":40},{"not_picked":["Flex","Cleave","Armaments"],"picked":"SKIP","floor":41},{"not_picked":["Blood for Blood+1","Warcry+1"],"picked":"Brutality","floor":44},{"not_picked":["Cleave+1","Pummel"],"picked":"Shrug It Off","floor":46},{"not_picked":["Perfected Strike+1","Rupture","Metallicize"],"picked":"SKIP","floor":47},{"not_picked":["Reckless Charge","Blood for Blood+1"],"picked":"Whirlwind","floor":48}],"player_experience":231898,"relics_obtained":[{"floor":6,"key":"Bronze Scales"},{"floor":9,"key":"MawBank"},{"floor":24,"key":"Happy Flower"},{"floor":37,"key":"CaptainsWheel"},{"floor":43,"key":"Gambling Chip"},{"floor":44,"key":"Strawberry"},{"floor":46,"key":"Bird Faced Urn"},{"floor":48,"key":"Bag of Marbles"}],"event_choices":[{"damage_healed":0,"gold_gain":0,"player_choice":"Entered Light","damage_taken":16,"max_hp_gain":0,"max_hp_loss":0,"event_name":"Shining Light","floor":3,"gold_loss":0,"cards_upgraded":["Strike_R","Armaments"]},{"cards_removed":["Strike_R"],"damage_healed":0,"gold_gain":0,"player_choice":"Card Removal","damage_taken":7,"max_hp_gain":0,"max_hp_loss":0,"event_name":"Golden Wing","floor":5,"gold_loss":0},{"damage_healed":0,"gold_gain":0,"player_choice":"Bought 0 Potions","damage_taken":0,"max_hp_gain":0,"max_hp_loss":0,"event_name":"The Woman in Blue","floor":8,"gold_loss":0},{"damage_healed":0,"gold_gain":0,"player_choice":"Searched \u00271\u0027 times","damage_taken":0,"relics_obtained":["CeramicFish"],"max_hp_gain":0,"max_hp_loss":0,"event_name":"Dead Adventurer","floor":14,"gold_loss":0},{"damage_healed":0,"gold_gain":100,"player_choice":"Bet on Murderer","damage_taken":0,"max_hp_gain":0,"max_hp_loss":0,"event_name":"The Joust","floor":19,"gold_loss":50},{"damage_healed":26,"gold_gain":0,"player_choice":"Heal","damage_taken":0,"max_hp_gain":0,"max_hp_loss":0,"event_name":"The Library","floor":25,"gold_loss":0},{"cards_removed":["Strike_R"],"damage_healed":0,"gold_gain":0,"player_choice":"Gave Gold","damage_taken":0,"max_hp_gain":0,"max_hp_loss":0,"event_name":"Beggar","floor":27,"gold_loss":75},{"damage_healed":0,"gold_gain":0,"player_choice":"Memory 2","damage_taken":5,"max_hp_gain":0,"max_hp_loss":0,"event_name":"SensoryStone","floor":36,"gold_loss":0},{"damage_healed":0,"gold_gain":0,"player_choice":"Fight","damage_taken":0,"max_hp_gain":0,"max_hp_loss":0,"event_name":"MindBloom","floor":37,"gold_loss":0},{"damage_healed":23,"gold_gain":0,"player_choice":"Writhe","damage_taken":0,"max_hp_gain":0,"max_hp_loss":0,"event_name":"Winding Halls","floor":42,"gold_loss":0,"cards_obtained":["Writhe"]},{"damage_healed":0,"gold_gain":0,"player_choice":"Got Potions","damage_taken":0,"max_hp_gain":0,"max_hp_loss":0,"event_name":"Lab","floor":45,"gold_loss":0}],"is_beta":false,"boss_relics":[{"not_picked":["Fusion Hammer","Busted Crown"],"picked":"SacredBark"},{"not_picked":["Calling Bell","Runic Pyramid"],"picked":"Philosopher\u0027s Stone"}],"items_purged_floors":[20,39],"is_endless":false,"potions_floor_spawned":[1,2,12,18,24,29,40,41,44,46],"killed_by":"Time Eater","ascension_level":4}}