{"host":"5wf60zc4jjt9ov65","time":1609527986,"event":{"mods":["AchievementEnabler","BaseMod","Beaked The Cultist","Better Altar","Better Match","Better Note","Better Sensory Stone","Better Skull","Better Third Choice","BetterRewards","Colored Map","Colored Powertips","Downfall","Googly Eyes","Halation","Highlight Path","Hubris","Infinite Spire","Minty Spire (QoL Compilation)","Permanent Neow","Quick Restart","Replay The Spire","StSLib","The Bug Knight","The Construct"],"gold_per_floor":[119,119,134,144,144,144,175,25,25,25,25,25,43,57,57,153,153,173,173,22,42,42,42,42],"floor_reached":23,"playtime":1644,"items_purged":["Regret"],"score":189,"play_id":"c5b8b3c7-d0b1-4d75-9ab3-43265fc65391","local_time":"20210101140626","is_ascension_mode":false,"campfire_choices":[{"data":"ReplayTheSpireMod:Muscle Training","floor":6.0,"key":"SMITH"},{"data":"Demon Form","floor":10.0,"key":"SMITH"},{"floor":15.0,"key":"REST"}],"circlet_count":0,"master_deck":["Strike_R","Strike_R","Strike_R+1","Strike_R+1","Strike_R","Defend_R","Defend_R+1","Defend_R","Defend_R","Bash+1","Flex","ReplayTheSpireMod:Muscle Training+1","Perfected Strike","Demon Form+1","Cleave","CurseOfTheBell","Bloodletting","Metallicize"],"relics":["Burning Blood","Simple Rune","infinitespire:PuzzleCube","hubris:OldNail","Pear","Potion Belt","Calling Bell","infinitespire:Lucky Rock","Replay:Multitool","Replay:Bottled Flurry","Nloth\u0027s Gift"],"acts_visited":["Exordium","TheCity"],"potions_floor_usage":[16,16,16,21],"damage_taken":[{"damage":3.0,"enemies":"Small Slimes","floor":1.0,"turns":4.0},{"damage":12.0,"enemies":"Jaw Worm","floor":3.0,"turns":4.0},{"damage":3.0,"enemies":"Cultist","floor":4.0,"turns":3.0},{"damage":36.0,"enemies":"Gremlin Nob","floor":7.0,"turns":5.0},{"damage":26.0,"enemies":"Exordium Thugs","floor":13.0,"turns":6.0},{"damage":23.0,"enemies":"Lots of Slimes","floor":14.0,"turns":4.0},{"damage":56,"enemies":"Fading Forest","floor":16,"turns":11},{"damage":39,"enemies":"Shell Parasite","floor":18,"turns":6},{"damage":25,"enemies":"Chosen","floor":21,"turns":6},{"damage":44,"enemies":"Snake Plant","floor":23,"turns":4}],"seed_played":"-6580773721984514506","potions_obtained":[{"floor":1.0,"key":"Venom Potion"},{"floor":3.0,"key":"BlessingOfTheForge"},{"floor":14.0,"key":"Block Potion"},{"floor":16,"key":"Weak Potion"}],"is_trial":false,"path_per_floor":["M","?","M","M","?","R","E","$","T","R","$","?","M","M","R","B",null,"M","?","$","M","?","M"],"character_chosen":"IRONCLAD","items_purchased":["hubris:OldNail","Metallicize"],"campfire_rested":1,"item_purchase_floors":[8,20],"current_hp_per_floor":[80,80,74,77,77,77,47,47,57,57,57,54,34,17,44,14,90,57,57,57,38,38,0,0],"gold":42,"neow_bonus":"RANDOM_COMMON_RELIC","is_daily":false,"chose_seed":false,"campfire_upgraded":2,"win_rate":0.0,"timestamp":1609527986,"path_taken":["M","?","M","M","?","R","E","?","T","R","$","?","M","M","R","BOSS","M","?","?","M","?","?"],"items_purchased_type":["Relic","Card"],"build_version":"2020-12-22","purchased_purges":1,"victory":false,"max_hp_per_floor":[80,80,80,80,80,80,80,80,90,90,90,90,90,90,90,90,90,90,90,90,90,90,90,90],"card_choices":[{"not_picked":["Anger","Iron Wave"],"picked":"Flex","floor":1.0},{"not_picked":["Armaments","Hemokinesis"],"picked":"ReplayTheSpireMod:Muscle Training","floor":3.0},{"not_picked":["Shrug It Off","hubris:SharpeningStone"],"picked":"Perfected Strike","floor":4.0},{"not_picked":["Replay:Many Hands","Hemokinesis"],"picked":"Demon Form","floor":7.0},{"not_picked":["Shrug It Off","Headbutt"],"picked":"Cleave","floor":13.0},{"not_picked":["Cleave","Clash","Sword Boomerang"],"picked":"SKIP","floor":14.0},{"not_picked":["Sever Soul","Flex"],"picked":"Bloodletting","floor":18},{"not_picked":["Replay:Undeath\u0027s Touch","ReplayTheSpireMod:Strike From Hell","Perfected Strike+1"],"picked":"SKIP","floor":21}],"player_experience":579,"relics_obtained":[{"floor":7.0,"key":"Whetstone"},{"floor":9.0,"key":"Pear"},{"floor":17,"key":"infinitespire:Lucky Rock"},{"floor":17,"key":"Replay:Multitool"},{"floor":17,"key":"Replay:Bottled Flurry"}],"event_choices":[{"damage_healed":0.0,"max_hp_gain":0.0,"max_hp_loss":0.0,"gold_gain":0.0,"event_name":"Big Fish","player_choice":"Box","floor":2.0,"gold_loss":0.0,"damage_taken":0.0,"relics_obtained":["infinitespire:PuzzleCube"],"cards_obtained":["Regret"]},{"damage_healed":0.0,"max_hp_gain":0.0,"max_hp_loss":0.0,"gold_gain":0.0,"event_name":"betterThird:BetterScrap","player_choice":"Relic ","floor":12.0,"gold_loss":0.0,"damage_taken":3.0,"cards_obtained":["Escape Plan"]},{"cards_removed":["ReplayTheSpireMod:Muscle Training"],"damage_healed":0,"gold_gain":0,"player_choice":"Give","damage_taken":0,"max_hp_gain":0,"max_hp_loss":0,"event_name":"betterNote:BetterNote","floor":19,"gold_loss":0,"cards_obtained":["None"]},{"damage_healed":0,"gold_gain":0,"player_choice":"Traded Relic","damage_taken":0,"relics_obtained":["Nloth\u0027s Gift"],"max_hp_gain":0,"max_hp_loss":0,"event_name":"N\u0027loth","floor":22,"relics_lost":["Whetstone"],"gold_loss":0}],"is_beta":false,"boss_relics":[{"not_picked":["ReplayTheSpireMod:DimensionalGlitch","Fusion Hammer"],"picked":"Calling Bell"}],"items_purged_floors":[20],"is_endless":false,"potions_floor_spawned":[1,3,14,16],"killed_by":"Snake Plant","ascension_level":0}}