{"host":"naxuom6ec8j3xbph","time":1609468420,"event":{"mods":["BaseMod","Colored Map","Colored Powertips","Highlight Path","Minty Spire (QoL Compilation)","Quick Restart","StSLib"],"gold_per_floor":[112,62,81,99,116,150,150,150,150,161,161,173,191,207,207,305,305,320,333,333,333,333],"floor_reached":21,"playtime":1317,"items_purged":[],"score":185,"play_id":"e8e1a93f-ae5a-4846-ae46-534f8a12324d","local_time":"20210101103340","is_ascension_mode":false,"campfire_choices":[{"data":"BattleHymn","floor":7,"key":"SMITH"},{"data":"ClearTheMind","floor":11,"key":"SMITH"},{"data":"Worship","floor":15,"key":"SMITH"}],"circlet_count":0,"master_deck":["Strike_P+1","Strike_P+1","Defend_P","Defend_P","Defend_P","Defend_P","Eruption","Vigilance","BattleHymn+1","EmptyBody","ClearTheMind+1","Crescendo","Prostrate","CrushJoints","Worship+1","Wireheading","DeusExMachina","CrushJoints+1"],"relics":["PureWater","Oddly Smooth Stone","Mercury Hourglass","Whetstone","Empty Cage"],"acts_visited":["Exordium","TheCity"],"potions_floor_usage":[6,16,16,16,19],"damage_taken":[{"damage":0,"enemies":"Cultist","floor":1,"turns":2},{"damage":0,"enemies":"Jaw Worm","floor":3,"turns":4},{"damage":0,"enemies":"2 Louse","floor":4,"turns":4},{"damage":3,"enemies":"Red Slaver","floor":5,"turns":4},{"damage":23,"enemies":"3 Sentries","floor":6,"turns":6},{"damage":1,"enemies":"Exordium Wildlife","floor":10,"turns":3},{"damage":0,"enemies":"Exordium Thugs","floor":12,"turns":2},{"damage":0,"enemies":"Large Slime","floor":13,"turns":2},{"damage":0,"enemies":"2 Fungi Beasts","floor":14,"turns":3},{"damage":19,"enemies":"Hexaghost","floor":16,"turns":5},{"damage":0,"enemies":"Chosen","floor":18,"turns":3},{"damage":4,"enemies":"Spheric Guardian","floor":19,"turns":3},{"damage":0,"enemies":"Snake Plant","floor":21,"turns":2}],"seed_played":"-9061603088695762032","potions_obtained":[{"floor":1,"key":"Strength Potion"},{"floor":6,"key":"ColorlessPotion"},{"floor":13,"key":"AttackPotion"},{"floor":14,"key":"StancePotion"},{"floor":18,"key":"Fruit Juice"}],"is_trial":false,"path_per_floor":["M","$","M","M","M","E","R","?","T","M","R","M","M","M","R","B",null,"M","M","?","M"],"character_chosen":"WATCHER","items_purchased":["EmptyBody"],"campfire_rested":0,"item_purchase_floors":[2],"current_hp_per_floor":[79,79,79,79,76,53,53,35,35,34,34,34,34,34,34,15,79,79,80,84,84,84],"gold":333,"neow_bonus":"TEN_PERCENT_HP_BONUS","is_daily":false,"chose_seed":false,"campfire_upgraded":3,"win_rate":0.0,"timestamp":1609468420,"path_taken":["M","$","?","M","?","E","R","?","T","M","R","M","M","M","R","BOSS","M","M","?","?"],"items_purchased_type":["Card"],"build_version":"2020-12-22","purchased_purges":0,"victory":false,"max_hp_per_floor":[79,79,79,79,79,79,79,79,79,79,79,79,79,79,79,79,79,79,84,84,84,84],"card_choices":[{"not_picked":["Prostrate","CutThroughFate"],"picked":"BattleHymn","floor":1},{"not_picked":["Evaluate","EmptyBody"],"picked":"ClearTheMind","floor":3},{"not_picked":["Consecrate","Evaluate","JustLucky"],"picked":"SKIP","floor":4},{"not_picked":["FlurryOfBlows","EmptyBody"],"picked":"Crescendo","floor":5},{"not_picked":["Meditate","Vault"],"picked":"Prostrate","floor":6},{"not_picked":["ReachHeaven","Indignation"],"picked":"CrushJoints","floor":10},{"not_picked":["Worship","Wallop","JustLucky"],"picked":"SKIP","floor":12},{"not_picked":["EmptyFist","Halt"],"picked":"Worship","floor":13},{"not_picked":["SashWhip","CutThroughFate"],"picked":"Wireheading","floor":14},{"not_picked":["Blasphemy","Scrawl"],"picked":"DeusExMachina","floor":16},{"not_picked":["Prostrate","ForeignInfluence"],"picked":"CrushJoints+1","floor":18},{"not_picked":["PathToVictory","SashWhip","JustLucky"],"picked":"SKIP","floor":19}],"player_experience":281427,"relics_obtained":[{"floor":6,"key":"Oddly Smooth Stone"},{"floor":9,"key":"Whetstone"}],"event_choices":[{"damage_healed":0,"gold_gain":0,"player_choice":"Success","damage_taken":18,"relics_obtained":["Mercury Hourglass"],"max_hp_gain":0,"max_hp_loss":0,"event_name":"Scrap Ooze","floor":8,"gold_loss":0},{"damage_healed":4,"gold_gain":0,"player_choice":"Full Heal","damage_taken":0,"max_hp_gain":0,"max_hp_loss":0,"event_name":"Wheel of Change","floor":20,"gold_loss":0}],"is_beta":false,"boss_relics":[{"not_picked":["Runic Pyramid","SacredBark"],"picked":"Empty Cage"}],"items_purged_floors":[],"is_endless":false,"potions_floor_spawned":[1,6,13,14,18],"killed_by":"Snake Plant","ascension_level":0}}