{"host":"toh0bbw446wnuexf","time":1609476605,"event":{"mods":["BaseMod","Downfall","Hermit","Minty Spire (QoL Compilation)","Random Character Button","StSLib"],"gold_per_floor":[99,111,121,221,268,284,308,308,458,476,496,508,508,527,542,638,638,638,655,672,690,706,656,656,656,656,656],"floor_reached":25,"playtime":1675,"items_purged":[],"score":209,"play_id":"0a2c7702-f281-4e20-8802-fc5bcaab4423","local_time":"20210101175005","is_ascension_mode":true,"campfire_choices":[{"data":"champ:Devastate","floor":1,"key":"SMITH"},{"data":"champ:Taunt","floor":8,"key":"SMITH"},{"data":"champ:PreciseThrust","floor":13,"key":"SMITH"},{"data":"champ:FocusedGladiator","floor":18,"key":"SMITH"}],"circlet_count":0,"master_deck":["champ:Strike","champ:Strike","champ:Strike","champ:Strike","champ:Defend","champ:Defend","champ:Defend","champ:Defend","champ:Execute","champ:Taunt+1","champ:Devastate+1","champ:PreciseThrust+1","champ:GladiatorsShout","champ:FocusedGladiator+1"],"relics":["champ:ChampionCrown","Boot","Black Star","Pantograph"],"acts_visited":["Exordium","TheCity"],"potions_floor_usage":[16,16],"damage_taken":[{"damage":5,"enemies":"2 Louse","floor":2,"turns":2},{"damage":0,"enemies":"Jaw Worm","floor":3,"turns":3},{"damage":5,"enemies":"Cultist","floor":6,"turns":3},{"damage":2,"enemies":"2 Fungi Beasts","floor":10,"turns":4},{"damage":9,"enemies":"Red Slaver","floor":11,"turns":3},{"damage":11,"enemies":"Exordium Wildlife","floor":12,"turns":6},{"damage":7,"enemies":"Blue Slaver","floor":14,"turns":3},{"damage":0,"enemies":"2 Fungi Beasts","floor":15,"turns":4},{"damage":65,"enemies":"downfall:Silent","floor":16,"turns":14},{"damage":5,"enemies":"3 Byrds","floor":19,"turns":6},{"damage":31,"enemies":"Snecko","floor":20,"turns":6},{"damage":44,"enemies":"Centurion and Healer","floor":21,"turns":7},{"damage":0,"enemies":"Snake Plant","floor":22,"turns":2},{"damage":73,"enemies":"3 Cultists","floor":25,"turns":9}],"seed_played":"-8159115632403696301","potions_obtained":[{"floor":2,"key":"Ancient Potion"},{"floor":11,"key":"SpeedPotion"},{"floor":14,"key":"Weak Potion"},{"floor":16,"key":"Fruit Juice"},{"floor":21,"key":"SkillPotion"}],"is_trial":false,"path_per_floor":["R","M","M","?","T","M","T","R","?","M","M","M","R","M","M","B",null,"R","M","M","M","M","?","T","M"],"character_chosen":"THE_CHAMP","items_purchased":[],"campfire_rested":0,"item_purchase_floors":[],"current_hp_per_floor":[90,90,90,90,90,90,90,90,90,88,84,73,73,66,66,19,95,95,90,64,30,30,64,64,0,0,0],"gold":656,"neow_bonus":"ONE_RANDOM_RARE_CARD","is_daily":false,"chose_seed":false,"campfire_upgraded":4,"win_rate":0.0,"timestamp":1609476605,"path_taken":["R","M","M","?","?","?","T","R","?","?","M","M","R","M","M","BOSS","R","M","M","M","M","?","T","M"],"items_purchased_type":[],"build_version":"2020-12-22","purchased_purges":0,"victory":false,"max_hp_per_floor":[90,90,90,90,90,90,90,90,90,90,90,90,90,90,90,95,95,95,95,95,95,95,95,95,95,95,95],"card_choices":[{"not_picked":["champ:Haymaker","champ:AdrenalArmor"],"picked":"champ:PreciseThrust","floor":2},{"not_picked":["champ:Lariat","champ:BerserkersShout"],"picked":"champ:GladiatorsShout","floor":3},{"not_picked":["champ:TornadoPunch","champ:BladeFlurry","champ:Balance"],"picked":"SKIP","floor":6},{"not_picked":["champ:ShieldSigil","champ:GladiatorsShout","champ:FanOfKnives"],"picked":"SKIP","floor":10},{"not_picked":["champ:ViciousMockery","champ:DefensiveShout"],"picked":"champ:FocusedGladiator","floor":11},{"not_picked":["champ:AdrenalArmor","champ:FlashCut","champ:CrookedStrike"],"picked":"SKIP","floor":12},{"not_picked":["champ:GladiatorsShout","champ:GutPunch","champ:AdrenalArmor"],"picked":"SKIP","floor":14},{"not_picked":["champ:Aggression","champ:BringItOn","champ:BerserkersShout"],"picked":"SKIP","floor":15},{"not_picked":["champ:IronFortress+1","champ:Control","champ:FlashCut"],"picked":"SKIP","floor":19},{"not_picked":["champ:IronFortress","champ:DeathBlow+1","champ:RapidStrikes+1"],"picked":"SKIP","floor":20},{"not_picked":["champ:FanOfKnives","champ:HeartStrike+1","champ:RageSigil"],"picked":"SKIP","floor":21},{"not_picked":["champ:RageSigil","champ:Haymaker","champ:FocusedGladiator"],"picked":"SKIP","floor":22}],"player_experience":583296,"relics_obtained":[{"floor":5,"key":"Ancient Tea Set"},{"floor":7,"key":"Boot"},{"floor":24,"key":"Pantograph"}],"event_choices":[],"is_beta":false,"boss_relics":[{"not_picked":["Tiny House","Astrolabe"],"picked":"Black Star"}],"items_purged_floors":[],"is_endless":false,"potions_floor_spawned":[2,11,14,16,21],"killed_by":"3 Cultists","ascension_level":1}}