{"host":"bbjnqymry46jz0fa","time":1609506143,"event":{"mods":["BaseMod","DeckTracker","Minty Spire (QoL Compilation)","Quick Restart","StSLib","SuperFastMode"],"gold_per_floor":[118,138,148,166,179,209,209,209,209],"floor_reached":8,"playtime":203,"items_purged":[],"score":120,"play_id":"3ec5d134-e7d5-4b04-9c58-fe0927c3f807","local_time":"20210101220223","is_ascension_mode":true,"campfire_choices":[{"floor":7,"key":"REST"}],"circlet_count":0,"master_deck":["AscendersBane","Strike_R","Strike_R","Strike_R","Strike_R","Defend_R","Defend_R","Defend_R","Defend_R","Bash","Blood for Blood","Twin Strike","Fire Breathing","Shockwave"],"relics":["Burning Blood","MealTicket"],"acts_visited":["Exordium"],"potions_floor_usage":[5,6,6],"damage_taken":[{"damage":10,"enemies":"Small Slimes","floor":1,"turns":3},{"damage":2,"enemies":"2 Louse","floor":2,"turns":2},{"damage":2,"enemies":"Cultist","floor":3,"turns":4},{"damage":21,"enemies":"Large Slime","floor":4,"turns":5},{"damage":16,"enemies":"Exordium Wildlife","floor":5,"turns":4},{"damage":45,"enemies":"Lagavulin","floor":6,"turns":8},{"damage":48,"enemies":"Gremlin Nob","floor":8,"turns":4}],"seed_played":"5842270476779339650","potions_obtained":[{"floor":3,"key":"Block Potion"},{"floor":4,"key":"SneckoOil"},{"floor":5,"key":"SkillPotion"}],"is_trial":false,"path_per_floor":["M","M","M","M","M","E","R","E"],"character_chosen":"IRONCLAD","items_purchased":[],"campfire_rested":1,"item_purchase_floors":[],"current_hp_per_floor":[64,68,72,57,47,8,30,0,0],"gold":209,"neow_bonus":"TRANSFORM_CARD","is_daily":false,"chose_seed":false,"campfire_upgraded":0,"win_rate":0.0,"timestamp":1609506143,"path_taken":["M","M","M","M","M","E","R","E"],"items_purchased_type":[],"build_version":"2020-12-22","purchased_purges":0,"victory":false,"max_hp_per_floor":[75,75,75,75,75,75,75,75,75],"card_choices":[{"not_picked":["Body Slam","Rage"],"picked":"Twin Strike","floor":1},{"not_picked":["Clothesline","Armaments"],"picked":"Fire Breathing","floor":2},{"not_picked":["Headbutt","Cleave"],"picked":"Shockwave","floor":3},{"not_picked":["Cleave","Shockwave","Searing Blow"],"picked":"SKIP","floor":4},{"not_picked":["Body Slam","Corruption","Sword Boomerang"],"picked":"SKIP","floor":5},{"not_picked":["Combust","Sever Soul","Headbutt"],"picked":"SKIP","floor":6}],"player_experience":725276,"relics_obtained":[{"floor":6,"key":"MealTicket"}],"event_choices":[],"is_beta":false,"boss_relics":[],"items_purged_floors":[],"is_endless":false,"potions_floor_spawned":[3,4,5],"killed_by":"Gremlin Nob","ascension_level":20}}