{"host":"jm9833yuloeli2yd","time":1609461178,"event":{"mods":["AchievementEnabler","BaseMod","Better Altar","Better Match","Better Note","Better Sensory Stone","Better Skull","Better Third Choice","Better Vampires","BetterRewards","Colored Map","Colored Powertips","DeckTracker","Marked Mod","Minty Spire (QoL Compilation)","Permanent Neow","Quick Restart","StSLib","SuperFastMode"],"gold_per_floor":[119,133,113,127,140,175,175,175,175,175,204,204,237,21,21,95,95,115,15,15,15,27,27,27,27],"floor_reached":24,"playtime":769,"items_purged":["Strike_B","Strike_B"],"score":624,"play_id":"1639caf7-2e23-4b7b-8dfa-88079cf187eb","local_time":"20201231193258","is_ascension_mode":true,"campfire_choices":[{"data":"Compile Driver","floor":7,"key":"SMITH"},{"data":"Melter","floor":12,"key":"SMITH"},{"data":"Rainbow","floor":15,"key":"SMITH"},{"data":"Zap","floor":23,"key":"SMITH"}],"circlet_count":0,"master_deck":["AscendersBane","Defend_B","Defend_B","Defend_B","Zap+1","Dualcast","Ball Lightning","Self Repair","Force Field","Melter+1","Glacier","Capacitor","Compile Driver+1","Undo","Rainbow+1","Loop","Seek","Hologram","Reboot","Undo","Capacitor"],"relics":["Cracked Core","Bottled Flame","Darkstone Periapt","Toy Ornithopter","StrikeDummy","Coffee Dripper"],"acts_visited":["TheCity"],"potions_floor_usage":[5,6,11,13,16,18,22,24],"damage_taken":[{"damage":14,"enemies":"Jaw Worm","floor":1,"turns":4},{"damage":1,"enemies":"Cultist","floor":2,"turns":3},{"damage":4,"enemies":"Small Slimes","floor":4,"turns":3},{"damage":1,"enemies":"3 Louse","floor":5,"turns":4},{"damage":12,"enemies":"Lagavulin","floor":6,"turns":9},{"damage":20,"enemies":"3 Sentries","floor":11,"turns":8},{"damage":9,"enemies":"Lagavulin","floor":13,"turns":7},{"damage":11,"enemies":"The Guardian","floor":16,"turns":10},{"damage":20,"enemies":"3 Byrds","floor":18,"turns":3},{"damage":14,"enemies":"Shell Parasite","floor":22,"turns":4},{"damage":76,"enemies":"Slavers","floor":24,"turns":4}],"seed_played":"-5990392830119881579","potions_obtained":[{"floor":1,"key":"BlessingOfTheForge"},{"floor":11,"key":"Weak Potion"},{"floor":16,"key":"Ancient Potion"},{"floor":22,"key":"AttackPotion"}],"is_trial":false,"path_per_floor":["M","M","?","M","M","E","R","?","T","?","E","R","E","$","R","B",null,"M","$","?","?","M","R","E"],"character_chosen":"DEFECT","items_purchased":["Ball Lightning","Self Repair","EntropicBrew","FocusPotion","Loop"],"campfire_rested":0,"item_purchase_floors":[0,0,0,14,14],"current_hp_per_floor":[50,56,56,59,58,53,53,58,58,58,45,45,48,48,48,49,69,61,61,61,61,59,59,0,0],"gold":27,"neow_bonus":"","is_daily":false,"chose_seed":false,"campfire_upgraded":4,"win_rate":0.0,"timestamp":1609461178,"path_taken":["M","M","?","?","M","E","R","?","T","?","E","R","E","$","R","BOSS","M","?","?","?","M","R","E"],"items_purchased_type":["Card","Card","Potion","Potion","Card"],"build_version":"2020-12-22","purchased_purges":2,"victory":false,"max_hp_per_floor":[71,71,71,71,71,71,71,76,76,76,76,76,76,76,76,76,76,76,76,76,76,76,76,76,76],"card_choices":[{"not_picked":["Aggregate","Conserve Battery","Steam Power"],"picked":"SKIP","floor":1},{"not_picked":["Sunder","Steam"],"picked":"Melter","floor":2},{"not_picked":["White Noise","Conserve Battery"],"picked":"Glacier","floor":4},{"not_picked":["Redo","FTL"],"picked":"Capacitor","floor":5},{"not_picked":["Static Discharge","Streamline"],"picked":"Compile Driver","floor":6},{"not_picked":["Gash","Rip and Tear"],"picked":"Undo","floor":11},{"not_picked":["Hello World","Double Energy"],"picked":"Rainbow","floor":13},{"not_picked":["Meteor Strike","Machine Learning"],"picked":"Seek","floor":16},{"not_picked":["Turbo","Conserve Battery"],"picked":"Hologram","floor":18},{"not_picked":["Scrape","Leap+1"],"picked":"Capacitor","floor":22}],"player_experience":1217755,"relics_obtained":[{"floor":6,"key":"Bottled Flame"},{"floor":9,"key":"Darkstone Periapt"},{"floor":11,"key":"Toy Ornithopter"},{"floor":13,"key":"StrikeDummy"}],"event_choices":[{"damage_healed":0,"gold_gain":0,"player_choice":"Bought 1 Potion","damage_taken":0,"max_hp_gain":0,"max_hp_loss":0,"event_name":"The Woman in Blue","floor":3,"gold_loss":0},{"damage_healed":0,"gold_gain":0,"player_choice":"Donut","damage_taken":0,"max_hp_gain":5,"max_hp_loss":0,"event_name":"Big Fish","floor":8,"gold_loss":0},{"cards_removed":["Strike_B"],"damage_healed":0,"gold_gain":0,"player_choice":"Purged","damage_taken":0,"max_hp_gain":0,"max_hp_loss":0,"event_name":"Purifier","floor":10,"gold_loss":0},{"damage_healed":0,"gold_gain":0,"cards_transformed":["Strike_B","Defend_B"],"player_choice":"Became Test Subject","damage_taken":0,"max_hp_gain":0,"max_hp_loss":0,"event_name":"Drug Dealer","floor":20,"gold_loss":0,"cards_obtained":["Reboot","Undo"]},{"damage_healed":0,"gold_gain":0,"player_choice":"Ignored","damage_taken":0,"max_hp_gain":0,"max_hp_loss":0,"event_name":"Vampires","floor":21,"gold_loss":0}],"is_beta":false,"boss_relics":[{"not_picked":["Velvet Choker","Sozu"],"picked":"Coffee Dripper"}],"items_purged_floors":[14,19],"is_endless":false,"potions_floor_spawned":[1,4,11,16,22],"killed_by":"Slavers","ascension_level":20}}