{"host":"kpyoctgc7jne3jiy","time":1609523866,"event":{"mods":["AchievementEnabler","BaseMod","Minty Spire (QoL Compilation)","Relic Stats"],"gold_per_floor":[116,129,144,94,107,138,138,154,154,154,165,165,165,200,200,301,301,313,325,336,347,123,123,134,134,134,151,151,163,63,63,63],"floor_reached":31,"playtime":3558,"items_purged":["Decay","Strike_P"],"score":276,"play_id":"bf8555cb-6c91-4d3b-8b03-f3efe04960bc","local_time":"20210101185746","is_ascension_mode":true,"campfire_choices":[{"data":"CrushJoints","floor":7.0,"key":"SMITH"},{"data":"BowlingBash","floor":10.0,"key":"SMITH"},{"data":"Vigilance","floor":15,"key":"SMITH"},{"floor":23,"key":"REST"},{"floor":25,"key":"REST"},{"floor":28,"key":"REST"}],"circlet_count":0,"master_deck":["Defend_P","Defend_P","Defend_P","Eruption","Vigilance+1","CrushJoints+1","ClearTheMind","FearNoEvil","ThirdEye","Consecrate","BowlingBash+1","SandsOfTime+1","WheelKick+1","Omniscience","SpiritShield+1","Swivel+1","Sanctity+1","Wallop+1","DeceiveReality","EmptyBody+1","TalkToTheHand+1","Flash of Steel+1","SashWhip+1","FlurryOfBlows+1"],"relics":["Philosopher\u0027s Stone","Lantern","Molten Egg 2","Bottled Flame","Astrolabe","Bird Faced Urn"],"acts_visited":["Exordium","TheCity"],"potions_floor_usage":[20,31,31,31],"damage_taken":[{"damage":0.0,"enemies":"Small Slimes","floor":1.0,"turns":4.0},{"damage":3.0,"enemies":"2 Louse","floor":2.0,"turns":2.0},{"damage":0.0,"enemies":"Cultist","floor":3.0,"turns":3.0},{"damage":14.0,"enemies":"Lots of Slimes","floor":5.0,"turns":4.0},{"damage":15.0,"enemies":"Gremlin Nob","floor":6.0,"turns":3.0},{"damage":0.0,"enemies":"3 Louse","floor":8.0,"turns":3.0},{"damage":0.0,"enemies":"Looter","floor":11.0,"turns":1.0},{"damage":3,"enemies":"3 Sentries","floor":14,"turns":3},{"damage":30,"enemies":"The Guardian","floor":16,"turns":7},{"damage":26,"enemies":"3 Byrds","floor":18,"turns":4},{"damage":0,"enemies":"Spheric Guardian","floor":19,"turns":3},{"damage":26,"enemies":"Shelled Parasite and Fungi","floor":20,"turns":6},{"damage":5,"enemies":"Centurion and Healer","floor":21,"turns":5},{"damage":10,"enemies":"Snake Plant","floor":24,"turns":4},{"damage":0,"enemies":"Shelled Parasite and Fungi","floor":27,"turns":2},{"damage":0,"enemies":"Chosen and Byrds","floor":29,"turns":4},{"damage":72,"enemies":"Gremlin Leader","floor":31,"turns":8}],"seed_played":"-7240484655017894263","potions_obtained":[{"floor":1.0,"key":"SteroidPotion"},{"floor":5.0,"key":"StancePotion"},{"floor":6.0,"key":"StancePotion"},{"floor":19,"key":"SteroidPotion"},{"floor":20,"key":"LiquidBronze"},{"floor":24,"key":"EssenceOfSteel"},{"floor":27,"key":"EntropicBrew"}],"is_trial":false,"path_per_floor":["M","M","M","?","M","E","R","M","T","R","M","?","?","E","R","B",null,"M","M","M","M","$","R","M","R","T","M","R","M","$","E"],"character_chosen":"WATCHER","items_purchased":["Flash of Steel+1","SashWhip+1"],"campfire_rested":3,"item_purchase_floors":[22,22],"current_hp_per_floor":[72,69,69,69,55,40,40,40,40,40,40,40,40,37,37,7,72,46,46,20,15,15,36,26,47,47,47,68,68,68,0,0],"gold":63,"neow_bonus":"BOSS_RELIC","is_daily":false,"chose_seed":false,"campfire_upgraded":3,"win_rate":0.0,"timestamp":1609523866,"path_taken":["M","M","M","?","M","E","R","M","T","R","M","?","?","E","R","BOSS","M","M","M","?","$","R","M","R","T","M","R","M","?","E"],"items_purchased_type":["Card","Card"],"build_version":"2020-12-22","purchased_purges":2,"victory":false,"max_hp_per_floor":[72,72,72,72,72,72,72,72,72,72,72,72,72,72,72,72,72,72,72,72,72,72,72,72,72,72,72,72,72,72,72,72],"relic_stats":{"counters":[17,66],"Astrolabe":["SpiritShield","Swivel","Sanctity"],"Bird Faced Urn":[0],"obtain_stats":[{"Lantern":6,"Bottled Flame":14,"Astrolabe":17,"Bird Faced Urn":26,"Philosopher\u0027s Stone":0,"Molten Egg 2":9,"PureWater":0},{"Lantern":5,"Bottled Flame":8,"Astrolabe":9,"Bird Faced Urn":14,"Philosopher\u0027s Stone":0,"Molten Egg 2":6,"PureWater":0},{"Lantern":16,"Bottled Flame":23,"Astrolabe":30,"Bird Faced Urn":52,"Philosopher\u0027s Stone":0,"Molten Egg 2":19,"PureWater":0}]},"card_choices":[{"not_picked":["FollowUp","EmptyFist"],"picked":"CrushJoints","floor":1.0},{"not_picked":["Collect","Crescendo"],"picked":"ClearTheMind","floor":2.0},{"not_picked":["JustLucky","Nirvana"],"picked":"FearNoEvil","floor":3.0},{"not_picked":["FollowUp","Adaptation"],"picked":"ThirdEye","floor":5.0},{"not_picked":["SignatureMove","Swivel"],"picked":"Consecrate","floor":6.0},{"not_picked":["Worship","CrushJoints"],"picked":"BowlingBash","floor":8.0},{"not_picked":["ForeignInfluence","ClearTheMind"],"picked":"SandsOfTime+1","floor":11.0},{"not_picked":["EmptyBody","WheelKick+1","Weave+1"],"picked":"SKIP","floor":14},{"not_picked":["EmptyBody","Weave+1"],"picked":"WheelKick+1","floor":14},{"not_picked":["DeusExMachina","Judgement"],"picked":"Omniscience","floor":16},{"not_picked":["ReachHeaven+1","FearNoEvil+1"],"picked":"Wallop+1","floor":18},{"not_picked":["WindmillStrike+1","Perseverance"],"picked":"DeceiveReality","floor":19},{"not_picked":["CrushJoints+1","BattleHymn"],"picked":"EmptyBody+1","floor":20},{"not_picked":["Weave+1","Prostrate"],"picked":"TalkToTheHand+1","floor":21},{"not_picked":["Wallop+1","SpiritShield"],"picked":"FlurryOfBlows+1","floor":24},{"not_picked":["PathToVictory+1","Halt","FollowUp+1"],"picked":"SKIP","floor":27},{"not_picked":["FlyingSleeves+1","WreathOfFlame","Collect"],"picked":"SKIP","floor":29}],"player_experience":275371,"relics_obtained":[{"floor":6.0,"key":"Lantern"},{"floor":9.0,"key":"Molten Egg 2"},{"floor":14,"key":"Bottled Flame"},{"floor":26,"key":"Bird Faced Urn"}],"event_choices":[{"cards_removed":["Defend_P"],"damage_healed":0.0,"max_hp_gain":0.0,"max_hp_loss":0.0,"gold_gain":0.0,"event_name":"The Cleric","player_choice":"Card Removal","floor":4.0,"gold_loss":50.0,"damage_taken":0.0},{"damage_healed":0,"gold_gain":0,"player_choice":"Fled","damage_taken":0,"max_hp_gain":0,"max_hp_loss":0,"event_name":"Scrap Ooze","floor":12,"gold_loss":0},{"damage_healed":0,"gold_gain":0,"player_choice":"Cursed","damage_taken":0,"max_hp_gain":0,"max_hp_loss":0,"event_name":"Wheel of Change","floor":13,"gold_loss":0,"cards_obtained":["Decay"]}],"is_beta":false,"boss_relics":[{"not_picked":["Tiny House","Empty Cage"],"picked":"Astrolabe"}],"items_purged_floors":[22,30],"is_endless":false,"potions_floor_spawned":[1,5,6,19,20,24,27],"killed_by":"Gremlin Leader","ascension_level":2}}