{"host":"p4zclu0beiy6gkiq","time":1609528347,"event":{"mods":["AchievementEnabler","BaseMod","Bestiary","Colored Map","Colored Powertips","DeckTracker","Minty Spire (QoL Compilation)","Quick Restart","StSLib","SuperFastMode","The Cursed"],"gold_per_floor":[114,129,129,144,159,189,189,219,219,219,234,234,264,77,77,177,177,192,207,222,224,74,104,104,134,134,134,234,249,279,279,279,379,379,394,26,41,56,278,278,308,308,308,323,323,323,353,368,368,368],"floor_reached":51,"playtime":7472,"items_purged":["Regret"],"score":933,"play_id":"8a68c639-483d-46fd-8228-81cee7c277a7","local_time":"20210102041227","daily_mods":["Shiny","Uncertain Future","Elite Swarm"],"is_ascension_mode":false,"campfire_choices":[{"data":"Infernal Blade","floor":7.0,"key":"SMITH"},{"data":"Armaments","floor":12.0,"key":"SMITH"},{"data":"Rupture","floor":15.0,"key":"SMITH"},{"data":"Corruption","floor":24.0,"key":"SMITH"},{"data":"Barricade","floor":27.0,"key":"SMITH"},{"data":"Offering","floor":32.0,"key":"SMITH"},{"data":"Dark Embrace","floor":40,"key":"SMITH"},{"data":"Sentinel","floor":42,"key":"SMITH"},{"data":"Malaise","floor":49,"key":"SMITH"}],"circlet_count":0,"master_deck":["Double Tap+1","Demon Form+1","Fiend Fire+1","Berserk+1","Impervious+1","Juggernaut+1","Brutality+1","Exhume+1","Offering+1","Bludgeon+1","Feed+1","Limit Break+1","Corruption+1","Barricade+1","Reaper+1","Immolate+1","Burning Pact+1","Sentinel+1","Feel No Pain+1","Anger+1","Blood for Blood+1","Infernal Blade+1","Exhume+1","Impervious+1","Armaments+1","Shrug It Off+1","Brutality+1","Second Wind+1","Rupture+1","Juggernaut+1","Sentinel+1","Disarm+1","Warcry+1","Thunderclap+1","Disarm+1","Dual Wield+1","Warcry+1","Exhume+1","Limit Break+1","Burning Pact+1","Exhume+1","Feed+1","Warcry+1","Pommel Strike+1","Dark Embrace+1","Static Discharge+1","Flex+1","Tempest+1","Coolheaded+1","Panache+1","Go for the Eyes+1","Blade Dance+1","Madness+1","Madness+1","Malaise+1","PiercingWail"],"relics":["Burning Blood","Prayer Wheel","PreservedInsect","Orichalcum","Red Skull","Strawberry","Coffee Dripper","Red Mask","Bag of Preparation","Pen Nib","Singing Bowl","White Beast Statue","Lizard Tail","Question Card","Happy Flower","Sozu","Bronze Scales","PrismaticShard","Shuriken","TungstenRod","Mark of the Bloom","Gremlin Horn"],"acts_visited":[],"potions_floor_usage":[47,50],"damage_taken":[{"damage":0.0,"enemies":"Cultist","floor":1.0,"turns":2.0},{"damage":5.0,"enemies":"Small Slimes","floor":2.0,"turns":2.0},{"damage":0.0,"enemies":"2 Louse","floor":4.0,"turns":1.0},{"damage":12.0,"enemies":"Blue Slaver","floor":5.0,"turns":2.0},{"damage":40.0,"enemies":"3 Sentries","floor":6.0,"turns":6.0},{"damage":17.0,"enemies":"Lagavulin","floor":8.0,"turns":5.0},{"damage":0.0,"enemies":"Exordium Wildlife","floor":11.0,"turns":2.0},{"damage":6.0,"enemies":"Gremlin Nob","floor":13.0,"turns":4.0},{"damage":13.0,"enemies":"Hexaghost","floor":16.0,"turns":8.0},{"damage":6.0,"enemies":"Chosen","floor":18.0,"turns":3.0},{"damage":11.0,"enemies":"3 Byrds","floor":19.0,"turns":6.0},{"damage":4.0,"enemies":"Centurion and Healer","floor":20.0,"turns":6.0},{"damage":34.0,"enemies":"Masked Bandits","floor":21.0,"turns":5.0},{"damage":15.0,"enemies":"Gremlin Leader","floor":23.0,"turns":9.0},{"damage":5.0,"enemies":"Book of Stabbing","floor":25.0,"turns":5.0},{"damage":21.0,"enemies":"Colosseum Slavers","floor":28.0,"turns":7.0},{"damage":0.0,"enemies":"Colosseum Nobs","floor":28.0,"turns":5.0},{"damage":6.0,"enemies":"3 Cultists","floor":29.0,"turns":4.0},{"damage":36.0,"enemies":"Gremlin Leader","floor":30.0,"turns":6.0},{"damage":40.0,"enemies":"Automaton","floor":33.0,"turns":8.0},{"damage":18.0,"enemies":"3 Darklings","floor":35.0,"turns":1.0},{"damage":9.0,"enemies":"3 Shapes","floor":37.0,"turns":1.0},{"damage":8,"enemies":"Spire Growth","floor":38,"turns":3},{"damage":47,"enemies":"Nemesis","floor":41,"turns":5},{"damage":0,"enemies":"Maw","floor":44,"turns":8},{"damage":22,"enemies":"Reptomancer","floor":47,"turns":3},{"damage":0,"enemies":"Jaw Worm Horde","floor":48,"turns":3},{"damage":17,"enemies":"Awakened One","floor":50,"turns":4}],"seed_played":"-2495295926900846280","potions_obtained":[{"floor":1.0,"key":"GamblersBrew"},{"floor":2.0,"key":"Explosive Potion"},{"floor":5.0,"key":"DuplicationPotion"},{"floor":6.0,"key":"Explosive Potion"},{"floor":11.0,"key":"AttackPotion"},{"floor":20.0,"key":"SpeedPotion"},{"floor":23.0,"key":"CultistPotion"},{"floor":28.0,"key":"Explosive Potion"},{"floor":29.0,"key":"FairyPotion"},{"floor":30.0,"key":"SkillPotion"},{"floor":33.0,"key":"GamblersBrew"}],"is_trial":false,"path_per_floor":["M","M","?","M","M","E","R","E","T","?","M","R","E","$","R","B",null,"M","M","M","?","$","E","R","E","T","R","?","M","E","?","R","B",null,"M","$","M","M","?","R","E","R","T","M","?","?","E","M","R","B",null],"character_chosen":"IRONCLAD","items_purchased":["Second Wind","Rupture","Bag of Preparation","Bronze Scales","PrismaticShard","Dark Embrace"],"campfire_rested":0,"item_purchase_floors":[14,14,22,36,36,36],"current_hp_per_floor":[80,80,80,80,77,55,55,48,48,48,54,54,64,64,64,61,93,93,91,99,86,86,99,99,105,105,105,110,115,88,88,88,58,122,116,116,116,114,114,114,73,73,73,88,73,73,51,51,51,34],"gold":368,"neow_bonus":"","is_daily":true,"chose_seed":false,"campfire_upgraded":9,"win_rate":0.0,"timestamp":1609528347,"path_taken":["M","?","?","M","M","E","R","E","T","?","M","R","E","$","R","BOSS","M","M","M","?","$","E","R","E","T","R","?","M","E","?","R","BOSS","M","$","M","M","?","R","E","R","T","M","?","?","E","M","R","BOSS"],"items_purchased_type":["Card","Card","Relic","Relic","Relic","Card"],"build_version":"2020-12-22","purchased_purges":1,"victory":true,"max_hp_per_floor":[80,80,80,80,83,83,83,83,83,83,83,83,93,93,93,93,93,93,96,99,102,102,105,105,105,105,105,110,115,118,118,118,122,122,122,122,125,125,125,125,125,125,125,128,128,128,128,134,134,134],"card_choices":[{"not_picked":["Sword Boomerang","Flex"],"picked":"Burning Pact","floor":1.0},{"not_picked":["Warcry","Clothesline"],"picked":"Sentinel","floor":2.0},{"not_picked":["Entrench","Clothesline"],"picked":"Feel No Pain","floor":4.0},{"not_picked":["Feel No Pain","Clothesline"],"picked":"Anger","floor":4.0},{"not_picked":["True Grit","Spot Weakness"],"picked":"Blood for Blood","floor":5.0},{"not_picked":["Cleave","Twin Strike"],"picked":"Infernal Blade","floor":5.0},{"not_picked":["Barricade","Reaper"],"picked":"Exhume","floor":6.0},{"not_picked":["Corruption","Brutality"],"picked":"Impervious","floor":8.0},{"not_picked":["Dropkick","Dark Embrace"],"picked":"Armaments","floor":11.0},{"not_picked":["Reckless Charge","True Grit"],"picked":"Shrug It Off","floor":11.0},{"not_picked":["Double Tap","Berserk"],"picked":"Brutality","floor":13.0},{"not_picked":["Double Tap","Berserk"],"picked":"Juggernaut","floor":16.0},{"not_picked":["Heavy Blade","Rage"],"picked":"Sentinel","floor":18.0},{"not_picked":["Headbutt","Sword Boomerang"],"picked":"Disarm","floor":18.0},{"not_picked":["Armaments","Twin Strike+1"],"picked":"Warcry","floor":19.0},{"not_picked":["Body Slam","Fire Breathing"],"picked":"Thunderclap+1","floor":19.0},{"not_picked":["Fiend Fire","Evolve"],"picked":"Disarm","floor":20.0},{"not_picked":["Havoc","Rampage"],"picked":"Dual Wield","floor":20.0},{"not_picked":["Havoc","Reckless Charge"],"picked":"Warcry","floor":21.0},{"not_picked":["Fiend Fire","Brutality"],"picked":"Exhume","floor":23.0},{"not_picked":["Impervious","Juggernaut"],"picked":"Limit Break","floor":25.0},{"not_picked":["Perfected Strike","Clothesline","Twin Strike"],"picked":"Singing Bowl","floor":28.0},{"not_picked":["Thunderclap","Perfected Strike","Headbutt","Ghostly Armor"],"picked":"Singing Bowl","floor":29.0},{"not_picked":["Rupture","Iron Wave+1","Clash"],"picked":"Burning Pact","floor":29.0},{"not_picked":["Barricade","Feed","Impervious"],"picked":"Exhume","floor":30.0},{"not_picked":["Brutality","Juggernaut","Barricade"],"picked":"Feed","floor":33.0},{"not_picked":["Twin Strike+1","Power Through","Heavy Blade+1"],"picked":"Warcry","floor":35.0},{"not_picked":["Corruption","Iron Wave","Spot Weakness"],"picked":"Pommel Strike+1","floor":35.0},{"not_picked":["Halt+1","CrushJoints","Intimidate"],"picked":"Static Discharge+1","floor":37.0},{"not_picked":["Bandage Up+1","Sucker Punch+1","Clash+1"],"picked":"Flex+1","floor":37.0},{"not_picked":["TheCursedMod:BlessingInDisguise+1","Flechettes","Corpse Explosion"],"picked":"Tempest+1","floor":38},{"not_picked":["Infinite Blades+1","EmptyBody+1","Hologram"],"picked":"Coolheaded+1","floor":38},{"not_picked":["Phantasmal Killer","Juggernaut","Barricade"],"picked":"Panache","floor":41},{"not_picked":["Purity+1","Iron Wave","Sword Boomerang+1"],"picked":"Go for the Eyes","floor":44},{"not_picked":["TheCursedMod:CursedSpellbook","Slice","Redo+1"],"picked":"Blade Dance+1","floor":44},{"not_picked":["TheCursedMod:ForbiddenAlchemy","Berserk","Double Tap"],"picked":"Malaise","floor":47},{"not_picked":["TheCursedMod:Wield","Gash","Rampage","Prostrate"],"picked":"Singing Bowl","floor":48},{"not_picked":["Steam+1","TheCursedMod:Stigma+1","Evolve+1"],"picked":"PiercingWail","floor":48}],"player_experience":74453,"relics_obtained":[{"floor":6.0,"key":"PreservedInsect"},{"floor":8.0,"key":"Orichalcum"},{"floor":9.0,"key":"Red Skull"},{"floor":13.0,"key":"Strawberry"},{"floor":21.0,"key":"Red Mask"},{"floor":23.0,"key":"Pen Nib"},{"floor":25.0,"key":"Singing Bowl"},{"floor":26.0,"key":"White Beast Statue"},{"floor":28.0,"key":"Lizard Tail"},{"floor":28.0,"key":"Question Card"},{"floor":30.0,"key":"Happy Flower"},{"floor":41,"key":"Shuriken"},{"floor":43,"key":"TungstenRod"},{"floor":47,"key":"Gremlin Horn"}],"event_choices":[{"damage_healed":0.0,"max_hp_gain":0.0,"max_hp_loss":0.0,"gold_gain":0.0,"event_name":"Big Fish","player_choice":"Box","floor":3.0,"gold_loss":0.0,"damage_taken":0.0,"relics_obtained":["Prayer Wheel"],"cards_obtained":["Regret"]},{"damage_healed":0.0,"max_hp_gain":0.0,"max_hp_loss":0.0,"gold_gain":0.0,"event_name":"Liars Game","player_choice":"Ignored","floor":10.0,"gold_loss":0.0,"damage_taken":0.0},{"damage_healed":0.0,"max_hp_gain":0.0,"max_hp_loss":0.0,"gold_gain":0.0,"event_name":"Masked Bandits","player_choice":"Fought Bandits","floor":21.0,"gold_loss":0.0,"damage_taken":0.0},{"damage_healed":0.0,"max_hp_gain":0.0,"max_hp_loss":0.0,"gold_gain":0.0,"event_name":"Colosseum","player_choice":"Fight","floor":28.0,"gold_loss":0.0,"damage_taken":0.0},{"damage_healed":0.0,"max_hp_gain":0.0,"max_hp_loss":0.0,"gold_gain":0.0,"event_name":"Colosseum","player_choice":"Fought Nobs","floor":28.0,"gold_loss":0.0,"damage_taken":0.0},{"damage_healed":0.0,"max_hp_gain":0.0,"max_hp_loss":0.0,"gold_gain":0.0,"event_name":"The Woman in Blue","player_choice":"Bought 0 Potions","floor":31.0,"gold_loss":0.0,"damage_taken":0.0},{"damage_healed":0,"gold_gain":222,"player_choice":"Wore Mask","damage_taken":0,"max_hp_gain":0,"max_hp_loss":0,"event_name":"Tomb of Lord Red Mask","floor":39,"gold_loss":0},{"damage_healed":0,"gold_gain":0,"player_choice":"Embrace Madness","damage_taken":16,"max_hp_gain":0,"max_hp_loss":0,"event_name":"Winding Halls","floor":45,"gold_loss":0,"cards_obtained":["Madness","Madness"]},{"damage_healed":0,"gold_gain":0,"player_choice":"Upgrade","damage_taken":0,"relics_obtained":["Mark of the Bloom"],"max_hp_gain":0,"max_hp_loss":0,"event_name":"MindBloom","floor":46,"gold_loss":0,"cards_upgraded":["Double Tap","Demon Form","Fiend Fire","Berserk","Impervious","Juggernaut","Brutality","Exhume","Bludgeon","Feed","Limit Break","Reaper","Immolate","Burning Pact","Sentinel","Feel No Pain","Anger","Blood for Blood","Exhume","Impervious","Shrug It Off","Brutality","Second Wind","Juggernaut","Disarm","Warcry","Disarm","Dual Wield","Warcry","Exhume","Limit Break","Burning Pact","Exhume","Feed","Warcry","Panache","Go for the Eyes","Madness","Madness"]}],"is_beta":false,"boss_relics":[{"not_picked":["Snecko Eye","Velvet Choker"],"picked":"Coffee Dripper"},{"not_picked":["SacredBark","Empty Cage"],"picked":"Sozu"}],"items_purged_floors":[14],"is_endless":false,"potions_floor_spawned":[1,2,5,6,11,18,20,23,28,28,29,30,33,35,37,38,41,44,47,48],"ascension_level":0}}