{"host":"zig6x0mxqzam82fb","time":1609540100,"event":{"mods":["BaseMod","Block Reminder","Colored Map","Colored Powertips","Marisa????????","Minty Spire (QoL Compilation)","Relic Stats","StSLib","The Cursed","The Marked","Waifu the Spire"],"gold_per_floor":[114,131,81,91,111,144,162,162,162,179,254,254,288,288,288,385,385,405,415,443,443,468,468,468,468],"floor_reached":24,"playtime":1619,"items_purged":[],"score":283,"play_id":"6446d246-df73-4226-985e-9d8c96b8cb50","local_time":"20210101172820","is_ascension_mode":true,"campfire_choices":[{"floor":12,"key":"REST"},{"data":"Neutralize","floor":15,"key":"SMITH"},{"floor":23,"key":"REST"}],"circlet_count":0,"master_deck":["Defend_G","Defend_G","Defend_G","Defend_G","Defend_G","Survivor","Neutralize+1","Glass Knife","Poisoned Stab","Blur","PiercingWail","Bane","Sucker Punch","Backflip","Catalyst","Die Die Die","Corpse Explosion","Blade Dance","Bane","PiercingWail+1","Bite","Bite","Bite","Bite","Bite"],"relics":["Ring of the Serpent","Regal Pillow","Kunai","Pear","Tiny Chest","Red Mask","CeramicFish"],"acts_visited":["Exordium","TheCity"],"potions_floor_usage":[16,16,19,20,20],"damage_taken":[{"damage":1,"enemies":"2 Louse","floor":1,"turns":3},{"damage":2,"enemies":"Jaw Worm","floor":2,"turns":3},{"damage":0,"enemies":"Small Slimes","floor":4,"turns":3},{"damage":1,"enemies":"Exordium Wildlife","floor":5,"turns":5},{"damage":36,"enemies":"3 Sentries","floor":6,"turns":10},{"damage":3,"enemies":"Looter","floor":7,"turns":3},{"damage":9,"enemies":"Lots of Slimes","floor":10,"turns":4},{"damage":20,"enemies":"Gremlin Nob","floor":13,"turns":4},{"damage":32,"enemies":"The Guardian","floor":16,"turns":14},{"damage":24,"enemies":"Spheric Guardian","floor":18,"turns":6},{"damage":24,"enemies":"2 Thieves","floor":19,"turns":4},{"damage":5,"enemies":"Masked Bandits","floor":20,"turns":2},{"damage":50,"enemies":"Book of Stabbing","floor":24,"turns":7}],"seed_played":"1903631290477370255","potions_obtained":[{"floor":5,"key":"Dexterity Potion"},{"floor":7,"key":"BlessingOfTheForge"},{"floor":10,"key":"FearPotion"},{"floor":16,"key":"Energy Potion"},{"floor":19,"key":"AttackPotion"}],"is_trial":false,"path_per_floor":["M","M","?","M","M","E","M","T","T","M","?","R","E","?","R","B",null,"M","M","?","?","T","R","E"],"character_chosen":"THE_SILENT","items_purchased":[],"campfire_rested":2,"item_purchase_floors":[],"current_hp_per_floor":[62,60,60,60,59,23,20,20,30,21,10,46,26,50,50,18,59,35,11,6,6,6,36,0,0],"gold":468,"neow_bonus":"THREE_RARE_CARDS","is_daily":false,"chose_seed":false,"campfire_upgraded":1,"win_rate":0.0,"timestamp":1609540100,"path_taken":["M","M","?","M","M","E","M","?","T","M","?","R","E","?","R","BOSS","M","M","?","?","?","R","E"],"items_purchased_type":[],"build_version":"2020-12-22","purchased_purges":0,"victory":false,"max_hp_per_floor":[63,63,63,63,63,63,63,63,73,73,73,73,73,73,73,73,73,73,73,73,51,51,51,51,51],"relic_stats":{"Regal Pillow":30,"counters":[13,68],"CeramicFish":0,"Tiny Chest":1,"Kunai":[16],"obtain_stats":[{"Regal Pillow":6,"Pear":9,"CeramicFish":22,"Tiny Chest":13,"Red Mask":20,"Kunai":8,"Ring of the Serpent":17,"Ring of the Snake":0},{"Regal Pillow":5,"Pear":6,"CeramicFish":12,"Tiny Chest":8,"Red Mask":12,"Kunai":6,"Ring of the Serpent":9,"Ring of the Snake":0},{"Regal Pillow":24,"Pear":27,"CeramicFish":61,"Tiny Chest":35,"Red Mask":61,"Kunai":27,"Ring of the Serpent":49,"Ring of the Snake":0}]},"card_choices":[{"not_picked":["Phantasmal Killer","After Image"],"picked":"Glass Knife","floor":0},{"not_picked":["Bane","Cloak And Dagger"],"picked":"Poisoned Stab","floor":1},{"not_picked":["Dagger Spray","Footwork"],"picked":"Blur","floor":2},{"not_picked":["Choke","Concentrate"],"picked":"PiercingWail","floor":4},{"not_picked":["Masterful Stab","Flechettes"],"picked":"Bane","floor":5},{"not_picked":["Eviscerate","Bane"],"picked":"Sucker Punch","floor":6},{"not_picked":["Bouncing Flask","Slice"],"picked":"Backflip","floor":7},{"not_picked":["Choke","Deflect"],"picked":"Catalyst","floor":10},{"not_picked":["Prepared","Slice"],"picked":"Die Die Die","floor":13},{"not_picked":["Doppelganger","Die Die Die"],"picked":"Corpse Explosion","floor":16},{"not_picked":["Dodge and Roll+1","Poisoned Stab+1"],"picked":"Blade Dance","floor":18},{"not_picked":["Prepared","Underhanded Strike"],"picked":"Bane","floor":19},{"not_picked":["Predator","Caltrops"],"picked":"PiercingWail+1","floor":20}],"player_experience":413120,"relics_obtained":[{"floor":6,"key":"Regal Pillow"},{"floor":8,"key":"Kunai"},{"floor":9,"key":"Pear"},{"floor":13,"key":"Tiny Chest"},{"floor":20,"key":"Red Mask"},{"floor":22,"key":"CeramicFish"}],"event_choices":[{"cards_removed":["Strike_G"],"damage_healed":0,"gold_gain":0,"player_choice":"Card Removal","damage_taken":0,"max_hp_gain":0,"max_hp_loss":0,"event_name":"The Cleric","floor":3,"gold_loss":50},{"damage_healed":0,"gold_gain":75,"player_choice":"Gather Gold","damage_taken":11,"max_hp_gain":0,"max_hp_loss":0,"event_name":"World of Goop","floor":11,"gold_loss":0},{"damage_healed":24,"gold_gain":0,"player_choice":"Banana","damage_taken":0,"max_hp_gain":0,"max_hp_loss":0,"event_name":"Big Fish","floor":14,"gold_loss":0},{"damage_healed":0,"gold_gain":0,"player_choice":"Fought Bandits","damage_taken":0,"max_hp_gain":0,"max_hp_loss":0,"event_name":"Masked Bandits","floor":20,"gold_loss":0},{"damage_healed":0,"gold_gain":0,"player_choice":"Became a vampire","damage_taken":0,"max_hp_gain":0,"max_hp_loss":22,"event_name":"Vampires","floor":21,"gold_loss":0,"cards_obtained":["Bite","Bite","Bite","Bite","Bite"]}],"is_beta":false,"boss_relics":[{"not_picked":["Snecko Eye","WristBlade"],"picked":"Ring of the Serpent"}],"items_purged_floors":[],"is_endless":false,"potions_floor_spawned":[5,7,10,13,16,19],"killed_by":"Book of Stabbing","ascension_level":5}}