{"host":"7k2a2omxz3voj5ax","time":1609518744,"event":{"mods":["BaseMod","Marisa£¨ìFÓê¡¡Ä§ÀíÉ³£©","Minty Spire (QoL Compilation)","Quick Restart","Spicy Shops","StSLib","Starting Relic: Pandora\u0027s Box","óô»ðÖ¸ÄÏ"],"gold_per_floor":[2217,1911,1931,1373,1373,1406,1422,1086,1086,132,163,174,174,194,194,271,271,290,135,135,145,60,60,10,45,68,81,81,81,81,81,81],"floor_reached":31,"playtime":1349,"items_purged":["Bash","Twin Strike","Flex"],"score":672,"play_id":"86bebf05-a907-4dc9-934d-40bd6f803a50","local_time":"20210102013224","is_ascension_mode":true,"campfire_choices":[{"data":"Entrench","floor":15.0,"key":"SMITH"},{"data":"Demon Form","floor":23.0,"key":"SMITH"},{"data":"Armaments","floor":30.0,"key":"SMITH"}],"circlet_count":0,"master_deck":["AscendersBane","Entrench+1","Shrug It Off","Sentinel","Twin Strike+1","Wild Strike","Evolve","Berserk","Reaper+1","Demon Form+1","Second Wind","Limit Break+1","Pummel","Berserk","Battle Trance+1","Dark Embrace","Immolate","Power Through","Armaments+1"],"relics":["Calling Bell","Pen Nib","Eternal Feather","TungstenRod","Kunai","Lantern","TheAbacus","Ancient Tea Set","Art of War","Orrery","Gremlin Horn","The Courier","OrangePellets","Calipers","Singing Bowl","Girya","Mark of Pain","Sling","Pocketwatch","Nunchaku","Whetstone"],"acts_visited":["TheCity"],"potions_floor_usage":[],"damage_taken":[{"damage":9.0,"enemies":"Small Slimes","floor":1.0,"turns":3.0},{"damage":2.0,"enemies":"Cultist","floor":3.0,"turns":4.0},{"damage":0.0,"enemies":"Lagavulin","floor":6.0,"turns":5.0},{"damage":0.0,"enemies":"2 Louse","floor":7.0,"turns":3.0},{"damage":8.0,"enemies":"Gremlin Nob","floor":11.0,"turns":4.0},{"damage":13.0,"enemies":"Red Slaver","floor":12.0,"turns":3.0},{"damage":14.0,"enemies":"Exordium Wildlife","floor":14.0,"turns":4.0},{"damage":0.0,"enemies":"Slime Boss","floor":16.0,"turns":4.0},{"damage":14.0,"enemies":"Spheric Guardian","floor":18.0,"turns":5.0},{"damage":30.0,"enemies":"2 Thieves","floor":21.0,"turns":4.0},{"damage":23.0,"enemies":"Slavers","floor":25.0,"turns":3.0},{"damage":12.0,"enemies":"Centurion and Healer","floor":27.0,"turns":6.0},{"damage":0,"enemies":"Cultist and Chosen","floor":31,"turns":1}],"seed_played":"-561895972074530557","potions_obtained":[{"floor":1.0,"key":"Ancient Potion"},{"floor":7.0,"key":"DistilledChaos"},{"floor":12.0,"key":"AttackPotion"}],"is_trial":false,"path_per_floor":["M","$","M","$","?","E","M","R","T","R","E","M","?","M","R","B",null,"M","$","?","M","?","R","?","E","T","M","$","?","R","M"],"character_chosen":"IRONCLAD","items_purchased":["Kunai","Lantern","TheAbacus","Reaper","Art of War","Orrery","The Courier","OrangePellets","Calipers","Singing Bowl","Sling","Dark Embrace"],"campfire_rested":0,"item_purchase_floors":[2,4,4,4,8,8,10,10,10,10,19,19],"current_hp_per_floor":[59,59,57,57,57,61,63,69,69,75,67,62,62,68,74,77,77,63,63,63,47,47,56,56,79,79,81,81,81,81,81,81],"gold":81,"neow_bonus":"BOSS_RELIC","is_daily":false,"chose_seed":false,"campfire_upgraded":3,"win_rate":0.0,"timestamp":1609518744,"path_taken":["M","$","M","$","?","E","?","R","T","R","E","M","?","M","R","BOSS","M","$","?","?","?","R","?","E","T","?","?","?","R","M"],"items_purchased_type":["Relic","Relic","Relic","Card","Relic","Relic","Relic","Relic","Relic","Relic","Relic","Card"],"build_version":"2020-12-22","purchased_purges":3,"victory":false,"max_hp_per_floor":[75,75,75,75,75,75,75,75,75,75,75,77,77,77,77,77,77,77,77,77,79,79,79,79,79,79,81,81,81,81,81,81],"card_choices":[{"not_picked":["Sword Boomerang","Sentinel"],"picked":"Berserk","floor":1.0},{"not_picked":["Anger","Metallicize","Shrug It Off"],"picked":"SKIP","floor":3.0},{"not_picked":["Battle Trance","Iron Wave"],"picked":"Second Wind","floor":6.0},{"not_picked":["Rage","Clash","Perfected Strike"],"picked":"SKIP","floor":7.0},{"not_picked":["True Grit","Hemokinesis"],"picked":"Limit Break","floor":11.0},{"not_picked":["Heavy Blade","Rampage","Twin Strike"],"picked":"Singing Bowl","floor":12.0},{"not_picked":["Searing Blow","True Grit"],"picked":"Pummel","floor":14.0},{"not_picked":["Juggernaut","Reaper"],"picked":"Berserk","floor":16.0},{"not_picked":["Flame Barrier","Disarm"],"picked":"Battle Trance+1","floor":18.0},{"not_picked":["Whirlwind","Shrug It Off","Blood for Blood"],"picked":"Singing Bowl","floor":21.0},{"not_picked":["Battle Trance","Carnage"],"picked":"Power Through","floor":25.0},{"not_picked":["Carnage","Thunderclap","Feel No Pain+1"],"picked":"Singing Bowl","floor":27.0}],"player_experience":403106,"relics_obtained":[{"floor":0.0,"key":"Pen Nib"},{"floor":0.0,"key":"Eternal Feather"},{"floor":0.0,"key":"TungstenRod"},{"floor":6.0,"key":"Ancient Tea Set"},{"floor":9.0,"key":"Gremlin Horn"},{"floor":11.0,"key":"Girya"},{"floor":25.0,"key":"Nunchaku"},{"floor":26.0,"key":"Whetstone"}],"event_choices":[{"damage_healed":0.0,"max_hp_gain":0.0,"max_hp_loss":0.0,"gold_gain":0.0,"cards_transformed":["Warcry"],"event_name":"Transmorgrifier","player_choice":"Transformed","floor":5.0,"gold_loss":0.0,"damage_taken":0.0,"cards_obtained":["Demon Form"]},{"damage_healed":0.0,"max_hp_gain":0.0,"max_hp_loss":0.0,"gold_gain":0.0,"event_name":"Living Wall","player_choice":"Grow","floor":13.0,"gold_loss":0.0,"damage_taken":0.0,"cards_upgraded":["Limit Break"]},{"damage_healed":0.0,"max_hp_gain":0.0,"max_hp_loss":0.0,"gold_gain":0.0,"event_name":"Match and Keep!","player_choice":"1 cards matched","floor":20.0,"gold_loss":0.0,"damage_taken":0.0,"cards_obtained":["Immolate"]},{"damage_healed":0.0,"max_hp_gain":0.0,"max_hp_loss":0.0,"gold_gain":0.0,"event_name":"Addict","player_choice":"Obtained Relic","floor":22.0,"gold_loss":85.0,"damage_taken":0.0,"relics_obtained":["Pocketwatch"]},{"damage_healed":0.0,"max_hp_gain":0.0,"max_hp_loss":0.0,"gold_gain":0.0,"event_name":"The Joust","player_choice":"Bet on Murderer","floor":24.0,"gold_loss":50.0,"damage_taken":0.0},{"damage_healed":0.0,"max_hp_gain":0.0,"max_hp_loss":0.0,"gold_gain":0.0,"event_name":"The Library","player_choice":"Read","floor":29.0,"gold_loss":0.0,"damage_taken":0.0,"cards_obtained":["Armaments"]}],"is_beta":false,"boss_relics":[{"not_picked":["SlaversCollar","Busted Crown"],"picked":"Mark of Pain"}],"items_purged_floors":[2,2,4],"is_endless":false,"potions_floor_spawned":[1,7,12,16,21],"killed_by":"Cultist and Chosen","ascension_level":20}}