{"host":"etr9f2q07ig588e0","time":1609496093,"event":{"mods":["BaseMod","Downfall","Googly Eyes","Hubris","Minty Spire (QoL Compilation)","Replay The Spire","StSLib","SuperFastMode"],"gold_per_floor":[110,110,110,23,39,39,70,70,94,94,127,147,172,188,188,284,284,299,299,299,324,339,339,339],"floor_reached":23,"playtime":1717,"items_purged":[],"score":255,"play_id":"23521801-3743-4e31-8112-f2a31153ad77","local_time":"20210101131453","is_ascension_mode":true,"campfire_choices":[{"data":"Eruption","floor":6,"key":"SMITH"},{"floor":8,"key":"REST"},{"floor":15,"key":"REST"}],"circlet_count":0,"master_deck":["Strike_P","Strike_P","Strike_P","Strike_P","Defend_P","Defend_P","Defend_P+1","Defend_P","Eruption+1","Vigilance","Slimebound:Split","Slimebound:Defend_Slimebound","SignatureMove","expansioncontent:DecasProtection","EmptyFist","Adaptation","Consecrate","Prostrate","Collect","Replay:BluntJabs","Wish","Replay:ManipulateFuture","Protect","Replay:ManipulateFuture"],"relics":["HolyWater","CaptainsWheel","hubris:Towel","Blue Doll","Nunchaku","hubris:Potato","Gremlin Food","Replay:Grab Bag","Busted Crown","Fusion Hammer","SacredBark","Red Mask"],"acts_visited":["Exordium","TheCity"],"potions_floor_usage":[16,21,23],"damage_taken":[{"damage":4,"enemies":"Small Slimes","floor":1,"turns":4},{"damage":12,"enemies":"Jaw Worm","floor":5,"turns":2},{"damage":16,"enemies":"3 Sentries","floor":7,"turns":6},{"damage":0,"enemies":"Lagavulin","floor":11,"turns":5},{"damage":9,"enemies":"2 Louse","floor":12,"turns":3},{"damage":21,"enemies":"3 Sentries","floor":13,"turns":6},{"damage":4,"enemies":"Red Slaver","floor":14,"turns":4},{"damage":12,"enemies":"The Guardian","floor":16,"turns":8},{"damage":13,"enemies":"3 Byrds","floor":18,"turns":5},{"damage":36,"enemies":"Masked Bandits","floor":21,"turns":4},{"damage":0,"enemies":"Spheric Guardian","floor":22,"turns":2},{"damage":32,"enemies":"Slavers","floor":23,"turns":3}],"seed_played":"-5044704549909935698","potions_obtained":[{"floor":1,"key":"Block Potion"},{"floor":5,"key":"Explosive Potion"},{"floor":10,"key":"Venom Potion"},{"floor":16,"key":"FearPotion"},{"floor":21,"key":"Guardian:BlockOnCardUsePotion"}],"is_trial":false,"path_per_floor":["M","?","?","$","M","R","E","R","T","?","E","M","E","M","R","B",null,"M","?","?","?","M","E"],"character_chosen":"WATCHER","items_purchased":["expansioncontent:DecasProtection"],"campfire_rested":2,"item_purchase_floors":[4],"current_hp_per_floor":[72,72,75,75,63,63,51,73,73,73,73,68,51,51,73,65,75,66,66,52,20,20,0,0],"gold":339,"neow_bonus":"ONE_RARE_RELIC","is_daily":false,"chose_seed":false,"campfire_upgraded":1,"win_rate":0.0,"timestamp":1609496093,"path_taken":["M","?","?","$","?","R","E","R","T","?","E","M","E","M","R","BOSS","M","?","?","?","M","E"],"items_purchased_type":["Card"],"build_version":"2020-12-22","purchased_purges":0,"victory":false,"max_hp_per_floor":[72,72,75,75,75,75,75,75,75,75,75,75,75,75,75,75,75,75,75,80,80,80,80,80],"card_choices":[{"not_picked":["Crescendo","Wallop"],"picked":"SignatureMove","floor":1},{"not_picked":["Replay:AtTheReady","CrushJoints"],"picked":"EmptyFist","floor":5},{"not_picked":["SpiritShield","ClearTheMind"],"picked":"Adaptation","floor":7},{"not_picked":["Wish","FlurryOfBlows"],"picked":"Consecrate","floor":11},{"not_picked":["Crescendo","Replay:Battleflow"],"picked":"Prostrate","floor":12},{"not_picked":["Replay:ManipulateFuture","Weave"],"picked":"Collect","floor":13},{"not_picked":["Replay:AtTheReady","Pray"],"picked":"Replay:BluntJabs","floor":14},{"not_picked":["ConjureBlade","Scrawl"],"picked":"Wish","floor":16},{"not_picked":[],"picked":"Replay:ManipulateFuture","floor":18},{"not_picked":[],"picked":"Protect","floor":21},{"not_picked":[],"picked":"Replay:ManipulateFuture","floor":22}],"player_experience":472119,"relics_obtained":[{"floor":7,"key":"Blue Doll"},{"floor":9,"key":"Nunchaku"},{"floor":11,"key":"hubris:Potato"},{"floor":13,"key":"Gremlin Food"},{"floor":21,"key":"Red Mask"}],"event_choices":[{"damage_healed":0,"gold_gain":0,"player_choice":"Got Potions","damage_taken":0,"max_hp_gain":0,"max_hp_loss":0,"event_name":"Lab","floor":10,"gold_loss":0},{"damage_healed":0,"gold_gain":0,"player_choice":"Ignored","damage_taken":0,"max_hp_gain":0,"max_hp_loss":0,"event_name":"Beggar","floor":19,"gold_loss":0},{"damage_healed":0,"gold_gain":0,"player_choice":"Shed Blood","damage_taken":19,"max_hp_gain":5,"max_hp_loss":0,"event_name":"Forgotten Altar","floor":20,"gold_loss":0},{"damage_healed":0,"gold_gain":0,"player_choice":"Fought Bandits","damage_taken":0,"max_hp_gain":0,"max_hp_loss":0,"event_name":"Masked Bandits","floor":21,"gold_loss":0}],"is_beta":false,"boss_relics":[{"not_picked":["Replay:Drink Me","Black Star"],"picked":"Replay:Grab Bag"},{"not_picked":["Velvet Choker","Cursed Key"],"picked":"Busted Crown"},{"not_picked":["Replay:Bronze Core","Philosopher\u0027s Stone"],"picked":"Fusion Hammer"},{"not_picked":["Empty Cage","Snecko Eye"],"picked":"HolyWater"},{"not_picked":["hubris:Backtick","Runic Pyramid"],"picked":"SacredBark"}],"items_purged_floors":[],"is_endless":false,"potions_floor_spawned":[1,5,16,21,22],"killed_by":"Slavers","ascension_level":2}}