{"host":"erwxnntsfyc3037l","time":1609521339,"event":{"mods":["AchievementEnabler","BaseMod","Colored Powertips","Conspire","Downfall","Hermit","Hubris","Minty Spire (QoL Compilation)","Quick Restart","Replay The Spire","StSLib","The Bladedancer","The Cursed"],"gold_per_floor":[109,109,128,26,45,78,88,88,88,88,115,115,142,142,142,247,297,311,311],"floor_reached":18,"playtime":2884,"items_purged":[],"score":180,"play_id":"8278a49c-254b-4363-ab57-7e56468703f7","local_time":"20210101201539","is_ascension_mode":false,"campfire_choices":[{"floor":10,"key":"REST"},{"floor":15,"key":"REST"}],"circlet_count":0,"master_deck":["blademaster:Strike","blademaster:Strike","blademaster:Strike+1","blademaster:Defend","blademaster:Defend","blademaster:Defend","blademaster:Defend","blademaster:RagingBlow","blademaster:HighVoltage","blademaster:Vortex","blademaster:Meditate","blademaster:KiBarrier","blademaster:DeadlyDance+1","blademaster:FuriousStrike","blademaster:SlyStabs","blademaster:Frontflip","blademaster:Vortex","blademaster:BladeMastery","blademaster:IcyWind+1","blademaster:UnrelentingWind","blademaster:Stormstrike","blademaster:AspectOfWind"],"relics":["blademaster:DancersAmulet","NeowsBlessing","hubris:CrystalStatue","Bottled Flame","Replay:Mystery Machine","hubris:MedicalManual","MealTicket","Tiny House"],"acts_visited":["Exordium","TheCity"],"potions_floor_usage":[13,18],"damage_taken":[{"damage":0,"enemies":"conspire:RoseBush","floor":1,"turns":2},{"damage":0,"enemies":"Cultist","floor":3,"turns":1},{"damage":0,"enemies":"Small Slimes","floor":5,"turns":1},{"damage":21,"enemies":"Gremlin Nob","floor":6,"turns":4},{"damage":0,"enemies":"conspire:2 RoseBushes","floor":7,"turns":3},{"damage":7,"enemies":"Replay:BlueRogue","floor":11,"turns":5},{"damage":15,"enemies":"Gremlin Nob","floor":13,"turns":4},{"damage":44,"enemies":"Slime Boss","floor":16,"turns":10},{"damage":36,"enemies":"Spheric Guardian","floor":18,"turns":7}],"seed_played":"48888740388032257","potions_obtained":[{"floor":5,"key":"Doom Potion"},{"floor":6,"key":"hexamod:EctoCoolerPotion"},{"floor":17,"key":"sneckomod:MuddlingPotion"}],"is_trial":false,"path_per_floor":["M","?","M","$","M","E","M","?","T","R","E","T","E","?","R","B",null,"M"],"character_chosen":"THE_BLADEMASTER","items_purchased":["blademaster:DeadlyDance+1","blademaster:FuriousStrike"],"campfire_rested":2,"item_purchase_floors":[4,4],"current_hp_per_floor":[75,75,75,75,75,54,54,54,54,75,68,68,53,53,75,31,80,44,44],"gold":311,"neow_bonus":"THREE_ENEMY_KILL","is_daily":false,"chose_seed":false,"campfire_upgraded":0,"win_rate":0.0,"timestamp":1609521339,"path_taken":["M","?","M","$","M","E","?","?","T","R","E","?","E","?","R","BOSS","M"],"items_purchased_type":["Card","Card"],"build_version":"2020-12-22","purchased_purges":0,"victory":false,"max_hp_per_floor":[75,75,75,75,75,75,75,75,75,75,75,75,75,75,75,75,80,80,80],"card_choices":[{"not_picked":["blademaster:Safeguard","blademaster:Flurry"],"picked":"blademaster:Vortex","floor":1},{"not_picked":["blademaster:TraverseCut","blademaster:Frenzy"],"picked":"blademaster:KiBarrier","floor":3},{"not_picked":["blademaster:FuriousStrike","blademaster:TraverseCut"],"picked":"blademaster:SlyStabs","floor":5},{"not_picked":["blademaster:AwakeningStrike","blademaster:Momentum"],"picked":"blademaster:Frontflip","floor":6},{"not_picked":["blademaster:Frenzy","blademaster:AwakeningStrike"],"picked":"blademaster:Vortex","floor":7},{"not_picked":["blademaster:LeechingStrike","blademaster:ThreePointStrike"],"picked":"blademaster:BladeMastery","floor":11},{"not_picked":["blademaster:Meditate","blademaster:Sunder"],"picked":"blademaster:IcyWind","floor":13},{"not_picked":["blademaster:BladeDance","blademaster:ColdBlood"],"picked":"blademaster:UnrelentingWind","floor":16},{"not_picked":["blademaster:AwakeningStrike","blademaster:ParryingStrike"],"picked":"blademaster:Stormstrike","floor":17},{"not_picked":["blademaster:SlyStabs+1","blademaster:Stormstrike+1"],"picked":"blademaster:AspectOfWind","floor":18}],"player_experience":16400,"relics_obtained":[{"floor":6,"key":"hubris:CrystalStatue"},{"floor":6,"key":"blademaster:FinisherDrawCardPerk"},{"floor":9,"key":"Bottled Flame"},{"floor":11,"key":"Replay:Mystery Machine"},{"floor":11,"key":"blademaster:WindChargePerk"},{"floor":12,"key":"hubris:MedicalManual"},{"floor":13,"key":"MealTicket"},{"floor":13,"key":"blademaster:BonusComboPerk"}],"event_choices":[{"damage_healed":0,"gold_gain":0,"cards_transformed":["blademaster:Strike"],"player_choice":"Transformed","damage_taken":0,"max_hp_gain":0,"max_hp_loss":0,"event_name":"Transmorgrifier","floor":2,"gold_loss":0,"cards_obtained":["blademaster:Meditate"]},{"damage_healed":0,"gold_gain":0,"player_choice":"Ignored","damage_taken":0,"max_hp_gain":0,"max_hp_loss":0,"event_name":"Liars Game","floor":8,"gold_loss":0}],"is_beta":false,"boss_relics":[{"not_picked":["conspire:SeveredTorchhead","Coffee Dripper"],"picked":"Tiny House"}],"items_purged_floors":[],"is_endless":false,"potions_floor_spawned":[5,6],"killed_by":"Spheric Guardian","ascension_level":0}}