{"host":"zekcc3vicrep0och","time":1609496425,"event":{"mods":["AchievementEnabler","BaseMod","Colored Map","Colored Powertips","Displayed Cursed Tome","Minty Spire (QoL Compilation)","Relic Stats","StSLib"],"gold_per_floor":[368,382,25,42,42,67,82,114,114,130,2,2,14,42,42,118,118,136,153,15,27,37,71,170,201,255,255,255,268,301,314,314,392,392,405,405,418,435,20,51,51,82,82,82,112,124,6,19,19,19],"floor_reached":51,"playtime":2661,"items_purged":["Writhe","Strike_G","A Thousand Cuts","Neutralize"],"score":1498,"play_id":"d51ce77d-6ed0-4fd3-b48a-cb52bbf1cbb7","local_time":"20210101132025","is_ascension_mode":true,"campfire_choices":[{"data":"Envenom","floor":15.0,"key":"SMITH"},{"floor":27.0,"key":"REST"},{"data":"Accuracy","floor":32.0,"key":"SMITH"},{"data":"Envenom","floor":41.0,"key":"SMITH"},{"data":"Footwork","floor":44.0,"key":"SMITH"},{"data":"A Thousand Cuts","floor":49,"key":"SMITH"}],"circlet_count":0,"master_deck":["AscendersBane","Survivor","Blade Dance","Flying Knee","Accuracy+1","Terror","Blade Dance","Venomology","Leg Sweep","Cloak And Dagger","Footwork+1","Dash","Corpse Explosion","A Thousand Cuts+1","Envenom+1","Bullet Time","Envenom+1","Finisher+1","Sucker Punch+1","Glass Knife+1","Footwork","Backstab+1","Quick Slash+1","Cloak And Dagger+1","PiercingWail","Adrenaline","Backflip","After Image","Cloak And Dagger+1","Finisher+1","Malaise+1","Masterful Stab+1","Dodge and Roll+1","Backflip+1","Bane+1","Backflip+1","Footwork","Accuracy+1","Impatience+1","Prepared+1"],"relics":["Ring of the Snake","Membership Card","Whetstone","Question Card","MealTicket","Ninja Scroll","Bag of Marbles","Molten Egg 2","Pandora\u0027s Box","Omamori","Blood Vial","Akabeko","The Courier","Toxic Egg 2","Empty Cage","Nunchaku","ClockworkSouvenir","Gambling Chip","Oddly Smooth Stone","Matryoshka","Shuriken","Toy Ornithopter","Pen Nib","TungstenRod","MawBank"],"acts_visited":["TheCity","TheBeyond"],"potions_floor_usage":[45,48,48,50,50,50],"damage_taken":[{"damage":2.0,"enemies":"2 Louse","floor":1.0,"turns":4.0},{"damage":0.0,"enemies":"Small Slimes","floor":2.0,"turns":3.0},{"damage":0.0,"enemies":"Cultist","floor":4.0,"turns":2.0},{"damage":0.0,"enemies":"Lagavulin","floor":6.0,"turns":4.0},{"damage":1.0,"enemies":"Looter","floor":7.0,"turns":2.0},{"damage":20.0,"enemies":"3 Sentries","floor":8.0,"turns":8.0},{"damage":0.0,"enemies":"Blue Slaver","floor":10.0,"turns":1.0},{"damage":0.0,"enemies":"Exordium Wildlife","floor":13.0,"turns":1.0},{"damage":13.0,"enemies":"Gremlin Nob","floor":14.0,"turns":3.0},{"damage":18.0,"enemies":"Slime Boss","floor":16.0,"turns":8.0},{"damage":7.0,"enemies":"3 Byrds","floor":18.0,"turns":4.0},{"damage":0.0,"enemies":"Spheric Guardian","floor":19.0,"turns":1.0},{"damage":6.0,"enemies":"Centurion and Healer","floor":21.0,"turns":3.0},{"damage":25.0,"enemies":"Snake Plant","floor":22.0,"turns":3.0},{"damage":18.0,"enemies":"Gremlin Leader","floor":23.0,"turns":6.0},{"damage":9.0,"enemies":"Book of Stabbing","floor":25.0,"turns":3.0},{"damage":0.0,"enemies":"Chosen and Byrds","floor":29.0,"turns":3.0},{"damage":0.0,"enemies":"Gremlin Leader","floor":30.0,"turns":5.0},{"damage":0.0,"enemies":"Snecko","floor":31.0,"turns":2.0},{"damage":23.0,"enemies":"Collector","floor":33.0,"turns":4.0},{"damage":0.0,"enemies":"3 Shapes","floor":35.0,"turns":8.0},{"damage":0.0,"enemies":"Orb Walker","floor":37.0,"turns":1.0},{"damage":0.0,"enemies":"3 Darklings","floor":38.0,"turns":2.0},{"damage":1.0,"enemies":"Nemesis","floor":40.0,"turns":5.0},{"damage":9.0,"enemies":"Giant Head","floor":42.0,"turns":5.0},{"damage":16,"enemies":"Reptomancer","floor":45,"turns":4},{"damage":12,"enemies":"Writhing Mass","floor":48,"turns":6},{"damage":33,"enemies":"Time Eater","floor":50,"turns":16}],"seed_played":"-7830188745737133360","potions_obtained":[{"floor":7.0,"key":"Fruit Juice"},{"floor":8.0,"key":"LiquidMemories"},{"floor":13.0,"key":"FearPotion"},{"floor":14.0,"key":"ColorlessPotion"},{"floor":16.0,"key":"AttackPotion"},{"floor":29.0,"key":"ColorlessPotion"},{"floor":30.0,"key":"SmokeBomb"},{"floor":31.0,"key":"Regen Potion"},{"floor":33.0,"key":"CunningPotion"},{"floor":42.0,"key":"EssenceOfSteel"},{"floor":48,"key":"AttackPotion"}],"is_trial":false,"path_per_floor":["M","M","$","M","?","E","M","E","T","M","$","?","M","E","R","B",null,"M","M","$","M","M","E","?","E","T","R","T","M","E","M","R","B",null,"M","?","M","M","$","E","R","E","T","R","E","?","$","M","R","B",null],"character_chosen":"THE_SILENT","items_purchased":["Membership Card","Accuracy","Terror","Whetstone","Blade Dance","Bag of Marbles","Fruit Juice","Dexterity Potion","Bane+1","Nunchaku","ClockworkSouvenir","Gambling Chip","Oddly Smooth Stone","Matryoshka","SpeedPotion","Impatience+1"],"campfire_rested":1,"item_purchase_floors":[3,3,3,3,3,11,20,20,39,39,39,39,39,39,47,47],"current_hp_per_floor":[61,61,61,61,61,61,65,45,45,45,60,60,60,47,47,29,64,57,57,77,71,46,28,28,19,19,43,43,45,47,49,49,42,71,73,73,75,77,80,79,79,71,71,71,62,62,77,77,77,56],"gold":19,"neow_bonus":"TWO_FIFTY_GOLD","is_daily":false,"chose_seed":false,"campfire_upgraded":5,"win_rate":0.0,"timestamp":1609496425,"path_taken":["M","M","$","M","?","E","M","E","T","M","$","?","M","E","R","BOSS","M","M","?","M","M","E","?","E","T","R","?","M","E","M","R","BOSS","M","?","M","M","$","E","R","E","T","R","E","?","$","?","R","BOSS"],"items_purchased_type":["Relic","Card","Card","Relic","Card","Relic","Potion","Potion","Card","Relic","Relic","Relic","Relic","Relic","Potion","Card"],"build_version":"2020-12-22","purchased_purges":4,"victory":true,"max_hp_per_floor":[70,70,70,70,70,70,75,75,75,75,75,75,75,75,75,75,75,75,75,80,80,80,80,80,80,80,80,80,80,80,80,80,80,80,80,80,80,80,80,80,80,80,80,80,80,80,80,80,80,80],"relic_stats":{"counters":[28,117],"Pen Nib":[5],"Whetstone":["Strike_G","Strike_G"],"Question Card":23,"MawBank":24,"Blood Vial":21,"Nunchaku":[9],"Shuriken":[18],"Gambling Chip":[19],"MealTicket":48,"Pandora\u0027s Box":["Envenom","Setup","A Thousand Cuts","Finisher","Sucker Punch","Glass Knife","Footwork","Backstab","Quick Slash"],"obtain_stats":[{"Whetstone":3,"Empty Cage":34,"ClockworkSouvenir":39,"Blood Vial":25,"Nunchaku":39,"Matryoshka":39,"Ninja Scroll":9,"Gambling Chip":39,"MealTicket":8,"Toxic Egg 2":30,"Ring of the Snake":0,"Oddly Smooth Stone":39,"The Courier":28,"Pen Nib":43,"Omamori":23,"Question Card":6,"MawBank":45,"Akabeko":26,"Shuriken":40,"Molten Egg 2":14,"Pandora\u0027s Box":17,"Bag of Marbles":11,"Membership Card":3,"Toy Ornithopter":42,"TungstenRod":43},{"Whetstone":2,"Empty Cage":20,"ClockworkSouvenir":23,"Blood Vial":16,"Nunchaku":23,"Matryoshka":23,"Ninja Scroll":6,"Gambling Chip":23,"MealTicket":6,"Toxic Egg 2":18,"Ring of the Snake":0,"Oddly Smooth Stone":23,"The Courier":16,"Pen Nib":25,"Omamori":15,"Question Card":4,"MawBank":26,"Akabeko":16,"Shuriken":24,"Molten Egg 2":9,"Pandora\u0027s Box":10,"Bag of Marbles":7,"Membership Card":2,"Toy Ornithopter":25,"TungstenRod":25},{"Whetstone":7,"Empty Cage":70,"ClockworkSouvenir":81,"Blood Vial":56,"Nunchaku":81,"Matryoshka":81,"Ninja Scroll":23,"Gambling Chip":81,"MealTicket":23,"Toxic Egg 2":64,"Ring of the Snake":0,"Oddly Smooth Stone":81,"The Courier":56,"Pen Nib":91,"Omamori":53,"Question Card":13,"MawBank":95,"Akabeko":56,"Shuriken":86,"Molten Egg 2":28,"Pandora\u0027s Box":36,"Bag of Marbles":24,"Membership Card":7,"Toy Ornithopter":91,"TungstenRod":91}],"Toy Ornithopter":25,"TungstenRod":9,"Ring of the Snake":[56]},"card_choices":[{"not_picked":["Outmaneuver","Prepared"],"picked":"Blade Dance","floor":1.0},{"not_picked":["Outmaneuver","Deadly Poison"],"picked":"Flying Knee","floor":2.0},{"not_picked":["Sucker Punch","Outmaneuver"],"picked":"Venomology","floor":4.0},{"not_picked":["Dagger Spray","Outmaneuver"],"picked":"Leg Sweep","floor":6.0},{"not_picked":["Quick Slash","Dagger Throw","Deflect"],"picked":"Cloak And Dagger","floor":7.0},{"not_picked":["Well Laid Plans","Outmaneuver","Dash"],"picked":"Footwork","floor":8.0},{"not_picked":["Outmaneuver","Terror","Dagger Throw"],"picked":"Dash","floor":10.0},{"not_picked":["Bane","Distraction","Deflect"],"picked":"A Thousand Cuts","floor":13.0},{"not_picked":["Slice+1","Distraction","Reflex"],"picked":"Envenom","floor":14.0},{"not_picked":["Wraith Form v2","Grand Finale+1","Doppelganger"],"picked":"Bullet Time","floor":16.0},{"not_picked":["Acrobatics","Setup","Backstab+1"],"picked":"Cloak And Dagger+1","floor":18.0},{"not_picked":["Backstab+1","All Out Attack+1","Expertise"],"picked":"PiercingWail","floor":19.0},{"not_picked":["Sucker Punch+1","Prepared","Skewer+1"],"picked":"Adrenaline","floor":21.0},{"not_picked":["Sucker Punch+1","Blade Dance","Dash+1","Flying Knee+1"],"picked":"SKIP","floor":22.0},{"not_picked":["Flying Knee+1","Outmaneuver","Prepared"],"picked":"Backflip","floor":23.0},{"not_picked":["Masterful Stab+1","PiercingWail","Underhanded Strike+1","Slice+1"],"picked":"SKIP","floor":25.0},{"not_picked":["Crippling Poison","Poisoned Stab+1","Distraction"],"picked":"After Image","floor":29.0},{"not_picked":["Outmaneuver+1","Deadly Poison+1","Dodge and Roll+1"],"picked":"Cloak And Dagger+1","floor":30.0},{"not_picked":["Caltrops","Blade Dance+1","Calculated Gamble+1"],"picked":"Finisher+1","floor":31.0},{"not_picked":["Doppelganger+1","A Thousand Cuts","Wraith Form v2"],"picked":"Malaise+1","floor":33.0},{"not_picked":["Acrobatics+1","Sucker Punch+1","Quick Slash+1"],"picked":"Masterful Stab+1","floor":35.0},{"not_picked":["Quick Slash+1","Doppelganger+1","PiercingWail+1"],"picked":"Dodge and Roll+1","floor":37.0},{"not_picked":["Dagger Throw+1","Predator+1","Sucker Punch+1"],"picked":"Backflip+1","floor":38.0},{"not_picked":["Distraction+1","Masterful Stab+1","All Out Attack+1","Deadly Poison+1"],"picked":"SKIP","floor":40.0},{"not_picked":["Riddle With Holes+1","Acrobatics+1","Caltrops"],"picked":"Backflip+1","floor":42.0},{"not_picked":["Tactician+1","Cloak And Dagger+1","Concentrate+1"],"picked":"Footwork","floor":45},{"not_picked":["Grand Finale+1","Predator+1","Deadly Poison+1"],"picked":"Prepared+1","floor":48}],"player_experience":481442,"relics_obtained":[{"floor":6.0,"key":"Question Card"},{"floor":8.0,"key":"MealTicket"},{"floor":9.0,"key":"Ninja Scroll"},{"floor":14.0,"key":"Molten Egg 2"},{"floor":23.0,"key":"Omamori"},{"floor":25.0,"key":"Blood Vial"},{"floor":26.0,"key":"Akabeko"},{"floor":28.0,"key":"The Courier"},{"floor":30.0,"key":"Toxic Egg 2"},{"floor":40.0,"key":"Shuriken"},{"floor":42.0,"key":"Toy Ornithopter"},{"floor":43.0,"key":"Pen Nib"},{"floor":43.0,"key":"TungstenRod"},{"floor":45,"key":"MawBank"}],"event_choices":[{"damage_healed":0.0,"max_hp_gain":0.0,"max_hp_loss":0.0,"gold_gain":0.0,"event_name":"Liars Game","player_choice":"Ignored","floor":5.0,"gold_loss":0.0,"damage_taken":0.0},{"damage_healed":0.0,"max_hp_gain":0.0,"max_hp_loss":0.0,"gold_gain":0.0,"event_name":"Match and Keep!","player_choice":"2 cards matched","floor":12.0,"gold_loss":0.0,"damage_taken":0.0,"cards_obtained":["Purity","Corpse Explosion"]},{"damage_healed":0.0,"max_hp_gain":0.0,"max_hp_loss":0.0,"gold_gain":99.0,"event_name":"Nest","player_choice":"Stole From Cult","floor":24.0,"gold_loss":0.0,"damage_taken":0.0},{"damage_healed":0.0,"max_hp_gain":0.0,"max_hp_loss":0.0,"gold_gain":0.0,"event_name":"Tomb of Lord Red Mask","player_choice":"Ignored","floor":36.0,"gold_loss":0.0,"damage_taken":0.0},{"damage_healed":0,"gold_gain":0,"player_choice":"Copied","damage_taken":0,"max_hp_gain":0,"max_hp_loss":0,"event_name":"Duplicator","floor":46,"gold_loss":0,"cards_obtained":["Accuracy"]}],"is_beta":false,"boss_relics":[{"not_picked":["SacredBark","Fusion Hammer"],"picked":"Pandora\u0027s Box"},{"not_picked":["Coffee Dripper","Velvet Choker"],"picked":"Empty Cage"}],"items_purged_floors":[3,11,20,47],"is_endless":false,"potions_floor_spawned":[7,8,13,14,16,21,29,30,31,33,35,42,48],"ascension_level":13}}