{"host":"640uue19m79c7wbt","time":1609472152,"event":{"mods":["BaseMod","Colored Map","Googly Eyes","Highlight Path","Minty Spire (QoL Compilation)","Quick Restart","StSLib"],"gold_per_floor":[114,114,133,208,208,242,257,285,311,311,343,343,343,343,343,462,462,478,403,403,427,448,448,491,491,518,543,582,25,150,169,169,293,293,318,258,281,181,31,31,49,49,49],"floor_reached":42,"playtime":1780,"items_purged":["Strike_G","Strike_G","Defend_G"],"score":549,"play_id":"e2a6c85e-1025-4d38-8957-191a86146192","local_time":"20201231223552","is_ascension_mode":true,"campfire_choices":[{"floor":10.0,"key":"REST"},{"data":"A Thousand Cuts","floor":13.0,"key":"SMITH"},{"floor":15.0,"key":"REST"},{"data":"Endless Agony","floor":23.0,"key":"SMITH"},{"floor":25.0,"key":"REST"},{"floor":32.0,"key":"REST"},{"data":"After Image","floor":40,"key":"SMITH"}],"circlet_count":0,"master_deck":["Strike_G","Strike_G","Defend_G+1","Defend_G","Defend_G","Defend_G+1","Survivor+1","Neutralize+1","Terror+1","Endless Agony+1","Escape Plan+1","Storm of Steel+1","A Thousand Cuts+1","Night Terror+1","Predator+1","Footwork","Deflect+1","Dagger Spray+1","PiercingWail+1","Sadistic Nature","Choke","After Image+1","Adrenaline+1","Tactician+1","Calculated Gamble+1","Backflip+1","Distraction+1"],"relics":["Ring of the Snake","NeowsBlessing","White Beast Statue","Toxic Egg 2","Darkstone Periapt","Toy Ornithopter","Omamori","Golden Idol","Black Star","WarpedTongs","Bag of Preparation","Centennial Puzzle","Nunchaku","TungstenRod","War Paint","Torii","The Specimen","Blue Candle","HoveringKite"],"acts_visited":["Exordium","TheCity","TheBeyond"],"potions_floor_usage":[37,37,41,42],"damage_taken":[{"damage":0.0,"enemies":"Cultist","floor":1.0,"turns":1.0},{"damage":0.0,"enemies":"Jaw Worm","floor":3.0,"turns":1.0},{"damage":0.0,"enemies":"3 Sentries","floor":6.0,"turns":1.0},{"damage":0.0,"enemies":"2 Louse","floor":7.0,"turns":2.0},{"damage":13.0,"enemies":"Gremlin Nob","floor":8.0,"turns":3.0},{"damage":4.0,"enemies":"Lagavulin","floor":11.0,"turns":3.0},{"damage":29.0,"enemies":"Slime Boss","floor":16.0,"turns":8.0},{"damage":14.0,"enemies":"Shell Parasite","floor":18.0,"turns":3.0},{"damage":23.0,"enemies":"2 Thieves","floor":21.0,"turns":4.0},{"damage":15.0,"enemies":"Centurion and Healer","floor":22.0,"turns":5.0},{"damage":26.0,"enemies":"Book of Stabbing","floor":24.0,"turns":4.0},{"damage":5.0,"enemies":"Snake Plant","floor":27.0,"turns":3.0},{"damage":18.0,"enemies":"Gremlin Leader","floor":28.0,"turns":3.0},{"damage":8.0,"enemies":"Colosseum Slavers","floor":30.0,"turns":3.0},{"damage":5.0,"enemies":"Colosseum Nobs","floor":30.0,"turns":3.0},{"damage":0.0,"enemies":"3 Cultists","floor":31.0,"turns":3.0},{"damage":41.0,"enemies":"Automaton","floor":33.0,"turns":10.0},{"damage":0.0,"enemies":"3 Shapes","floor":35.0,"turns":4.0},{"damage":14,"enemies":"3 Darklings","floor":37,"turns":4},{"damage":6,"enemies":"Maw","floor":41,"turns":6},{"damage":83,"enemies":"Giant Head","floor":42,"turns":8}],"seed_played":"5813462743089349826","potions_obtained":[{"floor":3.0,"key":"Swift Potion"},{"floor":6.0,"key":"Strength Potion"},{"floor":7.0,"key":"PowerPotion"},{"floor":8.0,"key":"Swift Potion"},{"floor":11.0,"key":"Energy Potion"},{"floor":16.0,"key":"Regen Potion"},{"floor":18.0,"key":"Fruit Juice"},{"floor":21.0,"key":"Fire Potion"},{"floor":22.0,"key":"Swift Potion"},{"floor":24.0,"key":"Explosive Potion"},{"floor":27.0,"key":"DuplicationPotion"},{"floor":28.0,"key":"Fire Potion"},{"floor":30.0,"key":"Weak Potion"},{"floor":31.0,"key":"SteroidPotion"},{"floor":33.0,"key":"Block Potion"},{"floor":35.0,"key":"PowerPotion"},{"floor":37,"key":"Weak Potion"},{"floor":41,"key":"CunningPotion"}],"is_trial":false,"path_per_floor":["M","T","M","?","?","E","M","E","T","R","E","?","R","?","R","B",null,"M","?","?","M","M","R","E","R","T","M","E","$","?","M","R","B",null,"M","?","M","$","$","R","M","E"],"character_chosen":"THE_SILENT","items_purchased":["Torii","Sadistic Nature","Backflip+1"],"campfire_rested":4,"item_purchase_floors":[29,29,39],"current_hp_per_floor":[70,70,70,59,45,45,45,32,32,53,54,37,37,37,58,29,70,66,66,66,59,49,49,28,50,50,50,37,37,29,29,51,20,75,75,75,61,61,61,61,60,0,0],"gold":49,"neow_bonus":"THREE_ENEMY_KILL","is_daily":false,"chose_seed":false,"campfire_upgraded":3,"win_rate":0.0,"timestamp":1609472152,"path_taken":["M","?","M","?","?","E","?","E","T","R","E","?","R","?","R","BOSS","M","?","?","M","?","R","E","R","T","M","E","$","?","M","R","BOSS","M","?","M","?","$","R","M","E"],"items_purchased_type":["Relic","Card","Card"],"build_version":"2020-12-22","purchased_purges":3,"victory":false,"max_hp_per_floor":[70,70,70,70,70,70,70,70,70,70,70,70,70,70,70,70,70,75,75,75,75,75,75,75,75,75,75,75,75,75,75,75,75,75,75,75,75,75,75,75,75,75,75],"card_choices":[{"not_picked":["Poisoned Stab","Sucker Punch"],"picked":"Terror","floor":1.0},{"not_picked":["Footwork","Poisoned Stab"],"picked":"Endless Agony","floor":3.0},{"not_picked":["Deadly Poison+1","Flying Knee","Bane"],"picked":"SKIP","floor":6.0},{"not_picked":["Sucker Punch","Outmaneuver+1"],"picked":"Escape Plan+1","floor":7.0},{"not_picked":["Underhanded Strike","Prepared+1"],"picked":"Storm of Steel+1","floor":8.0},{"not_picked":["All Out Attack","Flechettes"],"picked":"A Thousand Cuts","floor":11.0},{"not_picked":["Grand Finale","Phantasmal Killer+1"],"picked":"Night Terror+1","floor":16.0},{"not_picked":["Noxious Fumes","Terror+1"],"picked":"Predator+1","floor":18.0},{"not_picked":["Quick Slash+1","Dagger Spray"],"picked":"Footwork","floor":21.0},{"not_picked":["Bane+1","Deflect+1"],"picked":"Catalyst+1","floor":22.0},{"not_picked":["Bane","Predator"],"picked":"Deflect+1","floor":24.0},{"not_picked":["Flying Knee","Acrobatics+1"],"picked":"Dagger Spray+1","floor":27.0},{"not_picked":["Distraction+1","Flying Knee"],"picked":"PiercingWail+1","floor":28.0},{"not_picked":["Prepared+1","Slice"],"picked":"Choke","floor":30.0},{"not_picked":["Caltrops+1","Deadly Poison+1"],"picked":"After Image","floor":31.0},{"not_picked":["Unload","Storm of Steel+1"],"picked":"Adrenaline+1","floor":33.0},{"not_picked":["Dagger Spray","Outmaneuver+1"],"picked":"Tactician+1","floor":35.0},{"not_picked":["Riddle With Holes","Masterful Stab+1"],"picked":"Calculated Gamble+1","floor":37},{"not_picked":["Backstab","Blade Dance+1"],"picked":"Distraction+1","floor":41}],"player_experience":539455,"relics_obtained":[{"floor":2.0,"key":"White Beast Statue"},{"floor":6.0,"key":"Toxic Egg 2"},{"floor":8.0,"key":"Darkstone Periapt"},{"floor":9.0,"key":"Toy Ornithopter"},{"floor":11.0,"key":"Omamori"},{"floor":24.0,"key":"Bag of Preparation"},{"floor":24.0,"key":"Centennial Puzzle"},{"floor":26.0,"key":"Nunchaku"},{"floor":28.0,"key":"TungstenRod"},{"floor":28.0,"key":"War Paint"},{"floor":30.0,"key":"The Specimen"},{"floor":30.0,"key":"Blue Candle"}],"event_choices":[{"damage_healed":0.0,"max_hp_gain":0.0,"max_hp_loss":0.0,"gold_gain":75.0,"event_name":"World of Goop","player_choice":"Gather Gold","floor":4.0,"gold_loss":0.0,"damage_taken":11.0},{"damage_healed":0.0,"max_hp_gain":0.0,"max_hp_loss":0.0,"gold_gain":0.0,"event_name":"Shining Light","player_choice":"Entered Light","floor":5.0,"gold_loss":0.0,"damage_taken":14.0,"cards_upgraded":["Survivor","Neutralize"]},{"damage_healed":0.0,"max_hp_gain":0.0,"max_hp_loss":0.0,"gold_gain":0.0,"event_name":"Golden Idol","player_choice":"Take Damage","floor":12.0,"gold_loss":0.0,"damage_taken":17.0,"relics_obtained":["Golden Idol"]},{"damage_healed":0.0,"max_hp_gain":0.0,"max_hp_loss":0.0,"gold_gain":0.0,"event_name":"Living Wall","player_choice":"Grow","floor":14.0,"gold_loss":0.0,"damage_taken":0.0,"cards_upgraded":["Terror"]},{"cards_removed":["Strike_G"],"damage_healed":0.0,"max_hp_gain":0.0,"max_hp_loss":0.0,"gold_gain":0.0,"event_name":"Beggar","player_choice":"Gave Gold","floor":19.0,"gold_loss":75.0,"damage_taken":0.0},{"damage_healed":0.0,"max_hp_gain":0.0,"max_hp_loss":0.0,"gold_gain":0.0,"event_name":"Accursed Blacksmith","player_choice":"Rummage","floor":20.0,"gold_loss":0.0,"damage_taken":0.0,"relics_obtained":["WarpedTongs"],"cards_obtained":["Pain"]},{"damage_healed":0.0,"max_hp_gain":0.0,"max_hp_loss":0.0,"gold_gain":0.0,"event_name":"Colosseum","player_choice":"Fight","floor":30.0,"gold_loss":0.0,"damage_taken":0.0},{"damage_healed":0.0,"max_hp_gain":0.0,"max_hp_loss":0.0,"gold_gain":0.0,"event_name":"Colosseum","player_choice":"Fought Nobs","floor":30.0,"gold_loss":0.0,"damage_taken":0.0},{"cards_removed":["Catalyst"],"damage_healed":0,"gold_gain":0,"player_choice":"Single Remove","damage_taken":0,"max_hp_gain":0,"max_hp_loss":0,"event_name":"Designer","floor":36,"gold_loss":60}],"is_beta":false,"boss_relics":[{"not_picked":["Coffee Dripper","Runic Dome"],"picked":"Black Star"},{"not_picked":["Pandora\u0027s Box","Velvet Choker"],"picked":"HoveringKite"}],"items_purged_floors":[29,38,39],"is_endless":false,"potions_floor_spawned":[3,6,7,8,11,16,18,21,22,24,27,28,30,30,31,33,35,37,41],"killed_by":"Giant Head","ascension_level":3}}