{"host":"3b5lda25ezqra65h","time":1609537496,"event":{"mods":["BaseMod","BetterRewards","Colored Map","Minty Spire (QoL Compilation)","The Disciple"],"gold_per_floor":[110,110,110,127,143,143,143,143,143,163,189,189,223,2,2,105,105,105,105,105,20,20,20,20,20,20,20,20,20,20,20,20,20,20,20,20,20,20,20,20,20,20,20,20,20,20,20,20,20,20,20,20,20,20,20,20],"floor_reached":55,"playtime":2492,"items_purged":["Regret"],"score":848,"play_id":"f3a2576e-c456-4360-bd79-7eba6eb4da4f","local_time":"20210101224456","is_ascension_mode":true,"campfire_choices":[{"floor":6,"key":"RECALL"},{"data":"Bouncing Flask","floor":8,"key":"SMITH"},{"data":"Neutralize","floor":12,"key":"SMITH"},{"floor":15,"key":"REST"},{"floor":25,"key":"REST"},{"floor":32,"key":"REST"},{"data":"Pain","floor":40,"key":"PURGE"},{"data":"Writhe","floor":47,"key":"PURGE"},{"floor":49,"key":"REST"},{"data":"1","floor":52,"key":"LIFT"}],"circlet_count":0,"master_deck":["Strike_G+1","Strike_G+1","Strike_G+1","Strike_G+1","Strike_G+1","Defend_G+1","Defend_G+1","Defend_G+1","Defend_G+1","Defend_G+1","Survivor+1","Neutralize+1","Bouncing Flask+1","Corpse Explosion","Venomology+1","Catalyst+1","Catalyst","Adrenaline","Crippling Poison","Backstab+1","Catalyst+1"],"relics":["Ring of the Snake","NeowsBlessing","TungstenRod","WarpedTongs","Ginger","White Beast Statue","TwistedFunnel","Ectoplasm","Girya","Shuriken","Mercury Hourglass","Regal Pillow","Peace Pipe","SacredBark","Pocketwatch","Anchor","Omamori","Turnip","War Paint"],"acts_visited":["Exordium","TheCity","TheBeyond","TheEnding"],"potions_floor_usage":[11,11,13,13,16,18,23,23,24,27,27,27,27,31,31,33,35,36,39,39,41,41,42,42,44,44,44,50,50,50,55,55,55,55],"damage_taken":[{"damage":0,"enemies":"Small Slimes","floor":1,"turns":1},{"damage":0,"enemies":"Cultist","floor":4,"turns":1},{"damage":0,"enemies":"2 Louse","floor":5,"turns":1},{"damage":9,"enemies":"2 Fungi Beasts","floor":10,"turns":3},{"damage":6,"enemies":"Lagavulin","floor":11,"turns":6},{"damage":12,"enemies":"3 Sentries","floor":13,"turns":8},{"damage":5,"enemies":"Hexaghost","floor":16,"turns":8},{"damage":11,"enemies":"Spheric Guardian","floor":18,"turns":4},{"damage":19,"enemies":"Slavers","floor":23,"turns":3},{"damage":0,"enemies":"Shell Parasite","floor":24,"turns":4},{"damage":1,"enemies":"Shelled Parasite and Fungi","floor":27,"turns":3},{"damage":10,"enemies":"Cultist and Chosen","floor":29,"turns":5},{"damage":13,"enemies":"Gremlin Leader","floor":31,"turns":5},{"damage":46,"enemies":"Automaton","floor":33,"turns":7},{"damage":14,"enemies":"3 Shapes","floor":35,"turns":3},{"damage":0,"enemies":"Orb Walker","floor":36,"turns":3},{"damage":2,"enemies":"Mind Bloom Boss Battle","floor":37,"turns":3},{"damage":0,"enemies":"Sphere and 2 Shapes","floor":39,"turns":2},{"damage":15,"enemies":"Nemesis","floor":41,"turns":3},{"damage":33,"enemies":"Spire Growth","floor":42,"turns":4},{"damage":0,"enemies":"2 Orb Walkers","floor":44,"turns":2},{"damage":2,"enemies":"Jaw Worm Horde","floor":48,"turns":3},{"damage":17,"enemies":"Donu and Deca","floor":50,"turns":4},{"damage":38,"enemies":"Shield and Spear","floor":54,"turns":3},{"damage":45,"enemies":"The Heart","floor":55,"turns":2}],"seed_played":"-9112971735194059120","potions_obtained":[{"floor":1,"key":"LiquidBronze"},{"floor":7,"key":"CultistPotion"},{"floor":7,"key":"DistilledChaos"},{"floor":7,"key":"AttackPotion"},{"floor":11,"key":"Fire Potion"},{"floor":13,"key":"Dexterity Potion"},{"floor":16,"key":"Energy Potion"},{"floor":18,"key":"Energy Potion"},{"floor":23,"key":"Explosive Potion"},{"floor":24,"key":"SkillPotion"},{"floor":27,"key":"SpeedPotion"},{"floor":29,"key":"Ancient Potion"},{"floor":31,"key":"Regen Potion"},{"floor":33,"key":"LiquidBronze"},{"floor":35,"key":"PowerPotion"},{"floor":39,"key":"SkillPotion"},{"floor":41,"key":"LiquidBronze"},{"floor":42,"key":"EssenceOfSteel"},{"floor":44,"key":"Weak Potion"},{"floor":54,"key":"GamblersBrew"}],"is_trial":false,"path_per_floor":["M","?","?","M","M","R","?","R","T","M","E","R","E","$","R","B",null,"M","?","?","?","?","E","M","R","T","M","?","M","$","E","R","B",null,"M","M","?","$","M","R","E","M","T","?","$","?","R","M","R","B",null,"R","$","E","B"],"character_chosen":"THE_SILENT","items_purchased":["TwistedFunnel"],"campfire_rested":4,"item_purchase_floors":[14],"current_hp_per_floor":[70,70,70,70,70,70,70,70,70,61,55,55,43,43,64,59,70,59,59,59,59,59,40,40,61,61,60,60,50,50,51,70,24,70,56,70,68,68,68,68,53,39,39,39,39,39,39,37,66,49,66,66,66,28,0,0],"gold":20,"neow_bonus":"THREE_ENEMY_KILL","is_daily":false,"chose_seed":false,"campfire_upgraded":2,"win_rate":0.0,"timestamp":1609537496,"path_taken":["M","?","?","?","M","R","?","R","T","?","E","R","E","$","R","BOSS","M","?","?","?","?","E","M","R","T","?","?","M","$","E","R","BOSS","M","M","?","?","M","R","E","?","T","?","?","?","R","M","R","BOSS","R","$","E","BOSS"],"items_purchased_type":["Relic"],"build_version":"2020-12-22","purchased_purges":1,"victory":false,"max_hp_per_floor":[70,70,70,70,70,70,70,70,70,70,70,70,70,70,70,70,70,70,70,70,70,70,70,70,70,70,70,70,70,70,70,70,70,70,70,70,70,70,70,70,70,70,70,70,70,66,66,66,66,66,66,66,66,66,66,66],"card_choices":[{"not_picked":["Cloak And Dagger","Underhanded Strike"],"picked":"Bouncing Flask","floor":1},{"not_picked":["Bane","PiercingWail","Backflip"],"picked":"SKIP","floor":4},{"not_picked":["Skewer","Quick Slash","Deflect"],"picked":"SKIP","floor":5},{"not_picked":["Infinite Blades","Bullet Time","Deadly Poison"],"picked":"SKIP","floor":10},{"not_picked":["Dagger Spray","Predator","Accuracy"],"picked":"SKIP","floor":11},{"not_picked":["Quick Slash","Terror"],"picked":"Corpse Explosion","floor":13},{"not_picked":["Bullet Time","Burst"],"picked":"Venomology","floor":16},{"not_picked":["Blade Dance","Finisher","Outmaneuver+1"],"picked":"SKIP","floor":18},{"not_picked":["Endless Agony+1","Bane","Dagger Throw"],"picked":"SKIP","floor":23},{"not_picked":["Deflect","Blade Dance","Masterful Stab"],"picked":"SKIP","floor":24},{"not_picked":["Deadly Poison","Flechettes","Dagger Throw"],"picked":"SKIP","floor":27},{"not_picked":["PiercingWail","Deadly Poison"],"picked":"Catalyst","floor":29},{"not_picked":["Finisher","Expertise"],"picked":"Catalyst","floor":31},{"not_picked":["Unload","Night Terror"],"picked":"Adrenaline","floor":33},{"not_picked":["Flying Knee","Blade Dance"],"picked":"Crippling Poison","floor":35},{"not_picked":["Slice+1","Quick Slash","Well Laid Plans+1"],"picked":"SKIP","floor":36},{"not_picked":["Predator+1","Cloak And Dagger+1"],"picked":"Backstab+1","floor":39},{"not_picked":["Quick Slash","Slice+1","Flying Knee+1"],"picked":"SKIP","floor":41},{"not_picked":["Slice+1","Crippling Poison","Sucker Punch+1"],"picked":"SKIP","floor":42},{"not_picked":["Backflip","Dagger Throw"],"picked":"Catalyst+1","floor":44},{"not_picked":["Skewer+1","Slice","Concentrate"],"picked":"SKIP","floor":48},{"not_picked":["A Thousand Cuts","Dagger Spray","Reflex"],"picked":"SKIP","floor":54}],"player_experience":218175,"relics_obtained":[{"floor":11,"key":"Ginger"},{"floor":13,"key":"White Beast Statue"},{"floor":23,"key":"Shuriken"},{"floor":26,"key":"Mercury Hourglass"},{"floor":31,"key":"Peace Pipe"},{"floor":37,"key":"Pocketwatch"},{"floor":41,"key":"Anchor"},{"floor":43,"key":"Omamori"},{"floor":44,"key":"Turnip"},{"floor":54,"key":"War Paint"}],"event_choices":[{"damage_healed":0,"gold_gain":0,"player_choice":"Box","damage_taken":0,"relics_obtained":["TungstenRod"],"max_hp_gain":0,"max_hp_loss":0,"event_name":"Big Fish","floor":2,"gold_loss":0,"cards_obtained":["Regret"]},{"damage_healed":0,"gold_gain":0,"player_choice":"Rummage","damage_taken":0,"relics_obtained":["WarpedTongs"],"max_hp_gain":0,"max_hp_loss":0,"event_name":"Accursed Blacksmith","floor":3,"gold_loss":0,"cards_obtained":["Pain"]},{"damage_healed":0,"gold_gain":0,"player_choice":"Got Potions","damage_taken":0,"max_hp_gain":0,"max_hp_loss":0,"event_name":"Lab","floor":7,"gold_loss":0},{"damage_healed":0,"gold_gain":0,"player_choice":"Simplicity","damage_taken":0,"max_hp_gain":0,"max_hp_loss":0,"event_name":"Back to Basics","floor":19,"gold_loss":0,"cards_upgraded":["Strike_G","Strike_G","Strike_G","Strike_G","Strike_G","Defend_G","Defend_G","Defend_G","Defend_G","Defend_G"]},{"damage_healed":0,"gold_gain":0,"player_choice":"Ignored","damage_taken":0,"max_hp_gain":0,"max_hp_loss":0,"event_name":"Ghosts","floor":20,"gold_loss":0},{"damage_healed":0,"gold_gain":0,"player_choice":"Obtained Relic","damage_taken":0,"relics_obtained":["Girya"],"max_hp_gain":0,"max_hp_loss":0,"event_name":"Addict","floor":21,"gold_loss":85},{"damage_healed":0,"gold_gain":0,"player_choice":"Upgraded","damage_taken":0,"max_hp_gain":0,"max_hp_loss":0,"event_name":"Upgrade Shrine","floor":22,"gold_loss":0,"cards_upgraded":["Venomology"]},{"damage_healed":0,"gold_gain":0,"player_choice":"Opened","damage_taken":0,"relics_obtained":["Regal Pillow"],"max_hp_gain":0,"max_hp_loss":0,"event_name":"The Mausoleum","floor":28,"gold_loss":0,"cards_obtained":["Writhe"]},{"damage_healed":0,"gold_gain":0,"player_choice":"Fight","damage_taken":0,"max_hp_gain":0,"max_hp_loss":0,"event_name":"MindBloom","floor":37,"gold_loss":0},{"damage_healed":0,"gold_gain":0,"player_choice":"Fight","damage_taken":0,"max_hp_gain":0,"max_hp_loss":0,"event_name":"Mysterious Sphere","floor":44,"gold_loss":0},{"damage_healed":0,"gold_gain":0,"player_choice":"Max HP","damage_taken":0,"max_hp_gain":0,"max_hp_loss":4,"event_name":"Winding Halls","floor":46,"gold_loss":0}],"is_beta":false,"boss_relics":[{"not_picked":["Pandora\u0027s Box","Empty Cage"],"picked":"Ectoplasm"},{"not_picked":["Sozu","WristBlade"],"picked":"SacredBark"}],"items_purged_floors":[14],"is_endless":false,"potions_floor_spawned":[1,11,13,16,18,23,24,27,29,31,33,35,36,37,39,41,42,44,48,54],"killed_by":"The Heart","ascension_level":3}}