{"host":"egwexuw5uvnxf11j","time":1609462378,"event":{"mods":["2.2 Compatiblity","Aspiration","BaseMod","Better Altar","Better Note","Better Sensory Stone","Better Third Choice","Displayed Cursed Tome","Downfall","Hermit","Key Reminder","Koishi","Marisa????????","Minty Spire (QoL Compilation)","Quick Restart","Shade Mod","Spicy Shops","StSLib","The Construct","The Cursed","The Hierophant","The Runesmith","The Senshi","The Servant 0.9.4","Transform Curses"],"gold_per_floor":[109,35,35,45,61,61,74,28,28,55,68,83,83,97,97,195,195,214,214,230,244,159,194,194,219,245,245,72,86,86,106,106,106,106],"floor_reached":33,"playtime":1752,"items_purged":["Normality"],"score":318,"play_id":"72eeae7b-e688-4b6d-a4fe-ab6ae8f44483","local_time":"20201231195258","is_ascension_mode":true,"campfire_choices":[{"floor":6,"key":"REST"},{"floor":15,"key":"REST"},{"floor":24,"key":"REST"},{"floor":30,"key":"REST"},{"floor":32,"key":"REST"}],"circlet_count":0,"master_deck":["Strike_G","Strike_G","Strike_G","Strike_G","Defend_G","Defend_G","Defend_G","Defend_G","Survivor","Neutralize","Blade Dance","Accuracy","Backflip","Slice","Acrobatics","Dagger Throw","Outmaneuver","Accuracy","Accuracy","Cloak And Dagger","Terror","Phantasmal Killer","Dagger Throw","Infinite Blades","Cloak And Dagger","PiercingWail","Underhanded Strike+1","Envenom","Well Laid Plans+1"],"relics":["Ring of the Snake","keyreminder:keyreminder","Bag of Marbles","Sozu","StrikeDummy","MealTicket","Ninja Scroll","Shovel","Bag of Preparation","Mummified Hand"],"acts_visited":["Exordium","TheCity"],"potions_floor_usage":[10,16,16],"damage_taken":[{"damage":1,"enemies":"Cultist","floor":1,"turns":4},{"damage":12,"enemies":"2 Louse","floor":4,"turns":4},{"damage":14,"enemies":"Small Slimes","floor":5,"turns":3},{"damage":13,"enemies":"Blue Slaver","floor":7,"turns":4},{"damage":13,"enemies":"Lagavulin","floor":10,"turns":6},{"damage":5,"enemies":"Large Slime","floor":11,"turns":5},{"damage":1,"enemies":"3 Louse","floor":12,"turns":2},{"damage":11,"enemies":"Red Slaver","floor":14,"turns":4},{"damage":6,"enemies":"The Guardian","floor":16,"turns":7},{"damage":1,"enemies":"Chosen","floor":18,"turns":3},{"damage":23,"enemies":"2 Thieves","floor":20,"turns":3},{"damage":2,"enemies":"Chosen and Byrds","floor":21,"turns":4},{"damage":40,"enemies":"Gremlin Leader","floor":23,"turns":5},{"damage":21,"enemies":"Book of Stabbing","floor":25,"turns":6},{"damage":0,"enemies":"Centurion and Healer","floor":29,"turns":2},{"damage":31,"enemies":"Shelled Parasite and Fungi","floor":31,"turns":3},{"damage":60,"enemies":"Automaton","floor":33,"turns":6}],"seed_played":"1208215612419016204","potions_obtained":[{"floor":1,"key":"SkillPotion"},{"floor":11,"key":"SkillPotion"},{"floor":14,"key":"CunningPotion"}],"is_trial":false,"path_per_floor":["M","$","?","M","M","R","M","$","T","E","M","M","?","M","R","B",null,"M","?","M","M","?","E","R","E","T","?","$","M","R","M","R","B"],"character_chosen":"THE_SILENT","items_purchased":["Accuracy","Dagger Throw","Mummified Hand"],"campfire_rested":5,"item_purchase_floors":[2,8,28],"current_hp_per_floor":[76,76,69,57,43,66,53,53,53,40,35,34,34,23,46,40,77,76,76,53,51,51,11,34,13,13,13,28,28,51,20,43,0,0],"gold":106,"neow_bonus":"TEN_PERCENT_HP_BONUS","is_daily":false,"chose_seed":false,"campfire_upgraded":0,"win_rate":0.0,"timestamp":1609462378,"path_taken":["M","?","?","M","M","R","M","$","T","E","M","M","?","?","R","BOSS","M","?","M","M","?","E","R","E","T","?","$","M","R","?","R","BOSS"],"items_purchased_type":["Card","Card","Relic"],"build_version":"2020-12-22","purchased_purges":1,"victory":false,"max_hp_per_floor":[77,77,77,77,77,77,77,77,77,77,77,77,77,77,77,77,77,77,77,77,77,77,77,77,77,77,77,77,77,77,77,77,77,77],"card_choices":[{"not_picked":["Leg Sweep","Flying Knee"],"picked":"Blade Dance","floor":1},{"not_picked":["Dodge and Roll","Concentrate"],"picked":"Backflip","floor":4},{"not_picked":["Dodge and Roll","Die Die Die"],"picked":"Slice","floor":5},{"not_picked":["Dagger Spray","Prepared"],"picked":"Acrobatics","floor":7},{"not_picked":["Skewer","Bouncing Flask"],"picked":"Outmaneuver","floor":10},{"not_picked":["Flying Knee","Poisoned Stab"],"picked":"Accuracy","floor":11},{"not_picked":["Outmaneuver","Dash"],"picked":"Accuracy","floor":12},{"not_picked":["Leg Sweep","Flechettes"],"picked":"Terror","floor":14},{"not_picked":["Envenom","After Image"],"picked":"Phantasmal Killer","floor":16},{"not_picked":["Terror+1","Poisoned Stab+1"],"picked":"Dagger Throw","floor":18},{"not_picked":["Eviscerate","Poisoned Stab"],"picked":"Infinite Blades","floor":20},{"not_picked":["Dagger Throw","Dagger Spray"],"picked":"Cloak And Dagger","floor":21},{"not_picked":["Dagger Spray","Choke+1"],"picked":"PiercingWail","floor":23},{"not_picked":["Flying Knee","Deflect"],"picked":"Underhanded Strike+1","floor":25},{"not_picked":["Acrobatics","Footwork"],"picked":"Well Laid Plans+1","floor":29},{"not_picked":["Glass Knife","Underhanded Strike","Bane"],"picked":"SKIP","floor":31}],"player_experience":2116092,"relics_obtained":[{"floor":10,"key":"Bag of Marbles"},{"floor":23,"key":"Ninja Scroll"},{"floor":25,"key":"Shovel"},{"floor":26,"key":"Bag of Preparation"}],"event_choices":[{"cards_removed":["Strike_G"],"damage_healed":0,"gold_gain":0,"player_choice":"Card Removal","damage_taken":7,"max_hp_gain":0,"max_hp_loss":0,"event_name":"Golden Wing","floor":3,"gold_loss":0},{"damage_healed":0,"gold_gain":0,"cards_transformed":["Defend_G"],"player_choice":"Transformed","damage_taken":0,"max_hp_gain":0,"max_hp_loss":0,"event_name":"Transmorgrifier","floor":13,"gold_loss":0,"cards_obtained":["Cloak And Dagger"]},{"damage_healed":0,"gold_gain":0,"player_choice":"Opened","damage_taken":0,"relics_obtained":["StrikeDummy"],"max_hp_gain":0,"max_hp_loss":0,"event_name":"The Mausoleum","floor":19,"gold_loss":0},{"damage_healed":0,"gold_gain":0,"player_choice":"Obtained Relic","damage_taken":0,"relics_obtained":["MealTicket"],"max_hp_gain":0,"max_hp_loss":0,"event_name":"Addict","floor":22,"gold_loss":85},{"damage_healed":0,"gold_gain":0,"player_choice":"1 cards matched","damage_taken":0,"max_hp_gain":0,"max_hp_loss":0,"event_name":"Match and Keep!","floor":27,"gold_loss":0,"cards_obtained":["Envenom"]}],"is_beta":false,"boss_relics":[{"not_picked":["aspiration:RitualDagger","Runic Dome"],"picked":"Sozu"}],"items_purged_floors":[28],"is_endless":false,"potions_floor_spawned":[1,11,14,18,20,29,31],"killed_by":"Automaton","ascension_level":2}}