{"host":"6to8m083wj0ro91z","time":1609508759,"event":{"mods":["BaseMod","Better Third Choice","BetterRewards","CatGirl Mod","ChefMod","Friendly Minions","GungeonMod","Hubris","Mad Scientist","Marisa????????","Minty Spire (QoL Compilation)","Shade Mod","Spicy Shops","StSLib","The Blackbeard","The Death Knight","The Dragon Tamer","The Gatherer","The Marked","The Mystic","The Necromancer","The Servant 0.9.4"],"gold_per_floor":[113,132,143,143,160,160,187,187,187,187,112,145,145,173,173,278,278,292,292,310,310,320,352,352,380,380,394,424,443,469,488,488,587,587,606,606,619,636,130,159,159,191,191,42,61,88,105,118,118,118,118,118,45,71,71],"floor_reached":56,"playtime":2798,"items_purged":["Strike_S","Strike_S","Strike_S","Defend_S"],"score":1684,"play_id":"3f3623ae-7de8-4033-a266-d9eeae9a76fd","local_time":"20210101144559","is_ascension_mode":true,"campfire_choices":[{"data":"KidneyShot","floor":6,"key":"SMITH"},{"data":"SilverBlades","floor":8,"key":"SMITH"},{"data":"MurderousAura","floor":10,"key":"SMITH"},{"floor":13,"key":"REST"},{"data":"Moonlight","floor":15,"key":"SMITH"},{"data":"Gouge","floor":24,"key":"SMITH"},{"data":"TheWorld","floor":32,"key":"SMITH"},{"data":"SoulSculpture","floor":41,"key":"SMITH"},{"floor":49,"key":"RECALL"},{"data":"TheWorld","floor":52,"key":"SMITH"}],"circlet_count":0,"master_deck":["Strike_S+1","Defend_S","Defend_S","Defend_S","KidneyShot+1","Exchange","TimeWarp+1","SilverBlades+1","MurderousAura+1","Moonlight+1","SoulSculpture+1","Gouge+1","Defy+1","Potential","TheWorld+1","Potential+1","FastForward+1","FlawlessForm","TheWorld+1","Misdirection+1","SurpressingFire+1","Starlight+1","TheWorld+1","GearUp+1"],"relics":["Uniform","Pocketwatch","Thread and Needle","White Beast Statue","DemoMod:WaxWing","Enchiridion","Nunchaku","Question Card","Sundial","Red Mask","DemoMod:GlassGuonStoneRelic","hubris:SphereOfDissonance","Coffee Dripper","Membership Card","Gremlin Horn","Letter Opener","Bag of Marbles","Calipers","Frozen Egg 2","ClockworkSouvenir","hubris:Metronome","War Paint","PaperSwan"],"acts_visited":["Exordium","TheCity","TheBeyond","TheEnding"],"potions_floor_usage":[7,25,28,30,55,55,55],"damage_taken":[{"damage":10,"enemies":"Jaw Worm","floor":1,"turns":5},{"damage":0,"enemies":"Small Slimes","floor":2,"turns":3},{"damage":0,"enemies":"Cultist","floor":3,"turns":3},{"damage":0,"enemies":"Looter","floor":5,"turns":3},{"damage":14,"enemies":"3 Sentries","floor":7,"turns":8},{"damage":18,"enemies":"Gremlin Nob","floor":12,"turns":4},{"damage":0,"enemies":"Lagavulin","floor":14,"turns":5},{"damage":0,"enemies":"Slime Boss","floor":16,"turns":3},{"damage":0,"enemies":"2 Thieves","floor":18,"turns":3},{"damage":0,"enemies":"Shell Parasite","floor":20,"turns":2},{"damage":0,"enemies":"Sentry and Sphere","floor":22,"turns":5},{"damage":0,"enemies":"Slavers","floor":23,"turns":4},{"damage":6,"enemies":"Gremlin Leader","floor":25,"turns":4},{"damage":8,"enemies":"Centurion and Healer","floor":27,"turns":4},{"damage":0,"enemies":"Masked Bandits","floor":28,"turns":3},{"damage":0,"enemies":"Snake Plant","floor":29,"turns":3},{"damage":14,"enemies":"Slavers","floor":30,"turns":5},{"damage":0,"enemies":"Cultist and Chosen","floor":31,"turns":4},{"damage":0,"enemies":"Champ","floor":33,"turns":4},{"damage":0,"enemies":"3 Darklings","floor":35,"turns":4},{"damage":0,"enemies":"Orb Walker","floor":37,"turns":2},{"damage":0,"enemies":"Spire Growth","floor":38,"turns":4},{"damage":0,"enemies":"Giant Head","floor":40,"turns":6},{"damage":0,"enemies":"Nemesis","floor":42,"turns":5},{"damage":0,"enemies":"Maw","floor":45,"turns":4},{"damage":0,"enemies":"Giant Head","floor":46,"turns":4},{"damage":0,"enemies":"Writhing Mass","floor":47,"turns":3},{"damage":0,"enemies":"Sphere and 2 Shapes","floor":48,"turns":2},{"damage":0,"enemies":"hubris:GrandSnecko","floor":50,"turns":11},{"damage":0,"enemies":"Shield and Spear","floor":54,"turns":2},{"damage":0,"enemies":"The Heart","floor":55,"turns":8}],"seed_played":"-6152337352796363960","potions_obtained":[{"floor":1,"key":"Explosive Potion"},{"floor":5,"key":"BlessingOfTheForge"},{"floor":14,"key":"AttackPotion"},{"floor":16,"key":"LiquidMemories"},{"floor":22,"key":"Fire Potion"},{"floor":25,"key":"LiquidBronze"},{"floor":27,"key":"Strength Potion"},{"floor":28,"key":"BlessingOfTheForge"},{"floor":30,"key":"Block Potion"},{"floor":40,"key":"EssenceOfSteel"}],"is_trial":false,"path_per_floor":["M","M","M","?","M","R","E","R","T","R","$","E","R","E","R","B",null,"M","?","M","?","M","E","R","E","T","M","?","M","E","M","R","B",null,"M","?","M","M","$","E","R","E","T","$","M","E","M","M","R","B",null,"R","$","E","B",null],"character_chosen":"THE_SERVANT","items_purchased":["Membership Card","Gremlin Horn","Letter Opener","ClockworkSouvenir","War Paint"],"campfire_rested":1,"item_purchase_floors":[39,39,39,44,53],"current_hp_per_floor":[61,61,61,47,47,47,33,33,33,33,33,15,36,36,36,36,71,71,71,71,55,55,55,55,49,49,41,41,41,27,27,27,27,71,71,71,71,71,71,71,71,71,71,71,71,71,71,71,71,71,71,71,71,71,71],"gold":71,"neow_bonus":"TEN_PERCENT_HP_BONUS","is_daily":false,"chose_seed":false,"campfire_upgraded":8,"win_rate":0.0,"timestamp":1609508759,"path_taken":["M","M","M","?","M","R","E","R","T","R","$","E","R","E","R","BOSS","M","?","M","?","M","E","R","E","T","M","?","M","E","M","R","BOSS","M","?","M","M","?","E","R","E","T","$","M","E","M","M","R","BOSS","R","$","E","BOSS"],"items_purchased_type":["Relic","Relic","Relic","Relic","Relic"],"build_version":"2020-12-22","purchased_purges":4,"victory":true,"max_hp_per_floor":[71,71,71,71,71,71,71,71,71,71,71,71,71,71,71,71,71,71,71,71,71,71,71,71,71,71,71,71,71,71,71,71,71,71,71,71,71,71,71,71,71,71,71,71,71,71,71,71,71,71,71,71,71,71,71],"card_choices":[{"not_picked":["Revamp","BottledTime"],"picked":"TimeWarp","floor":1},{"not_picked":["Rearm","Revamp","Defy"],"picked":"SKIP","floor":2},{"not_picked":["Snipe","FastForward"],"picked":"SilverBlades","floor":3},{"not_picked":["Revamp","Rewind","Shuttle"],"picked":"SKIP","floor":5},{"not_picked":["InstantArmor","Orbit"],"picked":"MurderousAura","floor":7},{"not_picked":["Hightail","Deny","FanOfKnives"],"picked":"SKIP","floor":12},{"not_picked":["BestPractice","Replace"],"picked":"Moonlight","floor":14},{"not_picked":["MurderousAura","Deny"],"picked":"SoulSculpture","floor":16},{"not_picked":["Replace","Spin","Snipe"],"picked":"SKIP","floor":18},{"not_picked":["Replace+1","ShiftingGears"],"picked":"Gouge","floor":20},{"not_picked":["Replace+1","Foresight","Dilation"],"picked":"SKIP","floor":22},{"not_picked":["Replace+1","Foresight","Dilation"],"picked":"SKIP","floor":22},{"not_picked":["Luminosity","Revamp","DoubleEdge"],"picked":"SKIP","floor":23},{"not_picked":["Advance","ShatteredReality"],"picked":"Defy+1","floor":25},{"not_picked":["Orbit","Alleviate","TimeTheft+1","Replace"],"picked":"SKIP","floor":27},{"not_picked":["BestPractice","DoubleEdge+1","Hightail"],"picked":"Potential","floor":28},{"not_picked":["Moonlight","FanOfKnives","Starlight"],"picked":"TheWorld","floor":29},{"not_picked":["FanOfKnives","Unruled","FloweringNight"],"picked":"Potential+1","floor":30},{"not_picked":["BottledTime","TimeWarp","Manipulate"],"picked":"FastForward","floor":31},{"not_picked":["PendulumOfEternity","TrueSight","ForgedInTime"],"picked":"FlawlessForm","floor":33},{"not_picked":["Alleviate+1","SurpressingFire","Rearm+1","Defy"],"picked":"SKIP","floor":35},{"not_picked":["Potential","SurpressingFire+1","Barrier"],"picked":"Misdirection+1","floor":37},{"not_picked":["Barrier","DoubleEdge","BottledTime+1"],"picked":"SurpressingFire+1","floor":38},{"not_picked":["Spin","Rearm+1","DoubleEdge+1"],"picked":"Starlight+1","floor":40},{"not_picked":["Potential+1","Starlight","Replace"],"picked":"TheWorld","floor":42},{"not_picked":["Defy+1","DoubleEdge","StarChef+1","ShatteredReality"],"picked":"SKIP","floor":45},{"not_picked":["Spin+1","Alleviate","Starlight+1","Rewind"],"picked":"SKIP","floor":46},{"not_picked":["TimeWarp","Read+1","DoubleEdge","Rearm"],"picked":"SKIP","floor":47},{"not_picked":["Advance","StarChef+1","Spin+1"],"picked":"GearUp","floor":48},{"not_picked":["Ricochet","Manipulate","Reset","FastForward+1"],"picked":"SKIP","floor":54}],"player_experience":1075846,"relics_obtained":[{"floor":7,"key":"Pocketwatch"},{"floor":12,"key":"Thread and Needle"},{"floor":14,"key":"White Beast Statue"},{"floor":21,"key":"Enchiridion"},{"floor":23,"key":"Nunchaku"},{"floor":25,"key":"Question Card"},{"floor":26,"key":"Sundial"},{"floor":28,"key":"Red Mask"},{"floor":30,"key":"hubris:SphereOfDissonance"},{"floor":40,"key":"Bag of Marbles"},{"floor":42,"key":"Calipers"},{"floor":43,"key":"Frozen Egg 2"},{"floor":46,"key":"hubris:Metronome"},{"floor":54,"key":"PaperSwan"}],"event_choices":[{"damage_healed":61,"gold_gain":0,"player_choice":"Upgrade","damage_taken":14,"max_hp_gain":0,"max_hp_loss":71,"event_name":"betterThird:BetterShining","floor":4,"gold_loss":0,"cards_upgraded":["TimeWarp","Strike_S"]},{"damage_healed":0,"gold_gain":0,"player_choice":"Ignored","damage_taken":0,"max_hp_gain":0,"max_hp_loss":0,"event_name":"Vampires","floor":19,"gold_loss":0},{"damage_healed":0,"gold_gain":0,"player_choice":"Obtained Book","damage_taken":16,"max_hp_gain":0,"max_hp_loss":0,"event_name":"Cursed Tome","floor":21,"gold_loss":0},{"damage_healed":0,"gold_gain":0,"player_choice":"Fought Bandits","damage_taken":0,"max_hp_gain":0,"max_hp_loss":0,"event_name":"Masked Bandits","floor":28,"gold_loss":0},{"damage_healed":0,"gold_gain":0,"player_choice":"Copied","damage_taken":0,"max_hp_gain":0,"max_hp_loss":0,"event_name":"Duplicator","floor":36,"gold_loss":0,"cards_obtained":["TheWorld"]}],"is_beta":false,"boss_relics":[{"not_picked":["Snecko Eye","SacredBark"],"picked":"DemoMod:WaxWing"},{"not_picked":["Velvet Choker","hubris:RunicObelisk"],"picked":"Coffee Dripper"}],"items_purged_floors":[11,39,39,44],"is_endless":false,"potions_floor_spawned":[1,5,14,16,18,20,22,23,25,27,28,29,30,31,33,35,37,38,40,42,45,46,47,48,54],"ascension_level":1}}