{"host":"sav7uxregyirlf69","time":1609466512,"event":{"mods":["AchievementEnabler","BaseMod","Colored Map","DeckTracker","Keyboard Shortcuts","Minty Spire (QoL Compilation)","READ ME - Guardian Mod","StSLib","SuperFastMode"],"gold_per_floor":[10,23,40,57,67,67,101,116,139,139,27,62,62,62,62,133,214,236,258,258,280,297,297,313,313,313,338,367,394,69,69,69,148,148,160,169,183,58,76,109,109,135,135,135,185,202,52,61,61,61,61,61,61,7,38,38,38],"floor_reached":56,"playtime":2026,"items_purged":["Strike_G","Endless Agony","Backstab","Deadly Poison"],"score":2424,"play_id":"ee155ba9-144d-4244-bf73-a27ab1636c05","local_time":"20210101110152","is_ascension_mode":true,"campfire_choices":[{"data":"Tactician","floor":6.0,"key":"SMITH"},{"data":"Prepared","floor":10.0,"key":"SMITH"},{"floor":13.0,"key":"REST"},{"data":"Flechettes","floor":15.0,"key":"SMITH"},{"floor":23.0,"key":"REST"},{"floor":25.0,"key":"REST"},{"data":"Calculated Gamble","floor":32.0,"key":"SMITH"},{"data":"Acrobatics","floor":41,"key":"SMITH"},{"data":"Reflex","floor":44,"key":"SMITH"},{"floor":49,"key":"RECALL"},{"data":"Backflip","floor":53,"key":"SMITH"}],"circlet_count":0,"master_deck":["AscendersBane","Survivor","Neutralize","Tactician+1","Acrobatics+1","Prepared+1","Flechettes+1","Reflex+1","Calculated Gamble+1","Heel Hook","Deflect","Tactician","Leg Sweep","Prepared","Catalyst","Escape Plan","Well Laid Plans","Backflip+1","Grand Finale","Thinking Ahead+1"],"relics":["Ring of the Snake","Pocketwatch","InkBottle","Pen Nib","CeramicFish","Pandora\u0027s Box","Darkstone Periapt","PreservedInsect","Toy Ornithopter","Lee\u0027s Waffle","Busted Crown","Juzu Bracelet","Ninja Scroll","Toxic Egg 2","Blood Vial"],"acts_visited":["Exordium","TheCity","TheBeyond","TheEnding"],"potions_floor_usage":[40,56,56,56,56],"damage_taken":[{"damage":1.0,"enemies":"Cultist","floor":1.0,"turns":4.0},{"damage":0.0,"enemies":"2 Louse","floor":2.0,"turns":3.0},{"damage":2.0,"enemies":"Jaw Worm","floor":3.0,"turns":4.0},{"damage":0.0,"enemies":"2 Fungi Beasts","floor":4.0,"turns":3.0},{"damage":8.0,"enemies":"Blue Slaver","floor":5.0,"turns":3.0},{"damage":8.0,"enemies":"Gremlin Nob","floor":7.0,"turns":3.0},{"damage":13.0,"enemies":"Exordium Thugs","floor":8.0,"turns":5.0},{"damage":17.0,"enemies":"3 Sentries","floor":12.0,"turns":12.0},{"damage":10.0,"enemies":"The Guardian","floor":16.0,"turns":11.0},{"damage":0.0,"enemies":"2 Thieves","floor":18.0,"turns":3.0},{"damage":0.0,"enemies":"Spheric Guardian","floor":19.0,"turns":3.0},{"damage":13.0,"enemies":"Shelled Parasite and Fungi","floor":21.0,"turns":4.0},{"damage":11.0,"enemies":"3 Cultists","floor":22.0,"turns":4.0},{"damage":19.0,"enemies":"Cultist and Chosen","floor":24.0,"turns":8.0},{"damage":16.0,"enemies":"Gremlin Leader","floor":27.0,"turns":3.0},{"damage":2.0,"enemies":"Snake Plant","floor":28.0,"turns":3.0},{"damage":0.0,"enemies":"Champ","floor":33.0,"turns":2.0},{"damage":0.0,"enemies":"Orb Walker","floor":35.0,"turns":2.0},{"damage":9.0,"enemies":"3 Darklings","floor":37.0,"turns":2.0},{"damage":7.0,"enemies":"Spire Growth","floor":39.0,"turns":3.0},{"damage":0,"enemies":"Nemesis","floor":40,"turns":1},{"damage":0,"enemies":"Reptomancer","floor":42,"turns":2},{"damage":0,"enemies":"Writhing Mass","floor":46,"turns":2},{"damage":0,"enemies":"Donu and Deca","floor":50,"turns":1},{"damage":0,"enemies":"Awakened One","floor":51,"turns":2},{"damage":32,"enemies":"Shield and Spear","floor":55,"turns":4},{"damage":63,"enemies":"The Heart","floor":56,"turns":3}],"seed_played":"-4257970694301425604","potions_obtained":[{"floor":1.0,"key":"BlessingOfTheForge"},{"floor":3.0,"key":"Energy Potion"},{"floor":12.0,"key":"CunningPotion"},{"floor":18.0,"key":"SpeedPotion"},{"floor":19.0,"key":"Dexterity Potion"},{"floor":27.0,"key":"DistilledChaos"},{"floor":35.0,"key":"EntropicBrew"},{"floor":42,"key":"SkillPotion"}],"is_trial":false,"path_per_floor":["M","M","M","M","M","R","E","M","T","R","$","E","R","T","R","B",null,"M","M","?","M","M","R","M","R","T","E","M","T","$","?","R","B",null,"M","?","M","$","M","E","R","E","T","R","?","M","$","?","R","B","B",null,"R","$","E","B"],"character_chosen":"THE_SILENT","items_purchased":["Flechettes","Lee\u0027s Waffle","Energy Potion","FearPotion"],"campfire_rested":3,"item_purchase_floors":[11,30,30,54],"current_hp_per_floor":[58,58,56,56,48,48,40,27,27,27,27,10,29,29,29,19,54,54,54,36,23,12,33,14,35,35,19,17,17,78,78,78,78,78,78,78,69,69,62,67,67,67,67,67,67,67,67,57,57,57,57,73,73,73,41,0,0],"gold":38,"neow_bonus":"ONE_RARE_RELIC","is_daily":false,"chose_seed":false,"campfire_upgraded":7,"win_rate":0.0,"timestamp":1609466512,"path_taken":["M","?","M","M","M","R","E","?","T","R","$","E","R","?","R","BOSS","M","M","?","M","M","R","M","R","T","E","M","?","$","?","R","BOSS","M","?","M","?","M","E","R","E","T","R","?","M","$","?","R","BOSS","BOSS","R","$","E","BOSS"],"items_purchased_type":["Card","Relic","Potion","Potion"],"build_version":"2020-12-22","purchased_purges":4,"victory":false,"max_hp_per_floor":[66,66,66,66,66,66,66,66,66,66,66,66,66,66,66,66,66,66,66,71,71,71,71,71,71,71,71,71,71,78,78,78,78,78,78,78,78,78,78,78,78,78,78,78,78,78,78,78,78,78,78,78,78,78,78,78,78],"card_choices":[{"not_picked":["Concentrate","Reflex"],"picked":"Poisoned Stab","floor":1.0},{"not_picked":["Poisoned Stab","Bane","PiercingWail"],"picked":"SKIP","floor":2.0},{"not_picked":["Outmaneuver","Setup"],"picked":"Tactician","floor":3.0},{"not_picked":["Distraction","Blur"],"picked":"Deadly Poison","floor":4.0},{"not_picked":["Backflip","Underhanded Strike"],"picked":"Acrobatics","floor":5.0},{"not_picked":["Flying Knee","Sucker Punch","Wraith Form v2"],"picked":"SKIP","floor":7.0},{"not_picked":["Caltrops","Acrobatics"],"picked":"Prepared","floor":8.0},{"not_picked":["Infinite Blades","Heel Hook","Cloak And Dagger"],"picked":"SKIP","floor":12.0},{"not_picked":["Blade Dance","Flying Knee"],"picked":"Catalyst","floor":18.0},{"not_picked":["Choke","Bane"],"picked":"Escape Plan","floor":19.0},{"not_picked":["Dodge and Roll","Dagger Throw"],"picked":"Well Laid Plans","floor":21.0},{"not_picked":["Poisoned Stab","Dagger Throw+1","Masterful Stab"],"picked":"SKIP","floor":22.0},{"not_picked":["Predator","Blade Dance","Poisoned Stab"],"picked":"SKIP","floor":24.0},{"not_picked":["Envenom","All Out Attack","Cloak And Dagger"],"picked":"SKIP","floor":27.0},{"not_picked":["Blade Dance","Prepared"],"picked":"Backflip","floor":28.0},{"not_picked":["Backflip"],"picked":"SKIP","floor":35.0},{"not_picked":["Flechettes"],"picked":"SKIP","floor":37.0},{"not_picked":["Slice"],"picked":"SKIP","floor":39.0},{"not_picked":["Prepared"],"picked":"SKIP","floor":40},{"not_picked":["Blade Dance"],"picked":"SKIP","floor":42},{"not_picked":["Quick Slash+1"],"picked":"SKIP","floor":46},{"not_picked":[],"picked":"Thinking Ahead+1","floor":48},{"not_picked":["Underhanded Strike"],"picked":"SKIP","floor":55}],"player_experience":1087019,"relics_obtained":[{"floor":7.0,"key":"InkBottle"},{"floor":12.0,"key":"Pen Nib"},{"floor":14.0,"key":"CeramicFish"},{"floor":26.0,"key":"Darkstone Periapt"},{"floor":27.0,"key":"PreservedInsect"},{"floor":29.0,"key":"Toy Ornithopter"},{"floor":40,"key":"Juzu Bracelet"},{"floor":42,"key":"Ninja Scroll"},{"floor":43,"key":"Toxic Egg 2"},{"floor":55,"key":"Blood Vial"}],"event_choices":[{"damage_healed":0.0,"max_hp_gain":5.0,"max_hp_loss":0.0,"gold_gain":0.0,"event_name":"Forgotten Altar","player_choice":"Shed Blood","floor":20.0,"gold_loss":0.0,"damage_taken":23.0},{"cards_removed":["Poisoned Stab"],"damage_healed":0.0,"max_hp_gain":0.0,"max_hp_loss":0.0,"gold_gain":0.0,"event_name":"Back to Basics","player_choice":"Elegance","floor":31.0,"gold_loss":0.0,"damage_taken":0.0},{"damage_healed":0.0,"max_hp_gain":0.0,"max_hp_loss":0.0,"gold_gain":0.0,"event_name":"Match and Keep!","player_choice":"1 cards matched","floor":36.0,"gold_loss":0.0,"damage_taken":0.0,"cards_obtained":["Grand Finale"]},{"damage_healed":0,"gold_gain":50,"player_choice":"Pray","damage_taken":0,"max_hp_gain":0,"max_hp_loss":0,"event_name":"Golden Shrine","floor":45,"gold_loss":0},{"damage_healed":0,"gold_gain":0,"player_choice":"Memory 3","damage_taken":10,"max_hp_gain":0,"max_hp_loss":0,"event_name":"SensoryStone","floor":48,"gold_loss":0}],"is_beta":false,"boss_relics":[{"not_picked":["Fusion Hammer","Velvet Choker"],"picked":"Pandora\u0027s Box"},{"not_picked":["Snecko Eye","Tiny House"],"picked":"Busted Crown"}],"items_purged_floors":[11,30,38,47],"is_endless":false,"potions_floor_spawned":[1,3,4,12,18,19,27,35,42,46],"killed_by":"The Heart","ascension_level":20}}