{"host":"ql9d3hodw6ja2r3y","time":1609464436,"event":{"mods":["2.2 Compatiblity","AchievementEnabler","Act Like it!","BaseMod","Beaked The Cultist","Better Altar","Better Match","Better Note","Better Sensory Stone","Better Skull","Better Third Choice","Better Vampires","BetterRewards","CCEM","Challenge The Spire","Colored Powertips","Curses Come First","Displayed Cursed Tome","Downfall","Friendly Minions","GifTheSpireLib","Infinite Spire","Marked Mod","Mimic Mod","Minty Spire (QoL Compilation)","Permanent Neow","Quick Restart","Random Character Button","Rare Cards Sparkle","Relic Sorter","Shade Mod","Somnambulant","Spicy Shops","StSLib","Synergy Search","The Blue Laboratory","The Bug Knight","The Construct","The Cursed","The Disciple","The Forsaken","The Hierophant","The Marked","The Runesmith","The Spell Scribe"],"gold_per_floor":[99,115,126,144,163,0,38,38,23,23,38,52,71,88,106,212,212,62,62,83,109,130,154,178,16,16,39,39,39,39,39],"floor_reached":29,"playtime":2201,"items_purged":[],"score":248,"play_id":"652ac174-b141-4c4f-be37-b0728b7a0ba9","local_time":"20210101022716","is_ascension_mode":false,"campfire_choices":[{"floor":1,"key":"RECALL"},{"floor":8,"key":"REST"},{"data":"hexamod:EtherealExpedition","floor":10,"key":"SMITH"},{"data":"hexamod:SoulSteal","floor":18,"key":"SMITH"},{"floor":26,"key":"REST"}],"circlet_count":0,"master_deck":["hexamod:Strike","hexamod:Strike","hexamod:Strike","hexamod:Strike","hexamod:Defend","hexamod:Defend","hexamod:Defend","hexamod:Defend","hexamod:Sear","hexamod:Float+1","hexamod:InspiringFlames","hexamod:Hexaguard","hexamod:RetreatToShadows","hexamod:SpectersWail","hexamod:ThermalTransfer","hexamod:EtherealExpedition+1","hexamod:SoulSteal+1","hexamod:RainOfEmbers","hexamod:DynamicBlow","hexamod:SecondSeal","hexamod:NightmareStrike","hexamod:ThermalTransfer","hexamod:TimeWarp","hexamod:GhostOfSpireFuture+1","hexamod:BacktrackSmack+1","hexamod:GhostShield","hexamod:SwordOfDarkness","hexamod:FifthSeal","hexamod:ThirdSeal","hexamod:FourthSeal","hexamod:WildfireWeapon","hexamod:GhostShield+1"],"relics":["hexamod:SpiritBrand","Lantern","theForsaken:PaleLantern","downfall:HeartBlessingRed","downfall:HeartBlessingBlue","Juzu Bracelet","CCEMRelics:WrappedPresent","CCEMRelics:Francisca"],"acts_visited":["Exordium","TheCity"],"potions_floor_usage":[16,16,16,23,25,25,27],"damage_taken":[{"damage":4,"enemies":"Cultist","floor":2,"turns":4},{"damage":0,"enemies":"2 Louse","floor":3,"turns":3},{"damage":0,"enemies":"Jaw Worm","floor":4,"turns":3},{"damage":12,"enemies":"3 Louse","floor":5,"turns":4},{"damage":0,"enemies":"downfall:FleeingMerchant","floor":6,"turns":4},{"damage":2,"enemies":"Red Slaver","floor":7,"turns":10},{"damage":6,"enemies":"downfall:FleeingMerchant","floor":9,"turns":4},{"damage":0,"enemies":"Red Slaver","floor":11,"turns":2},{"damage":0,"enemies":"2 Fungi Beasts","floor":12,"turns":2},{"damage":0,"enemies":"Lots of Slimes","floor":13,"turns":4},{"damage":18,"enemies":"3 Louse","floor":14,"turns":3},{"damage":0,"enemies":"Exordium Wildlife","floor":15,"turns":3},{"damage":3,"enemies":"downfall:Watcher","floor":16,"turns":9},{"damage":14,"enemies":"Spheric Guardian","floor":20,"turns":4},{"damage":25,"enemies":"Shelled Parasite and Fungi","floor":21,"turns":5},{"damage":14,"enemies":"Sentry and Sphere","floor":22,"turns":6},{"damage":3,"enemies":"Snecko","floor":23,"turns":6},{"damage":4,"enemies":"downfall:FleeingMerchant","floor":25,"turns":4},{"damage":59,"enemies":"3 Cultists","floor":27,"turns":6},{"damage":9,"enemies":"Gremlin Leader","floor":29,"turns":2}],"seed_played":"174468622567825357","potions_obtained":[{"floor":4,"key":"Strength Potion"},{"floor":11,"key":"Dexterity Potion"},{"floor":13,"key":"champ:CounterPotion"},{"floor":14,"key":"hexamod:EctoCoolerPotion"},{"floor":16,"key":"blueLaboratory:PyrophylliteBrew"},{"floor":21,"key":"BlessingOfTheForge"},{"floor":22,"key":"SpeedPotion"},{"floor":23,"key":"SpeedPotion"}],"is_trial":false,"path_per_floor":["R","M","M","M","M","$","MIM","R","$","R","M","M","M","M","M","B",null,"R","?","M","M","M","M","T","$","R","M","?","E"],"character_chosen":"THE_SPIRIT","items_purchased":["Lantern","hexamod:ThirdSeal","CCEMRelics:WrappedPresent"],"campfire_rested":2,"item_purchase_floors":[6,25,25],"current_hp_per_floor":[77,73,73,73,61,61,59,77,71,71,71,71,71,53,53,50,77,87,87,73,48,34,31,31,37,64,5,5,0,0,0],"gold":39,"neow_bonus":"TEN_PERCENT_HP_BONUS","is_daily":false,"chose_seed":false,"campfire_upgraded":2,"win_rate":0.0,"timestamp":1609464436,"path_taken":["R","M","?","M","M","?","MIM","R","$","R","M","M","M","M","M","BOSS","R","?","?","?","M","M","T","$","R","M","?","E"],"items_purchased_type":["Relic","Card","Relic"],"build_version":"2020-12-22","purchased_purges":0,"victory":false,"max_hp_per_floor":[77,77,77,77,77,77,77,77,77,77,77,77,77,77,77,77,77,87,87,87,87,87,87,87,92,92,92,92,92,92,92],"card_choices":[{"not_picked":["hexamod:NightmareStrike","hexamod:SwordOfDarkness"],"picked":"hexamod:InspiringFlames","floor":2},{"not_picked":["hexamod:SkipABeat","hexamod:GhostShield"],"picked":"hexamod:Hexaguard","floor":3},{"not_picked":["hexamod:Firestarter","hexamod:InspiringFlames"],"picked":"hexamod:RetreatToShadows","floor":4},{"not_picked":["hexamod:Hexaguard","hexamod:HauntingEcho"],"picked":"hexamod:SpectersWail","floor":5},{"not_picked":["hexamod:RecurringNightmare","hexamod:FastForward"],"picked":"hexamod:ThermalTransfer","floor":6},{"not_picked":["hexamod:SpectersWail","hexamod:FastForward"],"picked":"hexamod:EtherealExpedition","floor":7},{"not_picked":["hexamod:Firestarter","hexamod:RecurringNightmare"],"picked":"hexamod:SoulSteal","floor":9},{"not_picked":["hexamod:Hexaguard","hexamod:AdvancingGuard"],"picked":"hexamod:RainOfEmbers","floor":11},{"not_picked":["hexamod:Firestarter","hexamod:AdvancingGuard"],"picked":"hexamod:DynamicBlow","floor":12},{"not_picked":["hexamod:FastForward","hexamod:HeatMetal"],"picked":"hexamod:SecondSeal","floor":13},{"not_picked":["hexamod:GhostOfSpirePresent","hexamod:Firestarter"],"picked":"hexamod:NightmareStrike","floor":14},{"not_picked":["hexamod:Incineration","hexamod:SecondSeal"],"picked":"hexamod:ThermalTransfer","floor":15},{"not_picked":["hexamod:ParanormalForm","hexamod:SearingWound"],"picked":"hexamod:TimeWarp","floor":16},{"not_picked":["hexamod:GhostShield","hexamod:FastForward+1"],"picked":"hexamod:GhostOfSpireFuture+1","floor":20},{"not_picked":["hexamod:Rewind+1","hexamod:EmpoweringStance"],"picked":"hexamod:BacktrackSmack+1","floor":21},{"not_picked":["hexamod:Hexaguard","hexamod:Firestarter"],"picked":"hexamod:GhostShield","floor":22},{"not_picked":["hexamod:BacktrackSmack","hexamod:InspiringFlames"],"picked":"hexamod:SwordOfDarkness","floor":23},{"not_picked":["hexamod:CatchUp","hexamod:BurningTouch"],"picked":"hexamod:FifthSeal","floor":25},{"not_picked":["hexamod:SixthSeal","hexamod:ThirdSeal"],"picked":"hexamod:FourthSeal","floor":27},{"not_picked":["hexamod:StepThrough+1","hexamod:HauntingEcho"],"picked":"hexamod:WildfireWeapon","floor":27},{"not_picked":["hexamod:NightmareGuise","hexamod:SwordOfDarkness"],"picked":"hexamod:GhostShield+1","floor":27}],"player_experience":34451,"relics_obtained":[{"floor":24,"key":"Juzu Bracelet"},{"floor":25,"key":"CCEMRelics:Francisca"}],"event_choices":[{"damage_healed":0,"gold_gain":0,"player_choice":"Upgraded","damage_taken":0,"max_hp_gain":0,"max_hp_loss":0,"event_name":"Upgrade Shrine","floor":19,"gold_loss":0,"cards_upgraded":["hexamod:Float"]},{"damage_healed":0,"gold_gain":0,"player_choice":"Ignored","damage_taken":0,"max_hp_gain":0,"max_hp_loss":0,"event_name":"betterNote:BetterNote","floor":28,"gold_loss":0,"cards_obtained":["DaylightSavings"]}],"is_beta":false,"boss_relics":[{"not_picked":["Fusion Hammer","CCEMRelics:TransientCore"],"picked":"theForsaken:PaleLantern"}],"items_purged_floors":[],"is_endless":false,"potions_floor_spawned":[4,11,13,14,16,21,22,23],"killed_by":"Gremlin Leader","ascension_level":0}}