{"host":"icrrc9b69c1a6188","time":1609483959,"event":{"mods":["Act Like it!","BaseMod","Bestiary","Better Altar","Better Match","Better Note","Better Sensory Stone","Better Skull","Better Third Choice","Block Reminder","Colored Map","Colored Powertips","Curses Come First","Displayed Cursed Tome","Faster Ascension Climbing","HexUI Lib","Jorbs\u0027s Wanderer Trilogy","Minty Spire (QoL Compilation)","Quick Restart","RNG Fix","Random Character Mod","Rare Cards Sparkle","Spicy Shops","StSLib","Unceasing Turn Reminder"],"gold_per_floor":[118,136,61,61,73,102,102,134,134,146,158,188,250,282,294,380,392,422,10,0,0],"floor_reached":20,"playtime":988,"items_purged":["Strike_R"],"score":364,"play_id":"582919a2-a019-4322-834a-bfcac45aaca0","local_time":"20210101005239","is_ascension_mode":true,"campfire_choices":[{"data":"Body Slam","floor":7,"key":"SMITH"},{"data":"Armaments","floor":11,"key":"SMITH"},{"floor":15,"key":"REST"}],"circlet_count":0,"master_deck":["AscendersBane","Strike_R","Strike_R","Strike_R","Defend_R","Defend_R","Defend_R","Defend_R","Bash","Armaments+1","Rage","Uppercut+1","Dropkick","Body Slam+1","Headbutt","Reaper","Second Wind","Feed","Sword Boomerang+1","Shrug It Off","Metallicize","Dark Shackles"],"relics":["Runic Pyramid","Mummified Hand","Shuriken","MawBank","Strawberry","Black Star","Oddly Smooth Stone"],"acts_visited":["Exordium","TheCity"],"potions_floor_usage":[14,18],"damage_taken":[{"damage":1,"enemies":"Small Slimes","floor":1,"turns":4},{"damage":7,"enemies":"Cultist","floor":2,"turns":4},{"damage":0,"enemies":"2 Louse","floor":5,"turns":4},{"damage":15,"enemies":"3 Sentries","floor":6,"turns":10},{"damage":24,"enemies":"Gremlin Nob","floor":8,"turns":4},{"damage":17,"enemies":"Lots of Slimes","floor":12,"turns":5},{"damage":8,"enemies":"Looter","floor":14,"turns":2},{"damage":15,"enemies":"Hexaghost","floor":16,"turns":9},{"damage":62,"enemies":"3 Byrds","floor":18,"turns":8},{"damage":14,"enemies":"2 Thieves","floor":20,"turns":2}],"seed_played":"-5473426464707423140","potions_obtained":[{"floor":6,"key":"Weak Potion"},{"floor":8,"key":"SpeedPotion"},{"floor":12,"key":"Energy Potion"},{"floor":16,"key":"LiquidBronze"}],"is_trial":false,"path_per_floor":["M","M","?","?","M","E","R","E","T","?","R","M","?","M","R","B",null,"M","$","M"],"character_chosen":"IRONCLAD","items_purchased":["Oddly Smooth Stone","Shrug It Off","Metallicize","Dark Shackles"],"campfire_rested":1,"item_purchase_floors":[19,19,19,19],"current_hp_per_floor":[67,60,60,60,60,45,45,21,21,28,28,11,11,3,27,25,68,14,14,0,0],"gold":0,"neow_bonus":"BOSS_RELIC","is_daily":false,"chose_seed":false,"campfire_upgraded":2,"win_rate":0.0,"timestamp":1609483959,"path_taken":["M","M","?","?","M","E","R","E","T","?","R","M","?","?","R","BOSS","M","$","M"],"items_purchased_type":["Relic","Card","Card","Card"],"build_version":"2020-12-22","purchased_purges":1,"victory":false,"max_hp_per_floor":[75,75,75,75,75,75,75,75,75,82,82,82,82,82,82,82,82,86,86,86,86],"card_choices":[{"not_picked":["Cleave","Battle Trance"],"picked":"Armaments","floor":1},{"not_picked":["Flame Barrier","Sever Soul"],"picked":"Rage","floor":2},{"not_picked":["Clash","Thunderclap"],"picked":"Dropkick","floor":5},{"not_picked":["Twin Strike","Clothesline"],"picked":"Body Slam","floor":6},{"not_picked":["Warcry","Reckless Charge"],"picked":"Headbutt","floor":8},{"not_picked":["Pummel","Uppercut"],"picked":"Reaper","floor":12},{"not_picked":["Wild Strike","Warcry"],"picked":"Second Wind","floor":14},{"not_picked":["Impervious","Exhume"],"picked":"Feed","floor":16},{"not_picked":["Thunderclap","Sentinel"],"picked":"Sword Boomerang+1","floor":18}],"player_experience":716575,"relics_obtained":[{"floor":6,"key":"Mummified Hand"},{"floor":8,"key":"Shuriken"},{"floor":9,"key":"MawBank"}],"event_choices":[{"cards_removed":["Strike_R"],"damage_healed":0,"gold_gain":0,"player_choice":"Card Removal","damage_taken":0,"max_hp_gain":0,"max_hp_loss":0,"event_name":"The Cleric","floor":3,"gold_loss":75},{"damage_healed":0,"gold_gain":1,"player_choice":"4","damage_taken":0,"max_hp_gain":0,"max_hp_loss":0,"event_name":"betterStone:BetterStone","floor":4,"gold_loss":0,"cards_obtained":["Uppercut"]},{"damage_healed":0,"gold_gain":0,"player_choice":"Searched \u00271\u0027 times","damage_taken":0,"relics_obtained":["Strawberry"],"max_hp_gain":0,"max_hp_loss":0,"event_name":"Dead Adventurer","floor":10,"gold_loss":0},{"damage_healed":0,"gold_gain":50,"player_choice":"Pray","damage_taken":0,"max_hp_gain":0,"max_hp_loss":0,"event_name":"Golden Shrine","floor":13,"gold_loss":0}],"is_beta":false,"boss_relics":[{"not_picked":["Runic Cube","Snecko Eye"],"picked":"Black Star"}],"items_purged_floors":[19],"is_endless":false,"potions_floor_spawned":[6,8,12,16],"killed_by":"2 Thieves","ascension_level":20}}