{"host":"0cnf9zf1gia27zti","time":1609540470,"event":{"mods":["BaseMod","Better Third Choice","BetterRewards","Card Forge","ChefMod","Colored Map","Colored Powertips","Conspire","Downfall","Googly Eyes","Infinite Spire","Minty Spire (QoL Compilation)","Practice Mode","Quick Restart","Replay The Spire","Shade Mod","Spicy Shops","StSLib","The Marked"],"gold_per_floor":[116,126,126,12,112,143,84,95,141,141,141,141,141,316,338,352,352,467,467,488,516,134,156,160,160],"floor_reached":24,"playtime":1159,"items_purged":[],"score":221,"play_id":"f3e48694-22f9-404e-a2a7-42d01c2854fa","local_time":"20210101223430","is_ascension_mode":false,"campfire_choices":[{"floor":13,"key":"REST"}],"circlet_count":0,"master_deck":["theMarked:Strike","theMarked:Strike","theMarked:Strike","theMarked:Strike","theMarked:Strike","theMarked:Defend","theMarked:Defend","theMarked:Defend","theMarked:Defend","theMarked:SoldierOfQuellstein","theMarked:CreepingChasm","theMarked:WardOff","infinitespire:Oblivion","theMarked:ComboAttacks","theMarked:ComboAttacks","theMarked:WardOff","theMarked:BanishingStrike","theMarked:SummonStrength","theMarked:EmpowerWeapon","theMarked:EternalStudent","theMarked:HeritageOfTheMarked","theMarked:DeterminationOfTheMarked"],"relics":["theMarked:ArtifactOfAir","Hammer of Thor","Seething Fire","Anvil of the Gods","NeowsBlessing","PreservedInsect","Replay:Wax Seal","infinitespire:Midas Blood","Philosopher\u0027s Stone","Replay:Kaleidoscope"],"acts_visited":["Exordium","TheCity"],"potions_floor_usage":[15,18,18,20],"damage_taken":[{"damage":0,"enemies":"Small Slimes","floor":1,"turns":1},{"damage":0,"enemies":"Cultist","floor":2,"turns":1},{"damage":0,"enemies":"3 Sentries","floor":6,"turns":2},{"damage":1,"enemies":"conspire:RoseBush","floor":8,"turns":4},{"damage":6,"enemies":"2 Fungi Beasts","floor":15,"turns":4},{"damage":3,"enemies":"Exordium Thugs","floor":16,"turns":5},{"damage":21,"enemies":"The Guardian","floor":18,"turns":10},{"damage":13,"enemies":"Chosen","floor":20,"turns":6},{"damage":36,"enemies":"Spheric Guardian","floor":21,"turns":6},{"damage":13,"enemies":"conspire:HollyBat","floor":23,"turns":7},{"damage":14,"enemies":"Shelled Parasite and Fungi","floor":24,"turns":1}],"seed_played":"-1270224371676782240","potions_obtained":[{"floor":2,"key":"SteroidPotion"},{"floor":8,"key":"champ:CounterPotion"},{"floor":15,"key":"BlessingOfTheForge"},{"floor":17,"key":"ColorlessPotion"},{"floor":18,"key":"LiquidBronze"},{"floor":21,"key":"Milkshake"}],"is_trial":false,"path_per_floor":["M","M","?","$","?","E","$","M","T","PTL","PTL","?","R","?","M","M","R_BF","B",null,"M","M","$","M","M"],"character_chosen":"THE_DEFAULT","items_purchased":["theMarked:ComboAttacks","theMarked:WardOff","theMarked:DeterminationOfTheMarked","Replay:Kaleidoscope"],"campfire_rested":1,"item_purchase_floors":[4,7,22,22],"current_hp_per_floor":[70,70,53,53,53,53,53,52,52,52,52,52,70,70,64,61,61,40,70,57,21,21,8,0,0],"gold":160,"neow_bonus":"THREE_ENEMY_KILL","is_daily":false,"chose_seed":false,"campfire_upgraded":0,"win_rate":0.0,"timestamp":1609540470,"path_taken":["M","M","?","$","?","E","$","?","T","PTL","PTL","?","R","?","?","M","R_BF","BOSS","M","M","$","M","M"],"items_purchased_type":["Card","Card","Card","Relic"],"build_version":"2020-12-22","purchased_purges":0,"victory":false,"max_hp_per_floor":[70,70,70,70,70,70,70,70,70,70,70,70,70,70,70,70,70,70,70,70,70,70,70,70,70],"card_choices":[{"not_picked":["theMarked:WardOff","theMarked:Reabsorb"],"picked":"theMarked:CreepingChasm","floor":1},{"not_picked":["theMarked:Standoff","theMarked:ShockingTouch"],"picked":"theMarked:WardOff","floor":2},{"not_picked":["ReplayTheSpireMod:Haul","Replay:Fractal Strike"],"picked":"infinitespire:Oblivion","floor":3},{"not_picked":["theMarked:TunnelVision","theMarked:ResourceFulStrike"],"picked":"theMarked:ComboAttacks","floor":6},{"not_picked":["theMarked:Panic","theMarked:Static"],"picked":"theMarked:BanishingStrike","floor":8},{"not_picked":["theMarked:RepellingDischarge","theMarked:Frustration"],"picked":"theMarked:SummonStrength","floor":15},{"not_picked":["theMarked:ResourceFulStrike","theMarked:Aftermath"],"picked":"theMarked:EmpowerWeapon","floor":16},{"not_picked":["theMarked:MuscleMemory","theMarked:UnarmedFury"],"picked":"theMarked:EternalStudent","floor":18},{"not_picked":["theMarked:HeightenedSenses","theMarked:Aftermath+1","theMarked:Reabsorb"],"picked":"SKIP","floor":20},{"not_picked":["theMarked:Parry+1","theMarked:ChainLightning"],"picked":"theMarked:HeritageOfTheMarked","floor":21},{"not_picked":["theMarked:CreepingChasm+1","theMarked:Parry+1","theMarked:TwofoldDefense"],"picked":"SKIP","floor":23}],"player_experience":2865031,"relics_obtained":[{"floor":6,"key":"PreservedInsect"},{"floor":9,"key":"Replay:Wax Seal"},{"floor":12,"key":"infinitespire:Midas Blood"}],"event_choices":[{"damage_healed":0,"gold_gain":100,"player_choice":"Gold","damage_taken":0,"max_hp_gain":0,"max_hp_loss":0,"event_name":"Wheel of Change","floor":5,"gold_loss":0},{"damage_healed":0,"gold_gain":175,"player_choice":"AGREE","damage_taken":141,"max_hp_gain":0,"max_hp_loss":0,"event_name":"betterThird:BetterSerpent","floor":14,"gold_loss":0}],"is_beta":false,"boss_relics":[{"not_picked":["infinitespire:Cupcake","ChewingGum"],"picked":"Philosopher\u0027s Stone"}],"items_purged_floors":[],"is_endless":false,"potions_floor_spawned":[2,8,15,18,21],"killed_by":"Shelled Parasite and Fungi","ascension_level":0}}