{"host":"1hppsasng8mkn0s8","time":1609494863,"event":{"mods":["BaseMod","Downfall","Minty Spire (QoL Compilation)","StSLib"],"gold_per_floor":[99,111,129,129,145,178,178,178,198,214,64,27,27,58,77,181,181,106,118,128,128,64,84,84,118,118,147,147,181,181,199,211,310,310,310,325,340,392,409,409,409,409,437,219,219,1,1,15,30,30,30,61,9,9,9,9,9],"floor_reached":55,"playtime":3163,"items_purged":["Guardian:PolyBeam"],"score":932,"play_id":"d137b4b6-4466-4c80-bbd1-9ba106169280","local_time":"20210101175423","is_ascension_mode":true,"campfire_choices":[{"floor":1.0,"key":"RECALL"},{"floor":11.0,"key":"REST"},{"data":"Guardian:PrismaticBeam","floor":13.0,"key":"SMITH"},{"data":"1","floor":18.0,"key":"LIFT"},{"data":"2","floor":26.0,"key":"LIFT"},{"data":"3","floor":30.0,"key":"LIFT"},{"data":"Guardian:GemFire","floor":35.0,"key":"SMITH"},{"data":"Guardian:Planning","floor":40,"key":"SMITH"},{"data":"Guardian:Planning","floor":42,"key":"SMITH"},{"floor":47,"key":"REST"},{"data":"Guardian:BaubleBeam","floor":54,"key":"SMITH"}],"circlet_count":0,"master_deck":["Guardian:CurlUp","Guardian:TwinSlam","Guardian:TemporalShield","Guardian:WalkerClaw","Guardian:PrismaticBeam+1","Guardian:TemporalShield","Guardian:GemFinder","Guardian:ShieldSpikes","Guardian:Planning+1","Guardian:DecasProtection","Guardian:BronzeOrb","Guardian:Planning+1","Guardian:TimeSifter","Guardian:VentSteam","Guardian:PrimingBeam","Guardian:TimeCapacitor","Guardian:GemFire+1","Guardian:Reroute","Guardian:TemporalStrike","Guardian:ChargeCore","Guardian:PrismaticBeam","Guardian:RevengeProtocol","Guardian:VentSteam+1","Guardian:WalkerClaw","Guardian:BaubleBeam+1","Guardian:Incinerate","Guardian:CrystalBeam+1","Guardian:Reroute","Guardian:VentSteam","Guardian:WalkerClaw","Pain","Guardian:Incinerate","Guardian:VentSteam"],"relics":["Pandora\u0027s Box","FaceOfCleric","downfall:HeartBlessingBlue","downfall:HeartBlessingRed","Girya","SacredBark","downfall:HeartBlessingGreen","downfall:RedIOU","Meat on the Bone","Blood Vial","Oddly Smooth Stone","Nunchaku","Velvet Choker","Du-Vu Doll","Mercury Hourglass","MealTicket","Ornamental Fan","Toolbox","Sling","Mango"],"acts_visited":["Exordium","TheCity","TheBeyond","TheEnding"],"potions_floor_usage":[48,50,55,55],"damage_taken":[{"damage":0.0,"enemies":"Small Slimes","floor":2.0,"turns":5.0},{"damage":2.0,"enemies":"Jaw Worm","floor":3.0,"turns":4.0},{"damage":0.0,"enemies":"Cultist","floor":5.0,"turns":3.0},{"damage":46.0,"enemies":"Gremlin Nob","floor":6.0,"turns":5.0},{"damage":9.0,"enemies":"2 Fungi Beasts","floor":9.0,"turns":5.0},{"damage":6.0,"enemies":"3 Louse","floor":10.0,"turns":3.0},{"damage":1.0,"enemies":"downfall:FleeingMerchant","floor":12.0,"turns":4.0},{"damage":3.0,"enemies":"Lagavulin","floor":14.0,"turns":5.0},{"damage":15.0,"enemies":"Exordium Thugs","floor":15.0,"turns":4.0},{"damage":23.0,"enemies":"downfall:Ironclad","floor":16.0,"turns":5.0},{"damage":2.0,"enemies":"Shell Parasite","floor":19.0,"turns":3.0},{"damage":0.0,"enemies":"3 Byrds","floor":20.0,"turns":3.0},{"damage":9.0,"enemies":"downfall:FleeingMerchant","floor":22.0,"turns":4.0},{"damage":3.0,"enemies":"Centurion and Healer","floor":23.0,"turns":3.0},{"damage":20.0,"enemies":"Slavers","floor":25.0,"turns":2.0},{"damage":18.0,"enemies":"Book of Stabbing","floor":27.0,"turns":3.0},{"damage":7.0,"enemies":"Slavers","floor":29.0,"turns":2.0},{"damage":0.0,"enemies":"Sentry and Sphere","floor":31.0,"turns":1.0},{"damage":0.0,"enemies":"Shelled Parasite and Fungi","floor":32.0,"turns":3.0},{"damage":0.0,"enemies":"downfall:Watcher","floor":33.0,"turns":3.0},{"damage":28.0,"enemies":"3 Shapes","floor":36.0,"turns":3.0},{"damage":0.0,"enemies":"3 Darklings","floor":37.0,"turns":1.0},{"damage":0.0,"enemies":"2 Orb Walkers","floor":38.0,"turns":1.0},{"damage":6,"enemies":"4 Shapes","floor":39,"turns":2},{"damage":48,"enemies":"Reptomancer","floor":43,"turns":4},{"damage":0,"enemies":"downfall:FleeingMerchant","floor":44,"turns":1},{"damage":3,"enemies":"Transient","floor":48,"turns":5},{"damage":18,"enemies":"Sphere and 2 Shapes","floor":49,"turns":4},{"damage":54,"enemies":"downfall:Silent","floor":50,"turns":5},{"damage":40,"enemies":"downfall:CharBossMerchant","floor":52,"turns":4},{"damage":138,"enemies":"downfall:NeowBoss","floor":55,"turns":16}],"seed_played":"-3726725371807885325","potions_obtained":[{"floor":2.0,"key":"AttackPotion"},{"floor":10.0,"key":"champ:CounterPotion"},{"floor":14.0,"key":"CultistPotion"},{"floor":16.0,"key":"Dexterity Potion"},{"floor":19.0,"key":"AttackPotion"},{"floor":23.0,"key":"Fire Potion"},{"floor":27.0,"key":"SmokeBomb"},{"floor":31.0,"key":"LiquidMemories"},{"floor":33.0,"key":"Block Potion"},{"floor":37.0,"key":"AttackPotion"},{"floor":43,"key":"DuplicationPotion"},{"floor":48,"key":"Fire Potion"}],"is_trial":false,"path_per_floor":["R","M","M","?","M","E","T","?","M","M","R","$","R","E","M","B",null,"R","M","M","?","$","M","T","E","R","E","?","E","R","M","M","B",null,"R","M","M","?","M","R","T","R","E","$","?","$","R","M","M","B",null,"E","$","R","B"],"character_chosen":"GUARDIAN","items_purchased":["Guardian:PrimingBeam","Guardian:ChargeCore","Guardian:VentSteam","Guardian:WalkerClaw","Ornamental Fan","Toolbox","Sling","Guardian:Gem_Crimson","Fire Potion"],"campfire_rested":2,"item_purchase_floors":[12,22,44,44,44,44,46,46,53],"current_hp_per_floor":[80,80,78,78,78,32,32,32,24,19,56,56,56,54,40,18,96,96,95,96,96,88,86,86,67,67,52,52,60,60,63,66,69,106,106,79,82,85,82,82,82,82,49,67,83,98,128,126,111,72,131,106,121,121,0,0,0],"gold":9,"neow_bonus":"BOSS_RELIC","is_daily":false,"chose_seed":false,"campfire_upgraded":5,"win_rate":0.0,"timestamp":1609494863,"path_taken":["R","M","M","?","M","E","T","?","M","?","R","$","R","E","M","BOSS","R","M","M","?","$","M","T","E","R","E","?","E","R","M","M","BOSS","R","M","M","?","M","R","T","R","E","$","?","?","R","M","M","BOSS","E","$","R","BOSS"],"items_purchased_type":["Card","Card","Card","Card","Relic","Relic","Relic","Card","Potion"],"build_version":"2020-12-22","purchased_purges":1,"victory":false,"max_hp_per_floor":[80,80,80,80,80,80,80,80,81,82,92,93,93,94,95,96,96,96,97,98,98,99,100,100,101,101,102,102,103,103,104,105,106,106,106,107,108,109,110,110,110,110,111,112,128,128,128,129,130,131,131,146,146,146,146,146,146],"card_choices":[{"not_picked":["Guardian:Gem_Cyan","Guardian:Gem_Red"],"picked":"Guardian:Gem_Lightblue","floor":2.0},{"not_picked":["Guardian:BronzeArmor","Guardian:ChargeCore"],"picked":"Guardian:Planning","floor":2.0},{"not_picked":["Guardian:Gem_Cyan","Guardian:Gem_Lightblue"],"picked":"Guardian:Gem_Red","floor":3.0},{"not_picked":["Guardian:ArmoredProtocol","Guardian:Planning"],"picked":"Guardian:DecasProtection","floor":3.0},{"not_picked":["Guardian:Gem_Cyan","Guardian:Gem_Green"],"picked":"Guardian:Gem_Red","floor":5.0},{"not_picked":["Guardian:Clone","Guardian:WalkerClaw"],"picked":"Guardian:BronzeOrb","floor":5.0},{"not_picked":["Guardian:Gem_Red","Guardian:Gem_Green"],"picked":"Guardian:Gem_Lightblue","floor":6.0},{"not_picked":["Guardian:TemporalShield","Guardian:MultiBeam"],"picked":"Guardian:Planning","floor":6.0},{"not_picked":["Guardian:Gem_Lightblue","Guardian:Gem_Cyan"],"picked":"Guardian:Gem_Green","floor":9.0},{"not_picked":["Guardian:GuardianWhirl","Guardian:ShieldCharger"],"picked":"Guardian:TimeSifter","floor":9.0},{"not_picked":["Guardian:PiercingHide","Guardian:Gem_Green"],"picked":"Guardian:VentSteam","floor":10.0},{"not_picked":["Guardian:RollAttack","Guardian:SphericShield"],"picked":"Guardian:Gem_White","floor":12.0},{"not_picked":["Guardian:Gem_Cyan","Guardian:Gem_Lightblue"],"picked":"Guardian:Gem_Red","floor":14.0},{"not_picked":["Guardian:RefractedBeam","Guardian:Gem_Red"],"picked":"Guardian:TimeCapacitor","floor":14.0},{"not_picked":["Guardian:Gem_Green","Guardian:Gem_Red"],"picked":"Guardian:Gem_Lightblue","floor":15.0},{"not_picked":["Guardian:PrismaticBarrier","Guardian:Reroute"],"picked":"Guardian:Gem_Fragmented","floor":15.0},{"not_picked":["Guardian:Gem_Red","Guardian:Gem_Green"],"picked":"Guardian:Gem_Cyan","floor":16.0},{"not_picked":["Guardian:FierceBash","Guardian:GemFinder"],"picked":"Guardian:GemFire","floor":16.0},{"not_picked":["Guardian:Recover","Guardian:PrimingBeam"],"picked":"Guardian:Reroute","floor":19.0},{"not_picked":["Guardian:Gem_Lightblue","Guardian:Gem_Green"],"picked":"Guardian:Gem_Red","floor":20.0},{"not_picked":["Guardian:Gem_Red","Guardian:TemporalShield"],"picked":"Guardian:PolyBeam","floor":20.0},{"not_picked":["Guardian:Harden","Guardian:Planning"],"picked":"Guardian:TemporalStrike","floor":22.0},{"not_picked":["Guardian:EvasiveProtocol","Guardian:Incinerate"],"picked":"Guardian:PrismaticBeam","floor":23.0},{"not_picked":["Guardian:TimeBomb","Guardian:HyperBeam_Guardian"],"picked":"Guardian:Gem_Red","floor":25.0},{"not_picked":["Guardian:Gem_Lightblue","Guardian:Gem_Cyan"],"picked":"Guardian:Gem_Red","floor":27.0},{"not_picked":["Guardian:Gem_Green","Guardian:AncientConstruct"],"picked":"Guardian:RevengeProtocol","floor":27.0},{"not_picked":["Guardian:ChargeUp+1","Guardian:SentryBeam"],"picked":"Guardian:Gem_Yellow","floor":29.0},{"not_picked":["Guardian:Harden","Guardian:Gem_Red"],"picked":"Guardian:VentSteam+1","floor":31.0},{"not_picked":["Guardian:Gem_Green","Guardian:Gem_Cyan"],"picked":"Guardian:Gem_Red","floor":32.0},{"not_picked":["Guardian:Gem_Lightblue","Guardian:Orbwalk"],"picked":"Guardian:WalkerClaw","floor":32.0},{"not_picked":["Guardian:Gem_Cyan","Guardian:Gem_Green"],"picked":"Guardian:Gem_Red","floor":33.0},{"not_picked":["Guardian:ConstructionForm","Guardian:StasisField"],"picked":"Guardian:BaubleBeam","floor":33.0},{"not_picked":["Guardian:Gem_Lightblue","Guardian:Gem_Red"],"picked":"Guardian:Gem_Cyan","floor":36.0},{"not_picked":["Guardian:TemporalShield","Guardian:Clone+1"],"picked":"Guardian:Incinerate","floor":36.0},{"not_picked":["Guardian:Gem_Cyan","Guardian:Gem_Green"],"picked":"Guardian:Gem_Lightblue","floor":37.0},{"not_picked":["Guardian:Incinerate+1","Guardian:Gem_Cyan"],"picked":"Guardian:Gem_Fragmented","floor":37.0},{"not_picked":["Guardian:Harden","Guardian:RefractedBeam"],"picked":"Guardian:CrystalBeam+1","floor":38.0},{"not_picked":["Guardian:TimeCapacitor","Guardian:CrystalBeam"],"picked":"Guardian:Reroute","floor":39},{"not_picked":["Guardian:Gem_Cyan","Guardian:Gem_Lightblue"],"picked":"Guardian:Gem_Red","floor":43},{"not_picked":["Guardian:SentryBeam+1","Guardian:DecasProtection+1"],"picked":"Guardian:Gem_Green","floor":43},{"not_picked":["Guardian:PrimingBeam+1","Guardian:RevengeProtocol","Guardian:ArmoredProtocol+1"],"picked":"SKIP","floor":44},{"not_picked":["Guardian:Gem_Cyan","Guardian:Gem_Lightblue"],"picked":"Guardian:Gem_Red","floor":48},{"not_picked":["Guardian:Suspension","Guardian:TemporalShield"],"picked":"Guardian:Incinerate","floor":48},{"not_picked":["Guardian:Gem_Green","Guardian:Gem_Lightblue"],"picked":"Guardian:Gem_Red","floor":49},{"not_picked":["Guardian:TemporalShield+1","Guardian:SpikerProtocol+1"],"picked":"Guardian:VentSteam","floor":49},{"not_picked":["Guardian:Gem_Lightblue","Guardian:Gem_Cyan"],"picked":"Guardian:Gem_Red","floor":52},{"not_picked":["Guardian:ShieldSpikes","Guardian:Gem_Green"],"picked":"Guardian:Gem_Blue","floor":52}],"player_experience":200325,"relics_obtained":[{"floor":6.0,"key":"Bottled Tornado"},{"floor":14.0,"key":"Girya"},{"floor":24.0,"key":"Meat on the Bone"},{"floor":25.0,"key":"Blood Vial"},{"floor":27.0,"key":"Oddly Smooth Stone"},{"floor":29.0,"key":"Nunchaku"},{"floor":38.0,"key":"Du-Vu Doll"},{"floor":41,"key":"Mercury Hourglass"},{"floor":43,"key":"MealTicket"},{"floor":52,"key":"Mango"}],"event_choices":[{"damage_healed":0.0,"max_hp_gain":0.0,"max_hp_loss":0.0,"gold_gain":0.0,"event_name":"FaceTrader","player_choice":"Trade","floor":8.0,"gold_loss":0.0,"damage_taken":0.0,"relics_obtained":["FaceOfCleric"]},{"damage_healed":0.0,"max_hp_gain":0.0,"max_hp_loss":0.0,"gold_gain":0.0,"event_name":"Mysterious Sphere","player_choice":"Fight","floor":38.0,"gold_loss":0.0,"damage_taken":0.0}],"is_beta":false,"boss_relics":[{"not_picked":["Fusion Hammer","Cursed Key"],"picked":"SacredBark"},{"not_picked":["Runic Dome","Sozu"],"picked":"Velvet Choker"}],"items_purged_floors":[44],"is_endless":false,"potions_floor_spawned":[2,10,14,16,19,23,27,31,33,37,43,48,49],"killed_by":"downfall:NeowBoss","ascension_level":1}}